{"host":"ssqg06p4hogpulti","time":1613857741,"event":{"mods":["BaseMod","Minty Spire (QoL Compilation)","StSLib","The Marked"],"gold_per_floor":[111,111,186,43,43,72,72,100,100,134,134,134,134,155,155,283,283,296,296,211,236,255,255,255],"floor_reached":23,"language":"SPA","playtime":826,"items_purged":[],"score":280,"play_id":"932b42cf-dd13-41de-aba1-faea173c3182","local_time":"20210220224901","is_ascension_mode":false,"campfire_choices":[{"data":"theMarked:RogueSparks","floor":11,"key":"SMITH"},{"data":"theMarked:DispelDoubt","floor":13,"key":"SMITH"},{"floor":15,"key":"RECALL"}],"circlet_count":0,"master_deck":["theMarked:Defend","theMarked:Defend","theMarked:Defend","theMarked:Defend","theMarked:SoldierOfQuellstein","theMarked:Pokerface","theMarked:Pokerface","theMarked:DispelDoubt+1","theMarked:RogueSparks+1","theMarked:WardOff","theMarked:Challenge","theMarked:ElectricStrings+1","Bite","Bite","Bite","Bite","Bite","theMarked:ChannelForce+1","theMarked:ResourceFulStrike+1"],"relics":["theMarked:ArtifactOfAir","NeowsBlessing","Boot","Juzu Bracelet","theMarked:KettuFlask","Whetstone","PreservedInsect","Golden Idol","Philosopher\u0027s Stone","Singing Bowl"],"acts_visited":["Exordium","TheCity"],"potions_floor_usage":[10,16,23],"damage_taken":[{"damage":0,"enemies":"Jaw Worm","floor":1,"turns":1},{"damage":0,"enemies":"Gremlin Nob","floor":6,"turns":1},{"damage":0,"enemies":"Lagavulin","floor":8,"turns":1},{"damage":23,"enemies":"Gremlin Nob","floor":10,"turns":4},{"damage":0,"enemies":"Small Slimes","floor":14,"turns":2},{"damage":5,"enemies":"The Guardian","floor":16,"turns":12},{"damage":9,"enemies":"Chosen","floor":18,"turns":5},{"damage":7,"enemies":"3 Byrds","floor":21,"turns":5},{"damage":13,"enemies":"Sentry and Sphere","floor":22,"turns":6},{"damage":49,"enemies":"Slavers","floor":23,"turns":4}],"seed_played":"-5088374605095327709","potions_obtained":[{"floor":1,"key":"Fire Potion"},{"floor":6,"key":"AttackPotion"},{"floor":8,"key":"BlessingOfTheForge"},{"floor":22,"key":"GamblersBrew"}],"is_trial":false,"path_per_floor":["M","?","?","$","?","E","$","E","T","E","R","?","R","M","R","B",null,"M","?","?","M","M","E"],"character_chosen":"THE_DEFAULT","items_purchased":["Boot"],"campfire_rested":0,"item_purchase_floors":[4],"current_hp_per_floor":[72,72,61,61,61,61,61,61,61,38,38,20,20,20,20,15,72,63,50,50,45,38,0,0],"gold":255,"neow_bonus":"THREE_ENEMY_KILL","is_daily":false,"chose_seed":false,"campfire_upgraded":2,"win_rate":0.0,"timestamp":1613857741,"path_taken":["M","?","?","$","?","E","$","E","T","E","R","?","R","M","R","BOSS","M","?","?","M","M","E"],"items_purchased_type":["Relic"],"build_version":"2020-12-22","purchased_purges":0,"victory":false,"max_hp_per_floor":[72,72,72,72,72,72,72,72,72,72,72,72,72,72,72,72,72,72,50,50,50,50,50,50],"card_choices":[{"not_picked":["theMarked:WastefulAttack","theMarked:BanishingStrike"],"picked":"theMarked:Pokerface","floor":1},{"not_picked":["theMarked:WardOff","theMarked:BanishingStrike"],"picked":"theMarked:Pokerface","floor":6},{"not_picked":["theMarked:Opportunist","theMarked:Parkour"],"picked":"theMarked:DispelDoubt","floor":8},{"not_picked":["theMarked:ContemptForTheProud","theMarked:EmpowerWeapon"],"picked":"theMarked:RogueSparks","floor":10},{"not_picked":["theMarked:RepellingDischarge","theMarked:WastefulAttack"],"picked":"theMarked:WardOff","floor":14},{"not_picked":["theMarked:ThrowWeapon","theMarked:DispelDoubt"],"picked":"theMarked:Challenge","floor":16},{"not_picked":["theMarked:MuscleMemory","theMarked:HeightenedSenses"],"picked":"theMarked:ElectricStrings+1","floor":18},{"not_picked":["theMarked:Overthink+1","theMarked:Aftermath"],"picked":"theMarked:ChannelForce+1","floor":21},{"not_picked":["theMarked:ParalyzingBlade","theMarked:Reabsorb+1"],"picked":"theMarked:ResourceFulStrike+1","floor":22}],"player_experience":275322,"relics_obtained":[{"floor":6,"key":"theMarked:KettuFlask"},{"floor":8,"key":"Whetstone"},{"floor":10,"key":"PreservedInsect"}],"event_choices":[{"damage_healed":0,"gold_gain":0,"player_choice":"Leave","damage_taken":0,"max_hp_gain":0,"max_hp_loss":0,"event_name":"The Cleric","floor":2,"gold_loss":0},{"damage_healed":0,"gold_gain":75,"player_choice":"Gather Gold","damage_taken":11,"max_hp_gain":0,"max_hp_loss":0,"event_name":"World of Goop","floor":3,"gold_loss":0},{"damage_healed":0,"gold_gain":0,"player_choice":"Gave Potion","damage_taken":0,"relics_obtained":["Juzu Bracelet"],"max_hp_gain":0,"max_hp_loss":0,"event_name":"WeMeetAgain","floor":5,"gold_loss":0},{"damage_healed":0,"gold_gain":0,"player_choice":"Take Damage","damage_taken":18,"relics_obtained":["Golden Idol"],"max_hp_gain":0,"max_hp_loss":0,"event_name":"Golden Idol","floor":12,"gold_loss":0},{"damage_healed":0,"gold_gain":0,"player_choice":"Became a vampire","damage_taken":0,"max_hp_gain":0,"max_hp_loss":22,"event_name":"Vampires","floor":19,"gold_loss":0,"cards_obtained":["Bite","Bite","Bite","Bite","Bite"]},{"damage_healed":0,"gold_gain":0,"player_choice":"Obtained Relic","damage_taken":0,"relics_obtained":["Singing Bowl"],"max_hp_gain":0,"max_hp_loss":0,"event_name":"Addict","floor":20,"gold_loss":85}],"is_beta":false,"boss_relics":[{"not_picked":["Velvet Choker","theMarked:Eyepatch"],"picked":"Philosopher\u0027s Stone"}],"items_purged_floors":[],"is_endless":false,"potions_floor_spawned":[1,6,8,22],"killed_by":"Slavers","ascension_level":0}}