{"host":"epmvf5u7so8a7bmi","time":1613828075,"event":{"mods":["BaseMod","Colored Map","Colored Powertips","Downfall","Minty Spire (QoL Compilation)","StSLib"],"gold_per_floor":[99,116,126,137,137,148,197,197,232,252,264,64,76,111,127,232,232,232,248,348,362,23,23,23,56,75,75,103,103,118,118,128,230,230,230,247,247,247,267,277,304,321,346,137,166,181,181,192,212,212],"floor_reached":51,"language":"ENG","playtime":3351,"items_purged":["bronze:Strike","bronze:Defend"],"score":790,"play_id":"6eae26a1-40f9-413d-a93f-3c5c4f9772c6","local_time":"20210220133435","is_ascension_mode":false,"campfire_choices":[{"data":"bronze:Goto","floor":1,"key":"SMITH"},{"data":"bronze:Deprecate","floor":12,"key":"SMITH"},{"data":"bronze:Boost","floor":18,"key":"SMITH"},{"data":"bronze:Repulsor","floor":23,"key":"SMITH"},{"data":"bronze:Assembly","floor":27,"key":"SMITH"},{"data":"Enlightenment","floor":35,"key":"SMITH"},{"data":"bronze:AlphaBuild","floor":47,"key":"SMITH"}],"circlet_count":0,"master_deck":["bronze:Defend","bronze:Defend","bronze:Replicate","bronze:Goto+1","bronze:Boost+1","bronze:Deprecate+1","bronze:Overheat","bronze:Safeguard","bronze:Flail","bronze:Return","bronze:Turbo","bronze:BronzeArmor","bronze:Repair","bronze:AlphaBuild+1","bronze:ItsAFeature","bronze:Shield","bronze:Assembly+1","bronze:ItsAFeature","bronze:BuggyMess+1","bronze:Repulsor+1","Enlightenment+1","bronze:ChildClass+1","bronze:Repulsor","bronze:Shell","bronze:HardenedForm","bronze:Iterate+1","bronze:MaxOutput","bronze:Return+1","bronze:MaxOutput+1","expansioncontent:Chronoboost","bronze:ClassDefault","bronze:DelayedGuard+1","bronze:Repulsor+1"],"relics":["bronze:PlatinumCore","Tiny Chest","StoneCalendar","downfall:HeartBlessingGreen","downfall:HeartBlessingBlue","Ginger","MutagenicStrength","White Beast Statue","Dream Catcher","bronze:ProtectiveGoggles","Busted Crown","Prayer Wheel","Potion Belt","Bag of Preparation","Regal Pillow"],"acts_visited":["Exordium","TheCity","TheBeyond"],"potions_floor_usage":[10,14,25,25,33,39,43,44,44,44,44],"damage_taken":[{"damage":0,"enemies":"Cultist","floor":2,"turns":4},{"damage":2,"enemies":"Small Slimes","floor":3,"turns":4},{"damage":0,"enemies":"2 Louse","floor":4,"turns":3},{"damage":0,"enemies":"Exordium Wildlife","floor":6,"turns":3},{"damage":20,"enemies":"Lagavulin","floor":9,"turns":6},{"damage":0,"enemies":"Large Slime","floor":10,"turns":5},{"damage":7,"enemies":"Blue Slaver","floor":11,"turns":3},{"damage":0,"enemies":"Exordium Thugs","floor":13,"turns":3},{"damage":9,"enemies":"3 Sentries","floor":14,"turns":6},{"damage":0,"enemies":"Large Slime","floor":15,"turns":4},{"damage":9,"enemies":"SI_SHIV_ARCHETYPE","floor":16,"turns":8},{"damage":20,"enemies":"downfall:LooterAlt2","floor":19,"turns":4},{"damage":48,"enemies":"downfall:Augmenter","floor":20,"turns":7},{"damage":0,"enemies":"Shell Parasite","floor":21,"turns":5},{"damage":0,"enemies":"downfall:FleeingMerchant","floor":22,"turns":4},{"damage":6,"enemies":"Book of Stabbing","floor":25,"turns":4},{"damage":0,"enemies":"Centurion and Healer","floor":26,"turns":5},{"damage":0,"enemies":"Gremlin Leader","floor":28,"turns":8},{"damage":0,"enemies":"3 Cultists","floor":30,"turns":7},{"damage":0,"enemies":"Snecko","floor":32,"turns":5},{"damage":1,"enemies":"IC_MUSHROOM_ARCHETYPE","floor":33,"turns":6},{"damage":8,"enemies":"3 Shapes","floor":36,"turns":5},{"damage":6,"enemies":"3 Darklings","floor":39,"turns":7},{"damage":0,"enemies":"Transient","floor":40,"turns":5},{"damage":0,"enemies":"Spire Growth","floor":42,"turns":3},{"damage":35,"enemies":"Reptomancer","floor":43,"turns":7},{"damage":0,"enemies":"downfall:FleeingMerchant","floor":44,"turns":4},{"damage":10,"enemies":"Giant Head","floor":45,"turns":8},{"damage":12,"enemies":"Jaw Worm Horde","floor":46,"turns":2},{"damage":6,"enemies":"Maw","floor":48,"turns":7},{"damage":14,"enemies":"Sphere and 2 Shapes","floor":49,"turns":4},{"damage":24,"enemies":"WA_ARCHETYPE_DIVINITY","floor":50,"turns":10}],"seed_played":"-5242835690590130528","potions_obtained":[{"floor":3,"key":"SneckoOil"},{"floor":4,"key":"Fire Potion"},{"floor":6,"key":"Explosive Potion"},{"floor":13,"key":"FearPotion"},{"floor":15,"key":"FairyPotion"},{"floor":19,"key":"Regen Potion"},{"floor":25,"key":"DuplicationPotion"},{"floor":26,"key":"Strength Potion"},{"floor":32,"key":"PowerPotion"},{"floor":33,"key":"Energy Potion"},{"floor":36,"key":"Fruit Juice"},{"floor":39,"key":"LiquidMemories"},{"floor":42,"key":"AttackPotion"},{"floor":43,"key":"Strength Potion"},{"floor":44,"key":"LiquidBronze"},{"floor":45,"key":"EssenceOfSteel"},{"floor":46,"key":"Block Potion"},{"floor":48,"key":"FearPotion"},{"floor":49,"key":"SpeedPotion"}],"is_trial":false,"path_per_floor":["R","M","M","M","?","M","T","?","E","M","M","R","M","E","M","B",null,"R","M","?","M","$","R","T","E","M","R","E","?","M","?","M","B",null,"R","M","T","?","M","M","T","M","E","$","E","M","R","M","M","B",null],"character_chosen":"THE_AUTOMATON","items_purchased":["bronze:Repulsor","Enlightenment","bronze:ChildClass","expansioncontent:Chronoboost"],"campfire_rested":0,"item_purchase_floors":[22,22,22,44],"current_hp_per_floor":[77,77,75,75,75,75,75,72,52,52,45,55,55,46,46,44,87,87,74,33,40,40,40,40,53,60,60,67,67,74,74,81,87,87,87,79,79,71,77,84,84,91,63,70,67,55,55,56,42,25],"gold":212,"neow_bonus":"TEN_PERCENT_HP_BONUS","is_daily":false,"chose_seed":false,"campfire_upgraded":7,"win_rate":0.0,"timestamp":1613828075,"path_taken":["R","M","M","?","?","M","T","?","E","M","M","R","M","E","M","BOSS","R","M","?","M","$","R","T","E","M","R","E","?","M","?","M","BOSS","R","M","?","?","?","M","T","M","E","$","E","M","R","M","M","BOSS"],"items_purchased_type":["Card","Card","Card","Card"],"build_version":"2020-12-22","purchased_purges":2,"victory":true,"max_hp_per_floor":[77,77,77,77,77,77,77,77,77,77,77,87,87,87,87,87,87,87,87,87,87,87,87,87,87,87,87,87,87,87,87,87,87,87,87,87,87,87,92,92,92,92,92,92,92,92,92,92,92,92],"card_choices":[{"not_picked":["bronze:BitShift","bronze:DelayedSlice"],"picked":"bronze:Boost","floor":2},{"not_picked":["bronze:Invalidate","bronze:BronzeOrb"],"picked":"bronze:Deprecate","floor":3},{"not_picked":["bronze:OilSpill","bronze:DelayedGuard"],"picked":"bronze:Overheat","floor":4},{"not_picked":["bronze:WhirlingStrike","bronze:CutThrough"],"picked":"bronze:Flail","floor":6},{"not_picked":["bronze:Optimize","bronze:Backtrace"],"picked":"bronze:Return","floor":9},{"not_picked":["bronze:DelayedSlice","bronze:Shield"],"picked":"bronze:Turbo","floor":10},{"not_picked":["bronze:BugBarrage","bronze:Allocate","bronze:Deprecate"],"picked":"SKIP","floor":11},{"not_picked":["bronze:BugBarrage","bronze:WhirlingStrike","bronze:DelayedGuard"],"picked":"SKIP","floor":13},{"not_picked":["bronze:ForLoop","bronze:ShipIt"],"picked":"bronze:BronzeArmor","floor":14},{"not_picked":["bronze:ForceShield","bronze:Turbo"],"picked":"bronze:Repair","floor":15},{"not_picked":["bronze:Virus","bronze:ThunderWave"],"picked":"bronze:AlphaBuild","floor":16},{"not_picked":["bronze:Repair","bronze:FollowUp+1","bronze:Safeguard+1"],"picked":"SKIP","floor":19},{"not_picked":["bronze:Repair+1","bronze:Iterate"],"picked":"bronze:ItsAFeature","floor":20},{"not_picked":["bronze:Shield","bronze:DarkDash"],"picked":"bronze:ItsAFeature","floor":21},{"not_picked":["bronze:OilSpill+1","bronze:Flail"],"picked":"bronze:BuggyMess+1","floor":22},{"not_picked":["bronze:Overheat","bronze:FineTuning"],"picked":"bronze:Repulsor","floor":25},{"not_picked":["bronze:ShipIt","bronze:Overheat"],"picked":"bronze:Shell","floor":26},{"not_picked":["bronze:ShipIt","bronze:BuggyMess"],"picked":"bronze:HardenedForm","floor":28},{"not_picked":["bronze:Turbo","bronze:DelayedSlice"],"picked":"bronze:Iterate+1","floor":30},{"not_picked":["bronze:Overheat","bronze:OilSpill","bronze:ItsAFeature"],"picked":"SKIP","floor":32},{"not_picked":["bronze:DelayedSlice+1"],"picked":"SKIP","floor":36},{"not_picked":["bronze:Iterate"],"picked":"SKIP","floor":39},{"not_picked":["bronze:NullPointer+1"],"picked":"SKIP","floor":39},{"not_picked":[],"picked":"bronze:MaxOutput","floor":40},{"not_picked":["bronze:Overheat+1"],"picked":"SKIP","floor":40},{"not_picked":["bronze:BugBarrage+1"],"picked":"SKIP","floor":42},{"not_picked":["bronze:ForLoop+1"],"picked":"SKIP","floor":42},{"not_picked":[],"picked":"bronze:Return+1","floor":43},{"not_picked":[],"picked":"bronze:MaxOutput+1","floor":44},{"not_picked":["bronze:DelayedSlice+1"],"picked":"SKIP","floor":45},{"not_picked":[],"picked":"bronze:ClassDefault","floor":46},{"not_picked":["bronze:WhirlingStrike"],"picked":"SKIP","floor":46},{"not_picked":[],"picked":"bronze:DelayedGuard+1","floor":48},{"not_picked":["bronze:DelayedGuard"],"picked":"SKIP","floor":48},{"not_picked":[],"picked":"bronze:Repulsor+1","floor":49},{"not_picked":["bronze:Backtrace"],"picked":"SKIP","floor":49}],"player_experience":194915,"relics_obtained":[{"floor":9,"key":"StoneCalendar"},{"floor":14,"key":"Ginger"},{"floor":20,"key":"MutagenicStrength"},{"floor":24,"key":"White Beast Statue"},{"floor":25,"key":"Dream Catcher"},{"floor":28,"key":"bronze:ProtectiveGoggles"},{"floor":37,"key":"Prayer Wheel"},{"floor":41,"key":"Potion Belt"},{"floor":43,"key":"Bag of Preparation"},{"floor":45,"key":"Regal Pillow"}],"event_choices":[{"damage_healed":0,"gold_gain":0,"player_choice":"Success","damage_taken":3,"relics_obtained":["Tiny Chest"],"max_hp_gain":0,"max_hp_loss":0,"event_name":"Scrap Ooze","floor":8,"gold_loss":0}],"is_beta":false,"boss_relics":[{"not_picked":["Empty Cage","bronze:MakeshiftBattery"],"picked":"bronze:PlatinumCore"},{"not_picked":["Astrolabe","Tiny House"],"picked":"Busted Crown"}],"items_purged_floors":[22,44],"is_endless":false,"potions_floor_spawned":[3,4,6,13,15,19,20,25,26,28,30,32,33,36,39,40,42,43,44,45,46,48,49],"ascension_level":0}}