{"host":"c59zqhrgluvxuu0k","time":1613785613,"event":{"mods":["Act Like it!","Arknights","Bartender","BaseMod","Better Altar","Better Third Choice","BetterRewards","Colored Map","Colored Powertips","Curses Come First","Downfall","Friendly Minions","Hermit","Highlight Path","Minty Spire (QoL Compilation)","Replay The Spire","Ruina","Shop Mod","Somnambulant","Spicy Shops","StSLib","The Blackbeard","The Cursed","The Death Knight","The Druid","The Jungle","The Necromancer","The Runesmith","The Wild Card"],"gold_per_floor":[365,68,82,82,98,118,131,131,131,151,186,186,361,361,361,465,465,483,483,499,375,393,393],"floor_reached":22,"language":"ENG","playtime":3108,"items_purged":[],"score":188,"play_id":"2f3fd0e2-d898-4383-a4ac-9ad43da00874","local_time":"20210219184653","is_ascension_mode":false,"campfire_choices":[{"data":"somnambulantmod: PrimingPunch","floor":8,"key":"SMITH"},{"floor":12,"key":"REST"},{"floor":15,"key":"REST"}],"circlet_count":0,"master_deck":["somnambulantmod: SomnambulantStrike","somnambulantmod: SomnambulantStrike","somnambulantmod: SomnambulantStrike+1","somnambulantmod: SomnambulantStrike","somnambulantmod: SomnambulantStrike","somnambulantmod: Defend_Somnambulant","somnambulantmod: Defend_Somnambulant+1","somnambulantmod: Defend_Somnambulant+1","somnambulantmod: Defend_Somnambulant","somnambulantmod: QuickNap","somnambulantmod: PrimingPunch+1","somnambulantmod: UnthoughtKnown+1","somnambulantmod: Hush","somnambulantmod: BrainFeeder","somnambulantmod: BrainFeeder","somnambulantmod: GalaxyBrain","somnambulantmod: TimeCompression+1","somnambulantmod: Unmake+1","somnambulantmod: BrainFeeder+1"],"relics":["somnambulantmod: DreamJournal","Guardian:PocketSentry","Omamori","Tiny Chest","Blood Vial","ChewingGum","War Paint"],"acts_visited":["Exordium","Exordium"],"potions_floor_usage":[11,11],"damage_taken":[{"damage":5,"enemies":"Jaw Worm","floor":1,"turns":6},{"damage":7,"enemies":"Cultist","floor":3,"turns":4},{"damage":0,"enemies":"ats:Genji","floor":5,"turns":4},{"damage":6,"enemies":"Blue Slaver","floor":6,"turns":3},{"damage":0,"enemies":"2 Fungi Beasts","floor":7,"turns":3},{"damage":2,"enemies":"3 Louse","floor":10,"turns":4},{"damage":2,"enemies":"3 Sentries","floor":11,"turns":6},{"damage":55,"enemies":"Fading Forest","floor":16,"turns":11},{"damage":23,"enemies":"ruina:BadWolf","floor":18,"turns":6},{"damage":1,"enemies":"ruina:2_Scarecrows","floor":20,"turns":5},{"damage":28,"enemies":"ruina:QueenOfHate","floor":22,"turns":3}],"seed_played":"8373539287511681201","potions_obtained":[{"floor":1,"key":"BlessingOfTheForge"},{"floor":3,"key":"Strength Potion"},{"floor":4,"key":"Block Potion"},{"floor":22,"key":"AttackPotion"}],"is_trial":false,"path_per_floor":["M","$","M","?","M","M","M","R","T","M","E","R","?","?","R","B",null,"M","?","M","$","M"],"character_chosen":"THE_SOMNAMBULANT","items_purchased":["Guardian:PocketSentry","Omamori","War Paint","somnambulantmod: BrainFeeder+1"],"campfire_rested":2,"item_purchase_floors":[2,2,21,21],"current_hp_per_floor":[44,44,37,37,37,31,31,31,31,29,27,50,50,50,73,19,74,51,51,52,52,26,26],"gold":393,"neow_bonus":"TWO_FIFTY_GOLD","is_daily":false,"chose_seed":false,"campfire_upgraded":1,"win_rate":0.0,"timestamp":1613785613,"path_taken":["M","$","M","?","?","M","M","R","T","M","E","R","?","?","R","BOSS","M","?","M","$","M"],"items_purchased_type":["Relic","Relic","Relic","Card"],"build_version":"2020-12-22","purchased_purges":0,"victory":false,"max_hp_per_floor":[70,70,70,70,70,70,70,70,70,70,70,72,72,72,74,74,74,74,74,74,74,74,74],"card_choices":[{"not_picked":["somnambulantmod: Overshare","somnambulantmod: MuscleMemory"],"picked":"somnambulantmod: UnthoughtKnown","floor":1},{"not_picked":["somnambulantmod: Bruise","somnambulantmod: NightmareFuel","somnambulantmod: Blink"],"picked":"SKIP","floor":3},{"not_picked":["somnambulantmod: HeadSmack","somnambulantmod: SnuggleUp"],"picked":"somnambulantmod: Hush","floor":5},{"not_picked":["somnambulantmod: PourItOut","somnambulantmod: UnthoughtKnown","somnambulantmod: SnuggleUp"],"picked":"SKIP","floor":6},{"not_picked":["somnambulantmod: Pinch","somnambulantmod: UnthoughtKnown","somnambulantmod: HorrificThought"],"picked":"SKIP","floor":7},{"not_picked":["somnambulantmod: Remember","somnambulantmod: Mindlessness"],"picked":"somnambulantmod: BrainFeeder","floor":10},{"not_picked":["somnambulantmod: Wake","somnambulantmod: ShowerThought"],"picked":"somnambulantmod: BrainFeeder","floor":11},{"not_picked":["somnambulantmod: SleepParalysis","somnambulantmod: NightHaunts"],"picked":"somnambulantmod: GalaxyBrain","floor":16},{"not_picked":["somnambulantmod: ShimmeringVeil","somnambulantmod: PillowFort+1"],"picked":"somnambulantmod: TimeCompression+1","floor":18},{"not_picked":["somnambulantmod: Repression","somnambulantmod: TrepanningBlow"],"picked":"somnambulantmod: Unmake+1","floor":20}],"player_experience":2325834,"relics_obtained":[{"floor":9,"key":"Tiny Chest"},{"floor":11,"key":"Blood Vial"}],"event_choices":[{"damage_healed":0,"gold_gain":0,"player_choice":"Got Potions","damage_taken":0,"max_hp_gain":0,"max_hp_loss":0,"event_name":"Lab","floor":4,"gold_loss":0},{"damage_healed":0,"gold_gain":175,"player_choice":"AGREE","damage_taken":186,"max_hp_gain":0,"max_hp_loss":0,"event_name":"betterThird:BetterSerpent","floor":13,"gold_loss":0}],"is_beta":false,"boss_relics":[{"not_picked":["Runesmith:UraniumAnvil","Runic Dome"],"picked":"ChewingGum"}],"items_purged_floors":[],"is_endless":false,"potions_floor_spawned":[1,3,7,10,22],"killed_by":"ruina:QueenOfHate","ascension_level":0}}