{"host":"gk9qdtkqd8dwfeg2","time":1613819984,"event":{"mods":["ATMod(∞¢Ë™Mod)","Act Like it!","Aspiration","BaseMod","Colored Powertips","Gensokyo","Minty Spire (QoL Compilation)","Quick Restart","Reimu£®≤©¿ˆ¡È√Œ£©","Remilia£®¿Ÿ√◊¿Ú—«£©","Shop Mod","StSLib","TestMod","The Servant 0.9.4","Waifu the Spire","Youmu£®ªÍ∆«—˝√Œ£©"],"gold_per_floor":[111,146,146,161,161,190,205,237,237,262,262,102,57,57,57,259,259,270,49,61,79,79,210,210,343,422,548,548,675,555,569,569,774,774,789,392,436,446,167,296,312,323,323,167,294,312,463,502,502,748,748,748,32,308,431],"floor_reached":56,"language":"ZHS","playtime":2188,"items_purged":["Defend_YM","Shame"],"score":2022,"play_id":"9be4a770-485d-427b-bff9-56c35daf0c47","local_time":"20210220191944","is_ascension_mode":true,"campfire_choices":[{"data":"AT_FamilyPortrait","floor":11,"key":"SMITH"},{"data":"SwordExtraction","floor":15,"key":"SMITH"},{"data":"AT_WindFlip","floor":24,"key":"SMITH"},{"data":"HumanGodSword","floor":28,"key":"SMITH"},{"floor":32,"key":"RECALL"},{"data":"HeavenSword","floor":49,"key":"SMITH"},{"data":"HellGodSword","floor":52,"key":"SMITH"}],"circlet_count":0,"master_deck":["Strike_YM+1","SlashOfPresentWorld","WheelOfPainOfLivingAndDead+1","AT_FamilyPortrait+1","CrescentMoonSlash","TwoHundredYojanaInOneSlash","Clumsy","ObsessionWithThePresentWorld+1","Bullet Time+1","AT_WindFlip+1","Corpse Explosion+1","SanzenSekai+1","HellGodSword+1","HellFireSword","SwordExtraction+1","StrangeHalfBody","ReincarnationSword+1","LotusPostureSlash+1","DoubleWheelOfPain+1","HellRealmSword+1","EchoesOfTheInclemencyOfAllBeings+1","HumanGodSword+1","HeavenSword+1","FourBirthsSword+1","HumanGodSword","ThreeKonsSevenHakus+1"],"relics":["HalfPhantom","testmod-TestBox","AT_ATBox","testmod-Fanaticism","aspiration:Nostalgia","FlyPower:ReiMu","AT_LudenTempest","Gensokyo:NagashiBinaDoll","testmod-Hope","Bag of Marbles","AT_ForceNature","AT_TheCollector","Nilry\u0027s Codex","MerchantsRug","AT_BellDemon","Anchor","testmod-RandomTest","Centennial Puzzle","CrazyTorch:ReiMu","Gensokyo:DemonMask","SacredBark","Gremlin Horn","testmod-Charity","testmod-Brilliant","Ginger","AT_EbonyIvory","War Paint","Happy Flower","Roukanken","Darkstone Periapt","AT_DeathDance","AT_MibuBalloonWealth","ScarletDevilRocket","Toy Ornithopter","testmod-IndustrialRevolution","Whetstone","testmod-InjuryResistance","testmod-RainbowHikingShoes","aspiration:SeaSaltIceCream","NeowsBlessing"],"acts_visited":["Exordium","Gensokyo:Gensokyo","Gensokyo:Gensokyoer","TheEnding"],"potions_floor_usage":[],"damage_taken":[{"damage":0.0,"enemies":"Gensokyo:3_Fairies","floor":1.0,"turns":4.0},{"damage":6.0,"enemies":"Gensokyo:Mamizou","floor":2.0,"turns":5.0},{"damage":3,"enemies":"Gensokyo:Gryphon","floor":4,"turns":2},{"damage":0,"enemies":"Gensokyo:Mamizou","floor":6,"turns":5},{"damage":0,"enemies":"Gensokyo:2_Kodama","floor":7,"turns":1},{"damage":0,"enemies":"Gensokyo:Aya","floor":8,"turns":2},{"damage":0,"enemies":"Gensokyo:Cirno","floor":10,"turns":4},{"damage":0,"enemies":"Gensokyo:Yukari","floor":16,"turns":2},{"damage":0,"enemies":"Gensokyo:2_Gloops","floor":18,"turns":1},{"damage":6,"enemies":"Gensokyo:AngelMirror","floor":20,"turns":2},{"damage":23,"enemies":"Gensokyo:Slime_Group","floor":21,"turns":2},{"damage":39,"enemies":"Gensokyo:Tenshi","floor":23,"turns":2},{"damage":0,"enemies":"Gensokyo:Reisen","floor":25,"turns":2},{"damage":0,"enemies":"Gensokyo:Koishi","floor":27,"turns":2},{"damage":0,"enemies":"Gensokyo:Reisen","floor":29,"turns":3},{"damage":14,"enemies":"Gensokyo:Wraith","floor":31,"turns":3},{"damage":0,"enemies":"Gensokyo:Eiki","floor":33,"turns":1},{"damage":0,"enemies":"Gensokyo:3_Bats","floor":35,"turns":2},{"damage":0,"enemies":"Gensokyo:3_Boulders","floor":38,"turns":2},{"damage":0,"enemies":"Gensokyo:Kasen","floor":40,"turns":2},{"damage":0,"enemies":"Gensokyo:SeedOfUnknown","floor":41,"turns":1},{"damage":0,"enemies":"Gensokyo:Rafflesia","floor":42,"turns":3},{"damage":48,"enemies":"Gensokyo:Marisa","floor":45,"turns":2},{"damage":0,"enemies":"Gensokyo:AtlasGolem","floor":46,"turns":2},{"damage":7,"enemies":"Gensokyo:Doremy","floor":47,"turns":3},{"damage":14,"enemies":"Gensokyo:Sharpion","floor":48,"turns":2},{"damage":10,"enemies":"Gensokyo:Shinki","floor":50,"turns":4},{"damage":28,"enemies":"Shield and Spear","floor":54,"turns":2},{"damage":0,"enemies":"The Heart","floor":55,"turns":1}],"seed_played":"2613125724512696129","potions_obtained":[{"floor":6,"key":"PhantomPosion"},{"floor":16,"key":"FearPotion"},{"floor":18,"key":"Regen Potion"}],"is_trial":false,"path_per_floor":["M","?","?","M","?","E","M","E","T","E","R","?","$","?","R","B",null,"M","$","M","M","?","E","R","E","T","E","R","E","?","M","R","B",null,"M","$","T","M","$","E","M","M","T","$","E","M","E","M","R","B",null,"R","$","E","B",null],"character_chosen":"YOUMU","items_purchased":["SwordExtraction","MerchantsRug","Gremlin Horn","testmod-Charity","testmod-Brilliant","Roukanken","Whetstone","testmod-InjuryResistance","HumanGodSword","FairyPotion","Energy Potion"],"campfire_rested":0,"item_purchase_floors":[13,19,36,36,39,44,53,53,53,53,53],"current_hp_per_floor":[75,71,71,68,68,68,68,68,68,68,68,68,68,68,68,68,75,75,75,71,71,71,75,75,75,75,75,75,75,75,64,64,64,75,75,75,76,77,78,80,81,82,82,82,84,85,81,89,89,94,94,94,96,101,103],"gold":431,"neow_bonus":"NOSTALGIA","is_daily":false,"chose_seed":false,"campfire_upgraded":6,"win_rate":0.0,"timestamp":1613819984,"path_taken":["M","?","?","M","?","E","?","E","T","E","R","?","?","?","R","BOSS","M","$","M","M","?","E","R","E","T","E","R","E","?","?","R","BOSS","M","?","?","?","?","E","M","M","T","$","E","M","E","M","R","BOSS","R","$","E","BOSS"],"items_purchased_type":["Card","Relic","Relic","Relic","Relic","Relic","Relic","Relic","Card","Potion","Potion"],"build_version":"2020-12-22","purchased_purges":2,"victory":true,"max_hp_per_floor":[75,75,75,75,75,75,75,75,75,75,75,75,75,75,75,75,75,75,75,75,75,75,75,75,75,75,75,75,75,75,75,75,75,75,75,75,76,77,78,80,81,82,82,82,84,85,88,90,90,94,94,94,96,101,103],"card_choices":[{"not_picked":["SwordExtraction","SwordOfBindingDesires"],"picked":"CrescentMoonSlash","floor":1.0},{"not_picked":["DispleasureOfTheSevenHakus","HeartExcerptSlash"],"picked":"TwoHundredYojanaInOneSlash","floor":2.0},{"not_picked":["DispleasureOfTheSevenHakus","SpiritCuttingSword"],"picked":"ObsessionWithThePresentWorld","floor":4},{"not_picked":["SlashOfDelusionalInnerEye","PhosphoricSlash"],"picked":"SanzenSekai","floor":6},{"not_picked":["HeartExcerptSlash","SlashOfMeditation"],"picked":"HellGodSword","floor":7},{"not_picked":["BloodOfAsura","SlashOfMeditation"],"picked":"HellFireSword","floor":8},{"not_picked":["SlashOfDepartureFromHesitation","SanzenSekai"],"picked":"LightFlashOfTheNetherworld","floor":10},{"not_picked":["VoidnessSword","AsuraSword"],"picked":"StrangeHalfBody","floor":16},{"not_picked":["SpiritCuttingSword","PhosphoricSlash","SanzenSekai"],"picked":"SKIP","floor":18},{"not_picked":["CherryBlossomFlashing","LowerRealmReflectionSlash+1"],"picked":"HellRealmSword","floor":20},{"not_picked":["DispleasureOfTheSevenHakus","SlashOfDepartureFromHesitation","HumanKnowledgeSword"],"picked":"SKIP","floor":21},{"not_picked":["DispleasureOfTheSevenHakus","SlashOfAscensionToBuddhahood","SlashOfTheEternalFuture"],"picked":"SKIP","floor":23},{"not_picked":["SuddenPhantomFormationSlashOfKarmicWind","HeartExcerptSlash+1"],"picked":"EchoesOfTheInclemencyOfAllBeings+1","floor":25},{"not_picked":["ThreeKonsSevenHakus","LowerRealmReflectionSlash+1"],"picked":"HumanGodSword","floor":27},{"not_picked":["SuddenDivineSeveringOfKarmicWind","SuddenPhantomFormationSlashOfKarmicWind","FlashingScatteredFlowers"],"picked":"SKIP","floor":29},{"not_picked":["ConstancyOfTheConventionalTruth+1","SpiritCuttingSword","DoubleWheelOfPain"],"picked":"SKIP","floor":31},{"not_picked":["ReincarnationSword","IrresoluteSoul"],"picked":"HeavenSword","floor":33},{"not_picked":["LowerRealmReflectionSlash","SpiritMediumsBind+1","HesitationCuttingSword"],"picked":"SKIP","floor":35},{"not_picked":["GhostSword+1","SlashOfMeditation","LifeCuttingSword"],"picked":"SKIP","floor":38},{"not_picked":["HeartExcerptSlash+1","SpiritMediumsBind","ConstancyOfTheConventionalTruth"],"picked":"SKIP","floor":40},{"not_picked":["HumanKnowledgeSword","SlashOfMeditation","PhosphoricSlash"],"picked":"SKIP","floor":41},{"not_picked":["SlashOfMeditation","ReincarnationSword","LotusPostureSlash"],"picked":"SKIP","floor":42},{"not_picked":["HesitationCuttingSword+1","TurningAngelCut","KarmicPunishmentOfTheIdleAndUnfocused+1"],"picked":"SKIP","floor":45},{"not_picked":["BloodOfAsura+1","HeavenlyHaloSlash+1","FantasyOfEnteringEnlightenment"],"picked":"SKIP","floor":46},{"not_picked":["LightFlashOfTheNetherworld+1","FlashingScatteredFlowers+1"],"picked":"FourBirthsSword+1","floor":47},{"not_picked":["CrescentMoonSlash+1","ThoughtCuttingSword","KarmicPunishmentOfTheIdleAndUnfocused+1"],"picked":"SKIP","floor":48},{"not_picked":["CrescentMoonSlash+1","ThoughtCuttingSword","KarmicPunishmentOfTheIdleAndUnfocused+1"],"picked":"SKIP","floor":48},{"not_picked":["ObsessionSword+1","ObsessionWithThePresentWorld"],"picked":"ThreeKonsSevenHakus+1","floor":54}],"player_experience":795417,"relics_obtained":[{"floor":2.0,"key":"AT_LudenTempest"},{"floor":6,"key":"testmod-Hope"},{"floor":8,"key":"Bag of Marbles"},{"floor":9,"key":"AT_ForceNature"},{"floor":10,"key":"AT_TheCollector"},{"floor":23,"key":"AT_BellDemon"},{"floor":25,"key":"Anchor"},{"floor":26,"key":"testmod-RandomTest"},{"floor":27,"key":"Centennial Puzzle"},{"floor":29,"key":"CrazyTorch:ReiMu"},{"floor":40,"key":"Ginger"},{"floor":41,"key":"AT_EbonyIvory"},{"floor":42,"key":"War Paint"},{"floor":43,"key":"Happy Flower"},{"floor":45,"key":"Darkstone Periapt"},{"floor":45,"key":"AT_DeathDance"},{"floor":46,"key":"AT_MibuBalloonWealth"},{"floor":47,"key":"ScarletDevilRocket"},{"floor":47,"key":"Toy Ornithopter"},{"floor":48,"key":"testmod-IndustrialRevolution"},{"floor":54,"key":"testmod-RainbowHikingShoes"},{"floor":54,"key":"aspiration:SeaSaltIceCream"}],"event_choices":[],"is_beta":false,"boss_relics":[{"not_picked":["aspiration:RitualDagger","aspiration:RandomNobGenerator"],"picked":"Astrolabe"},{"not_picked":["aspiration:FutureDiary","Sozu"],"picked":"SacredBark"}],"items_purged_floors":[19,53],"is_endless":false,"potions_floor_spawned":[6,16,18,20,25,33,35,42,45,46,48],"ascension_level":3}}