{"host":"08t08ld674si40tv","time":1613811656,"event":{"mods":["AchievementEnabler","BaseMod","Colored Map","Minty Spire (QoL Compilation)","StSLib","SuperFastMode"],"gold_per_floor":[118,130,130,147,147,172,172,182,209,42,76,76,102,121,121,192,192,206,225,6,6,6],"floor_reached":21,"language":"KOR","playtime":493,"items_purged":["Zap"],"score":398,"play_id":"a4b97ed9-7e9d-41cf-a1c1-afa8b6eefd93","local_time":"20210220180056","is_ascension_mode":true,"campfire_choices":[{"floor":7,"key":"REST"},{"floor":15,"key":"REST"}],"circlet_count":0,"master_deck":["AscendersBane","Strike_B+1","Defend_B+1","Defend_B+1","Defend_B","Dualcast","Reprogram+1","Ball Lightning","Beam Cell","Go for the Eyes+1","Conserve Battery","Echo Form","All For One+1","Leap+1","Undo+1"],"relics":["Cracked Core","NeowsBlessing","Akabeko","Smiling Mask","Medical Kit","Whetstone","Blood Vial","Astrolabe","ClockworkSouvenir"],"acts_visited":["Exordium","TheCity"],"potions_floor_usage":[6,13],"damage_taken":[{"damage":0,"enemies":"Jaw Worm","floor":1,"turns":1},{"damage":0,"enemies":"2 Louse","floor":2,"turns":1},{"damage":0,"enemies":"Small Slimes","floor":4,"turns":2},{"damage":14,"enemies":"Lagavulin","floor":6,"turns":9},{"damage":0,"enemies":"Looter","floor":8,"turns":3},{"damage":34,"enemies":"3 Sentries","floor":11,"turns":10},{"damage":6,"enemies":"Gremlin Nob","floor":13,"turns":3},{"damage":14,"enemies":"Red Slaver","floor":14,"turns":2},{"damage":16,"enemies":"The Guardian","floor":16,"turns":12},{"damage":0,"enemies":"Chosen","floor":18,"turns":3},{"damage":16,"enemies":"Spheric Guardian","floor":19,"turns":5},{"damage":52,"enemies":"3 Cultists","floor":21,"turns":4}],"seed_played":"8450508626240695512","potions_obtained":[{"floor":1,"key":"BlessingOfTheForge"},{"floor":6,"key":"Dexterity Potion"},{"floor":11,"key":"DistilledChaos"}],"is_trial":false,"path_per_floor":["M","M","?","M","?","E","R","M","T","$","E","?","E","M","R","B",null,"M","M","$","M"],"character_chosen":"DEFECT","items_purchased":["Medical Kit","ClockworkSouvenir"],"campfire_rested":2,"item_purchase_floors":[10,20],"current_hp_per_floor":[64,64,57,57,36,22,43,43,43,43,9,32,26,14,35,21,59,61,47,47,0,0],"gold":6,"neow_bonus":"THREE_ENEMY_KILL","is_daily":false,"chose_seed":false,"campfire_upgraded":0,"win_rate":0.0,"timestamp":1613811656,"path_taken":["M","M","?","M","?","E","R","M","T","$","E","?","E","M","R","BOSS","M","M","$","M"],"items_purchased_type":["Relic","Relic"],"build_version":"2020-12-22","purchased_purges":1,"victory":false,"max_hp_per_floor":[71,71,71,71,71,71,71,71,71,71,71,71,71,71,71,71,71,71,71,71,71,71],"card_choices":[{"not_picked":["Chill","Steam"],"picked":"Ball Lightning","floor":1},{"not_picked":["Rebound","Conserve Battery","Steam"],"picked":"SKIP","floor":2},{"not_picked":["Steam Power","Aggregate","Lockon"],"picked":"SKIP","floor":4},{"not_picked":["Compile Driver","Ball Lightning"],"picked":"Beam Cell","floor":6},{"not_picked":["BootSequence","Sweeping Beam"],"picked":"Go for the Eyes","floor":8},{"not_picked":["Thunder Strike","Aggregate","Go for the Eyes"],"picked":"SKIP","floor":11},{"not_picked":["Stack","Rebound","Redo"],"picked":"SKIP","floor":13},{"not_picked":["Stack","Rebound","Redo"],"picked":"SKIP","floor":13},{"not_picked":["Coolheaded","Ball Lightning"],"picked":"Conserve Battery","floor":14},{"not_picked":["Machine Learning","Seek"],"picked":"Echo Form","floor":16},{"not_picked":["Hologram","Steam+1","Go for the Eyes+1"],"picked":"SKIP","floor":18},{"not_picked":["Leap","Cold Snap","Hologram"],"picked":"SKIP","floor":19}],"player_experience":308373,"relics_obtained":[{"floor":6,"key":"Akabeko"},{"floor":9,"key":"Smiling Mask"},{"floor":11,"key":"Whetstone"},{"floor":13,"key":"Blood Vial"}],"event_choices":[{"cards_removed":["Strike_B"],"damage_healed":0,"gold_gain":0,"player_choice":"Card Removal","damage_taken":7,"max_hp_gain":0,"max_hp_loss":0,"event_name":"Golden Wing","floor":3,"gold_loss":0},{"damage_healed":0,"gold_gain":0,"player_choice":"Entered Light","damage_taken":21,"max_hp_gain":0,"max_hp_loss":0,"event_name":"Shining Light","floor":5,"gold_loss":0,"cards_upgraded":["Defend_B","Defend_B"]},{"damage_healed":23,"gold_gain":0,"player_choice":"Banana","damage_taken":0,"max_hp_gain":0,"max_hp_loss":0,"event_name":"Big Fish","floor":12,"gold_loss":0}],"is_beta":false,"boss_relics":[{"not_picked":["SlaversCollar","Coffee Dripper"],"picked":"Astrolabe"}],"items_purged_floors":[20],"is_endless":false,"potions_floor_spawned":[1,6,11],"killed_by":"3 Cultists","ascension_level":20}}