{"host":"5f8yr5jxnqok2jdo","time":1613840432,"event":{"mods":["AchievementEnabler","BaseMod","Better Altar","Better Match","Better Note","Better Skull","Better Third Choice","Block Reminder","Colored Map","Colored Powertips","DeckTracker","Displayed Cursed Tome","Filter the Spire","Googly Eyes","Highlight Path","Key Reminder","Minty Spire (QoL Compilation)","Quick Restart","Rare Cards Sparkle","Relic Sorter","Relic Stats","ShortenTheSpire","Smile Girya","Spire Arcade","Spire Birthday Party","StSLib","Steal the Spire","SuperFastMode","Uncapped","Unceasing Turn Reminder","UnlockEverythingMod","Weighted Paths","everything is the same but u backflip on backflip","slay the spire mod where everything is the same but ironclad has a cowboy hat"],"gold_per_floor":[109,109,119,119,119,146,146,179,234,234,234,266,266,276,276,354,354,373,373,288,46,57,88,88,115,140,140,158,158,173,190,190,261,261,272,285,22,76,76,76,103,103,130,130,164,164,164,188,188,188,188],"floor_reached":52,"language":"ENG","playtime":1259,"items_purged":["Strike_R","Strike_R"],"score":2170,"play_id":"99d6a4d7-bde3-4b1a-a040-6beb121a7a71","local_time":"20210220180032","is_ascension_mode":true,"campfire_choices":[{"data":"Uppercut","floor":7,"key":"SMITH"},{"floor":10,"key":"REST"},{"data":"Blood for Blood","floor":15,"key":"SMITH"},{"data":"Carnage","floor":24,"key":"SMITH"},{"data":"Whirlwind","floor":27,"key":"SMITH"},{"floor":29,"key":"REST"},{"floor":32,"key":"REST"},{"floor":40,"key":"REST"},{"data":"Demon Form","floor":42,"key":"SMITH"},{"data":"Evolve","floor":44,"key":"SMITH"},{"floor":46,"key":"REST"},{"data":"Heavy Blade","floor":49,"key":"SMITH"}],"circlet_count":0,"master_deck":["AscendersBane","Strike_R","Strike_R","Strike_R","Defend_R","Defend_R+1","Defend_R+1","Bash+1","Blood for Blood+1","Uppercut+1","Bludgeon+1","Carnage+1","Clothesline+1","Whirlwind+1","Evolve+1","Demon Form+1","CurseOfTheBell","Heavy Blade+1"],"relics":["Snecko Eye","Pen Nib","War Paint","Tiny Chest","Bag of Preparation","Mark of Pain","Mummified Hand","Darkstone Periapt","Medical Kit","Orichalcum","Blood Vial","Juzu Bracelet","Calling Bell","Boot","Ornamental Fan","Ice Cream","Chemical X","WingedGreaves","Charon\u0027s Ashes","Bronze Scales","Torii","Red Skull","Lizard Tail"],"acts_visited":["Exordium","TheCity","TheBeyond"],"potions_floor_usage":[50,51],"damage_taken":[{"damage":7,"enemies":"2 Louse","floor":1,"turns":3},{"damage":16,"enemies":"Small Slimes","floor":3,"turns":4},{"damage":8,"enemies":"Gremlin Nob","floor":6,"turns":3},{"damage":10,"enemies":"3 Sentries","floor":8,"turns":4},{"damage":0,"enemies":"Lagavulin","floor":12,"turns":2},{"damage":0,"enemies":"Cultist","floor":14,"turns":1},{"damage":0,"enemies":"Slime Boss","floor":16,"turns":2},{"damage":19,"enemies":"3 Byrds","floor":18,"turns":4},{"damage":0,"enemies":"Chosen","floor":22,"turns":2},{"damage":2,"enemies":"Book of Stabbing","floor":23,"turns":2},{"damage":7,"enemies":"Gremlin Leader","floor":25,"turns":3},{"damage":7,"enemies":"Snecko","floor":28,"turns":3},{"damage":0,"enemies":"3 Cultists","floor":30,"turns":3},{"damage":19,"enemies":"Shelled Parasite and Fungi","floor":31,"turns":3},{"damage":55,"enemies":"Champ","floor":33,"turns":8},{"damage":0,"enemies":"Orb Walker","floor":35,"turns":1},{"damage":10,"enemies":"3 Darklings","floor":36,"turns":3},{"damage":33,"enemies":"2 Orb Walkers","floor":38,"turns":3},{"damage":3,"enemies":"Nemesis","floor":41,"turns":3},{"damage":6,"enemies":"Reptomancer","floor":45,"turns":3},{"damage":59,"enemies":"Time Eater","floor":50,"turns":5},{"damage":63,"enemies":"Donu and Deca","floor":51,"turns":4}],"seed_played":"3453142714311459631","potions_obtained":[{"floor":6,"key":"Strength Potion"},{"floor":16,"key":"Explosive Potion"},{"floor":25,"key":"Regen Potion"}],"is_trial":false,"path_per_floor":["M","$","M","?","?","E","R","E","T","R","?","E","?","M","R","B",null,"M","T","?","$","M","E","R","E","T","R","M","R","M","M","R","B",null,"M","M","$","?","$","R","E","R","T","R","E","R","?","T","R","B","B",null],"character_chosen":"IRONCLAD","items_purchased":["Medical Kit","Chemical X"],"campfire_rested":5,"item_purchase_floors":[21,37],"current_hp_per_floor":[61,61,45,45,22,14,14,4,4,26,51,51,51,51,51,51,69,50,50,50,50,50,48,48,41,41,41,36,58,60,43,65,12,65,67,59,59,28,28,52,51,51,51,51,47,71,71,71,71,26,14],"gold":188,"neow_bonus":"BOSS_RELIC","is_daily":false,"chose_seed":false,"campfire_upgraded":7,"win_rate":0.0,"timestamp":1613840432,"path_taken":["M","$","M","?","?","E","R","E","T","R","?","E","?","?","R","BOSS","M","?","?","$","M","E","R","E","T","R","M","R","M","M","R","BOSS","M","M","$","?","$","R","E","R","T","R","E","R","?","?","R","BOSS","BOSS"],"items_purchased_type":["Relic","Relic"],"build_version":"2020-12-22","purchased_purges":2,"victory":true,"max_hp_per_floor":[75,75,75,75,75,75,75,75,75,75,75,75,75,75,75,75,75,75,75,75,75,75,75,75,75,75,75,75,75,75,75,75,75,81,81,81,81,81,81,81,81,81,81,81,81,81,81,81,81,81,81],"relic_stats":{"Darkstone Periapt":6,"Torii":0,"counters":[22,69],"Pen Nib":[13],"Charon\u0027s Ashes":[36],"Bag of Preparation":[34],"Juzu Bracelet":0,"War Paint":["Defend_R","Defend_R"],"Orichalcum":[60],"Medical Kit":[10],"Boot":[13],"Blood Vial":22,"Lizard Tail":40,"Mummified Hand":[11],"Ornamental Fan":[40],"Bronze Scales":[33],"Snecko Eye":[97,109,123,109],"Tiny Chest":2,"Chemical X":[7],"obtain_stats":[{"Darkstone Periapt":20,"Ice Cream":34,"Torii":45,"Pen Nib":6,"Charon\u0027s Ashes":41,"Bag of Preparation":12,"Juzu Bracelet":26,"War Paint":8,"Orichalcum":23,"Medical Kit":21,"Boot":34,"Burning Blood":0,"Blood Vial":25,"Calling Bell":34,"Lizard Tail":51,"Mummified Hand":19,"Ornamental Fan":34,"Bronze Scales":43,"Snecko Eye":0,"Tiny Chest":9,"Mark of Pain":17,"WingedGreaves":38,"Chemical X":37,"Red Skull":48},{"Darkstone Periapt":8,"Ice Cream":15,"Torii":20,"Pen Nib":3,"Charon\u0027s Ashes":19,"Bag of Preparation":5,"Juzu Bracelet":11,"War Paint":4,"Orichalcum":10,"Medical Kit":8,"Boot":15,"Burning Blood":0,"Blood Vial":11,"Calling Bell":15,"Lizard Tail":22,"Mummified Hand":8,"Ornamental Fan":15,"Bronze Scales":19,"Snecko Eye":0,"Tiny Chest":4,"Mark of Pain":7,"WingedGreaves":18,"Chemical X":17,"Red Skull":20},{"Darkstone Periapt":23,"Ice Cream":47,"Torii":60,"Pen Nib":10,"Charon\u0027s Ashes":57,"Bag of Preparation":16,"Juzu Bracelet":30,"War Paint":14,"Orichalcum":27,"Medical Kit":23,"Boot":47,"Burning Blood":0,"Blood Vial":30,"Calling Bell":47,"Lizard Tail":67,"Mummified Hand":23,"Ornamental Fan":47,"Bronze Scales":57,"Snecko Eye":0,"Tiny Chest":14,"Mark of Pain":19,"WingedGreaves":54,"Chemical X":51,"Red Skull":60}]},"card_choices":[{"not_picked":["Warcry","Clash"],"picked":"Blood for Blood","floor":1},{"not_picked":["Burning Pact","Entrench"],"picked":"Uppercut","floor":3},{"not_picked":["Body Slam","Armaments"],"picked":"Bludgeon","floor":6},{"not_picked":["Searing Blow","Heavy Blade"],"picked":"Carnage","floor":8},{"not_picked":["Flex","Inflame","Searing Blow"],"picked":"SKIP","floor":12},{"not_picked":["True Grit","Carnage","Headbutt"],"picked":"SKIP","floor":14},{"not_picked":["Sword Boomerang","Thunderclap"],"picked":"Clothesline+1","floor":18},{"not_picked":["Bloodletting","Pummel","Sword Boomerang"],"picked":"SKIP","floor":22},{"not_picked":["Twin Strike","Second Wind+1","Feel No Pain"],"picked":"SKIP","floor":23},{"not_picked":["True Grit","Second Wind"],"picked":"Whirlwind","floor":25},{"not_picked":["Havoc","Pommel Strike+1","Perfected Strike"],"picked":"SKIP","floor":28},{"not_picked":["Havoc","Pommel Strike+1","Perfected Strike"],"picked":"SKIP","floor":28},{"not_picked":["Feel No Pain","Bloodletting","Evolve"],"picked":"SKIP","floor":30},{"not_picked":["Feel No Pain","Bloodletting"],"picked":"Evolve","floor":30},{"not_picked":["Feel No Pain","Pommel Strike","Cleave"],"picked":"SKIP","floor":31},{"not_picked":["Impervious","Offering"],"picked":"Demon Form","floor":33},{"not_picked":["Clash","Cleave","Pommel Strike+1"],"picked":"SKIP","floor":35},{"not_picked":["Twin Strike","Cleave+1","Thunderclap"],"picked":"SKIP","floor":36},{"not_picked":["Cleave","Body Slam+1"],"picked":"Heavy Blade","floor":38},{"not_picked":["Searing Blow","Havoc","Heavy Blade"],"picked":"SKIP","floor":41},{"not_picked":["Headbutt","Clothesline","Pummel"],"picked":"SKIP","floor":45}],"player_experience":375721,"relics_obtained":[{"floor":6,"key":"Pen Nib"},{"floor":8,"key":"War Paint"},{"floor":9,"key":"Tiny Chest"},{"floor":12,"key":"Bag of Preparation"},{"floor":19,"key":"Mummified Hand"},{"floor":23,"key":"Orichalcum"},{"floor":25,"key":"Blood Vial"},{"floor":26,"key":"Juzu Bracelet"},{"floor":34,"key":"Boot"},{"floor":34,"key":"Ornamental Fan"},{"floor":34,"key":"Ice Cream"},{"floor":38,"key":"WingedGreaves"},{"floor":41,"key":"Charon\u0027s Ashes"},{"floor":43,"key":"Bronze Scales"},{"floor":45,"key":"Torii"},{"floor":48,"key":"Red Skull"}],"event_choices":[{"damage_healed":45,"gold_gain":0,"player_choice":"Upgrade","damage_taken":23,"max_hp_gain":0,"max_hp_loss":75,"event_name":"betterThird:BetterShining","floor":5,"gold_loss":0,"cards_upgraded":["Bash","Defend_R"]},{"damage_healed":25,"gold_gain":0,"player_choice":"Banana","damage_taken":0,"max_hp_gain":0,"max_hp_loss":0,"event_name":"Big Fish","floor":11,"gold_loss":0},{"damage_healed":0,"gold_gain":0,"player_choice":"Forge","damage_taken":0,"max_hp_gain":0,"max_hp_loss":0,"event_name":"Accursed Blacksmith","floor":13,"gold_loss":0,"cards_upgraded":["Bludgeon"]},{"damage_healed":0,"gold_gain":0,"player_choice":"Obtained Relic","damage_taken":0,"relics_obtained":["Darkstone Periapt"],"max_hp_gain":0,"max_hp_loss":0,"event_name":"Addict","floor":20,"gold_loss":85},{"damage_healed":0,"gold_gain":0,"player_choice":"Fight","damage_taken":0,"max_hp_gain":0,"max_hp_loss":0,"event_name":"Mysterious Sphere","floor":38,"gold_loss":0},{"cards_removed":["Defend_R"],"damage_healed":0,"gold_gain":0,"player_choice":"Removed Skill","damage_taken":0,"max_hp_gain":0,"max_hp_loss":0,"event_name":"Falling","floor":47,"gold_loss":0}],"is_beta":false,"boss_relics":[{"not_picked":["Sozu","Runic Cube"],"picked":"Mark of Pain"},{"not_picked":["Busted Crown","Empty Cage"],"picked":"Calling Bell"}],"items_purged_floors":[21,37],"is_endless":false,"potions_floor_spawned":[6,16,22,23,25,30,33,35,38],"ascension_level":20}}