{"host":"qgrlfjrqk9z96gfi","time":1613855760,"event":{"mods":["BaseMod","Block Reminder","Colored Map","Custom Start","DeckTracker","Minty Spire (QoL Compilation)"],"gold_per_floor":[113,113,128,128,128,128,180,83,83,123,123,139,163,8,8,106,106,121,144,144,144,144],"floor_reached":21,"language":"ENG","playtime":1358,"items_purged":["Strike_G"],"score":354,"play_id":"9124970b-463a-4984-b234-a46c78a4cad3","local_time":"20210220111600","is_ascension_mode":true,"campfire_choices":[{"floor":6.0,"key":"REST"},{"floor":11.0,"key":"REST"},{"floor":15.0,"key":"REST"}],"circlet_count":0,"master_deck":["AscendersBane","Strike_G","Strike_G","Strike_G","Strike_G","Defend_G","Defend_G","Defend_G","Defend_G","Defend_G","Survivor","Neutralize","Shame","Envenom+1","Blade Dance","All Out Attack","Dagger Throw","Tactician","Eviscerate","Terror","Prepared","Leg Sweep","Adrenaline","Calculated Gamble","Underhanded Strike"],"relics":["Ring of the Snake","Golden Idol","Ancient Tea Set","Paper Crane","Sozu"],"acts_visited":["Exordium","TheCity"],"potions_floor_usage":[16,16],"damage_taken":[{"damage":14.0,"enemies":"2 Louse","floor":1.0,"turns":4.0},{"damage":17.0,"enemies":"Jaw Worm","floor":3.0,"turns":5.0},{"damage":42.0,"enemies":"Lagavulin","floor":10.0,"turns":9.0},{"damage":0.0,"enemies":"Small Slimes","floor":12.0,"turns":2.0},{"damage":4.0,"enemies":"Looter","floor":13.0,"turns":3.0},{"damage":25,"enemies":"Slime Boss","floor":16,"turns":8},{"damage":17,"enemies":"Spheric Guardian","floor":18,"turns":6},{"damage":17,"enemies":"2 Thieves","floor":19,"turns":4},{"damage":17,"enemies":"Shelled Parasite and Fungi","floor":21,"turns":1}],"seed_played":"-4691359487157414518","potions_obtained":[{"floor":1.0,"key":"Explosive Potion"},{"floor":10.0,"key":"BlessingOfTheForge"},{"floor":13.0,"key":"Strength Potion"}],"is_trial":false,"path_per_floor":["M","?","M","?","?","R","?","$","T","E","R","M","M","$","R","B",null,"M","M","?","M"],"character_chosen":"THE_SILENT","items_purchased":["Dagger Throw","Tactician","Leg Sweep"],"campfire_rested":3,"item_purchase_floors":[8,8,14],"current_hp_per_floor":[45,45,28,28,28,46,46,46,46,4,22,22,18,18,36,11,48,31,14,14,0,0],"gold":144,"neow_bonus":"THREE_RARE_CARDS","is_daily":false,"chose_seed":false,"campfire_upgraded":0,"win_rate":0.0,"timestamp":1613855760,"path_taken":["M","?","M","?","?","R","?","$","T","E","R","?","M","$","R","BOSS","M","M","?","M"],"items_purchased_type":["Card","Card","Card"],"build_version":"2020-12-22","purchased_purges":1,"victory":false,"max_hp_per_floor":[66,66,66,60,60,60,60,60,60,60,60,60,60,60,60,60,60,60,60,60,60,60],"card_choices":[{"not_picked":["Night Terror","Bullet Time"],"picked":"Envenom","floor":0.0},{"not_picked":["Backflip","Sucker Punch"],"picked":"Blade Dance","floor":1.0},{"not_picked":["Escape Plan","Backflip"],"picked":"All Out Attack","floor":3.0},{"not_picked":["Expertise","Backflip"],"picked":"Eviscerate","floor":10.0},{"not_picked":["Outmaneuver","Quick Slash"],"picked":"Terror","floor":12.0},{"not_picked":["Cloak And Dagger","Venomology"],"picked":"Prepared","floor":13.0},{"not_picked":["Die Die Die","Grand Finale"],"picked":"Adrenaline","floor":16},{"not_picked":["Prepared","Deflect"],"picked":"Calculated Gamble","floor":18},{"not_picked":["Poisoned Stab","Deflect+1"],"picked":"Underhanded Strike","floor":19}],"player_experience":1174817,"relics_obtained":[{"floor":9.0,"key":"Ancient Tea Set"},{"floor":10.0,"key":"Paper Crane"}],"event_choices":[{"damage_healed":0.0,"max_hp_gain":0.0,"max_hp_loss":0.0,"gold_gain":0.0,"event_name":"Living Wall","player_choice":"Grow","floor":2.0,"gold_loss":0.0,"damage_taken":0.0,"cards_upgraded":["Envenom"]},{"damage_healed":0.0,"max_hp_gain":0.0,"max_hp_loss":6.0,"gold_gain":0.0,"event_name":"Golden Idol","player_choice":"Lose Max HP","floor":4.0,"gold_loss":0.0,"damage_taken":0.0,"relics_obtained":["Golden Idol"]},{"damage_healed":0.0,"max_hp_gain":0.0,"max_hp_loss":0.0,"gold_gain":0.0,"event_name":"Liars Game","player_choice":"Ignored","floor":5.0,"gold_loss":0.0,"damage_taken":0.0},{"damage_healed":0.0,"max_hp_gain":0.0,"max_hp_loss":0.0,"gold_gain":52.0,"event_name":"Golden Wing","player_choice":"Gained Gold","floor":7.0,"gold_loss":0.0,"damage_taken":0.0},{"damage_healed":0,"gold_gain":0,"player_choice":"Ignored","damage_taken":0,"max_hp_gain":0,"max_hp_loss":0,"event_name":"The Mausoleum","floor":20,"gold_loss":0}],"is_beta":false,"boss_relics":[{"not_picked":["Runic Dome","Busted Crown"],"picked":"Sozu"}],"items_purged_floors":[14],"is_endless":false,"potions_floor_spawned":[1,10,13],"killed_by":"Shelled Parasite and Fungi","ascension_level":20}}