{"host":"dh4nu8nelr2izibb","time":1613784597,"event":{"mods":["BaseMod","Better Skull","Better Third Choice","Card Filter","Card Forge","Curses Come First","Displayed Cursed Tome","HololiveMod","Marisa????????","Minty Spire (QoL Compilation)","Poor People Problems","Quick Restart","Relic Filter","Reliquary","StSLib","The Servant 0.9.4","WarShipGirlsR/????R mod","Yakumo Yukari mod"],"gold_per_floor":[110,123,141,154,209,209,209,209,260,276,304,304,8,38,38,117,117,131,2,19,19,0,0,20,20,20,20,20,31,59,76,76,152,152,164,164,212,212,232,232,261,261,261,292,308,334,347,366,366,366,366],"floor_reached":50,"language":"ENG","playtime":1855,"items_purged":["Strike_G"],"score":1131,"play_id":"062ae5c4-096a-478f-aa5d-7266efdfcbba","local_time":"20210219202957","is_ascension_mode":true,"campfire_choices":[{"data":"Dagger Spray","floor":6,"key":"SMITH"},{"data":"Eviscerate","floor":8,"key":"SMITH"},{"data":"Acrobatics","floor":12,"key":"SMITH"},{"data":"Sucker Punch","floor":15,"key":"SMITH"},{"data":"Cloak And Dagger","floor":23,"key":"SMITH"},{"data":"Footwork","floor":28,"key":"SMITH"},{"data":"Glass Knife","floor":32,"key":"SMITH"},{"data":"Cloak And Dagger","floor":40,"key":"SMITH"},{"floor":49,"key":"REST"}],"circlet_count":0,"master_deck":["AscendersBane","Strike_G","Strike_G","Defend_G","Defend_G","Defend_G","Defend_G","Survivor","Neutralize+1","Dagger Spray+1","Backstab","Eviscerate+1","Acrobatics+1","Dagger Throw","Flying Knee","Sucker Punch+1","Phantasmal Killer","Acrobatics","Adrenaline","Footwork+1","Cloak And Dagger+1","Underhanded Strike","Acrobatics","Deflect","Glass Knife+1","Prepared","Deflect","Phantasmal Killer","Backflip","Panache","Backflip","Blur+1","Underhanded Strike","Well Laid Plans+1"],"relics":["Ring of the Snake","Hammer of Thor","Seething Fire","Anvil of the Gods","Blood Vial","Bag of Preparation","ClockworkSouvenir","Prayer Wheel","reliquary:RustamsPendant","MutagenicStrength","reliquary:RedPaperclip","Torii","CaptainsWheel","reliquary:FeatherDuster","Bottled Lightning","Lantern"],"acts_visited":["Exordium","TheCity","TheBeyond"],"potions_floor_usage":[7,10,11,11,16,16,30,33,44,45,50],"damage_taken":[{"damage":6.0,"enemies":"Cultist","floor":1.0,"turns":4.0},{"damage":7,"enemies":"Jaw Worm","floor":2,"turns":5},{"damage":0,"enemies":"2 Louse","floor":3,"turns":3},{"damage":3,"enemies":"Red Slaver","floor":4,"turns":4},{"damage":3,"enemies":"Large Slime","floor":10,"turns":6},{"damage":12,"enemies":"Lagavulin","floor":11,"turns":3},{"damage":6,"enemies":"Gremlin Nob","floor":14,"turns":3},{"damage":0,"enemies":"Slime Boss","floor":16,"turns":5},{"damage":0,"enemies":"Spheric Guardian","floor":18,"turns":2},{"damage":16,"enemies":"2 Thieves","floor":20,"turns":3},{"damage":12,"enemies":"3 Cultists","floor":24,"turns":3},{"damage":0,"enemies":"Snake Plant","floor":29,"turns":2},{"damage":9,"enemies":"Book of Stabbing","floor":30,"turns":2},{"damage":5,"enemies":"Centurion and Healer","floor":31,"turns":2},{"damage":51,"enemies":"Automaton","floor":33,"turns":8},{"damage":0,"enemies":"3 Darklings","floor":35,"turns":2},{"damage":15,"enemies":"2 Orb Walkers","floor":37,"turns":4},{"damage":0,"enemies":"Orb Walker","floor":39,"turns":2},{"damage":1,"enemies":"Nemesis","floor":41,"turns":5},{"damage":26,"enemies":"Giant Head","floor":44,"turns":6},{"damage":0,"enemies":"Spire Growth","floor":45,"turns":2},{"damage":0,"enemies":"4 Shapes","floor":47,"turns":3},{"damage":18,"enemies":"Transient","floor":48,"turns":6},{"damage":38,"enemies":"Time Eater","floor":50,"turns":7}],"seed_played":"-1720227267670685806","potions_obtained":[{"floor":2,"key":"FearPotion"},{"floor":4,"key":"LiquidBronze"},{"floor":7,"key":"Fruit Juice"},{"floor":7,"key":"FearPotion"},{"floor":10,"key":"EntropicBrew"},{"floor":16,"key":"PowerPotion"},{"floor":24,"key":"CunningPotion"},{"floor":31,"key":"PowerPotion"},{"floor":41,"key":"Fire Potion"},{"floor":44,"key":"Poison Potion"},{"floor":48,"key":"AttackPotion"}],"is_trial":false,"path_per_floor":["M","M","M","M","?","R","?","R","T","M","E","R","$","E","R","B",null,"M","$","M","?","?","R","M","?","T","?","R","M","E","M","R","B",null,"M","?","?","?","M","R","E","?","T","E","M","T","M","M","R","B"],"character_chosen":"THE_SILENT","items_purchased":["ClockworkSouvenir","Flying Knee","Footwork","Blade Dance"],"campfire_rested":1,"item_purchase_floors":[13,13,19,19],"current_hp_per_floor":[59,52,52,49,49,49,54,54,54,53,43,43,43,39,39,41,68,70,70,56,56,56,56,46,46,46,46,46,48,41,38,38,14,61,63,63,50,50,52,52,53,53,53,29,31,31,33,17,40,4,4],"gold":366,"neow_bonus":"TEN_PERCENT_HP_BONUS","is_daily":false,"chose_seed":false,"campfire_upgraded":8,"win_rate":0.0,"timestamp":1613784597,"path_taken":["M","M","?","M","?","R","?","R","T","M","E","R","$","E","R","BOSS","M","?","M","?","?","R","M","?","T","?","R","M","E","M","R","BOSS","M","?","?","?","?","R","E","?","T","E","M","?","M","M","R","BOSS"],"items_purchased_type":["Relic","Card","Card","Card"],"build_version":"2020-12-22","purchased_purges":1,"victory":false,"max_hp_per_floor":[72,72,72,72,72,72,77,77,77,77,77,77,77,77,77,77,77,77,77,77,77,77,77,77,77,77,77,77,77,77,77,77,77,77,77,77,77,77,77,77,77,77,77,77,77,77,77,77,77,77,77],"card_choices":[{"not_picked":["Quick Slash","Expertise"],"picked":"Dagger Spray","floor":1.0},{"not_picked":["Finisher","Outmaneuver"],"picked":"Backstab","floor":2},{"not_picked":["Infinite Blades","Outmaneuver"],"picked":"Eviscerate","floor":3},{"not_picked":["Bane","Eviscerate"],"picked":"Accuracy","floor":4},{"not_picked":["Eviscerate","Skewer"],"picked":"Acrobatics","floor":10},{"not_picked":["Dodge and Roll","Blade Dance"],"picked":"Dagger Throw","floor":11},{"not_picked":["Grand Finale","Slice"],"picked":"Sucker Punch","floor":14},{"not_picked":["Unload","Venomology"],"picked":"Phantasmal Killer","floor":16},{"not_picked":["Deadly Poison","Flying Knee"],"picked":"Acrobatics","floor":18},{"not_picked":["Cloak And Dagger","Deflect"],"picked":"Adrenaline","floor":18},{"not_picked":["Underhanded Strike","Skewer"],"picked":"Cloak And Dagger","floor":20},{"not_picked":["Choke","Poisoned Stab"],"picked":"Underhanded Strike","floor":20},{"not_picked":["Dagger Throw","Dodge and Roll"],"picked":"Acrobatics","floor":24},{"not_picked":["Deflect","Flying Knee+1","Envenom"],"picked":"SKIP","floor":24},{"not_picked":["Flying Knee+1","Envenom"],"picked":"Deflect","floor":24},{"not_picked":["Backstab","Dagger Spray"],"picked":"Blade Dance","floor":29},{"not_picked":["Riddle With Holes","Dagger Throw","Deflect"],"picked":"SKIP","floor":29},{"not_picked":["Backstab+1","Bane"],"picked":"Glass Knife","floor":30},{"not_picked":["Outmaneuver","Slice+1"],"picked":"Prepared","floor":31},{"not_picked":["Endless Agony+1","Calculated Gamble"],"picked":"Deflect","floor":31},{"not_picked":["Tools of the Trade","Corpse Explosion"],"picked":"Phantasmal Killer","floor":33},{"not_picked":["Concentrate","Skewer"],"picked":"Cloak And Dagger","floor":35},{"not_picked":["Flying Knee","Cloak And Dagger"],"picked":"Backflip","floor":35},{"not_picked":["Quick Slash","Dodge and Roll"],"picked":"Finisher+1","floor":37},{"not_picked":["Thinking Ahead","Dark Shackles"],"picked":"Panache","floor":38},{"not_picked":["Expertise","Backstab"],"picked":"Backflip","floor":39},{"not_picked":["Cloak And Dagger+1","Blade Dance","Flying Knee"],"picked":"SKIP","floor":39},{"not_picked":["Cloak And Dagger+1","Blade Dance","Flying Knee"],"picked":"SKIP","floor":39},{"not_picked":["Prepared","All Out Attack","Dodge and Roll"],"picked":"SKIP","floor":41},{"not_picked":["Caltrops","Wraith Form v2","Escape Plan"],"picked":"SKIP","floor":44},{"not_picked":["Flying Knee","Prepared"],"picked":"Blur+1","floor":45},{"not_picked":["Cloak And Dagger","Blade Dance","Dagger Spray"],"picked":"SKIP","floor":45},{"not_picked":["Cloak And Dagger+1","Noxious Fumes"],"picked":"Underhanded Strike","floor":47},{"not_picked":["Outmaneuver","Masterful Stab+1","Predator"],"picked":"SKIP","floor":47},{"not_picked":["Dagger Spray+1","Deadly Poison"],"picked":"Well Laid Plans","floor":48},{"not_picked":["Underhanded Strike","Quick Slash","Outmaneuver"],"picked":"SKIP","floor":48}],"player_experience":1192036,"relics_obtained":[{"floor":9,"key":"Blood Vial"},{"floor":11,"key":"Bag of Preparation"},{"floor":14,"key":"Prayer Wheel"},{"floor":26,"key":"Pantograph"},{"floor":30,"key":"MealTicket"},{"floor":37,"key":"Torii"},{"floor":41,"key":"CaptainsWheel"},{"floor":43,"key":"reliquary:FeatherDuster"},{"floor":44,"key":"Bottled Lightning"},{"floor":46,"key":"Lantern"}],"event_choices":[{"damage_healed":0,"gold_gain":55,"player_choice":"Gained Gold","damage_taken":0,"max_hp_gain":0,"max_hp_loss":0,"event_name":"Golden Wing","floor":5,"gold_loss":0},{"damage_healed":0,"gold_gain":0,"player_choice":"Got Potions","damage_taken":0,"max_hp_gain":0,"max_hp_loss":0,"event_name":"Lab","floor":7,"gold_loss":0},{"damage_healed":0,"gold_gain":0,"player_choice":"Ignored","damage_taken":0,"max_hp_gain":0,"max_hp_loss":0,"event_name":"Vampires","floor":21,"gold_loss":0},{"damage_healed":0,"gold_gain":0,"player_choice":"Paid Fearfully","damage_taken":0,"max_hp_gain":0,"max_hp_loss":0,"event_name":"Masked Bandits","floor":22,"gold_loss":19},{"damage_healed":0,"gold_gain":0,"player_choice":"Inject Mutagens","damage_taken":0,"relics_obtained":["MutagenicStrength"],"max_hp_gain":0,"max_hp_loss":0,"event_name":"Drug Dealer","floor":27,"gold_loss":0},{"damage_healed":0,"gold_gain":0,"player_choice":"Fight","damage_taken":0,"max_hp_gain":0,"max_hp_loss":0,"event_name":"Mysterious Sphere","floor":37,"gold_loss":0},{"damage_healed":0,"gold_gain":0,"player_choice":"Memory 1","damage_taken":0,"max_hp_gain":0,"max_hp_loss":0,"event_name":"SensoryStone","floor":38,"gold_loss":0},{"cards_removed":["Accuracy"],"damage_healed":0,"gold_gain":0,"player_choice":"Removed Power","damage_taken":0,"max_hp_gain":0,"max_hp_loss":0,"event_name":"Falling","floor":42,"gold_loss":0}],"is_beta":false,"boss_relics":[{"not_picked":["Runic Pyramid","Astrolabe"],"picked":"reliquary:RustamsPendant"},{"not_picked":["Calling Bell","Snecko Eye"],"picked":"reliquary:RedPaperclip"}],"items_purged_floors":[13],"is_endless":false,"potions_floor_spawned":[2,4,10,14,16,24,31,41,44,48],"killed_by":"Time Eater","ascension_level":19}}