{"host":"mhzgc0zma59jtmoj","time":1613800427,"event":{"mods":["BaseMod","BetterRewards","Custom Start","Glutton Mod","Ironclad Rager","Minty Spire (QoL Compilation)","Replay The Spire","Somnambulant","StSLib","The Cursed","The Hierophant","The Jungle","Treasure Hunter"],"gold_per_floor":[119,44,44,63,78,118,136,159,159,159,159],"floor_reached":10,"language":"ENG","playtime":450,"items_purged":["Defend_G"],"score":77,"play_id":"2964d5c3-b32a-48b2-a32b-5995f9995eb1","local_time":"20210220005347","is_ascension_mode":true,"campfire_choices":[],"circlet_count":0,"master_deck":["Strike_G","Strike_G","Strike_G","Strike_G","Strike_G","Defend_G","Defend_G","Defend_G","Defend_G","Survivor","Neutralize","Blur","Dodge and Roll","Blade Dance","A Thousand Cuts","PiercingWail"],"relics":["Black Star","Golden Idol","Boot","Dream Catcher","Replay:Wax Seal"],"acts_visited":["Exordium"],"potions_floor_usage":[10],"damage_taken":[{"damage":10.0,"enemies":"2 Louse","floor":1.0,"turns":3.0},{"damage":1.0,"enemies":"Small Slimes","floor":4.0,"turns":5.0},{"damage":0.0,"enemies":"Jaw Worm","floor":5.0,"turns":7.0},{"damage":35.0,"enemies":"Lagavulin","floor":6.0,"turns":11.0},{"damage":10.0,"enemies":"3 Louse","floor":7.0,"turns":4.0},{"damage":0.0,"enemies":"Red Slaver","floor":8.0,"turns":3.0},{"damage":28,"enemies":"Gremlin Nob","floor":10,"turns":4}],"seed_played":"1906782938445233364","potions_obtained":[{"floor":1.0,"key":"Languid Potion"},{"floor":6.0,"key":"Poison Potion"},{"floor":7.0,"key":"LiquidMemories"}],"is_trial":false,"path_per_floor":["M","$","?","M","M","E","M","M","T","E"],"character_chosen":"THE_SILENT","items_purchased":[],"campfire_rested":0,"item_purchase_floors":[],"current_hp_per_floor":[60,60,60,59,59,24,14,14,14,0,0],"gold":159,"neow_bonus":"BOSS_RELIC","is_daily":false,"chose_seed":false,"campfire_upgraded":0,"win_rate":0.0,"timestamp":1613800427,"path_taken":["M","$","?","M","M","E","M","M","T","E"],"items_purchased_type":[],"build_version":"2020-12-22","purchased_purges":1,"victory":false,"max_hp_per_floor":[70,70,65,65,65,65,65,65,65,65,65],"card_choices":[{"not_picked":["Flying Knee","Escape Plan"],"picked":"Blur","floor":1.0},{"not_picked":["Backflip","ReplayTheSpireMod:Exploit Weakness"],"picked":"Dodge and Roll","floor":4.0},{"not_picked":["Prepared","Tactician","Deadly Poison"],"picked":"SKIP","floor":5.0},{"not_picked":["Poisoned Stab","Dagger Throw"],"picked":"Blade Dance","floor":6.0},{"not_picked":["TH:ArmorSpikes","TH:CursedSword"],"picked":"SKIP","floor":6.0},{"not_picked":["Replay:Poison Smokescreen","Sneak Up"],"picked":"A Thousand Cuts","floor":7.0},{"not_picked":["Choke","Bane"],"picked":"PiercingWail","floor":8.0},{"not_picked":["TH:TreasureMap","TH:ElvenBoots"],"picked":"SKIP","floor":9.0}],"player_experience":307080,"relics_obtained":[{"floor":6.0,"key":"Boot"},{"floor":6.0,"key":"Dream Catcher"},{"floor":9.0,"key":"Replay:Wax Seal"}],"event_choices":[{"damage_healed":0.0,"max_hp_gain":0.0,"max_hp_loss":5.0,"gold_gain":0.0,"event_name":"Golden Idol","player_choice":"Lose Max HP","floor":3.0,"gold_loss":0.0,"damage_taken":0.0,"relics_obtained":["Golden Idol"]}],"is_beta":false,"boss_relics":[],"items_purged_floors":[2],"is_endless":false,"potions_floor_spawned":[1,6,7],"killed_by":"Gremlin Nob","ascension_level":2}}