{"host":"nsc6ozq3atyrdr3m","time":1613854116,"event":{"mods":["BaseMod","Colored Map","Minty Spire (QoL Compilation)"],"gold_per_floor":[116,191,209,219,182,182,198,212,212,212,241,252,252,286,286,383,383,397,410,410,40,40,40,69,69,151,25,25,25],"floor_reached":28,"language":"FRA","playtime":558,"items_purged":["Decay","Strike_B"],"score":332,"play_id":"ce1238ac-0f36-4d92-8d4d-065c1dbc2269","local_time":"20210220214836","is_ascension_mode":true,"campfire_choices":[{"data":"Static Discharge","floor":6,"key":"SMITH"},{"data":"Storm","floor":10,"key":"SMITH"},{"data":"Sunder","floor":13,"key":"SMITH"},{"data":"Glacier","floor":15,"key":"SMITH"},{"data":"Machine Learning","floor":23,"key":"SMITH"},{"floor":25,"key":"REST"}],"circlet_count":0,"master_deck":["Strike_B","Strike_B","Strike_B","Defend_B","Defend_B","Defend_B","Defend_B","Zap","Dualcast","Static Discharge+1","Steam","Self Repair","Sunder+1","Genetic Algorithm","Storm+1","BootSequence","Skim","Glacier+1","Echo Form","Conserve Battery+1","Machine Learning+1","Shame","Leap","Loop"],"relics":["Cracked Core","NeowsBlessing","Pear","Juzu Bracelet","Emotion Chip","Velvet Choker","PreservedInsect","Smiling Mask","Prayer Wheel","Darkstone Periapt"],"acts_visited":["Exordium","TheCity"],"potions_floor_usage":[11,14,16],"damage_taken":[{"damage":0,"enemies":"2 Louse","floor":1,"turns":1},{"damage":0,"enemies":"Cultist","floor":3,"turns":1},{"damage":0,"enemies":"Small Slimes","floor":4,"turns":1},{"damage":12,"enemies":"Exordium Wildlife","floor":7,"turns":4},{"damage":9,"enemies":"Looter","floor":8,"turns":4},{"damage":17,"enemies":"Gremlin Nob","floor":11,"turns":3},{"damage":0,"enemies":"2 Fungi Beasts","floor":12,"turns":3},{"damage":28,"enemies":"3 Sentries","floor":14,"turns":5},{"damage":15,"enemies":"Hexaghost","floor":16,"turns":9},{"damage":12,"enemies":"Chosen","floor":18,"turns":7},{"damage":11,"enemies":"2 Thieves","floor":19,"turns":4},{"damage":53,"enemies":"Gremlin Leader","floor":24,"turns":4},{"damage":48,"enemies":"Cultist and Chosen","floor":28,"turns":4}],"seed_played":"-1576148351226774989","potions_obtained":[{"floor":1,"key":"EssenceOfDarkness"},{"floor":8,"key":"ColorlessPotion"},{"floor":14,"key":"SkillPotion"},{"floor":24,"key":"SteroidPotion"}],"is_trial":false,"path_per_floor":["M","?","M","M","$","R","M","M","T","R","E","M","R","E","R","B",null,"M","M","?","$","?","R","E","R","T","$","M"],"character_chosen":"DEFECT","items_purchased":["Sunder","Machine Learning","PreservedInsect","Loop"],"campfire_rested":1,"item_purchase_floors":[5,21,21,27],"current_hp_per_floor":[68,61,61,61,61,61,56,54,64,64,54,61,61,40,40,32,72,67,70,70,70,70,70,17,42,42,42,0,0],"gold":25,"neow_bonus":"THREE_ENEMY_KILL","is_daily":false,"chose_seed":false,"campfire_upgraded":5,"win_rate":0.0,"timestamp":1613854116,"path_taken":["M","?","?","M","$","R","?","?","T","R","E","M","R","E","R","BOSS","M","M","?","$","?","R","E","R","T","$","M"],"items_purchased_type":["Card","Card","Relic","Card"],"build_version":"2020-12-22","purchased_purges":2,"victory":false,"max_hp_per_floor":[75,75,75,75,75,75,75,75,85,85,85,85,85,85,85,85,85,85,85,85,85,85,85,85,85,85,85,85,85],"card_choices":[{"not_picked":["Reprogram","Chill"],"picked":"Static Discharge","floor":1},{"not_picked":["Stack","Sweeping Beam"],"picked":"Steam","floor":3},{"not_picked":["Streamline","White Noise"],"picked":"Self Repair","floor":4},{"not_picked":["Redo","Go for the Eyes"],"picked":"Genetic Algorithm","floor":7},{"not_picked":["Hello World","Go for the Eyes"],"picked":"Storm","floor":8},{"not_picked":["Gash","Force Field"],"picked":"BootSequence","floor":11},{"not_picked":["Cold Snap","Sweeping Beam"],"picked":"Skim","floor":12},{"not_picked":["Compile Driver","Seek"],"picked":"Glacier","floor":14},{"not_picked":["Meteor Strike","Biased Cognition"],"picked":"Echo Form","floor":16},{"not_picked":["Barrage","Gash","FTL"],"picked":"SKIP","floor":18},{"not_picked":["Coolheaded","Redo"],"picked":"Conserve Battery+1","floor":19},{"not_picked":["Barrage+1","Conserve Battery"],"picked":"Leap","floor":24}],"player_experience":438932,"relics_obtained":[{"floor":9,"key":"Pear"},{"floor":11,"key":"Juzu Bracelet"},{"floor":14,"key":"Emotion Chip"},{"floor":24,"key":"Prayer Wheel"},{"floor":26,"key":"Darkstone Periapt"}],"event_choices":[{"damage_healed":0,"gold_gain":75,"player_choice":"Touch","damage_taken":7,"max_hp_gain":0,"max_hp_loss":0,"event_name":"FaceTrader","floor":2,"gold_loss":0},{"damage_healed":0,"gold_gain":0,"player_choice":"Smashed Altar","damage_taken":0,"max_hp_gain":0,"max_hp_loss":0,"event_name":"Forgotten Altar","floor":20,"gold_loss":0,"cards_obtained":["Decay"]},{"damage_healed":0,"gold_gain":0,"player_choice":"Stole Relic","damage_taken":0,"relics_obtained":["Smiling Mask"],"max_hp_gain":0,"max_hp_loss":0,"event_name":"Addict","floor":22,"gold_loss":0,"cards_obtained":["Shame"]}],"is_beta":false,"boss_relics":[{"not_picked":["Coffee Dripper","Nuclear Battery"],"picked":"Velvet Choker"}],"items_purged_floors":[21,27],"is_endless":false,"potions_floor_spawned":[1,8,14,24],"killed_by":"Cultist and Chosen","ascension_level":7}}