{"host":"guzbs4v8630hpsy6","time":1613797330,"event":{"mods":["2.2 Compatiblity","AchievementEnabler","BaseMod","Minty Spire (QoL Compilation)","Relic Stats","ojb\u0027s Info Mod"],"gold_per_floor":[117,134,152,102,120,120,139,166,166,178,178,178,205,14,14,14,14],"floor_reached":16,"language":"ENG","playtime":1202,"items_purged":[],"score":174,"play_id":"e1c48baf-ac9e-4b97-b90b-c6f42597e864","local_time":"20210220130210","is_ascension_mode":true,"campfire_choices":[{"data":"Fiend Fire","floor":6.0,"key":"SMITH"},{"floor":12.0,"key":"REST"},{"floor":15,"key":"REST"}],"circlet_count":0,"master_deck":["AscendersBane","Strike_R+1","Strike_R","Strike_R","Strike_R","Defend_R","Defend_R","Defend_R","Defend_R","Bash","Fiend Fire+1","Pommel Strike+1","Impervious","Rampage","Anger","Wild Strike","Feel No Pain","Dark Embrace"],"relics":["Burning Blood","Tiny Chest","Darkstone Periapt","Bottled Flame","Sling"],"acts_visited":["Exordium"],"potions_floor_usage":[13],"damage_taken":[{"damage":10.0,"enemies":"Cultist","floor":1.0,"turns":5.0},{"damage":0.0,"enemies":"2 Louse","floor":2.0,"turns":2.0},{"damage":0.0,"enemies":"Small Slimes","floor":3.0,"turns":3.0},{"damage":11.0,"enemies":"Red Slaver","floor":5.0,"turns":4.0},{"damage":12.0,"enemies":"Exordium Thugs","floor":7.0,"turns":4.0},{"damage":35.0,"enemies":"3 Sentries","floor":8.0,"turns":6.0},{"damage":6.0,"enemies":"Exordium Wildlife","floor":10.0,"turns":3.0},{"damage":10,"enemies":"Lagavulin","floor":13,"turns":6},{"damage":49,"enemies":"Hexaghost","floor":16,"turns":9}],"seed_played":"-7634029408865205503","potions_obtained":[{"floor":2.0,"key":"Strength Potion"},{"floor":5.0,"key":"Strength Potion"},{"floor":13,"key":"Swift Potion"}],"is_trial":false,"path_per_floor":["M","M","M","?","M","R","M","E","T","M","?","R","E","$","R","B"],"character_chosen":"IRONCLAD","items_purchased":["Dark Embrace","Sling"],"campfire_rested":2,"item_purchase_floors":[14,14],"current_hp_per_floor":[47,53,59,59,54,54,48,19,19,19,3,27,23,23,47,0,0],"gold":14,"neow_bonus":"THREE_RARE_CARDS","is_daily":false,"chose_seed":false,"campfire_upgraded":1,"win_rate":0.0,"timestamp":1613797330,"path_taken":["M","M","M","?","M","R","M","E","T","M","?","R","E","$","R","BOSS"],"items_purchased_type":["Card","Relic"],"build_version":"2020-12-22","purchased_purges":0,"victory":false,"max_hp_per_floor":[80,80,80,80,80,80,80,80,80,80,80,80,80,80,80,80,80],"relic_stats":{"Darkstone Periapt":0,"counters":[9,42],"Tiny Chest":0,"obtain_stats":[{"Darkstone Periapt":9,"Bottled Flame":13,"Tiny Chest":8,"Sling":14,"Burning Blood":0},{"Darkstone Periapt":6,"Bottled Flame":8,"Tiny Chest":6,"Sling":8,"Burning Blood":0},{"Darkstone Periapt":24,"Bottled Flame":33,"Tiny Chest":24,"Sling":33,"Burning Blood":0}],"Burning Blood":48},"card_choices":[{"not_picked":["Demon Form","Bludgeon"],"picked":"Fiend Fire","floor":0.0},{"not_picked":["Flex","Entrench","Iron Wave"],"picked":"SKIP","floor":1.0},{"not_picked":["Body Slam","Searing Blow"],"picked":"Pommel Strike","floor":2.0},{"not_picked":["Sword Boomerang","Iron Wave"],"picked":"Impervious","floor":3.0},{"not_picked":["Sword Boomerang","Intimidate"],"picked":"Rampage","floor":5.0},{"not_picked":["Thunderclap","Rage"],"picked":"Anger","floor":7.0},{"not_picked":["Sword Boomerang","Metallicize","Iron Wave"],"picked":"SKIP","floor":8.0},{"not_picked":["Clash","Dropkick"],"picked":"Wild Strike","floor":10.0},{"not_picked":["Power Through","Spot Weakness"],"picked":"Feel No Pain","floor":13}],"player_experience":667474,"relics_obtained":[{"floor":8.0,"key":"Tiny Chest"},{"floor":9.0,"key":"Darkstone Periapt"},{"floor":13,"key":"Bottled Flame"}],"event_choices":[{"cards_removed":["Strike_R"],"damage_healed":0.0,"max_hp_gain":0.0,"max_hp_loss":0.0,"gold_gain":0.0,"event_name":"The Cleric","player_choice":"Card Removal","floor":4.0,"gold_loss":50.0,"damage_taken":0.0},{"damage_healed":0.0,"max_hp_gain":0.0,"max_hp_loss":0.0,"gold_gain":0.0,"event_name":"Shining Light","player_choice":"Entered Light","floor":11.0,"gold_loss":0.0,"damage_taken":16.0,"cards_upgraded":["Strike_R","Pommel Strike"]}],"is_beta":false,"boss_relics":[],"items_purged_floors":[],"is_endless":false,"potions_floor_spawned":[2,5,8,13],"killed_by":"Hexaghost","ascension_level":11}}