{"host":"bvp2uifzy1c463d9","time":1613865202,"event":{"mods":["AchievementEnabler","BaseMod","Better Note","Block Reminder","Bossed Relics","Colored Map","Colored Powertips","Highlight Path","Minty Spire (QoL Compilation)","Relic Sorter","Relic Stats","Replay The Spire","StSLib"],"gold_per_floor":[119,44,60,74,34,68,68,79,79,109,119,131,131,145,145,248,248,229,169,187,36,51,51,51,51],"floor_reached":24,"language":"ENG","playtime":1121,"items_purged":["Dualcast","Zap"],"score":242,"play_id":"6639ba57-f555-411d-8ac0-4253b5b41398","local_time":"20210220175322","is_ascension_mode":true,"campfire_choices":[{"data":"Reprogram","floor":7,"key":"SMITH"},{"data":"Fusion","floor":13,"key":"SMITH"},{"floor":15,"key":"REST"},{"data":"Go for the Eyes","floor":23,"key":"SMITH"}],"circlet_count":0,"master_deck":["Strike_B","Strike_B","Strike_B","Strike_B","Defend_B","Defend_B","Defend_B","Defend_B","Reprogram+1","Go for the Eyes+1","Rip and Tear","Sweeping Beam","Undo","Fusion+1","Sweeping Beam","Echo Form+1","Gash","Gash","Sunder"],"relics":["Replay:Bronze Core","Singing Bowl","Pantograph","Frozen Egg 2","Replay:Grab Bag","Cursed Key","Philosopher\u0027s Stone","Nuclear Battery"],"acts_visited":["Exordium","TheCity"],"potions_floor_usage":[24],"damage_taken":[{"damage":0,"enemies":"Cultist","floor":1,"turns":4},{"damage":0,"enemies":"2 Louse","floor":3,"turns":4},{"damage":0,"enemies":"Jaw Worm","floor":4,"turns":4},{"damage":25,"enemies":"3 Sentries","floor":6,"turns":10},{"damage":2,"enemies":"Blue Slaver","floor":8,"turns":4},{"damage":54,"enemies":"Lagavulin","floor":10,"turns":10},{"damage":0,"enemies":"2 Fungi Beasts","floor":11,"turns":3},{"damage":0,"enemies":"3 Louse","floor":12,"turns":3},{"damage":0,"enemies":"Exordium Thugs","floor":14,"turns":6},{"damage":24,"enemies":"Hexaghost","floor":16,"turns":11},{"damage":20,"enemies":"2 Thieves","floor":18,"turns":5},{"damage":3,"enemies":"3 Byrds","floor":20,"turns":4},{"damage":25,"enemies":"Shelled Parasite and Fungi","floor":22,"turns":5},{"damage":33,"enemies":"Book of Stabbing","floor":24,"turns":4}],"seed_played":"2503684709994064084","potions_obtained":[{"floor":5,"key":"Strength Potion"},{"floor":5,"key":"FocusPotion"},{"floor":5,"key":"LiquidBronze"},{"floor":8,"key":"FairyPotion"},{"floor":10,"key":"FocusPotion"}],"is_trial":false,"path_per_floor":["M","$","M","M","?","E","R","M","T","E","M","M","R","M","R","B",null,"M","?","M","$","M","R","E"],"character_chosen":"DEFECT","items_purchased":["Gash"],"campfire_rested":1,"item_purchase_floors":[21],"current_hp_per_floor":[75,75,75,75,75,52,52,50,50,25,25,25,25,25,48,49,79,61,61,58,58,33,33,0,0],"gold":51,"neow_bonus":"BOSS_RELIC","is_daily":false,"chose_seed":false,"campfire_upgraded":3,"win_rate":0.0,"timestamp":1613865202,"path_taken":["M","$","M","?","?","E","R","?","T","E","M","M","R","M","R","BOSS","M","?","M","$","M","R","E"],"items_purchased_type":["Card"],"build_version":"2020-12-22","purchased_purges":2,"victory":false,"max_hp_per_floor":[75,75,75,75,75,77,77,77,77,79,79,79,79,79,79,79,79,81,81,81,81,81,81,81,81],"relic_stats":{"Singing Bowl":6,"counters":[14,77],"Pantograph":25,"Cursed Key":0,"obtain_stats":[{"Singing Bowl":6,"Replay:Bronze Core":0,"Pantograph":9,"Replay:Grab Bag":17,"Philosopher\u0027s Stone":17,"Frozen Egg 2":10,"Cracked Core":0,"Cursed Key":17,"Nuclear Battery":17},{"Singing Bowl":4,"Replay:Bronze Core":0,"Pantograph":5,"Replay:Grab Bag":10,"Philosopher\u0027s Stone":10,"Frozen Egg 2":6,"Cracked Core":0,"Cursed Key":10,"Nuclear Battery":10},{"Singing Bowl":22,"Replay:Bronze Core":0,"Pantograph":26,"Replay:Grab Bag":59,"Philosopher\u0027s Stone":59,"Frozen Egg 2":36,"Cracked Core":0,"Cursed Key":59,"Nuclear Battery":59}]},"card_choices":[{"not_picked":["Compile Driver","Glacier"],"picked":"Reprogram","floor":1},{"not_picked":["Streamline","Coolheaded"],"picked":"Go for the Eyes","floor":3},{"not_picked":["Capacitor","Recycle"],"picked":"Rip and Tear","floor":4},{"not_picked":["Aggregate","Capacitor","Loop"],"picked":"Singing Bowl","floor":6},{"not_picked":["Turbo","Cold Snap"],"picked":"Sweeping Beam","floor":8},{"not_picked":["Compile Driver","Conserve Battery","Steam"],"picked":"Singing Bowl","floor":10},{"not_picked":["Chaos","Panic Button"],"picked":"Undo","floor":11},{"not_picked":["Rip and Tear","Cold Snap"],"picked":"Fusion","floor":12},{"not_picked":["Redo","Reprogram"],"picked":"Sweeping Beam","floor":14},{"not_picked":["All For One","Buffer+1"],"picked":"Echo Form+1","floor":16},{"not_picked":["Aggregate","Turbo+1","Ball Lightning"],"picked":"Singing Bowl","floor":18},{"not_picked":["Hello World+1","Hologram"],"picked":"Gash","floor":20},{"not_picked":["ReplayTheSpireMod:GoodbyeWorld+1","Undo"],"picked":"Sunder","floor":22}],"player_experience":260779,"relics_obtained":[{"floor":6,"key":"Singing Bowl"},{"floor":9,"key":"Pantograph"},{"floor":10,"key":"Frozen Egg 2"}],"event_choices":[{"damage_healed":0,"gold_gain":0,"player_choice":"Bought 3 Potions","damage_taken":0,"max_hp_gain":0,"max_hp_loss":0,"event_name":"The Woman in Blue","floor":5,"gold_loss":0}],"is_beta":false,"boss_relics":[{"not_picked":["Sozu","Snecko Eye"],"picked":"Replay:Grab Bag"},{"not_picked":["ReplayTheSpireMod:DimensionalGlitch","Runic Dome"],"picked":"Cursed Key"},{"not_picked":["Coffee Dripper","Replay:Wanted Poster"],"picked":"Philosopher\u0027s Stone"},{"not_picked":["Inserter","Kintsugi"],"picked":"Nuclear Battery"}],"items_purged_floors":[2,21],"is_endless":false,"potions_floor_spawned":[8,10,11,16,18,20],"killed_by":"Book of Stabbing","ascension_level":3}}