{"host":"yx5rao87132cy5xq","time":1613865131,"event":{"mods":["2.2 Compatiblity","AchievementEnabler","BaseMod","Bestiary","Colored Map","Colored Powertips","Minty Spire (QoL Compilation)","Quick Restart","Relic Stats","Slay-I","SuperFastMode"],"gold_per_floor":[366,376,393,403,4,30,30,56,80,80,95,95,95,106,106,106,106],"floor_reached":16,"language":"ENG","playtime":689,"items_purged":[],"score":218,"play_id":"366b92aa-8c89-47c6-86e9-12f554bca6c5","local_time":"20210221005211","is_ascension_mode":true,"campfire_choices":[{"data":"Reaper","floor":7,"key":"SMITH"},{"data":"Immolate","floor":13,"key":"SMITH"},{"floor":15,"key":"REST"}],"circlet_count":0,"master_deck":["AscendersBane","Strike_R","Strike_R","Strike_R","Strike_R","Defend_R","Defend_R","Defend_R","Defend_R","Bash","Clash","Reckless Charge","Power Through","Reaper+1","Reckless Charge","Headbutt","Reckless Charge","Immolate+1","Shrug It Off"],"relics":["Burning Blood","Charon\u0027s Ashes","Bronze Scales","Omamori","Art of War","Blood Vial"],"acts_visited":["Exordium"],"potions_floor_usage":[4,8,16],"damage_taken":[{"damage":15,"enemies":"Small Slimes","floor":1,"turns":4},{"damage":2,"enemies":"Jaw Worm","floor":2,"turns":3},{"damage":0,"enemies":"2 Louse","floor":3,"turns":2},{"damage":8,"enemies":"Lots of Slimes","floor":4,"turns":6},{"damage":31,"enemies":"Gremlin Nob","floor":6,"turns":4},{"damage":41,"enemies":"Lagavulin","floor":8,"turns":8},{"damage":8,"enemies":"Large Slime","floor":11,"turns":5},{"damage":6,"enemies":"Looter","floor":14,"turns":2},{"damage":60,"enemies":"The Guardian","floor":16,"turns":7}],"seed_played":"5141362519901506763","potions_obtained":[{"floor":2,"key":"Energy Potion"},{"floor":3,"key":"BloodPotion"},{"floor":8,"key":"Block Potion"},{"floor":11,"key":"DistilledChaos"}],"is_trial":false,"path_per_floor":["M","M","M","M","$","E","R","E","T","?","M","?","R","M","R","B"],"character_chosen":"IRONCLAD","items_purchased":["Charon\u0027s Ashes","Reckless Charge"],"campfire_rested":1,"item_purchase_floors":[5,5],"current_hp_per_floor":[59,63,68,66,66,41,41,24,24,24,28,23,23,25,45,0,0],"gold":106,"neow_bonus":"TWO_FIFTY_GOLD","is_daily":false,"chose_seed":false,"campfire_upgraded":2,"win_rate":0.0,"timestamp":1613865131,"path_taken":["M","M","M","M","$","E","R","E","T","?","M","?","R","M","R","BOSS"],"items_purchased_type":["Relic","Card"],"build_version":"2020-12-22","purchased_purges":0,"victory":false,"max_hp_per_floor":[68,68,68,68,68,68,68,68,68,68,68,68,68,68,68,68,68],"relic_stats":{"Blood Vial":4,"counters":[9,41],"Bronze Scales":[42],"Charon\u0027s Ashes":[53],"Art of War":[1],"obtain_stats":[{"Blood Vial":12,"Bronze Scales":6,"Charon\u0027s Ashes":5,"Omamori":8,"Art of War":9,"Burning Blood":0},{"Blood Vial":7,"Bronze Scales":5,"Charon\u0027s Ashes":4,"Omamori":6,"Art of War":6,"Burning Blood":0},{"Blood Vial":32,"Bronze Scales":19,"Charon\u0027s Ashes":15,"Omamori":27,"Art of War":27,"Burning Blood":0}],"Burning Blood":47},"card_choices":[{"not_picked":["Havoc","Shrug It Off"],"picked":"Clash","floor":1},{"not_picked":["Hemokinesis","Havoc"],"picked":"Reckless Charge","floor":2},{"not_picked":["Havoc","Anger"],"picked":"Power Through","floor":3},{"not_picked":["Cleave","Thunderclap"],"picked":"Reaper","floor":4},{"not_picked":["Cleave","Pommel Strike"],"picked":"Headbutt","floor":6},{"not_picked":["Carnage","Juggernaut"],"picked":"Reckless Charge","floor":8},{"not_picked":["Hemokinesis","Wild Strike","Havoc"],"picked":"SKIP","floor":11},{"not_picked":["Pommel Strike","Combust"],"picked":"Shrug It Off","floor":14}],"player_experience":1083455,"relics_obtained":[{"floor":6,"key":"Bronze Scales"},{"floor":8,"key":"Omamori"},{"floor":9,"key":"Art of War"}],"event_choices":[{"damage_healed":0,"gold_gain":0,"cards_transformed":["Strike_R"],"player_choice":"Change","damage_taken":0,"max_hp_gain":0,"max_hp_loss":0,"event_name":"Living Wall","floor":10,"gold_loss":0,"cards_obtained":["Immolate"]},{"damage_healed":0,"gold_gain":0,"player_choice":"Success","damage_taken":5,"relics_obtained":["Blood Vial"],"max_hp_gain":0,"max_hp_loss":0,"event_name":"Scrap Ooze","floor":12,"gold_loss":0}],"is_beta":false,"boss_relics":[],"items_purged_floors":[],"is_endless":false,"potions_floor_spawned":[2,3,8,11],"killed_by":"The Guardian","ascension_level":19}}