{"host":"snwds314m19k249i","time":1613844658,"event":{"mods":["BaseMod","Colored Map","Minty Spire (QoL Compilation)","Shop Mod","StSLib","[IsaacMod]ÒÔÈö¼âËþ"],"gold_per_floor":[113,16,33,51,70,95,95,108,108,121,146,164,41,54,54,153,153,579,605,139,173,223,257,257,257,257,290,290,290,317,52,52,125,125,142,142,174,24,39,39,64,94,169,1,28,83,114,143,143,143,143,143,143,30,63,63],"floor_reached":57,"language":"ZHS","playtime":2583,"items_purged":["Decay","Defend_R","Strike_R","Strike_R","Strike_R","Strike_R","Strike_R"],"score":4025,"play_id":"65cca559-e781-41ac-a75d-cd61c7f95fbf","local_time":"20210221021058","is_ascension_mode":true,"campfire_choices":[{"data":"Armaments","floor":15.0,"key":"SMITH"},{"data":"Offering","floor":25.0,"key":"SMITH"},{"data":"Inflame","floor":28.0,"key":"SMITH"},{"data":"Rupture","floor":32.0,"key":"SMITH"},{"floor":40,"key":"RECALL"},{"data":"Limit Break","floor":49,"key":"SMITH"},{"data":"Reaper","floor":53,"key":"SMITH"}],"circlet_count":0,"master_deck":["Defend_R","Defend_R","Bash","Reaper+1","Combust","Armaments+1","Shockwave","Flex","Inflame+1","Shrug It Off+1","Rupture+1","Feed+1","Bloodletting","Flame Barrier","Shrug It Off","Offering+1","Whirlwind+1","Feed+1","Limit Break+1","Double Tap","Feel No Pain+1","Entrench"],"relics":["Burning Blood","HushsDoor","GuppysTail","Happy Flower","BlankCard","Leech","BookofShadows","ChampionBelt","GuppysPaw","GuppysHead","AnarchistCookbook","UnicornStump","Bag of Marbles","Molten Egg 2","PreservedInsect","MerchantsRug","Brimstone","Bronze Scales","Oddly Smooth Stone","Runic Dome","DeathBook","SatanicBible","Orichalcum","Champion Belt","DeadEye","BookOfRevelations","Nunchaku","Gremlin Horn","Ice Cream"],"acts_visited":["Exordium","TheCity","TheBeyond","TheEnding"],"potions_floor_usage":[51],"damage_taken":[{"damage":12.0,"enemies":"Cultist","floor":1.0,"turns":5.0},{"damage":11.0,"enemies":"Small Slimes","floor":3.0,"turns":3.0},{"damage":0.0,"enemies":"2 Louse","floor":4.0,"turns":3.0},{"damage":23.0,"enemies":"Gremlin Gang","floor":5.0,"turns":4.0},{"damage":30.0,"enemies":"3 Sentries","floor":6.0,"turns":9.0},{"damage":12.0,"enemies":"2 Fungi Beasts","floor":8.0,"turns":3.0},{"damage":17.0,"enemies":"Red Slaver","floor":10.0,"turns":3.0},{"damage":27.0,"enemies":"Gremlin Nob","floor":11.0,"turns":4.0},{"damage":14.0,"enemies":"Large Slime","floor":12.0,"turns":4.0},{"damage":5.0,"enemies":"2 Fungi Beasts","floor":14.0,"turns":3.0},{"damage":2.0,"enemies":"Hexaghost","floor":16.0,"turns":5.0},{"damage":1.00000002E8,"enemies":"Book of Stabbing","floor":18.0,"turns":4.0},{"damage":18.0,"enemies":"Gremlin Leader","floor":19.0,"turns":3.0},{"damage":17.0,"enemies":"Slavers","floor":21.0,"turns":2.0},{"damage":16.0,"enemies":"Book of Stabbing","floor":23.0,"turns":2.0},{"damage":6.0,"enemies":"Slavers","floor":27.0,"turns":1.0},{"damage":9.0,"enemies":"Book of Stabbing","floor":30.0,"turns":2.0},{"damage":13.0,"enemies":"Champ","floor":33.0,"turns":5.0},{"damage":5,"enemies":"3 Darklings","floor":35,"turns":2},{"damage":9,"enemies":"Nemesis","floor":37,"turns":3},{"damage":20,"enemies":"3 Shapes","floor":39,"turns":2},{"damage":8,"enemies":"Giant Head","floor":41,"turns":4},{"damage":6,"enemies":"Reptomancer","floor":42,"turns":2},{"damage":19,"enemies":"Nemesis","floor":45,"turns":3},{"damage":7,"enemies":"Reptomancer","floor":47,"turns":2},{"damage":11,"enemies":"Giant Head","floor":48,"turns":3},{"damage":56,"enemies":"Awakened One","floor":50,"turns":5},{"damage":0,"enemies":"Time Eater","floor":51,"turns":4},{"damage":3,"enemies":"Shield and Spear","floor":55,"turns":1},{"damage":13,"enemies":"Delirium","floor":56,"turns":9}],"seed_played":"3307247002779355315","potions_obtained":[{"floor":1.0,"key":"Ancient Potion"},{"floor":3.0,"key":"EssenceOfSteel"},{"floor":6.0,"key":"Block Potion"},{"floor":8.0,"key":"EssenceOfSteel"},{"floor":23.0,"key":"SkillPotion"},{"floor":27.0,"key":"BloodPotion"},{"floor":30.0,"key":"SkillPotion"},{"floor":41,"key":"SteroidPotion"},{"floor":45,"key":"FearPotion"}],"is_trial":false,"path_per_floor":["M","$","M","M","M","E","T","M","T","M","E","M","$","M","R","B",null,"M","M","$","M","?","M","?","R","T","M","R","?","E","$","R","B",null,"M","?","M","$","M","R","E","M","T","$","E","$","E","M","R","B","B",null,"R","$","E","B",null],"character_chosen":"IRONCLAD","items_purchased":["Armaments","Shrug It Off","GuppysPaw","GuppysHead","Rupture","FairyPotion","MerchantsRug","Brimstone","Bronze Scales","Shrug It Off","Pear","DeathBook","SatanicBible","Limit Break","Double Tap","BookOfRevelations"],"campfire_rested":0,"item_purchase_floors":[2,13,17,17,17,17,20,20,20,20,31,34,34,34,34,44],"current_hp_per_floor":[74,74,69,75,61,41,41,59,59,52,35,42,42,46,46,54,48,20,11,11,29,29,24,24,24,24,34,34,34,32,42,42,62,28,28,28,26,26,29,29,30,39,39,39,43,43,47,45,45,15,47,47,47,47,51,51],"gold":63,"neow_bonus":"THREE_RARE_CARDS","is_daily":false,"chose_seed":false,"campfire_upgraded":6,"win_rate":0.0,"timestamp":1613844658,"path_taken":["M","$","M","M","M","E","?","M","T","M","E","M","$","M","R","BOSS","M","M","$","M","?","?","?","R","T","M","R","?","E","$","R","BOSS","M","?","M","$","M","R","E","M","T","?","E","$","E","M","R","BOSS","BOSS","R","$","E","BOSS"],"items_purchased_type":["Card","Card","Relic","Relic","Card","Potion","Relic","Relic","Relic","Card","Relic","Relic","Relic","Card","Card","Relic"],"build_version":"2020-12-22","purchased_purges":7,"victory":true,"max_hp_per_floor":[80,80,80,80,80,80,80,80,80,80,80,80,80,80,80,80,48,48,48,48,48,48,52,52,52,52,52,52,52,52,62,62,62,28,28,28,28,28,32,32,32,39,39,39,43,43,47,47,47,47,47,47,47,47,51,51],"card_choices":[{"not_picked":[],"picked":"SuicideKing","floor":0.0},{"not_picked":["Limit Break","Juggernaut"],"picked":"Reaper","floor":0.0},{"not_picked":["Sword Boomerang","Clash"],"picked":"Combust","floor":1.0},{"not_picked":["Perfected Strike","Sword Boomerang","Anger"],"picked":"SKIP","floor":3.0},{"not_picked":["Headbutt","Anger"],"picked":"Shockwave","floor":4.0},{"not_picked":["Headbutt","Flex","Iron Wave"],"picked":"SKIP","floor":5.0},{"not_picked":["Headbutt","Iron Wave"],"picked":"Flex","floor":5.0},{"not_picked":["Infernal Blade","Heavy Blade"],"picked":"Inflame","floor":6.0},{"not_picked":["Pommel Strike","Perfected Strike","Clothesline"],"picked":"SKIP","floor":8.0},{"not_picked":["Shockwave","Iron Wave"],"picked":"Bomb","floor":10.0},{"not_picked":["Iron Wave","Impervious","Flex"],"picked":"SKIP","floor":11.0},{"not_picked":["Thunderclap","Pummel","Power Through"],"picked":"SKIP","floor":12.0},{"not_picked":["Warcry","Iron Wave"],"picked":"Bomb","floor":14.0},{"not_picked":["Shockwave","Heavy Blade+1"],"picked":"Feed+1","floor":18.0},{"not_picked":["Body Slam+1","Clash+1"],"picked":"Bloodletting","floor":18.0},{"not_picked":["Thunderclap+1","Searing Blow+1","Heavy Blade+1"],"picked":"SKIP","floor":18.0},{"not_picked":["Body Slam+1","Uppercut+1"],"picked":"Flame Barrier","floor":19.0},{"not_picked":["Dark Embrace","Sword Boomerang+1"],"picked":"Offering","floor":21.0},{"not_picked":["Intimidate+1","Shrug It Off"],"picked":"Whirlwind+1","floor":23.0},{"not_picked":["Carnage+1","Shrug It Off","Twin Strike+1"],"picked":"SKIP","floor":27.0},{"not_picked":["Warcry","Iron Wave+1","Bloodletting"],"picked":"SKIP","floor":30.0},{"not_picked":["Double Tap","Offering"],"picked":"Feed+1","floor":33.0},{"not_picked":["Iron Wave+1","Reckless Charge+1","Sword Boomerang+1"],"picked":"SKIP","floor":35},{"not_picked":["Rampage+1","Shrug It Off+1","Perfected Strike+1"],"picked":"SKIP","floor":37},{"not_picked":["Headbutt+1","Pummel+1","Hemokinesis+1"],"picked":"SKIP","floor":39},{"not_picked":["Warcry","Rampage+1"],"picked":"Feel No Pain+1","floor":41},{"not_picked":["Infernal Blade+1","Clothesline+1","Dropkick+1"],"picked":"SKIP","floor":42},{"not_picked":["Cleave+1","Perfected Strike+1","Reckless Charge+1"],"picked":"SKIP","floor":45},{"not_picked":["Seeing Red","Twin Strike+1","Inflame+1"],"picked":"SKIP","floor":47},{"not_picked":["Spot Weakness+1","Flex+1","Infernal Blade+1"],"picked":"SKIP","floor":48},{"not_picked":["Uppercut+1","Shrug It Off+1"],"picked":"Entrench","floor":55}],"player_experience":22605,"relics_obtained":[{"floor":6.0,"key":"Happy Flower"},{"floor":7.0,"key":"BlankCard"},{"floor":9.0,"key":"Leech"},{"floor":11.0,"key":"BookofShadows"},{"floor":18.0,"key":"AnarchistCookbook"},{"floor":18.0,"key":"UnicornStump"},{"floor":18.0,"key":"Bag of Marbles"},{"floor":18.0,"key":"Molten Egg 2"},{"floor":18.0,"key":"Dream Catcher"},{"floor":18.0,"key":"War Paint"},{"floor":19.0,"key":"PreservedInsect"},{"floor":21.0,"key":"White Beast Statue"},{"floor":23.0,"key":"Oddly Smooth Stone"},{"floor":27.0,"key":"Kunai"},{"floor":37,"key":"Orichalcum"},{"floor":41,"key":"Champion Belt"},{"floor":42,"key":"Strawberry"},{"floor":43,"key":"DeadEye"},{"floor":45,"key":"Nunchaku"},{"floor":47,"key":"Gremlin Horn"},{"floor":48,"key":"Toxic Egg 2"},{"floor":55,"key":"Ice Cream"}],"event_choices":[{"damage_healed":0.0,"max_hp_gain":0.0,"max_hp_loss":0.0,"gold_gain":50.0,"event_name":"Nest","player_choice":"Stole From Cult","floor":22.0,"gold_loss":0.0,"damage_taken":0.0},{"cards_removed":["Defend_R"],"damage_healed":0.0,"max_hp_gain":0.0,"max_hp_loss":0.0,"gold_gain":0.0,"event_name":"Purifier","player_choice":"Purged","floor":24.0,"gold_loss":0.0,"damage_taken":0.0},{"damage_healed":0.0,"max_hp_gain":0.0,"max_hp_loss":0.0,"gold_gain":0.0,"event_name":"Ghosts","player_choice":"Ignored","floor":29.0,"gold_loss":0.0,"damage_taken":0.0},{"damage_healed":0,"gold_gain":0,"player_choice":"Memory 1","damage_taken":0,"max_hp_gain":0,"max_hp_loss":0,"event_name":"SensoryStone","floor":36,"gold_loss":0}],"is_beta":false,"boss_relics":[{"not_picked":["SlaversCollar","Runic Pyramid"],"picked":"ChampionBelt"},{"not_picked":[]},{"not_picked":["Cursed Key","Fusion Hammer"],"picked":"Runic Dome"},{"not_picked":[]}],"items_purged_floors":[2,13,17,31,34,38,54],"is_endless":false,"potions_floor_spawned":[1,3,6,8,23,27,30,41,45,47,48],"ascension_level":20}}