{"host":"neeznpvpgo0qgfkd","time":1613785846,"event":{"mods":["AchievementEnabler","BaseMod","BetterRewards","Colored Map","Colored Powertips","Exacting","Minty Spire (QoL Compilation)","Permanent Neow","Quick Restart","Shop Mod"],"gold_per_floor":[110,126,126,126,145,179,227,259,284,303,324,399,431,396,396,496,496,521,533,561,584,596,663,675,687,773,815,839,876,888,888],"floor_reached":30,"language":"ENG","playtime":36772,"items_purged":[],"score":403,"play_id":"84c6e435-f303-4783-a275-3abe9e252dcb","local_time":"20210219205046","is_ascension_mode":true,"campfire_choices":[{"data":"Flame Barrier","floor":15.0,"key":"SMITH"}],"circlet_count":0,"master_deck":["Strike_R","Strike_R","Strike_R","Strike_R","Strike_R","Defend_R+1","Defend_R","Defend_R","Defend_R","Bash","Flex","Cleave","Disarm","Headbutt","Clothesline","Rage","Anger","Pummel","Ghostly Armor","Flame Barrier+1","Juggernaut","Perfected Strike","Inflame+1","Iron Wave","Whirlwind","Bloodletting+1","Double Tap","Iron Wave","Inflame"],"relics":["Burning Blood","Red Skull","Thread and Needle","Champion Belt","Torii","Akabeko","Nunchaku","Odd Mushroom","Dream Catcher","Black Star","MawBank","Pen Nib","Regal Pillow","War Paint","Ornamental Fan","Ginger","Red Mask"],"acts_visited":["Exordium","TheCity"],"potions_floor_usage":[],"damage_taken":[{"damage":0.0,"enemies":"2 Louse","floor":1.0,"turns":3.0},{"damage":3.0,"enemies":"Cultist","floor":2.0,"turns":4.0},{"damage":11.0,"enemies":"Small Slimes","floor":5.0,"turns":2.0},{"damage":30.0,"enemies":"Lagavulin","floor":6.0,"turns":7.0},{"damage":2.0,"enemies":"3 Louse","floor":7.0,"turns":4.0},{"damage":1.0,"enemies":"Gremlin Nob","floor":8.0,"turns":4.0},{"damage":0.0,"enemies":"Large Slime","floor":10.0,"turns":3.0},{"damage":0.0,"enemies":"The Mushroom Lair","floor":11.0,"turns":2.0},{"damage":9.0,"enemies":"Lagavulin","floor":13.0,"turns":7.0},{"damage":19.0,"enemies":"Slime Boss","floor":16.0,"turns":14.0},{"damage":25.0,"enemies":"2 Thieves","floor":18.0,"turns":3.0},{"damage":1.0,"enemies":"Chosen","floor":20.0,"turns":4.0},{"damage":7.0,"enemies":"Snecko","floor":21.0,"turns":5.0},{"damage":27.0,"enemies":"Book of Stabbing","floor":23.0,"turns":6.0},{"damage":32.0,"enemies":"Slavers","floor":27.0,"turns":4.0},{"damage":0.0,"enemies":"Cultist and Chosen","floor":28.0,"turns":3.0},{"damage":16,"enemies":"Masked Bandits","floor":29,"turns":3},{"damage":14,"enemies":"Book of Stabbing","floor":30,"turns":2}],"seed_played":"-2370943099492010623","potions_obtained":[{"floor":5.0,"key":"SteroidPotion"},{"floor":7.0,"key":"EntropicBrew"},{"floor":8.0,"key":"FearPotion"},{"floor":11.0,"key":"Weak Potion"},{"floor":13.0,"key":"Weak Potion"},{"floor":18.0,"key":"EssenceOfSteel"},{"floor":20.0,"key":"SteroidPotion"},{"floor":21.0,"key":"CultistPotion"},{"floor":27.0,"key":"BlessingOfTheForge"}],"is_trial":false,"path_per_floor":["M","M","?","?","M","E","M","E","T","M","?","?","E","?","R","B",null,"M","$","M","M","?","E","?","?","T","E","M","?","E"],"character_chosen":"IRONCLAD","items_purchased":["Red Skull","Champion Belt","Flex"],"campfire_rested":0,"item_purchase_floors":[0,0,0],"current_hp_per_floor":[78,80,80,80,75,51,55,60,60,66,72,61,58,78,78,65,76,57,57,62,61,61,40,40,40,40,14,20,10,0,0],"gold":888,"neow_bonus":"","is_daily":false,"chose_seed":false,"campfire_upgraded":1,"win_rate":0.0,"timestamp":1613785846,"path_taken":["M","M","?","?","M","E","?","E","T","M","?","?","E","?","R","BOSS","M","$","M","M","?","E","?","?","T","E","?","?","E"],"items_purchased_type":["Relic","Relic","Card"],"build_version":"2020-12-22","purchased_purges":0,"victory":false,"max_hp_per_floor":[80,80,80,80,80,80,80,80,80,80,80,80,80,80,80,80,80,80,80,80,80,80,80,80,80,80,80,80,80,80,80],"card_choices":[{"not_picked":["Fire Breathing","Body Slam"],"picked":"Cleave","floor":1.0},{"not_picked":["Clothesline","Reckless Charge"],"picked":"Disarm","floor":2.0},{"not_picked":["Searing Blow","Clash"],"picked":"Headbutt","floor":2.0},{"not_picked":["Sword Boomerang","Searing Blow"],"picked":"Clothesline","floor":5.0},{"not_picked":["Headbutt","Wild Strike"],"picked":"Rage","floor":6.0},{"not_picked":["Sever Soul","Searing Blow"],"picked":"Anger","floor":7.0},{"not_picked":["Uppercut","Cleave"],"picked":"Pummel","floor":8.0},{"not_picked":["Wild Strike","Anger"],"picked":"Ghostly Armor","floor":10.0},{"not_picked":["Shockwave","Combust"],"picked":"Flame Barrier","floor":13.0},{"not_picked":["Exhume","Impervious"],"picked":"Juggernaut","floor":16.0},{"not_picked":["Sentinel+1","True Grit"],"picked":"Perfected Strike","floor":18.0},{"not_picked":["Metallicize","Perfected Strike"],"picked":"Inflame+1","floor":20.0},{"not_picked":["Hemokinesis","Whirlwind"],"picked":"Iron Wave","floor":21.0},{"not_picked":["Wild Strike","Cleave"],"picked":"Bloodletting","floor":23.0},{"not_picked":["Sever Soul","Headbutt+1"],"picked":"Double Tap","floor":27.0},{"not_picked":["Twin Strike+1","Feel No Pain+1"],"picked":"Iron Wave","floor":28.0},{"not_picked":["Combust","Thunderclap"],"picked":"Inflame","floor":29}],"player_experience":1429902,"relics_obtained":[{"floor":6.0,"key":"Torii"},{"floor":8.0,"key":"Akabeko"},{"floor":9.0,"key":"Nunchaku"},{"floor":11.0,"key":"Odd Mushroom"},{"floor":13.0,"key":"Dream Catcher"},{"floor":18.0,"key":"MawBank"},{"floor":23.0,"key":"Pen Nib"},{"floor":23.0,"key":"Regal Pillow"},{"floor":27.0,"key":"Ornamental Fan"},{"floor":27.0,"key":"Ginger"},{"floor":29,"key":"Red Mask"}],"event_choices":[{"damage_healed":0.0,"max_hp_gain":0.0,"max_hp_loss":0.0,"gold_gain":0.0,"event_name":"Golden Wing","player_choice":"Ignored","floor":3.0,"gold_loss":0.0,"damage_taken":0.0},{"damage_healed":0.0,"max_hp_gain":0.0,"max_hp_loss":0.0,"gold_gain":0.0,"event_name":"Transmorgrifier","player_choice":"Ignored","floor":4.0,"gold_loss":0.0,"damage_taken":0.0},{"damage_healed":0.0,"max_hp_gain":0.0,"max_hp_loss":0.0,"gold_gain":0.0,"event_name":"Mushrooms","player_choice":"Fought Mushrooms","floor":11.0,"gold_loss":0.0,"damage_taken":0.0},{"damage_healed":0.0,"max_hp_gain":0.0,"max_hp_loss":0.0,"gold_gain":75.0,"event_name":"World of Goop","player_choice":"Gather Gold","floor":12.0,"gold_loss":0.0,"damage_taken":11.0},{"damage_healed":20.0,"max_hp_gain":0.0,"max_hp_loss":0.0,"gold_gain":0.0,"event_name":"The Cleric","player_choice":"Healed","floor":14.0,"gold_loss":35.0,"damage_taken":0.0},{"damage_healed":0.0,"max_hp_gain":0.0,"max_hp_loss":0.0,"gold_gain":0.0,"event_name":"The Library","player_choice":"Read","floor":22.0,"gold_loss":0.0,"damage_taken":0.0,"cards_obtained":["Whirlwind"]},{"damage_healed":0.0,"max_hp_gain":0.0,"max_hp_loss":0.0,"gold_gain":0.0,"event_name":"The Mausoleum","player_choice":"Opened","floor":24.0,"gold_loss":0.0,"damage_taken":0.0,"relics_obtained":["War Paint"]},{"damage_healed":0.0,"max_hp_gain":0.0,"max_hp_loss":0.0,"gold_gain":0.0,"event_name":"Beggar","player_choice":"Ignored","floor":25.0,"gold_loss":0.0,"damage_taken":0.0},{"damage_healed":0,"gold_gain":0,"player_choice":"Fought Bandits","damage_taken":0,"max_hp_gain":0,"max_hp_loss":0,"event_name":"Masked Bandits","floor":29,"gold_loss":0}],"is_beta":false,"boss_relics":[{"not_picked":["SacredBark","Ectoplasm"],"picked":"Black Star"}],"items_purged_floors":[],"is_endless":false,"potions_floor_spawned":[5,7,8,11,18,20,21,27],"killed_by":"Book of Stabbing","ascension_level":8}}