{"host":"ibckqdmmf9y74ymf","time":1613781288,"event":{"mods":["2.2 Compatiblity","BaseMod","Colored Map","Curses Come First","Highlight Path","Minty Spire (QoL Compilation)","Quick Restart","Rare Cards Sparkle","Relic Stats","StSLib"],"gold_per_floor":[117,131,131,56,80,80,80,115,115,115,115],"floor_reached":10,"language":"ENG","playtime":254,"items_purged":[],"score":132,"play_id":"0f107b96-9656-41b5-870d-f4a236e4864c","local_time":"20210220013448","is_ascension_mode":true,"campfire_choices":[{"data":"Sweeping Beam","floor":6,"key":"SMITH"}],"circlet_count":0,"master_deck":["AscendersBane","Strike_B","Strike_B","Strike_B","Defend_B","Defend_B","Defend_B","Defend_B","Zap","Dualcast","Compile Driver+1","Sweeping Beam+1","Compile Driver","Chill"],"relics":["Philosopher\u0027s Stone","Golden Idol","CaptainsWheel","Girya"],"acts_visited":["Exordium"],"potions_floor_usage":[],"damage_taken":[{"damage":0,"enemies":"2 Louse","floor":1,"turns":2},{"damage":0,"enemies":"Small Slimes","floor":2,"turns":2},{"damage":3,"enemies":"Jaw Worm","floor":5,"turns":3},{"damage":41,"enemies":"Gremlin Nob","floor":8,"turns":4},{"damage":37,"enemies":"Lagavulin","floor":10,"turns":7}],"seed_played":"-5405943109245579039","potions_obtained":[],"is_trial":false,"path_per_floor":["M","M","?","?","M","R","?","E","T","E"],"character_chosen":"DEFECT","items_purchased":[],"campfire_rested":0,"item_purchase_floors":[],"current_hp_per_floor":[64,64,64,64,61,61,61,20,20,0,0],"gold":115,"neow_bonus":"BOSS_RELIC","is_daily":false,"chose_seed":false,"campfire_upgraded":1,"win_rate":0.0,"timestamp":1613781288,"path_taken":["M","M","?","?","M","R","?","E","T","E"],"items_purchased_type":[],"build_version":"2020-12-22","purchased_purges":0,"victory":false,"max_hp_per_floor":[71,71,64,64,64,64,64,64,64,64,64],"relic_stats":{"counters":[5,18],"Golden Idol":12,"obtain_stats":[{"Girya":9,"CaptainsWheel":8,"Golden Idol":3,"Philosopher\u0027s Stone":0,"Cracked Core":0},{"Girya":4,"CaptainsWheel":4,"Golden Idol":2,"Philosopher\u0027s Stone":0,"Cracked Core":0},{"Girya":11,"CaptainsWheel":11,"Golden Idol":4,"Philosopher\u0027s Stone":0,"Cracked Core":0}]},"card_choices":[{"not_picked":["Barrage","Hologram"],"picked":"Compile Driver","floor":1},{"not_picked":["Steam","Conserve Battery"],"picked":"Sweeping Beam","floor":2},{"not_picked":["Sweeping Beam","Go for the Eyes"],"picked":"Compile Driver","floor":5},{"not_picked":["Beam Cell","Leap"],"picked":"Chill","floor":8}],"player_experience":748396,"relics_obtained":[{"floor":8,"key":"CaptainsWheel"},{"floor":9,"key":"Girya"}],"event_choices":[{"damage_healed":0,"gold_gain":0,"player_choice":"Lose Max HP","damage_taken":0,"relics_obtained":["Golden Idol"],"max_hp_gain":0,"max_hp_loss":7,"event_name":"Golden Idol","floor":3,"gold_loss":0},{"cards_removed":["Strike_B"],"damage_healed":0,"gold_gain":0,"player_choice":"Card Removal","damage_taken":0,"max_hp_gain":0,"max_hp_loss":0,"event_name":"The Cleric","floor":4,"gold_loss":75},{"damage_healed":0,"gold_gain":0,"player_choice":"Grow","damage_taken":0,"max_hp_gain":0,"max_hp_loss":0,"event_name":"Living Wall","floor":7,"gold_loss":0,"cards_upgraded":["Compile Driver"]}],"is_beta":false,"boss_relics":[],"items_purged_floors":[],"is_endless":false,"potions_floor_spawned":[],"killed_by":"Lagavulin","ascension_level":20}}