{"host":"99rrj5sgxw8sjly8","time":1613840696,"event":{"mods":["AchievementEnabler","BaseMod","Minty Spire (QoL Compilation)","Relic Stats"],"gold_per_floor":[115,132,142,155,166,201,201,227,276,294,294,312,214,249,249,354,354,337,350,350,368,63,103,113,113,113],"floor_reached":25,"language":"ENG","playtime":913,"items_purged":["Defend_B","Strike_B"],"score":322,"play_id":"4086f501-74f6-4637-988b-197a4169bc60","local_time":"20210220170456","is_ascension_mode":false,"campfire_choices":[{"data":"Capacitor","floor":7,"key":"SMITH"},{"data":"Echo Form","floor":11,"key":"SMITH"},{"data":"Ball Lightning","floor":15,"key":"SMITH"}],"circlet_count":0,"master_deck":["Strike_B","Strike_B","Strike_B","Defend_B","Defend_B","Defend_B","Zap","Dualcast","Ball Lightning","Leap","Conserve Battery","Capacitor+1","Echo Form+1","Ball Lightning+1","Cold Snap","Seek","Glacier","Echo Form+1","Tempest","Coolheaded"],"relics":["Cracked Core","NeowsBlessing","Lantern","PreservedInsect","Smiling Mask","Matryoshka","Black Star","Symbiotic Virus","Strawberry","CeramicFish"],"acts_visited":["Exordium","TheCity"],"potions_floor_usage":[6,8,16,23,24,25],"damage_taken":[{"damage":0,"enemies":"Cultist","floor":1,"turns":1},{"damage":0,"enemies":"Small Slimes","floor":2,"turns":1},{"damage":0,"enemies":"2 Louse","floor":3,"turns":1},{"damage":7,"enemies":"Blue Slaver","floor":4,"turns":3},{"damage":0,"enemies":"Looter","floor":5,"turns":3},{"damage":28,"enemies":"Gremlin Nob","floor":6,"turns":4},{"damage":14,"enemies":"3 Sentries","floor":8,"turns":7},{"damage":0,"enemies":"Exordium Wildlife","floor":10,"turns":3},{"damage":1,"enemies":"2 Fungi Beasts","floor":12,"turns":4},{"damage":0,"enemies":"Lagavulin","floor":14,"turns":6},{"damage":0,"enemies":"Slime Boss","floor":16,"turns":6},{"damage":22,"enemies":"2 Thieves","floor":18,"turns":4},{"damage":5,"enemies":"Spheric Guardian","floor":19,"turns":4},{"damage":27,"enemies":"Centurion and Healer","floor":21,"turns":9},{"damage":13,"enemies":"Book of Stabbing","floor":23,"turns":4},{"damage":5,"enemies":"Snecko","floor":24,"turns":5},{"damage":11,"enemies":"Gremlin Leader","floor":25,"turns":1}],"seed_played":"2344941169020106650","potions_obtained":[{"floor":1,"key":"FocusPotion"},{"floor":4,"key":"Strength Potion"},{"floor":5,"key":"Strength Potion"},{"floor":12,"key":"Explosive Potion"},{"floor":16,"key":"Swift Potion"},{"floor":21,"key":"LiquidMemories"}],"is_trial":false,"path_per_floor":["M","M","M","M","M","E","R","E","T","M","R","M","$","E","R","B",null,"M","M","?","M","$","E","M","E"],"character_chosen":"DEFECT","items_purchased":["FocusPotion","Symbiotic Virus"],"campfire_rested":0,"item_purchase_floors":[13,22],"current_hp_per_floor":[75,75,75,68,68,40,40,26,26,26,26,25,25,25,25,25,75,53,48,48,21,21,15,10,0,0],"gold":113,"neow_bonus":"THREE_ENEMY_KILL","is_daily":false,"chose_seed":false,"campfire_upgraded":3,"win_rate":0.0,"timestamp":1613840696,"path_taken":["M","M","M","M","M","E","R","E","T","M","R","M","$","E","R","BOSS","M","M","?","?","$","E","M","E"],"items_purchased_type":["Potion","Relic"],"build_version":"2020-12-22","purchased_purges":2,"victory":false,"max_hp_per_floor":[75,75,75,75,75,75,75,75,75,75,75,75,75,75,75,75,75,75,75,75,75,75,82,82,82,82],"relic_stats":{"counters":[17,66],"CeramicFish":9,"PreservedInsect":113,"Black Star":1,"Smiling Mask":75,"obtain_stats":[{"Lantern":6,"Matryoshka":14,"NeowsBlessing":0,"Strawberry":23,"CeramicFish":23,"PreservedInsect":8,"Black Star":17,"Cracked Core":0,"Smiling Mask":9,"Symbiotic Virus":22},{"Lantern":6,"Matryoshka":10,"NeowsBlessing":0,"Strawberry":15,"CeramicFish":15,"PreservedInsect":7,"Black Star":11,"Cracked Core":0,"Smiling Mask":7,"Symbiotic Virus":14},{"Lantern":13,"Matryoshka":33,"NeowsBlessing":0,"Strawberry":60,"CeramicFish":60,"PreservedInsect":20,"Black Star":39,"Cracked Core":0,"Smiling Mask":20,"Symbiotic Virus":56}]},"card_choices":[{"not_picked":["Darkness","Storm"],"picked":"Ball Lightning","floor":1},{"not_picked":["Heatsinks","Hologram"],"picked":"Leap","floor":2},{"not_picked":["Barrage","Darkness"],"picked":"Conserve Battery","floor":3},{"not_picked":["Streamline","Steam"],"picked":"Capacitor","floor":4},{"not_picked":["Scrape","Hologram","Redo"],"picked":"SKIP","floor":5},{"not_picked":["Reprogram","Rebound","Auto Shields"],"picked":"SKIP","floor":6},{"not_picked":["Melter","Coolheaded"],"picked":"Echo Form","floor":8},{"not_picked":["Gash","Undo"],"picked":"Ball Lightning","floor":10},{"not_picked":["Melter","Steam"],"picked":"Cold Snap","floor":12},{"not_picked":["Leap","Gash","Rebound"],"picked":"SKIP","floor":14},{"not_picked":["Fission","Thunder Strike"],"picked":"Seek","floor":16},{"not_picked":["Leap","Compile Driver","Gash+1"],"picked":"SKIP","floor":18},{"not_picked":["Compile Driver","Chaos"],"picked":"Glacier","floor":19},{"not_picked":["Loop","Aggregate"],"picked":"Tempest","floor":21},{"not_picked":["Capacitor","Streamline"],"picked":"Coolheaded","floor":23},{"not_picked":["Coolheaded","Beam Cell","Turbo"],"picked":"SKIP","floor":24}],"player_experience":752104,"relics_obtained":[{"floor":6,"key":"Lantern"},{"floor":8,"key":"PreservedInsect"},{"floor":9,"key":"Smiling Mask"},{"floor":14,"key":"Matryoshka"},{"floor":23,"key":"Strawberry"},{"floor":23,"key":"CeramicFish"}],"event_choices":[{"damage_healed":0,"gold_gain":0,"player_choice":"Copied","damage_taken":0,"max_hp_gain":0,"max_hp_loss":0,"event_name":"Duplicator","floor":20,"gold_loss":0,"cards_obtained":["Echo Form"]}],"is_beta":false,"boss_relics":[{"not_picked":["SacredBark","Ectoplasm"],"picked":"Black Star"}],"items_purged_floors":[13,22],"is_endless":false,"potions_floor_spawned":[1,4,5,12,16,19,21],"killed_by":"Gremlin Leader","ascension_level":0}}