{"host":"8d3fefv2347kqkpz","time":1613812059,"event":{"mods":["AchievementEnabler","BaseMod","Better Vampires","BetterRewards","Colored Map","Colored Powertips","Downfall","Emptier Cage","Highlight Path","Marked Mod","Minty Spire (QoL Compilation)","Permanent Neow","Quick Restart","Rare Cards Sparkle","Relic Stats","Say the Spire","Spicy Shops","StSLib","Waifu the Spire"],"gold_per_floor":[119,138,238,30,41,67,67,81,105,135,150,150,167,24,24,123,123,133,143,163,182,202,202,202],"floor_reached":23,"language":"ZHS","playtime":640,"items_purged":["Strike_B","Dualcast"],"score":232,"play_id":"6bdaf052-046e-4f88-a889-f80ad7f51e4f","local_time":"20210220170739","is_ascension_mode":false,"campfire_choices":[{"data":"Streamline","floor":7.0,"key":"SMITH"},{"floor":15,"key":"REST"}],"circlet_count":0,"master_deck":["Strike_B","Strike_B","Strike_B","Defend_B","Defend_B","Defend_B","Defend_B","Zap","Trip","Sunder","Gash","Streamline+1","BootSequence","Gash","Scrape","Apotheosis","All For One","Gash+1","Gash"],"relics":["Cracked Core","Membership Card","Art of War","Lantern","Toy Ornithopter","Black Star"],"acts_visited":["Exordium","TheCity"],"potions_floor_usage":[13,13],"damage_taken":[{"damage":0.0,"enemies":"Small Slimes","floor":1.0,"turns":3.0},{"damage":0.0,"enemies":"Cultist","floor":2.0,"turns":2.0},{"damage":11.0,"enemies":"Jaw Worm","floor":5.0,"turns":2.0},{"damage":30.0,"enemies":"3 Sentries","floor":6.0,"turns":9.0},{"damage":0.0,"enemies":"Exordium Wildlife","floor":8.0,"turns":2.0},{"damage":21,"enemies":"Lagavulin","floor":10,"turns":6},{"damage":1,"enemies":"Exordium Thugs","floor":11,"turns":3},{"damage":0,"enemies":"Lots of Slimes","floor":13,"turns":1},{"damage":10,"enemies":"The Guardian","floor":16,"turns":8},{"damage":20,"enemies":"3 Byrds","floor":18,"turns":5},{"damage":2,"enemies":"Chosen","floor":19,"turns":4},{"damage":7,"enemies":"Snecko","floor":20,"turns":4},{"damage":3,"enemies":"3 Cultists","floor":21,"turns":4},{"damage":8,"enemies":"Snake Plant","floor":22,"turns":3},{"damage":35,"enemies":"Gremlin Leader","floor":23,"turns":2}],"seed_played":"1142048385874346130","potions_obtained":[{"floor":1.0,"key":"PotionOfCapacity"},{"floor":5.0,"key":"SteroidPotion"},{"floor":10,"key":"EntropicBrew"},{"floor":16,"key":"Fire Potion"}],"is_trial":false,"path_per_floor":["M","M","?","$","M","E","R","M","T","E","M","?","M","$","R","B",null,"M","M","M","M","M","E"],"character_chosen":"DEFECT","items_purchased":["Membership Card","Gash","Apotheosis"],"campfire_rested":1,"item_purchase_floors":[4,4,14],"current_hp_per_floor":[75,75,75,75,64,34,34,34,34,13,12,12,22,22,44,34,75,55,53,46,43,35,0,0],"gold":202,"neow_bonus":"RANDOM_COLORLESS","is_daily":false,"chose_seed":false,"campfire_upgraded":1,"win_rate":0.0,"timestamp":1613812059,"path_taken":["M","M","?","?","?","E","R","M","T","E","M","?","M","?","R","BOSS","M","M","M","?","M","E"],"items_purchased_type":["Relic","Card","Card"],"build_version":"2020-12-22","purchased_purges":2,"victory":false,"max_hp_per_floor":[75,75,75,75,75,75,75,75,75,75,75,75,75,75,75,75,75,75,75,75,75,75,75,75],"relic_stats":{"counters":[15,58],"Art of War":[2],"Black Star":0,"obtain_stats":[{"Lantern":10,"Art of War":6,"Black Star":17,"Membership Card":4,"Cracked Core":0,"Toy Ornithopter":12},{"Lantern":6,"Art of War":4,"Black Star":9,"Membership Card":2,"Cracked Core":0,"Toy Ornithopter":7},{"Lantern":24,"Art of War":16,"Black Star":36,"Membership Card":5,"Cracked Core":0,"Toy Ornithopter":27}],"Toy Ornithopter":10},"card_choices":[{"not_picked":["Flash of Steel","Mind Blast"],"picked":"Trip","floor":0.0},{"not_picked":["Cold Snap","Auto Shields"],"picked":"Sunder","floor":1.0},{"not_picked":["Stack","Auto Shields","Rip and Tear"],"picked":"SKIP","floor":2.0},{"not_picked":["Hologram","Sweeping Beam"],"picked":"Streamline","floor":5.0},{"not_picked":["Storm","Ball Lightning","Streamline"],"picked":"SKIP","floor":6.0},{"not_picked":["Storm","Ball Lightning","Streamline"],"picked":"SKIP","floor":6.0},{"not_picked":["Streamline","Leap"],"picked":"BootSequence","floor":8.0},{"not_picked":["Steam","Hologram","Amplify"],"picked":"SKIP","floor":10},{"not_picked":["Auto Shields","Go for the Eyes"],"picked":"Gash","floor":11},{"not_picked":["Leap","Barrage"],"picked":"Scrape","floor":13},{"not_picked":["Rainbow","Seek"],"picked":"All For One","floor":16},{"not_picked":["Sweeping Beam+1","Aggregate","Storm"],"picked":"SKIP","floor":18},{"not_picked":["Loop","Sunder+1","Ball Lightning"],"picked":"SKIP","floor":19},{"not_picked":["Blizzard","Sweeping Beam"],"picked":"Gash+1","floor":20},{"not_picked":["Consume","Beam Cell"],"picked":"Gash","floor":21},{"not_picked":["Leap","Coolheaded","Beam Cell+1"],"picked":"SKIP","floor":22}],"player_experience":497016,"relics_obtained":[{"floor":6.0,"key":"Art of War"},{"floor":10,"key":"Lantern"}],"event_choices":[{"damage_healed":0.0,"max_hp_gain":0.0,"max_hp_loss":0.0,"gold_gain":100.0,"event_name":"Golden Shrine","player_choice":"Pray","floor":3.0,"gold_loss":0.0,"damage_taken":0.0},{"damage_healed":0,"gold_gain":0,"player_choice":"Gave Potion","damage_taken":0,"relics_obtained":["Toy Ornithopter"],"max_hp_gain":0,"max_hp_loss":0,"event_name":"WeMeetAgain","floor":12,"gold_loss":0}],"is_beta":false,"boss_relics":[{"not_picked":["SlaversCollar","Inserter"],"picked":"Black Star"}],"items_purged_floors":[4,14],"is_endless":false,"potions_floor_spawned":[1,5,10,16,19],"killed_by":"Gremlin Leader","ascension_level":0}}