{"host":"wxz7488rqrwl2v46","time":1613817421,"event":{"mods":["BaseMod","Minty Spire (QoL Compilation)","Quick Restart","Replay The Spire","StSLib"],"gold_per_floor":[117,128,128,128,128,128,153,153,153,170,189,205,25,41,41,142,142,160,160,110,127,146,172,186,186,186],"floor_reached":25,"language":"ZHS","playtime":1616,"items_purged":["Strike_B"],"score":225,"play_id":"6fb56d2c-8588-4728-9e02-42ad668e17b6","local_time":"20210220183701","is_ascension_mode":false,"campfire_choices":[{"data":"Zap","floor":6.0,"key":"SMITH"},{"data":"Leap","floor":8.0,"key":"SMITH"},{"data":"Stack","floor":15.0,"key":"SMITH"}],"circlet_count":0,"master_deck":["Defend_B","Defend_B","Defend_B","Defend_B","Zap+1","Dualcast+1","Cold Snap+1","Stack","Leap+1","Time Bomb","Coolheaded","Cold Snap","Stack+1","Rainbow","Gash+1","Mirror Shield+1","Beam Cell+1","ReplayGash+1","Crystallizer","Reboot+1","Hologram+1"],"relics":["Cracked Core","Geode","Vajra","Astrolabe","ReplayTheSpireMod:TigerMarble","Toxic Egg 2"],"acts_visited":["Exordium","TheCity"],"potions_floor_usage":[18,23,25],"damage_taken":[{"damage":3.0,"enemies":"2 Louse","floor":1.0,"turns":2.0},{"damage":0.0,"enemies":"Small Slimes","floor":2.0,"turns":3.0},{"damage":4.0,"enemies":"Replay:BlueRogue","floor":7.0,"turns":6.0},{"damage":0.0,"enemies":"Cultist","floor":10.0,"turns":3.0},{"damage":0.0,"enemies":"Blue Slaver","floor":11.0,"turns":5.0},{"damage":0.0,"enemies":"2 Fungi Beasts","floor":12.0,"turns":6.0},{"damage":0.0,"enemies":"Looter","floor":14.0,"turns":3.0},{"damage":18.0,"enemies":"Slime Boss","floor":16.0,"turns":24.0},{"damage":0,"enemies":"3 Byrds","floor":18,"turns":5},{"damage":0,"enemies":"Shell Parasite","floor":21,"turns":4},{"damage":8,"enemies":"Centurion and Healer","floor":22,"turns":6},{"damage":5,"enemies":"Book of Stabbing","floor":23,"turns":5},{"damage":18,"enemies":"Snecko","floor":24,"turns":7},{"damage":51,"enemies":"Gremlin Leader","floor":25,"turns":5}],"seed_played":"6057184234833256644","potions_obtained":[{"floor":2.0,"key":"Weak Potion"},{"floor":10.0,"key":"FearPotion"},{"floor":11.0,"key":"Energy Potion"},{"floor":14.0,"key":"Fruit Juice"},{"floor":18,"key":"FearPotion"}],"is_trial":false,"path_per_floor":["M","M","?","?","?","R","E","R","T","M","M","M","$","M","R","B",null,"M","?","?","M","M","E","M","E"],"character_chosen":"DEFECT","items_purchased":["Coolheaded","Cold Snap"],"campfire_rested":0,"item_purchase_floors":[13,13],"current_hp_per_floor":[72,72,65,50,50,50,46,46,46,46,46,46,46,46,46,28,75,80,80,80,80,72,67,49,0,0],"gold":186,"neow_bonus":"RANDOM_EVENT","is_daily":false,"chose_seed":false,"campfire_upgraded":3,"win_rate":0.0,"timestamp":1613817421,"path_taken":["M","M","?","?","?","R","E","R","T","M","?","M","$","M","R","BOSS","M","?","?","?","M","E","M","E"],"items_purchased_type":["Card","Card"],"build_version":"2020-12-22","purchased_purges":1,"victory":false,"max_hp_per_floor":[75,75,75,75,75,75,75,75,75,75,75,75,75,75,75,75,75,80,80,80,80,80,80,80,80,80],"card_choices":[{"not_picked":["Go for the Eyes","Hologram"],"picked":"Cold Snap","floor":1.0},{"not_picked":["Leap","ReplayRNGCard"],"picked":"Stack","floor":2.0},{"not_picked":["BasicCrystalCard","Redo"],"picked":"Leap","floor":7.0},{"not_picked":["Panic Button","Cold Snap"],"picked":"Time Bomb","floor":10.0},{"not_picked":["Panic Button","Static Discharge"],"picked":"Conserve Battery","floor":11.0},{"not_picked":["Redo","Sweeping Beam"],"picked":"Cold Snap","floor":12.0},{"not_picked":["Static Discharge","Rip and Tear"],"picked":"Stack","floor":14.0},{"not_picked":["Amplify","Biased Cognition"],"picked":"Rainbow","floor":16.0},{"not_picked":["Rebound","Melter"],"picked":"ReplayGash+1","floor":18},{"not_picked":["Hologram","Panic Button","ReplayGash"],"picked":"SKIP","floor":21},{"not_picked":["Sweeping Beam","Steam+1"],"picked":"Crystallizer","floor":22},{"not_picked":["Conserve Battery+1","ReplayTheSpireMod:Reroute Power+1"],"picked":"Reboot+1","floor":23},{"not_picked":["Go for the Eyes","Reprogram+1"],"picked":"Hologram+1","floor":24}],"player_experience":67059,"relics_obtained":[{"floor":7.0,"key":"Geode"},{"floor":9.0,"key":"Vajra"},{"floor":23,"key":"Toxic Egg 2"}],"event_choices":[{"cards_removed":["Strike_B"],"damage_healed":0.0,"max_hp_gain":0.0,"max_hp_loss":0.0,"gold_gain":0.0,"event_name":"Golden Wing","player_choice":"Card Removal","floor":3.0,"gold_loss":0.0,"damage_taken":7.0},{"damage_healed":0.0,"max_hp_gain":0.0,"max_hp_loss":0.0,"gold_gain":0.0,"event_name":"Shining Light","player_choice":"Entered Light","floor":4.0,"gold_loss":0.0,"damage_taken":15.0,"cards_upgraded":["Cold Snap","Strike_B"]},{"cards_removed":["Strike_B"],"damage_healed":0.0,"max_hp_gain":0.0,"max_hp_loss":0.0,"gold_gain":0.0,"event_name":"Purifier","player_choice":"Purged","floor":5.0,"gold_loss":0.0,"damage_taken":0.0},{"damage_healed":0,"gold_gain":0,"player_choice":"Bet on Murderer","damage_taken":0,"max_hp_gain":0,"max_hp_loss":0,"event_name":"The Joust","floor":20,"gold_loss":50}],"is_beta":false,"boss_relics":[{"not_picked":["Pandora\u0027s Box","Cursed Key"],"picked":"Astrolabe"}],"items_purged_floors":[13],"is_endless":false,"potions_floor_spawned":[2,10,11,14,18,21],"killed_by":"Gremlin Leader","ascension_level":0}}