{"host":"5mo0809oo9tcrmpl","time":1613833908,"event":{"mods":["BaseMod","Highlight Path","Minty Spire (QoL Compilation)","Relic Stats","Slay the Relics Exporter"],"gold_per_floor":[119,137,155,155,155,167,193,224,259,271,311,343,280,311,323,335,335],"floor_reached":16,"language":"ENG","playtime":743,"items_purged":[],"score":212,"play_id":"44ccce49-aac2-435a-b86b-92f899dfc856","local_time":"20210220091148","is_ascension_mode":true,"campfire_choices":[{"data":"Neutralize","floor":6,"key":"SMITH"},{"data":"Blade Dance","floor":10,"key":"SMITH"},{"floor":15,"key":"REST"}],"circlet_count":0,"master_deck":["AscendersBane","Strike_G","Strike_G","Strike_G","Strike_G","Defend_G","Defend_G","Defend_G","Defend_G","Defend_G","Survivor+1","Neutralize+1","Deadly Poison+1","Cloak And Dagger","Flying Knee","Regret","Blade Dance+1","Dash","Dagger Spray","Backflip","Backflip"],"relics":["Ring of the Snake","MawBank","Boot","War Paint"],"acts_visited":["Exordium"],"potions_floor_usage":[4,11,16],"damage_taken":[{"damage":5,"enemies":"Jaw Worm","floor":1,"turns":5},{"damage":9,"enemies":"2 Louse","floor":2,"turns":3},{"damage":3,"enemies":"Small Slimes","floor":3,"turns":4},{"damage":0,"enemies":"Gremlin Gang","floor":4,"turns":2},{"damage":12,"enemies":"3 Louse","floor":7,"turns":5},{"damage":0,"enemies":"Looter","floor":8,"turns":3},{"damage":15,"enemies":"3 Sentries","floor":11,"turns":8},{"damage":0,"enemies":"Lots of Slimes","floor":12,"turns":1},{"damage":8,"enemies":"Exordium Wildlife","floor":14,"turns":3},{"damage":26,"enemies":"Hexaghost","floor":16,"turns":9}],"seed_played":"-6722921216516249460","potions_obtained":[{"floor":2,"key":"SmokeBomb"},{"floor":3,"key":"LiquidBronze"},{"floor":7,"key":"Energy Potion"},{"floor":14,"key":"SneckoOil"}],"is_trial":false,"path_per_floor":["M","M","M","M","?","R","M","M","T","R","E","M","?","M","R","B"],"character_chosen":"THE_SILENT","items_purchased":[],"campfire_rested":1,"item_purchase_floors":[],"current_hp_per_floor":[54,45,42,42,42,42,30,30,30,30,15,15,15,7,26,0,0],"gold":335,"neow_bonus":"THREE_CARDS","is_daily":false,"chose_seed":false,"campfire_upgraded":2,"win_rate":0.0,"timestamp":1613833908,"path_taken":["M","M","M","M","?","R","M","M","T","R","E","M","?","M","R","BOSS"],"items_purchased_type":[],"build_version":"2020-12-22","purchased_purges":0,"victory":false,"max_hp_per_floor":[66,66,66,66,66,66,66,66,66,66,66,66,66,66,66,66,66],"relic_stats":{"counters":[10,43],"War Paint":["Deadly Poison","Survivor"],"MawBank":132,"Boot":[52],"obtain_stats":[{"War Paint":11,"MawBank":5,"Boot":9,"Ring of the Snake":0},{"War Paint":7,"MawBank":4,"Boot":6,"Ring of the Snake":0},{"War Paint":30,"MawBank":14,"Boot":22,"Ring of the Snake":0}],"Ring of the Snake":[20]},"card_choices":[{"not_picked":["Flying Knee","Deflect"],"picked":"Deadly Poison","floor":0},{"not_picked":["Outmaneuver","PiercingWail"],"picked":"Cloak And Dagger","floor":1},{"not_picked":["Deflect","Choke"],"picked":"Flying Knee","floor":2},{"not_picked":["Eviscerate","Outmaneuver","Acrobatics"],"picked":"SKIP","floor":3},{"not_picked":["Dodge and Roll","Flechettes"],"picked":"Blade Dance","floor":7},{"not_picked":["Backflip","Concentrate"],"picked":"Dash","floor":8},{"not_picked":["Sucker Punch","Quick Slash"],"picked":"Dagger Spray","floor":11},{"not_picked":["Heel Hook","Escape Plan"],"picked":"Backflip","floor":12},{"not_picked":["Tools of the Trade","Poisoned Stab"],"picked":"Backflip","floor":14}],"player_experience":1307702,"relics_obtained":[{"floor":9,"key":"Boot"},{"floor":11,"key":"War Paint"}],"event_choices":[{"damage_healed":0,"gold_gain":0,"player_choice":"Box","damage_taken":0,"relics_obtained":["MawBank"],"max_hp_gain":0,"max_hp_loss":0,"event_name":"Big Fish","floor":5,"gold_loss":0,"cards_obtained":["Regret"]},{"cards_removed":["Strike_G"],"damage_healed":0,"gold_gain":0,"player_choice":"Card Removal","damage_taken":0,"max_hp_gain":0,"max_hp_loss":0,"event_name":"The Cleric","floor":13,"gold_loss":75}],"is_beta":false,"boss_relics":[],"items_purged_floors":[],"is_endless":false,"potions_floor_spawned":[2,3,7,14],"killed_by":"Hexaghost","ascension_level":20}}