{"host":"snwds314m19k249i","time":1613840339,"event":{"mods":["BaseMod","Colored Map","Minty Spire (QoL Compilation)","Shop Mod","StSLib","[IsaacMod]ÒÔÈö¼âËþ"],"gold_per_floor":[113,113,188,202,217,249,249,31,31,31,48,48,113,131,131,156,156],"floor_reached":16,"language":"ZHS","playtime":545,"items_purged":["Strike_G"],"score":115,"play_id":"a7c23475-a5b9-4cf6-9a6a-5d303c1f2e13","local_time":"20210221005859","is_ascension_mode":true,"campfire_choices":[{"data":"1","floor":7,"key":"LIFT"},{"data":"BettingIsNotGood","floor":10,"key":"SMITH"},{"data":"2","floor":12,"key":"LIFT"},{"data":"3","floor":15,"key":"LIFT"}],"circlet_count":0,"master_deck":["Strike_G","Strike_G","Strike_G","Strike_G","Defend_G","Defend_G","Defend_G","Defend_G","Defend_G","Survivor","Neutralize","BettingIsNotGood+1","Dash","Corpse Explosion","Leg Sweep","Backflip","Blur"],"relics":["Ring of the Snake","HushsDoor","NeowsBlessing","PunchingBag","Girya","TwistedFunnel","Shuriken"],"acts_visited":["Exordium"],"potions_floor_usage":[6,13],"damage_taken":[{"damage":0.0,"enemies":"Cultist","floor":1.0,"turns":1.0},{"damage":0,"enemies":"Jaw Worm","floor":4,"turns":1},{"damage":0,"enemies":"Small Slimes","floor":5,"turns":1},{"damage":13,"enemies":"3 Sentries","floor":6,"turns":4},{"damage":0,"enemies":"Gremlin Gang","floor":11,"turns":3},{"damage":35,"enemies":"Gremlin Nob","floor":13,"turns":5},{"damage":0,"enemies":"Blue Slaver","floor":14,"turns":3},{"damage":21,"enemies":"The Guardian","floor":16,"turns":12}],"seed_played":"6367402222619577818","potions_obtained":[{"floor":5,"key":"EssenceOfSteel"},{"floor":11,"key":"Energy Potion"},{"floor":14,"key":"Weak Potion"}],"is_trial":false,"path_per_floor":["M","?","?","M","M","E","R","$","T","R","M","R","?","M","R","B"],"character_chosen":"THE_SILENT","items_purchased":["TwistedFunnel"],"campfire_rested":0,"item_purchase_floors":[8],"current_hp_per_floor":[70,70,59,59,59,46,46,46,46,46,46,46,21,21,21,0,0],"gold":156,"neow_bonus":"THREE_ENEMY_KILL","is_daily":false,"chose_seed":false,"campfire_upgraded":1,"win_rate":0.0,"timestamp":1613840339,"path_taken":["M","?","?","M","?","E","R","$","T","R","M","R","?","M","R","BOSS"],"items_purchased_type":["Relic"],"build_version":"2020-12-22","purchased_purges":1,"victory":false,"max_hp_per_floor":[70,70,70,70,70,70,70,70,70,70,70,70,70,70,70,70,70],"card_choices":[{"not_picked":[],"picked":"BettingIsNotGood","floor":0.0},{"not_picked":["Dagger Throw","Slice"],"picked":"Dash","floor":1.0},{"not_picked":["Accuracy","Dagger Throw","Leg Sweep"],"picked":"SKIP","floor":4},{"not_picked":["Dagger Spray","Eviscerate"],"picked":"Leg Sweep","floor":5},{"not_picked":["Backstab","Masterful Stab"],"picked":"Backflip","floor":6},{"not_picked":["Dash","Slice","Blade Dance"],"picked":"SKIP","floor":11},{"not_picked":["Poisoned Stab","Masterful Stab"],"picked":"Blur","floor":13},{"not_picked":["Noxious Fumes","Sucker Punch","Choke"],"picked":"SKIP","floor":14}],"player_experience":19406,"relics_obtained":[{"floor":6,"key":"Girya"},{"floor":13,"key":"Shuriken"}],"event_choices":[{"damage_healed":0,"gold_gain":0,"player_choice":"1 cards matched","damage_taken":0,"max_hp_gain":0,"max_hp_loss":0,"event_name":"Match and Keep!","floor":2,"gold_loss":0,"cards_obtained":["Corpse Explosion"]},{"damage_healed":0,"gold_gain":75,"player_choice":"Gather Gold","damage_taken":11,"max_hp_gain":0,"max_hp_loss":0,"event_name":"World of Goop","floor":3,"gold_loss":0},{"damage_healed":0,"gold_gain":0,"player_choice":"Searched \u00271\u0027 times","damage_taken":0,"max_hp_gain":0,"max_hp_loss":0,"event_name":"Dead Adventurer","floor":13,"gold_loss":0}],"is_beta":false,"boss_relics":[],"items_purged_floors":[8],"is_endless":false,"potions_floor_spawned":[5,11,14],"killed_by":"The Guardian","ascension_level":3}}