{"host":"ia6vzboaxs0e83w2","time":1613808034,"event":{"mods":["2.2 Compatiblity","BaseMod","Colored Map","DeckTracker","Downfall","Highlight Path","Minty Spire (QoL Compilation)","Random Character Button","StSLib"],"gold_per_floor":[99,117,137,151,136,150,150,135,151,178,190,652,664,695,725,832,844,856,885,914,926,951,981,993,1005,1005,1005],"floor_reached":25,"language":"POL","playtime":2059,"items_purged":[],"score":232,"play_id":"0e07e25d-0334-47b4-895b-285d2e142582","local_time":"20210220090034","is_ascension_mode":false,"campfire_choices":[{"data":"hexamod:Sear","floor":1.0,"key":"SMITH"},{"floor":11,"key":"REST"},{"data":"hexamod:HexaLevel","floor":18,"key":"SMITH"}],"circlet_count":0,"master_deck":["hexamod:Strike+1","hexamod:Strike","hexamod:Strike","hexamod:Strike","hexamod:Defend","hexamod:Defend+1","hexamod:Defend+1","hexamod:Defend","hexamod:Sear+1","hexamod:Float","hexamod:InspiringFlames+1","hexamod:BacktrackSmack","hexamod:EmpoweredFlame","hexamod:GhostOfSpirePast+1","hexamod:AdvancingGuard+1","hexamod:SixthSeal","hexamod:GhostLash+1","hexamod:GhostOfSpireFuture","downfall:Icky","downfall:Icky","downfall:Icky","hexamod:GhostShield+1","hexamod:SixthSeal","hexamod:HexaLevel+1","hexamod:Rewind+1","hexamod:NightmareStrike+1","hexamod:FirstSeal","hexamod:Firestarter+1"],"relics":["hexamod:SpiritBrand","Ornamental Fan","MawBank","downfall:ShatteredFragment","SlaversCollar","Blue Candle"],"acts_visited":["Exordium","TheCity"],"potions_floor_usage":[9,10,19,20],"damage_taken":[{"damage":2.0,"enemies":"2 Louse","floor":2.0,"turns":3.0},{"damage":0.0,"enemies":"Small Slimes","floor":3.0,"turns":4.0},{"damage":1,"enemies":"Jaw Worm","floor":4,"turns":3},{"damage":5,"enemies":"downfall:FleeingMerchant","floor":5,"turns":4},{"damage":15,"enemies":"Gremlin Gang","floor":6,"turns":4},{"damage":0,"enemies":"downfall:FleeingMerchant","floor":8,"turns":4},{"damage":21,"enemies":"Exordium Thugs","floor":9,"turns":6},{"damage":0,"enemies":"Gremlin Nob","floor":10,"turns":3},{"damage":0,"enemies":"Blue Slaver","floor":14,"turns":3},{"damage":1,"enemies":"Exordium Wildlife","floor":15,"turns":3},{"damage":8,"enemies":"SI_SHIV_ARCHETYPE","floor":16,"turns":13},{"damage":20,"enemies":"Spheric Guardian","floor":19,"turns":4},{"damage":7,"enemies":"Shell Parasite","floor":20,"turns":6},{"damage":8,"enemies":"Snake Plant","floor":22,"turns":4},{"damage":9,"enemies":"Centurion and Healer","floor":23,"turns":8},{"damage":43,"enemies":"Cultist and Chosen","floor":25,"turns":5}],"seed_played":"8674027663727552374","potions_obtained":[{"floor":3,"key":"Regen Potion"},{"floor":9,"key":"hexamod:DoubleChargePotion"},{"floor":15,"key":"SneckoOil"},{"floor":16,"key":"BlessingOfTheForge"}],"is_trial":false,"path_per_floor":["R","M","M","M","$","M","T","$","M","E","R","?","?","M","M","B",null,"R","M","M","?","M","M","T","M"],"character_chosen":"THE_SPIRIT","items_purchased":[],"campfire_rested":1,"item_purchase_floors":[],"current_hp_per_floor":[77,75,75,74,69,54,54,54,48,48,71,71,50,50,49,41,77,77,57,50,50,42,40,40,0,0,0],"gold":1005,"neow_bonus":"TEN_PERCENT_HP_BONUS","is_daily":false,"chose_seed":false,"campfire_upgraded":2,"win_rate":0.0,"timestamp":1613808034,"path_taken":["R","M","M","M","$","M","T","$","M","E","R","?","?","M","M","BOSS","R","M","M","?","M","M","T","?"],"items_purchased_type":[],"build_version":"2020-12-22","purchased_purges":0,"victory":false,"max_hp_per_floor":[77,77,77,77,77,77,77,77,77,77,77,77,77,77,77,77,77,77,77,77,77,77,77,77,77,77,77],"card_choices":[{"not_picked":["hexamod:ShieldOfDarkness","hexamod:NightmareGuise"],"picked":"hexamod:InspiringFlames","floor":2.0},{"not_picked":["hexamod:Hexaguard","hexamod:HeatShield"],"picked":"hexamod:BacktrackSmack","floor":3},{"not_picked":["hexamod:ThirdSeal","hexamod:SpectersWail"],"picked":"hexamod:EmpoweredFlame","floor":4},{"not_picked":["hexamod:NightmareStrike","hexamod:Firestarter"],"picked":"hexamod:GhostOfSpirePast","floor":5},{"not_picked":["hexamod:Firestarter","hexamod:Hexaguard"],"picked":"hexamod:AdvancingGuard","floor":6},{"not_picked":["hexamod:InspiringFlames","hexamod:FastForward"],"picked":"hexamod:SixthSeal","floor":8},{"not_picked":["hexamod:StepThrough","hexamod:HauntingEcho"],"picked":"hexamod:GhostLash","floor":9},{"not_picked":["hexamod:HeatShield","hexamod:Incineration"],"picked":"hexamod:GhostOfSpireFuture","floor":10},{"not_picked":["hexamod:Hexaguard","hexamod:ShieldOfDarkness"],"picked":"hexamod:GhostShield","floor":14},{"not_picked":["hexamod:Firestarter","hexamod:BurningTouch"],"picked":"hexamod:SixthSeal","floor":15},{"not_picked":["hexamod:WildfireWeapon","hexamod:GhostOfSpirePresent"],"picked":"hexamod:HexaLevel","floor":16},{"not_picked":["hexamod:FastForward","hexamod:HeatShield+1"],"picked":"hexamod:Rewind+1","floor":19},{"not_picked":["hexamod:BurningTouch","hexamod:InspiringFlames"],"picked":"hexamod:NightmareStrike+1","floor":20},{"not_picked":["hexamod:CatchUp","hexamod:SkipABeat"],"picked":"hexamod:FirstSeal","floor":22},{"not_picked":["hexamod:AdvancingGuard","hexamod:ThirdSeal"],"picked":"hexamod:Firestarter+1","floor":23}],"player_experience":444255,"relics_obtained":[{"floor":7,"key":"Ornamental Fan"},{"floor":10,"key":"MawBank"},{"floor":24,"key":"Blue Candle"}],"event_choices":[],"is_beta":false,"boss_relics":[{"not_picked":["Coffee Dripper","Tiny House"],"picked":"SlaversCollar"}],"items_purged_floors":[],"is_endless":false,"potions_floor_spawned":[3,9,15,16],"killed_by":"Cultist and Chosen","ascension_level":0}}