{"host":"xkc7tfemhzdc5j5t","time":1613828048,"event":{"mods":["AchievementEnabler","Act Like it!","BaseMod","BetterRewards","Colored Map","Colored Powertips","Downfall","Gensokyo","Hallownest","Hermit","Highlight Path","Infinite Spire","Marisa£®ÏF”Í°°ƒß¿Ì…≥£©","Minty Spire (QoL Compilation)","Prisma Mod","Quick Restart","Reimu£®≤©¿ˆ¡È√Œ£©","Replay The Spire","Shop Mod","StSLib","SuperFastMode","The Bug Knight","The Construct","The Cursed","The Disciple","The Hierophant","The Jungle","The Necromancer","The Runesmith","The Servant 0.9.4","Youmu£®ªÍ∆«—˝√Œ£©"],"gold_per_floor":[99,112,131,149,59,70,70,70,170,198,215,242,50,66,78,173,173,173,184,199,212,204,204,229,249,300,300,328,352,385,511,525,630,630,630,654,681,706,706,406,406,424,424,455,339,339,357,375,395,395,395,428,65,65,65,65,65,65],"floor_reached":56,"language":"ZHS","playtime":5361,"items_purged":["hexamod:Strike","hexamod:Defend","hexamod:Strike","hexamod:BacktrackSmack","hexamod:Defend"],"score":901,"play_id":"cec58dde-29b1-4cbb-96fb-2f0c2645fb88","local_time":"20210220213407","is_ascension_mode":true,"campfire_choices":[{"data":"hexamod:Float","floor":1.0,"key":"SMITH"},{"data":"hexamod:SpectralSpark","floor":18.0,"key":"SMITH"},{"data":"hexamod:Hexaguard","floor":23.0,"key":"SMITH"},{"data":"hexamod:Haunt","floor":27.0,"key":"SMITH"},{"floor":35.0,"key":"RECALL"},{"data":"hexamod:ShieldOfDarkness","floor":40.0,"key":"SMITH"},{"data":"hexamod:Hexaguard","floor":43.0,"key":"SMITH"},{"data":"hexamod:NecessarySacrifice","floor":54.0,"key":"SMITH"}],"circlet_count":0,"master_deck":["hexamod:Strike","hexamod:Strike","hexamod:Defend","hexamod:Sear","hexamod:Float+1","hexamod:SpectersWail+1","hexamod:SpectralSpark","hexamod:Hexaguard+1","hexamod:EmpoweredFlame+1","hexamod:ShieldOfDarkness+1","hexamod:SpectralSpark+1","hexamod:FlamesFromBeyond","hexamod:VolcanoVisage+1","hexamod:EtherealExpedition+1","hexamod:Haunt+1","hexamod:FirstSeal","hexamod:Hexaguard+1","hexamod:NecessarySacrifice+1","hexamod:NightmareGuise","Replay:Fractal Strike","hexamod:FourthSeal","expansioncontent:PrepareCrush","expansioncontent:InvincibleStrength+1","expansioncontent:AwakenDeath+1","hexamod:WildfireWeapon+1","hexamod:Hexaguard+1"],"relics":["hexamod:SpiritBrand","Iron Hammer","Frozen Egg 2","Bag of Preparation","infinitespire:CursedDice","Replay:Grab Bag","Busted Crown","Philosopher\u0027s Stone","construct:WeddingRing","Quantum Egg","Omamori","Tiny Chest","MerchantsRug","ReplayTheSpireMod:SealedPack","hexamod:TheBrokenSeal","downfall:HeartBlessingRed","downfall:HeartBlessingGreen","downfall:HeartBlessingBlue","White Beast Statue","Thread and Needle","Replay:Mystery Machine","Replay:Rubber Ducky"],"acts_visited":["Exordium","TheCity","TheBeyond","TheEnding"],"potions_floor_usage":[56,56],"damage_taken":[{"damage":0.0,"enemies":"Small Slimes","floor":2.0,"turns":3.0},{"damage":1.0,"enemies":"Jaw Worm","floor":3.0,"turns":3.0},{"damage":1.0,"enemies":"Cultist","floor":4.0,"turns":3.0},{"damage":0.0,"enemies":"downfall:FleeingMerchant","floor":5.0,"turns":4.0},{"damage":6.0,"enemies":"Exordium Wildlife","floor":6.0,"turns":3.0},{"damage":8.0,"enemies":"Lagavulin","floor":10.0,"turns":3.0},{"damage":3.0,"enemies":"3 Louse","floor":11.0,"turns":3.0},{"damage":12.0,"enemies":"Gremlin Nob","floor":12.0,"turns":3.0},{"damage":0.0,"enemies":"downfall:FleeingMerchant","floor":13.0,"turns":4.0},{"damage":0.0,"enemies":"2 Fungi Beasts","floor":14.0,"turns":2.0},{"damage":0.0,"enemies":"Gremlin Gang","floor":15.0,"turns":3.0},{"damage":3.0,"enemies":"IC_STATUS_ARCHETYPE","floor":16.0,"turns":3.0},{"damage":0.0,"enemies":"Chosen","floor":19.0,"turns":3.0},{"damage":0.0,"enemies":"Spheric Guardian","floor":20.0,"turns":3.0},{"damage":19.0,"enemies":"Shelled Parasite and Fungi","floor":21.0,"turns":3.0},{"damage":9.0,"enemies":"Centurion and Healer","floor":25.0,"turns":5.0},{"damage":38.0,"enemies":"Nightmare","floor":28.0,"turns":5.0},{"damage":13.0,"enemies":"Snake Plant","floor":29.0,"turns":3.0},{"damage":15.0,"enemies":"Replay:Snechameleon","floor":30.0,"turns":4.0},{"damage":5.0,"enemies":"downfall:FleeingMerchant","floor":31.0,"turns":4.0},{"damage":6.0,"enemies":"Shelled Parasite and Fungi","floor":32.0,"turns":3.0},{"damage":3.0,"enemies":"WA_ARCHETYPE_CALM","floor":33.0,"turns":5.0},{"damage":6.0,"enemies":"Orb Walker","floor":36.0,"turns":3.0},{"damage":21.0,"enemies":"3 Shapes","floor":37.0,"turns":5.0},{"damage":6.0,"enemies":"Maw","floor":38.0,"turns":6.0},{"damage":23.0,"enemies":"Writhing Mass","floor":42.0,"turns":4.0},{"damage":6.0,"enemies":"Nemesis","floor":44.0,"turns":5.0},{"damage":0.0,"enemies":"4 Shapes","floor":47.0,"turns":3.0},{"damage":5.0,"enemies":"Spire Growth","floor":48.0,"turns":4.0},{"damage":0.0,"enemies":"Jaw Worm Horde","floor":49.0,"turns":3.0},{"damage":0.0,"enemies":"DF_ARCHETYPE_ORBS","floor":50.0,"turns":5.0},{"damage":10.0,"enemies":"downfall:CharBossMerchant","floor":52.0,"turns":6.0},{"damage":8.0,"enemies":"downfall:NeowBoss","floor":55.0,"turns":15.0},{"damage":136,"enemies":"downfall:NeowBossFinal","floor":56,"turns":11}],"seed_played":"-905250796816825659","potions_obtained":[{"floor":3.0,"key":"AttackPotion"},{"floor":4.0,"key":"AttackPotion"},{"floor":4.0,"key":"SmokeBomb"},{"floor":5.0,"key":"Adrenaline Potion"},{"floor":10.0,"key":"Dexterity Potion"},{"floor":14.0,"key":"construct:ShiftPotion"},{"floor":19.0,"key":"Energy Potion"},{"floor":20.0,"key":"Slimebound:ThreeZeroPotion"},{"floor":25.0,"key":"PowerPotion"},{"floor":28.0,"key":"Weak Potion"},{"floor":29.0,"key":"Adrenaline Potion"},{"floor":30.0,"key":"MagicPotion:ReiMu"},{"floor":31.0,"key":"hexamod:EctoCoolerPotion"},{"floor":32.0,"key":"Reflective Coating"},{"floor":33.0,"key":"GrandPatriotsElixir:ReiMu"},{"floor":33.0,"key":"GrandPatriotsElixir:ReiMu"},{"floor":36.0,"key":"ZuzhouPotion:ReiMu"},{"floor":36.0,"key":"PowerPotion"},{"floor":37.0,"key":"BlessingOfTheForge"},{"floor":38.0,"key":"SneckoOil"},{"floor":38.0,"key":"PowerPotion"},{"floor":42.0,"key":"Explosive Potion"},{"floor":44.0,"key":"Fire Potion"},{"floor":44.0,"key":"Guardian:BlockOnCardUsePotion"},{"floor":47.0,"key":"Fire Potion"},{"floor":48.0,"key":"Doom Potion"},{"floor":49.0,"key":"champ:CounterPotion"},{"floor":52.0,"key":"Toxic Potion"}],"is_trial":false,"path_per_floor":["R","M","M","M","$","M","T","?","?","E","M","E","$","M","M","B",null,"R","M","M","M","?","R","T","M","?","R","NM","M","E","$","M","B",null,"R","M","M","M","?","R","T","M","R","E","$","?","M","M","M","B",null,"E","$","R","B","B"],"character_chosen":"THE_SPIRIT","items_purchased":["hexamod:SpectralSpark","MerchantsRug","hexamod:Hexaguard+1","Replay:Rubber Ducky"],"campfire_rested":0,"item_purchase_floors":[13,31,53,53],"current_hp_per_floor":[70,70,69,68,68,62,62,62,62,54,51,39,39,39,39,36,70,70,70,70,51,44,44,44,42,42,42,11,25,24,33,34,38,70,70,64,57,80,70,80,80,64,64,65,65,65,72,74,81,81,90,80,80,80,72,0,0,0],"gold":65,"neow_bonus":"REMOVE_CARD","is_daily":false,"chose_seed":false,"campfire_upgraded":7,"win_rate":0.0,"timestamp":1613828047,"path_taken":["R","M","M","M","$","M","T","?","?","E","M","E","$","?","M","BOSS","R","M","M","M","?","R","T","M","?","R","NM","?","E","$","M","BOSS","R","M","M","M","?","R","T","M","R","E","$","?","M","M","M","BOSS","E","$","R","BOSS","BOSS"],"items_purchased_type":["Card","Relic","Card","Relic"],"build_version":"2020-12-22","purchased_purges":5,"victory":false,"max_hp_per_floor":[70,70,70,70,70,70,70,70,70,70,70,70,70,70,70,70,70,70,70,70,70,70,70,70,70,70,70,70,70,70,70,70,70,70,70,70,70,80,80,90,90,90,90,90,90,90,90,90,90,90,90,90,90,90,90,88,88,88],"card_choices":[{"not_picked":["hexamod:SuperheatedStrike","hexamod:ThermalTransfer"],"picked":"hexamod:SpectersWail","floor":2.0},{"not_picked":["hexamod:HeatCrush","hexamod:BacktrackSmack"],"picked":"hexamod:FourthSeal","floor":3.0},{"not_picked":["hexamod:GhostLash","hexamod:HeatMetal"],"picked":"hexamod:SpectralSpark","floor":4.0},{"not_picked":["hexamod:InspiringFlames","hexamod:AdvancingGuard"],"picked":"hexamod:SwordOfDarkness","floor":5.0},{"not_picked":["hexamod:SpectralAdrenaline","hexamod:NightmareGuise"],"picked":"hexamod:Hexaguard","floor":6.0},{"not_picked":["hexamod:BurningTouch","hexamod:RetreatToShadows"],"picked":"hexamod:EmpoweredFlame+1","floor":10.0},{"not_picked":["hexamod:GhostShield","hexamod:GhostLash"],"picked":"hexamod:ShieldOfDarkness","floor":11.0},{"not_picked":["hexamod:GhostOfSpireFuture+1","hexamod:Toasty"],"picked":"hexamod:BacktrackSmack","floor":12.0},{"not_picked":["hexamod:ThermalTransfer","hexamod:GhostOfSpireFuture+1","hexamod:StepThrough"],"picked":"SKIP","floor":13.0},{"not_picked":["hexamod:BacktrackSmack","hexamod:Rewind","hexamod:GhostLash"],"picked":"SKIP","floor":14.0},{"not_picked":["hexamod:AdvancingGuard","hexamod:ThermalTransfer"],"picked":"hexamod:FlamesFromBeyond","floor":15.0},{"not_picked":["hexamod:ForkedFlame","hexamod:TimeWarp"],"picked":"hexamod:VolcanoVisage+1","floor":16.0},{"not_picked":[],"picked":"hexamod:EtherealExpedition+1","floor":19.0},{"not_picked":["hexamod:GhostflameBarrier"],"picked":"SKIP","floor":20.0},{"not_picked":["hexamod:Incineration"],"picked":"SKIP","floor":21.0},{"not_picked":["hexamod:HauntingEcho"],"picked":"SKIP","floor":25.0},{"not_picked":["hexamod:Again"],"picked":"SKIP","floor":25.0},{"not_picked":[],"picked":"hexamod:Haunt","floor":26.0},{"not_picked":[],"picked":"hexamod:FirstSeal","floor":28.0},{"not_picked":["hexamod:Firestarter"],"picked":"SKIP","floor":28.0},{"not_picked":["hexamod:BurningTouch"],"picked":"SKIP","floor":29.0},{"not_picked":["hexamod:GhostLash"],"picked":"SKIP","floor":29.0},{"not_picked":["hexamod:StepThrough+1"],"picked":"SKIP","floor":30.0},{"not_picked":["hexamod:DynamicBlow"],"picked":"SKIP","floor":30.0},{"not_picked":[],"picked":"hexamod:Hexaguard","floor":31.0},{"not_picked":[],"picked":"hexamod:NecessarySacrifice","floor":32.0},{"not_picked":[],"picked":"hexamod:NightmareGuise","floor":32.0},{"not_picked":[],"picked":"hexamod:FifthSeal","floor":33.0},{"not_picked":[],"picked":"hexamod:SixthSeal","floor":34.0},{"not_picked":[],"picked":"Replay:Fractal Strike","floor":34.0},{"not_picked":["hexamod:SecondSeal","hexamod:FirstSeal"],"picked":"hexamod:FourthSeal","floor":36.0},{"not_picked":["hexamod:HeatMetal+1"],"picked":"SKIP","floor":36.0},{"not_picked":["hexamod:SpectersWail+1"],"picked":"SKIP","floor":37.0},{"not_picked":["hexamod:GhostLash+1"],"picked":"SKIP","floor":38.0},{"not_picked":["hexamod:FlamesFromBeyond"],"picked":"SKIP","floor":38.0},{"not_picked":["expansioncontent:HyperBeam","Replay:SS_forest_2"],"picked":"expansioncontent:PrepareCrush","floor":39.0},{"not_picked":["expansioncontent:YouAreMine","Replay:SS_hec_1"],"picked":"expansioncontent:InvincibleStrength","floor":39.0},{"not_picked":["expansioncontent:YouAreMine","Replay:SS_forest_2"],"picked":"expansioncontent:AwakenDeath","floor":39.0},{"not_picked":["hexamod:FlamesFromBeyond"],"picked":"SKIP","floor":42.0},{"not_picked":["hexamod:SuperheatedStrike"],"picked":"SKIP","floor":44.0},{"not_picked":[],"picked":"hexamod:WildfireWeapon+1","floor":47.0},{"not_picked":["hexamod:HauntingEcho"],"picked":"SKIP","floor":48.0},{"not_picked":["hexamod:BurningTouch+1"],"picked":"SKIP","floor":49.0},{"not_picked":["hexamod:BacktrackSmack+1"],"picked":"SKIP","floor":52.0}],"player_experience":783018,"relics_obtained":[{"floor":7.0,"key":"Iron Hammer"},{"floor":10.0,"key":"Bag of Preparation"},{"floor":12.0,"key":"infinitespire:CursedDice"},{"floor":26.0,"key":"Quantum Egg"},{"floor":28.0,"key":"Omamori"},{"floor":30.0,"key":"Tiny Chest"},{"floor":41.0,"key":"White Beast Statue"},{"floor":44.0,"key":"Thread and Needle"},{"floor":52.0,"key":"Replay:Mystery Machine"}],"event_choices":[{"damage_healed":0.0,"max_hp_gain":0.0,"max_hp_loss":0.0,"gold_gain":100.0,"event_name":"Wheel of Change","player_choice":"Gold","floor":9.0,"gold_loss":0.0,"damage_taken":0.0}],"is_beta":false,"boss_relics":[{"not_picked":["Velvet Choker","Painkiller Herb"],"picked":"Replay:Grab Bag"},{"not_picked":["ChewingGum","Sozu"],"picked":"Busted Crown"},{"not_picked":["Coffee Dripper","infinitespire:Cupcake"],"picked":"Philosopher\u0027s Stone"},{"not_picked":["Tiny House","construct:ClawGrip"],"picked":"construct:WeddingRing"},{"not_picked":["Replay:Ancient Bell","ReplayTheSpireMod:DimensionalGlitch"],"picked":"ReplayTheSpireMod:SealedPack"}],"items_purged_floors":[5,13,31,45,53],"is_endless":false,"potions_floor_spawned":[3,4,6,14,19,21,32,33,36,37,38,42,44,47,48,49,52],"killed_by":"downfall:NeowBossFinal","ascension_level":1}}