{"host":"88sw61cmk1203zgj","time":1613798155,"event":{"mods":["BaseMod","Minty Spire (QoL Compilation)"],"gold_per_floor":[116,132,132,142,157,157,172,172,246,122,137,137,172,34,34,108,108,128,148,164,178,198,231,231,258,340,350,363,389,389,389,389,462,462,481,493,518,518,535,566,441,469,469,503,517,550,127,127,127,127,127,127,2,37,37],"floor_reached":56,"language":"ENG","playtime":7373,"items_purged":["Strike_B","Strike_B","Defragment","Zap"],"score":2484,"play_id":"4ce6a111-39d5-41cb-a314-c56448ec1355","local_time":"20210220001555","is_ascension_mode":true,"campfire_choices":[{"data":"Hologram","floor":6.0,"key":"SMITH"},{"data":"Sunder","floor":8.0,"key":"SMITH"},{"data":"Recycle","floor":15.0,"key":"SMITH"},{"data":"Echo Form","floor":24.0,"key":"SMITH"},{"data":"Reprogram","floor":30.0,"key":"SMITH"},{"floor":32.0,"key":"REST"},{"floor":49,"key":"RECALL"},{"data":"Skim","floor":52,"key":"SMITH"}],"circlet_count":0,"master_deck":["AscendersBane","Defend_B","Defend_B","Defend_B","Defend_B","Streamline+1","Hologram+1","Auto Shields","Go for the Eyes","Sunder+1","Turbo","Recycle+1","Rebound","Echo Form+1","Go for the Eyes+1","Coolheaded+1","Hyperbeam+1","Reinforced Body","Electrodynamics","Ball Lightning","Beam Cell","Reprogram+1","Fusion+1","Beam Cell+1","Skim+1","Hologram+1","Finesse","Seek"],"relics":["Runic Pyramid","InkBottle","FossilizedHelix","Nunchaku","Astrolabe","Boot","Thread and Needle","White Beast Statue","Blood Vial","Philosopher\u0027s Stone","Mango","Lantern","The Courier","Meat on the Bone","Centennial Puzzle","Ice Cream","Anchor","Toy Ornithopter"],"acts_visited":["Exordium","TheCity","TheBeyond","TheEnding"],"potions_floor_usage":[54,55,55],"damage_taken":[{"damage":2.0,"enemies":"Jaw Worm","floor":1.0,"turns":4.0},{"damage":6.0,"enemies":"Cultist","floor":2.0,"turns":4.0},{"damage":3.0,"enemies":"2 Louse","floor":4.0,"turns":2.0},{"damage":6.0,"enemies":"Blue Slaver","floor":5.0,"turns":5.0},{"damage":1.0,"enemies":"Exordium Thugs","floor":7.0,"turns":4.0},{"damage":2.0,"enemies":"3 Louse","floor":11.0,"turns":3.0},{"damage":10.0,"enemies":"3 Sentries","floor":13.0,"turns":5.0},{"damage":0.0,"enemies":"Hexaghost","floor":16.0,"turns":10.0},{"damage":0.0,"enemies":"Shell Parasite","floor":18.0,"turns":3.0},{"damage":0.0,"enemies":"Spheric Guardian","floor":19.0,"turns":3.0},{"damage":8.0,"enemies":"Snake Plant","floor":20.0,"turns":4.0},{"damage":0.0,"enemies":"Centurion and Healer","floor":21.0,"turns":3.0},{"damage":0.0,"enemies":"Chosen and Byrds","floor":22.0,"turns":6.0},{"damage":0.0,"enemies":"Slavers","floor":23.0,"turns":1.0},{"damage":17.0,"enemies":"Gremlin Leader","floor":25.0,"turns":4.0},{"damage":1.0,"enemies":"Sentry and Sphere","floor":27.0,"turns":5.0},{"damage":13.0,"enemies":"Snake Plant","floor":28.0,"turns":4.0},{"damage":20.0,"enemies":"Slavers","floor":29.0,"turns":5.0},{"damage":0.0,"enemies":"Automaton","floor":33.0,"turns":8.0},{"damage":0.0,"enemies":"3 Darklings","floor":35.0,"turns":4.0},{"damage":0.0,"enemies":"3 Shapes","floor":36.0,"turns":5.0},{"damage":0.0,"enemies":"Mind Bloom Boss Battle","floor":37.0,"turns":7.0},{"damage":0.0,"enemies":"Writhing Mass","floor":39.0,"turns":6.0},{"damage":0.0,"enemies":"Giant Head","floor":40.0,"turns":8.0},{"damage":0,"enemies":"Reptomancer","floor":42,"turns":6},{"damage":8,"enemies":"Nemesis","floor":44,"turns":5},{"damage":0,"enemies":"Sphere and 2 Shapes","floor":45,"turns":4},{"damage":0,"enemies":"Reptomancer","floor":46,"turns":8},{"damage":0,"enemies":"Awakened One","floor":50,"turns":11},{"damage":0,"enemies":"Shield and Spear","floor":54,"turns":7},{"damage":35,"enemies":"The Heart","floor":55,"turns":12}],"seed_played":"-5150460601428748445","potions_obtained":[{"floor":2.0,"key":"Energy Potion"},{"floor":4.0,"key":"LiquidBronze"},{"floor":13.0,"key":"CultistPotion"},{"floor":19.0,"key":"LiquidBronze"},{"floor":23.0,"key":"Fruit Juice"},{"floor":27.0,"key":"SpeedPotion"},{"floor":28.0,"key":"EntropicBrew"},{"floor":42,"key":"GamblersBrew"},{"floor":54,"key":"SkillPotion"}],"is_trial":false,"path_per_floor":["M","M","?","M","M","R","M","R","T","$","M","?","E","$","R","B",null,"M","M","M","M","M","E","R","E","T","M","M","E","R","?","R","B",null,"M","M","?","?","M","E","$","E","T","E","M","E","$","?","R","B",null,"R","$","E","B",null],"character_chosen":"DEFECT","items_purchased":["Turbo","Defragment","Ice Cream","Finesse","Anchor"],"campfire_rested":1,"item_purchase_floors":[10,14,47,47,53],"current_hp_per_floor":[66,60,60,57,51,51,50,50,50,50,48,48,38,38,38,38,66,66,66,58,58,58,58,58,41,41,45,32,12,12,12,36,38,70,72,74,90,90,92,94,94,94,94,86,88,90,90,89,89,89,89,89,89,89,54],"gold":37,"neow_bonus":"BOSS_RELIC","is_daily":false,"chose_seed":false,"campfire_upgraded":6,"win_rate":0.0,"timestamp":1613798155,"path_taken":["M","M","?","M","?","R","M","R","T","$","M","?","E","$","R","BOSS","M","?","M","?","M","E","R","E","T","M","M","E","R","?","R","BOSS","M","M","?","?","M","E","$","E","T","E","?","E","$","?","R","BOSS","R","$","E","BOSS"],"items_purchased_type":["Card","Card","Relic","Card","Relic"],"build_version":"2020-12-22","purchased_purges":4,"victory":true,"max_hp_per_floor":[75,75,75,75,75,75,75,75,75,75,75,75,75,75,75,75,75,75,75,75,75,75,75,75,75,75,80,80,80,80,80,80,80,80,80,80,94,94,94,94,94,94,94,94,94,94,94,89,89,89,89,89,89,89,89],"card_choices":[{"not_picked":["Turbo","FTL"],"picked":"Streamline","floor":1.0},{"not_picked":["Capacitor","Go for the Eyes"],"picked":"Hologram","floor":2.0},{"not_picked":["Compile Driver","Steam"],"picked":"Auto Shields","floor":4.0},{"not_picked":["Coolheaded","Undo"],"picked":"Go for the Eyes","floor":5.0},{"not_picked":["Darkness","Heatsinks"],"picked":"Sunder","floor":7.0},{"not_picked":["Rebound","Streamline"],"picked":"Recycle","floor":11.0},{"not_picked":["Barrage","Coolheaded"],"picked":"Rebound","floor":13.0},{"not_picked":["Multi-Cast","Hyperbeam"],"picked":"Echo Form","floor":16.0},{"not_picked":["Gash","Hello World"],"picked":"Reinforced Body","floor":18.0},{"not_picked":["Compile Driver","White Noise","Darkness"],"picked":"SKIP","floor":19.0},{"not_picked":["Gash","Leap","Stack"],"picked":"SKIP","floor":20.0},{"not_picked":["Steam Power","Turbo","Hologram"],"picked":"SKIP","floor":21.0},{"not_picked":["Leap","Sunder"],"picked":"Electrodynamics","floor":22.0},{"not_picked":["Recycle","Hologram"],"picked":"Ball Lightning","floor":23.0},{"not_picked":["Turbo","Lockon"],"picked":"Beam Cell","floor":25.0},{"not_picked":["Meteor Strike","Self Repair","Darkness"],"picked":"SKIP","floor":27.0},{"not_picked":["Tempest","Stack"],"picked":"Reprogram","floor":28.0},{"not_picked":["BootSequence","Gash"],"picked":"Fusion+1","floor":29.0},{"not_picked":["Go for the Eyes+1","Rebound"],"picked":"Beam Cell+1","floor":35.0},{"not_picked":["Glacier","Force Field+1","Lockon"],"picked":"SKIP","floor":36.0},{"not_picked":["Defragment","Recycle+1"],"picked":"Skim","floor":37.0},{"not_picked":["Steam Power+1","Self Repair","Cold Snap"],"picked":"SKIP","floor":39.0},{"not_picked":["Undo","Go for the Eyes","Blizzard"],"picked":"SKIP","floor":40.0},{"not_picked":["Steam","Beam Cell","Coolheaded+1"],"picked":"SKIP","floor":42},{"not_picked":["Core Surge","Heatsinks+1","Genetic Algorithm"],"picked":"SKIP","floor":44},{"not_picked":["Tempest","White Noise"],"picked":"Hologram+1","floor":45},{"not_picked":["Streamline","Self Repair+1","Thunder Strike"],"picked":"SKIP","floor":46},{"not_picked":["Steam","Hologram+1"],"picked":"Seek","floor":54}],"player_experience":1603113,"relics_obtained":[{"floor":9.0,"key":"InkBottle"},{"floor":12.0,"key":"FossilizedHelix"},{"floor":13.0,"key":"Nunchaku"},{"floor":23.0,"key":"Boot"},{"floor":25.0,"key":"Thread and Needle"},{"floor":26.0,"key":"White Beast Statue"},{"floor":29.0,"key":"Blood Vial"},{"floor":37.0,"key":"Mango"},{"floor":40.0,"key":"Lantern"},{"floor":42,"key":"The Courier"},{"floor":44,"key":"Meat on the Bone"},{"floor":46,"key":"Centennial Puzzle"},{"floor":54,"key":"Toy Ornithopter"}],"event_choices":[{"damage_healed":0.0,"max_hp_gain":0.0,"max_hp_loss":0.0,"gold_gain":0.0,"event_name":"Accursed Blacksmith","player_choice":"Forge","floor":3.0,"gold_loss":0.0,"damage_taken":0.0,"cards_upgraded":["Streamline"]},{"damage_healed":0.0,"max_hp_gain":0.0,"max_hp_loss":0.0,"gold_gain":0.0,"event_name":"Wheel of Change","player_choice":"Relic","floor":12.0,"gold_loss":0.0,"damage_taken":0.0},{"damage_healed":0.0,"max_hp_gain":0.0,"max_hp_loss":0.0,"gold_gain":0.0,"event_name":"The Mausoleum","player_choice":"Ignored","floor":31.0,"gold_loss":0.0,"damage_taken":0.0},{"damage_healed":0.0,"max_hp_gain":0.0,"max_hp_loss":0.0,"gold_gain":0.0,"event_name":"MindBloom","player_choice":"Fight","floor":37.0,"gold_loss":0.0,"damage_taken":0.0},{"damage_healed":0.0,"max_hp_gain":0.0,"max_hp_loss":0.0,"gold_gain":0.0,"event_name":"Lab","player_choice":"Got Potions","floor":38.0,"gold_loss":0.0,"damage_taken":0.0},{"damage_healed":0,"gold_gain":0,"player_choice":"Max HP","damage_taken":0,"max_hp_gain":0,"max_hp_loss":5,"event_name":"Winding Halls","floor":48,"gold_loss":0}],"is_beta":false,"boss_relics":[{"not_picked":["Calling Bell","Ectoplasm"],"picked":"Astrolabe"},{"not_picked":["Tiny House","Inserter"],"picked":"Philosopher\u0027s Stone"}],"items_purged_floors":[10,14,41,47],"is_endless":false,"potions_floor_spawned":[2,4,13,16,19,20,23,25,27,28,29,33,35,36,37,39,40,42,44,45,46,54],"ascension_level":13}}