{"host":"6406jj8da6015sxr","time":1613815307,"event":{"mods":["AchievementEnabler","BaseMod","Colored Map","DeckTracker","Keyboard Shortcuts","Minty Spire (QoL Compilation)","Permanent Neow","Relic Stats","SuperFastMode","everything is the same but u backflip on backflip"],"gold_per_floor":[210,228,303,303,13,13,41,59,59,59,74,91,91,105,105,177,177,188,208,133,9,9,9,36,53,53,65,81,5,5,25,25,99,99,119,132,42,62,76,76,89,89,89,107,117,164,164,2,2,2],"floor_reached":51,"language":"KOR","playtime":2472,"items_purged":["Strike_G","Decay","Strike_G"],"score":1278,"play_id":"357df73d-b1ac-457d-b306-4657bd1b3b19","local_time":"20210220190147","is_ascension_mode":true,"campfire_choices":[{"data":"Deadly Poison","floor":6.0,"key":"SMITH"},{"data":"Neutralize","floor":10.0,"key":"SMITH"},{"floor":13.0,"key":"REST"},{"floor":15.0,"key":"REST"},{"data":"Blade Dance","floor":23.0,"key":"SMITH"},{"floor":30.0,"key":"REST"},{"floor":32.0,"key":"REST"},{"data":"Footwork","floor":40.0,"key":"SMITH"},{"data":"Wraith Form v2","floor":42.0,"key":"SMITH"},{"floor":49,"key":"REST"}],"circlet_count":0,"master_deck":["AscendersBane","Defend_G","Defend_G","Defend_G","Defend_G","Defend_G","Survivor","Neutralize+1","Flying Knee","Deadly Poison+1","Blade Dance","Cloak And Dagger","Quick Slash","Blade Dance+1","Blade Dance","Deadly Poison","Wraith Form v2+1","Footwork+1","Leg Sweep","Backflip+1","Calculated Gamble+1","Reflex+1","PiercingWail+1","Endless Agony+1","Blade Dance+1","Adrenaline+1","Prepared+1","Burst+1","Blade Dance+1","Prepared+1","Reflex+1","Acrobatics+1","Adrenaline+1","Cloak And Dagger+1","Backflip+1","Prepared+1","Flechettes","Corpse Explosion+1","Panache"],"relics":["Ring of the Snake","Membership Card","Art of War","Mango","Prayer Wheel","WristBlade","Toxic Egg 2","Bronze Scales","White Beast Statue","Empty Cage","Girya","Nunchaku"],"acts_visited":["TheCity","TheBeyond"],"potions_floor_usage":[46,50],"damage_taken":[{"damage":5.0,"enemies":"2 Louse","floor":1.0,"turns":3.0},{"damage":2.0,"enemies":"Jaw Worm","floor":2.0,"turns":5.0},{"damage":42.0,"enemies":"Lagavulin","floor":7.0,"turns":7.0},{"damage":0.0,"enemies":"Cultist","floor":8.0,"turns":3.0},{"damage":17.0,"enemies":"Lots of Slimes","floor":11.0,"turns":5.0},{"damage":22.0,"enemies":"Gremlin Gang","floor":12.0,"turns":4.0},{"damage":20.0,"enemies":"Large Slime","floor":14.0,"turns":5.0},{"damage":28.0,"enemies":"Slime Boss","floor":16.0,"turns":10.0},{"damage":13.0,"enemies":"Shell Parasite","floor":18.0,"turns":4.0},{"damage":2.0,"enemies":"3 Byrds","floor":19.0,"turns":5.0},{"damage":26.0,"enemies":"Gremlin Leader","floor":24.0,"turns":7.0},{"damage":3.0,"enemies":"3 Cultists","floor":25.0,"turns":4.0},{"damage":16.0,"enemies":"Snake Plant","floor":27.0,"turns":2.0},{"damage":1.0,"enemies":"Cultist and Chosen","floor":28.0,"turns":4.0},{"damage":0.0,"enemies":"Centurion and Healer","floor":31.0,"turns":4.0},{"damage":50.0,"enemies":"Collector","floor":33.0,"turns":12.0},{"damage":3.0,"enemies":"3 Shapes","floor":35.0,"turns":5.0},{"damage":1.0,"enemies":"Orb Walker","floor":36.0,"turns":3.0},{"damage":0.0,"enemies":"Jaw Worm Horde","floor":38.0,"turns":4.0},{"damage":5.0,"enemies":"4 Shapes","floor":39.0,"turns":7.0},{"damage":0.0,"enemies":"Sphere and 2 Shapes","floor":41.0,"turns":5.0},{"damage":11.0,"enemies":"Jaw Worm Horde","floor":44.0,"turns":3.0},{"damage":4.0,"enemies":"Maw","floor":45.0,"turns":6.0},{"damage":0,"enemies":"2 Orb Walkers","floor":46,"turns":3},{"damage":22,"enemies":"Donu and Deca","floor":50,"turns":4}],"seed_played":"9151637120251874965","potions_obtained":[{"floor":2.0,"key":"FairyPotion"},{"floor":14.0,"key":"GamblersBrew"},{"floor":16.0,"key":"FearPotion"},{"floor":18.0,"key":"Fire Potion"},{"floor":27.0,"key":"FearPotion"},{"floor":28.0,"key":"Dexterity Potion"},{"floor":31.0,"key":"EntropicBrew"},{"floor":33.0,"key":"ColorlessPotion"},{"floor":35.0,"key":"SpeedPotion"},{"floor":36.0,"key":"GhostInAJar"},{"floor":38.0,"key":"AttackPotion"},{"floor":41.0,"key":"FairyPotion"},{"floor":44.0,"key":"Energy Potion"},{"floor":46,"key":"Ancient Potion"}],"is_trial":false,"path_per_floor":["M","M","?","?","$","R","E","M","T","R","M","M","R","M","R","B",null,"M","M","?","$","?","R","E","M","T","M","M","$","R","M","R","B",null,"M","M","$","M","M","R","M","R","T","M","M","?","?","$","R","B",null],"character_chosen":"THE_SILENT","items_purchased":["Membership Card","Blade Dance","Art of War","Toxic Egg 2","Blade Dance+1","Acrobatics+1","Panache","Nunchaku"],"campfire_rested":5,"item_purchase_floors":[5,5,5,21,29,37,48,48],"current_hp_per_floor":[54,52,41,63,63,63,35,35,35,35,18,24,48,28,52,24,66,53,51,51,51,51,51,25,22,22,6,5,5,29,29,53,3,61,58,57,57,57,52,52,52,52,52,41,37,37,37,37,61,39],"gold":2,"neow_bonus":"HUNDRED_GOLD","is_daily":false,"chose_seed":false,"campfire_upgraded":5,"win_rate":0.0,"timestamp":1613815307,"path_taken":["M","M","?","?","$","R","E","M","T","R","M","M","R","M","R","BOSS","M","M","?","$","?","R","E","M","T","M","M","$","R","?","R","BOSS","M","M","?","?","M","R","M","R","T","M","M","?","?","$","R","BOSS"],"items_purchased_type":["Relic","Card","Relic","Relic","Card","Card","Card","Relic"],"build_version":"2020-12-22","purchased_purges":3,"victory":true,"max_hp_per_floor":[66,66,66,66,66,66,80,80,80,80,80,80,80,80,80,80,80,80,80,80,80,80,80,80,80,80,80,80,80,80,80,80,80,80,80,80,80,80,80,80,80,80,80,80,80,80,80,80,80,80],"relic_stats":{"Nunchaku":[2],"counters":[25,124],"Bronze Scales":[153],"Prayer Wheel":16,"Art of War":[12],"obtain_stats":[{"Girya":46,"Nunchaku":48,"WristBlade":17,"Bronze Scales":24,"Mango":7,"Prayer Wheel":9,"Art of War":5,"Membership Card":5,"Toxic Egg 2":21,"Empty Cage":34,"White Beast Statue":26,"Ring of the Snake":0},{"Girya":24,"Nunchaku":24,"WristBlade":8,"Bronze Scales":11,"Mango":3,"Prayer Wheel":4,"Art of War":2,"Membership Card":2,"Toxic Egg 2":10,"Empty Cage":16,"White Beast Statue":12,"Ring of the Snake":0},{"Girya":120,"Nunchaku":120,"WristBlade":42,"Bronze Scales":58,"Mango":15,"Prayer Wheel":18,"Art of War":8,"Membership Card":8,"Toxic Egg 2":51,"Empty Cage":84,"White Beast Statue":62,"Ring of the Snake":0}],"Ring of the Snake":[51]},"card_choices":[{"not_picked":["Slice","Poisoned Stab"],"picked":"Flying Knee","floor":1.0},{"not_picked":["Prepared","Slice"],"picked":"Deadly Poison","floor":2.0},{"not_picked":["Doppelganger","Flying Knee"],"picked":"Cloak And Dagger","floor":7.0},{"not_picked":["Riddle With Holes","Prepared"],"picked":"Quick Slash","floor":8.0},{"not_picked":["Bane","Dagger Throw"],"picked":"Blade Dance","floor":11.0},{"not_picked":["Bane","Expertise","Slice"],"picked":"SKIP","floor":11.0},{"not_picked":["Blur","Dagger Throw"],"picked":"Flying Knee","floor":12.0},{"not_picked":["Quick Slash","Dodge and Roll"],"picked":"Blade Dance","floor":12.0},{"not_picked":["Caltrops","Flying Knee"],"picked":"Deadly Poison","floor":14.0},{"not_picked":["Slice","Flying Knee","Dagger Throw"],"picked":"SKIP","floor":14.0},{"not_picked":["Envenom","Night Terror"],"picked":"Wraith Form v2","floor":16.0},{"not_picked":["Catalyst","Slice"],"picked":"Footwork","floor":18.0},{"not_picked":["Concentrate","Backstab","Poisoned Stab"],"picked":"SKIP","floor":18.0},{"not_picked":["Well Laid Plans","Outmaneuver"],"picked":"Leg Sweep","floor":19.0},{"not_picked":["Deadly Poison","Flechettes+1","Masterful Stab"],"picked":"SKIP","floor":19.0},{"not_picked":["Reflex+1","Wraith Form v2"],"picked":"Backflip+1","floor":24.0},{"not_picked":["Prepared+1","Skewer"],"picked":"Calculated Gamble+1","floor":25.0},{"not_picked":["Crippling Poison+1","Riddle With Holes","Distraction+1"],"picked":"SKIP","floor":25.0},{"not_picked":["Flying Knee","Distraction+1"],"picked":"Reflex+1","floor":27.0},{"not_picked":["Underhanded Strike","All Out Attack"],"picked":"PiercingWail+1","floor":27.0},{"not_picked":["Deflect+1","Distraction+1"],"picked":"Endless Agony+1","floor":28.0},{"not_picked":["Deadly Poison+1","Outmaneuver+1","Quick Slash+1"],"picked":"SKIP","floor":28.0},{"not_picked":["Backflip+1","Dagger Throw"],"picked":"Adrenaline+1","floor":31.0},{"not_picked":["Bane","Leg Sweep+1"],"picked":"Prepared+1","floor":31.0},{"not_picked":["Envenom","Die Die Die"],"picked":"Burst+1","floor":33.0},{"not_picked":["All Out Attack","Flying Knee"],"picked":"Blade Dance+1","floor":35.0},{"not_picked":["Slice","Underhanded Strike","Poisoned Stab"],"picked":"SKIP","floor":35.0},{"not_picked":["Slice","Calculated Gamble+1"],"picked":"Prepared+1","floor":36.0},{"not_picked":["Dagger Throw","Noxious Fumes"],"picked":"Reflex+1","floor":36.0},{"not_picked":["Catalyst+1","Underhanded Strike"],"picked":"Adrenaline+1","floor":38.0},{"not_picked":["Sucker Punch","Quick Slash","Underhanded Strike"],"picked":"SKIP","floor":38.0},{"not_picked":["Terror+1","Acrobatics+1"],"picked":"Cloak And Dagger+1","floor":39.0},{"not_picked":["Poisoned Stab","Flying Knee","Outmaneuver+1"],"picked":"SKIP","floor":39.0},{"not_picked":["Dodge and Roll+1","Slice"],"picked":"Backflip+1","floor":41.0},{"not_picked":["Prepared+1","Slice","Dagger Spray"],"picked":"SKIP","floor":41.0},{"not_picked":["Leg Sweep+1","Poisoned Stab+1"],"picked":"Prepared+1","floor":44.0},{"not_picked":["Bane","Skewer","Flying Knee"],"picked":"SKIP","floor":44.0},{"not_picked":["Poisoned Stab","Crippling Poison+1"],"picked":"Flechettes","floor":45.0},{"not_picked":["Dagger Throw","Reflex+1"],"picked":"Corpse Explosion+1","floor":45.0}],"player_experience":57365,"relics_obtained":[{"floor":7.0,"key":"Mango"},{"floor":9.0,"key":"Prayer Wheel"},{"floor":24.0,"key":"Bronze Scales"},{"floor":26.0,"key":"White Beast Statue"},{"floor":46,"key":"Girya"}],"event_choices":[{"damage_healed":0.0,"max_hp_gain":0.0,"max_hp_loss":0.0,"gold_gain":75.0,"event_name":"World of Goop","player_choice":"Gather Gold","floor":3.0,"gold_loss":0.0,"damage_taken":11.0},{"damage_healed":22.0,"max_hp_gain":0.0,"max_hp_loss":0.0,"gold_gain":0.0,"event_name":"Big Fish","player_choice":"Banana","floor":4.0,"gold_loss":0.0,"damage_taken":0.0},{"cards_removed":["Strike_G"],"damage_healed":0.0,"max_hp_gain":0.0,"max_hp_loss":0.0,"gold_gain":0.0,"event_name":"Beggar","player_choice":"Gave Gold","floor":20.0,"gold_loss":75.0,"damage_taken":0.0},{"damage_healed":0.0,"max_hp_gain":0.0,"max_hp_loss":0.0,"gold_gain":0.0,"event_name":"Wheel of Change","player_choice":"Cursed","floor":22.0,"gold_loss":0.0,"damage_taken":0.0,"cards_obtained":["Decay"]},{"damage_healed":0,"gold_gain":0,"player_choice":"Fight","damage_taken":0,"max_hp_gain":0,"max_hp_loss":0,"event_name":"Mysterious Sphere","floor":46,"gold_loss":0},{"cards_removed":["Flying Knee"],"damage_healed":0,"gold_gain":0,"player_choice":"Removed Attack","damage_taken":0,"max_hp_gain":0,"max_hp_loss":0,"event_name":"Falling","floor":47,"gold_loss":0}],"is_beta":false,"boss_relics":[{"not_picked":["Coffee Dripper","SacredBark"],"picked":"WristBlade"},{"not_picked":["HoveringKite","Fusion Hammer"],"picked":"Empty Cage"}],"items_purged_floors":[5,29,37],"is_endless":false,"potions_floor_spawned":[2,14,16,18,27,28,31,33,35,36,38,39,41,44,45,46],"ascension_level":15}}