{"host":"df48i9djcn92c5sx","time":1613828595,"event":{"mods":["Act Like it!","Arknights","BaseMod","Decade(王小明)","Downfall","Gensokyo","Marisa（F雨　魔理沙）","Minty Spire (QoL Compilation)","READ ME - Guardian Mod","READ ME - Snecko Mod","Reimu（博丽灵梦）","Remilia（蕾米莉亚）","Shop Mod","StSLib","The Jungle","The Servant 0.9.4"],"gold_per_floor":[99,99,99,249,249,249,276,276,276,308,308,321,321,336,349,445,445,445,456,556,251,211,211,211,196,196,196,216,216,247,161,173,269,569,569,583,599,599,613,613,613,313,313,313,313],"floor_reached":43,"language":"ZHS","playtime":1674,"items_purged":[],"score":504,"play_id":"8ceb0d4f-c499-4f88-b256-de3478cbdf09","local_time":"20210220214315","is_ascension_mode":true,"campfire_choices":[{"data":"champ:Taunt","floor":1.0,"key":"SMITH"},{"data":"champ:SetATrap","floor":6.0,"key":"SMITH"},{"data":"champ:FlashCut","floor":8.0,"key":"SMITH"},{"data":"champ:StanceDance","floor":13.0,"key":"SMITH"},{"data":"champ:EnchantShield","floor":18.0,"key":"SMITH"},{"data":"ZunPunch:ReiMu","floor":23.0,"key":"SMITH"},{"data":"champ:Devastate","floor":27.0,"key":"SMITH"},{"data":"champ:SwordSigil","floor":29.0,"key":"SMITH"},{"floor":35.0,"key":"RECALL"},{"data":"champ:HoldFirm","floor":42,"key":"SMITH"}],"circlet_count":0,"master_deck":["champ:Strike","champ:Strike","champ:Strike","champ:Strike","champ:Defend","champ:Defend","champ:Defend","champ:Defend","champ:Execute","champ:Taunt+1","champ:SetATrap+1","downfall:Icky","champ:FlashCut+1","champ:StanceDance+1","champ:Duel","champ:SetATrap+1","champ:BringItOn","champ:SwordSigil+1","champ:DeathBlow","champ:EnchantShield+1","champ:EnGarde","champ:PreciseThrust","champ:Devastate+1","champ:Haymaker+1","ZunPunch:ReiMu+1","champ:FaceSlap+1","champ:FanOfKnives+1","champ:ViciousMockery+1","champ:HeavySlash+1","champ:TripleStrike+1","CurseOfTheBell","champ:ShieldSigil+1","champ:HoldFirm+1","Parasite","Wraith"],"relics":["champ:ChampionCrown","downfall:HeartsMalice","Regal Pillow","Sozu","champ:BlackKnightHelmet","champ:SpectersHand","Molten Egg 2","Meat on the Bone","champ:BerserkersGuideToSlaughter","Tiny Chest","Calling Bell","Bag of Marbles","Tea:ReiMu","Old Coin","Frozen Egg 2","downfall:HeartBlessingRed","downfall:HeartBlessingGreen","downfall:HeartBlessingBlue"],"acts_visited":["Exordium","TheCity","TheBeyond"],"potions_floor_usage":[],"damage_taken":[{"damage":0.0,"enemies":"2 Louse","floor":2.0,"turns":1.0},{"damage":0.0,"enemies":"Small Slimes","floor":5.0,"turns":1.0},{"damage":0.0,"enemies":"Cultist","floor":9.0,"turns":1.0},{"damage":33.0,"enemies":"Lagavulin","floor":10.0,"turns":7.0},{"damage":14.0,"enemies":"Blue Slaver","floor":12.0,"turns":3.0},{"damage":24.0,"enemies":"Large Slime","floor":14.0,"turns":5.0},{"damage":23.0,"enemies":"Exordium Wildlife","floor":15.0,"turns":3.0},{"damage":52.0,"enemies":"SI_SHIV_ARCHETYPE","floor":16.0,"turns":8.0},{"damage":30.0,"enemies":"downfall:LooterAlt2","floor":19.0,"turns":5.0},{"damage":55.0,"enemies":"downfall:LooterAlt2","floor":20.0,"turns":9.0},{"damage":20.0,"enemies":"downfall:FleeingMerchant","floor":21.0,"turns":4.0},{"damage":33.0,"enemies":"downfall:FleeingMerchant","floor":25.0,"turns":4.0},{"damage":5.0,"enemies":"Chosen","floor":28.0,"turns":3.0},{"damage":19.0,"enemies":"Book of Stabbing","floor":30.0,"turns":4.0},{"damage":0.0,"enemies":"downfall:FleeingMerchant","floor":31.0,"turns":4.0},{"damage":34.0,"enemies":"Shelled Parasite and Fungi","floor":32.0,"turns":3.0},{"damage":15.0,"enemies":"WA_ARCHETYPE_CALM","floor":33.0,"turns":8.0},{"damage":14.0,"enemies":"Orb Walker","floor":36.0,"turns":3.0},{"damage":48.0,"enemies":"3 Darklings","floor":37.0,"turns":6.0},{"damage":42,"enemies":"Writhing Mass","floor":39,"turns":8},{"damage":50,"enemies":"Giant Head","floor":43,"turns":8}],"seed_played":"-1626541264726555127","potions_obtained":[{"floor":12.0,"key":"BlessingOfTheForge"},{"floor":14.0,"key":"FearPotion"},{"floor":15.0,"key":"Regen Potion"},{"floor":16.0,"key":"AttackPotion"}],"is_trial":false,"path_per_floor":["R","M","?","?","M","R","T","R","M","E","?","M","R","M","M","B",null,"R","M","?","$","?","R","T","$","?","R","M","R","E","$","M","B",null,"R","M","M","?","M","?","T","R","E"],"character_chosen":"THE_CHAMP","items_purchased":["Molten Egg 2","champ:Haymaker+1","champ:HeavySlash+1"],"campfire_rested":0,"item_purchase_floors":[21,21,31],"current_hp_per_floor":[90,90,95,95,95,95,95,95,95,72,72,68,68,54,41,49,95,95,95,70,70,70,70,70,62,62,62,72,72,63,73,66,66,95,95,81,55,55,40,40,40,50,0,0,0],"gold":313,"neow_bonus":"THREE_ENEMY_KILL","is_daily":false,"chose_seed":false,"campfire_upgraded":9,"win_rate":0.0,"timestamp":1613828595,"path_taken":["R","M","?","?","M","R","T","R","M","E","?","?","R","M","M","BOSS","R","M","?","$","?","R","T","?","?","R","M","R","E","$","M","BOSS","R","M","M","?","?","?","T","R","E"],"items_purchased_type":["Relic","Card","Card"],"build_version":"2020-12-22","purchased_purges":0,"victory":false,"max_hp_per_floor":[90,90,95,95,95,95,95,95,95,95,95,95,95,95,95,95,95,95,95,95,95,95,95,95,95,95,95,95,95,95,95,95,95,95,95,95,95,95,95,95,95,105,105,105,105],"card_choices":[{"not_picked":["champ:CrownThrow","champ:DefensiveShout"],"picked":"champ:SetATrap","floor":2.0},{"not_picked":["champ:PerfectedStrike","champ:ShieldSigil"],"picked":"champ:FlashCut","floor":5.0},{"not_picked":["champ:PreemptiveStrike","champ:GladiatorStyle"],"picked":"champ:StanceDance","floor":9.0},{"not_picked":["champ:DefensiveShout","champ:FalseCounter"],"picked":"champ:Duel","floor":10.0},{"not_picked":["champ:EnGarde","champ:GutPunch"],"picked":"champ:BringItOn","floor":12.0},{"not_picked":["champ:ShieldSigil","champ:Haymaker"],"picked":"champ:SwordSigil","floor":14.0},{"not_picked":["champ:BerserkerStyle","champ:EnGarde"],"picked":"champ:DeathBlow","floor":15.0},{"not_picked":["champ:Devastate","champ:MurderStrike"],"picked":"champ:EnchantShield","floor":16.0},{"not_picked":["champ:BringItOn+1","champ:CrownThrow+1"],"picked":"champ:EnGarde","floor":19.0},{"not_picked":["champ:BerserkersShout","champ:RageSigil"],"picked":"champ:PreciseThrust","floor":20.0},{"not_picked":["champ:FancyFootwork+1","champ:DefensiveShout"],"picked":"champ:Devastate","floor":21.0},{"not_picked":["champ:Parry+1","champ:DefensiveStyle"],"picked":"champ:FaceSlap+1","floor":25.0},{"not_picked":["champ:Parry","champ:CrownThrow+1"],"picked":"champ:FanOfKnives+1","floor":28.0},{"not_picked":["champ:CrookedStrike+1","champ:GutPunch+1","champ:BringItOn"],"picked":"SKIP","floor":30.0},{"not_picked":["champ:DeathBlow+1","champ:DefensiveShout+1"],"picked":"champ:ViciousMockery+1","floor":31.0},{"not_picked":["champ:BladeFlurry+1","champ:DeathBlow+1","champ:RisingSlash+1"],"picked":"SKIP","floor":32.0},{"not_picked":["champ:Improvising","champ:EnchantCrown"],"picked":"champ:TripleStrike+1","floor":33.0},{"not_picked":["champ:BerserkersShout","champ:CrownThrow+1"],"picked":"champ:ShieldSigil+1","floor":36.0},{"not_picked":["champ:EnragedBash+1","champ:FaceSlap+1","champ:RisingSlash+1"],"picked":"SKIP","floor":37.0},{"not_picked":["champ:BladeFlurry+1","champ:FanOfKnives+1","champ:RageSigil"],"picked":"SKIP","floor":39}],"player_experience":1599772,"relics_obtained":[{"floor":10.0,"key":"Regal Pillow"},{"floor":20.0,"key":"champ:BlackKnightHelmet"},{"floor":20.0,"key":"champ:SpectersHand"},{"floor":24.0,"key":"Meat on the Bone"},{"floor":30.0,"key":"Tiny Chest"},{"floor":34.0,"key":"Bag of Marbles"},{"floor":34.0,"key":"Tea:ReiMu"},{"floor":34.0,"key":"Old Coin"},{"floor":41,"key":"Frozen Egg 2"}],"event_choices":[{"damage_healed":0.0,"max_hp_gain":5.0,"max_hp_loss":0.0,"gold_gain":0.0,"event_name":"Big Fish","player_choice":"Donut","floor":3.0,"gold_loss":0.0,"damage_taken":0.0},{"damage_healed":0.0,"max_hp_gain":0.0,"max_hp_loss":0.0,"gold_gain":0.0,"event_name":"ZunEvent","player_choice":"交出神酒","floor":22.0,"relics_lost":["ZunR:ReiMu"],"gold_loss":0.0,"damage_taken":0.0,"cards_obtained":["ZunPunch:ReiMu"]},{"damage_healed":0,"gold_gain":0,"player_choice":"Ignored","damage_taken":0,"max_hp_gain":0,"max_hp_loss":0,"event_name":"OrinTheCat","floor":40,"gold_loss":0}],"is_beta":false,"boss_relics":[{"not_picked":["sneckomod:SneckoTalon","Coffee Dripper"],"picked":"Sozu"},{"not_picked":["Astrolabe","Snecko Eye"],"picked":"Calling Bell"}],"items_purged_floors":[],"is_endless":false,"potions_floor_spawned":[12,14,15,16,20,30,32,33,36],"killed_by":"Giant Head","ascension_level":2}}