{"host":"c6u7e77myxvw4d0m","time":1613819738,"event":{"mods":["AchievementEnabler","BaseMod","Bestiary","Colored Map","Colored Powertips","Minty Spire (QoL Compilation)","Rare Cards Sparkle","Relic Stats","everything is the same but u backflip on backflip"],"gold_per_floor":[112,125,141,155,155,185,185,195,242,242,242,256,272,282,282,354,354,371,388,405,424,424,424,82,82,128,160,35,52,52,70,70,141,141,153,170,181,181,193,224,235,235,235],"floor_reached":42,"language":"ENG","playtime":5657,"items_purged":["Strike_G","Strike_G"],"score":1016,"play_id":"c1aa6810-7584-4d35-8fc1-d012dae59c2e","local_time":"20210220131538","is_ascension_mode":true,"campfire_choices":[{"floor":7.0,"key":"REST"},{"data":"Bane","floor":11.0,"key":"SMITH"},{"data":"Catalyst","floor":15.0,"key":"SMITH"},{"floor":23.0,"key":"REST"},{"floor":25.0,"key":"REST"},{"data":"Wraith Form v2","floor":30.0,"key":"SMITH"},{"data":"Well Laid Plans","floor":32.0,"key":"SMITH"}],"circlet_count":0,"master_deck":["AscendersBane","Strike_G","Defend_G","Defend_G+1","Defend_G","Defend_G","Defend_G","Survivor","Neutralize","Corpse Explosion+1","Bane+1","Bane","Dodge and Roll","Catalyst+1","Acrobatics","Catalyst+1","Wraith Form v2+1","Calculated Gamble","Well Laid Plans+1","Venomology","Footwork","Acrobatics","Leg Sweep","Adrenaline","Deadly Poison+1","PiercingWail","PiercingWail"],"relics":["Ring of the Snake","War Paint","Bag of Marbles","Snecko Eye","Question Card","Empty Cage","MealTicket"],"acts_visited":["Exordium","TheCity","TheBeyond"],"potions_floor_usage":[42,42],"damage_taken":[{"damage":0.0,"enemies":"Small Slimes","floor":1.0,"turns":4.0},{"damage":0.0,"enemies":"Jaw Worm","floor":2.0,"turns":4.0},{"damage":1.0,"enemies":"Cultist","floor":3.0,"turns":3.0},{"damage":6.0,"enemies":"2 Fungi Beasts","floor":4.0,"turns":5.0},{"damage":11.0,"enemies":"3 Sentries","floor":6.0,"turns":3.0},{"damage":13.0,"enemies":"Exordium Thugs","floor":8.0,"turns":4.0},{"damage":9.0,"enemies":"Blue Slaver","floor":12.0,"turns":2.0},{"damage":2.0,"enemies":"Red Slaver","floor":13.0,"turns":3.0},{"damage":0.0,"enemies":"Exordium Thugs","floor":14.0,"turns":1.0},{"damage":19.0,"enemies":"Hexaghost","floor":16.0,"turns":7.0},{"damage":5.0,"enemies":"2 Thieves","floor":18.0,"turns":3.0},{"damage":8.0,"enemies":"Shell Parasite","floor":19.0,"turns":4.0},{"damage":34.0,"enemies":"Snake Plant","floor":20.0,"turns":5.0},{"damage":0.0,"enemies":"3 Cultists","floor":21.0,"turns":1.0},{"damage":0.0,"enemies":"Slavers","floor":27.0,"turns":3.0},{"damage":6.0,"enemies":"Shelled Parasite and Fungi","floor":29.0,"turns":4.0},{"damage":0.0,"enemies":"Snecko","floor":31.0,"turns":2.0},{"damage":5.0,"enemies":"Champ","floor":33.0,"turns":7.0},{"damage":0.0,"enemies":"Orb Walker","floor":35.0,"turns":2.0},{"damage":0.0,"enemies":"3 Shapes","floor":36.0,"turns":2.0},{"damage":0.0,"enemies":"Spire Growth","floor":37.0,"turns":5.0},{"damage":0.0,"enemies":"Jaw Worm Horde","floor":39.0,"turns":4.0},{"damage":7.0,"enemies":"Reptomancer","floor":40.0,"turns":3.0},{"damage":5.0,"enemies":"Transient","floor":41.0,"turns":6.0},{"damage":52,"enemies":"Giant Head","floor":42,"turns":9}],"seed_played":"-7057024175496069657","potions_obtained":[{"floor":2.0,"key":"GamblersBrew"},{"floor":4.0,"key":"PowerPotion"},{"floor":6.0,"key":"SneckoOil"},{"floor":14.0,"key":"Dexterity Potion"},{"floor":21.0,"key":"Strength Potion"},{"floor":27.0,"key":"LiquidMemories"},{"floor":31.0,"key":"CunningPotion"},{"floor":33.0,"key":"Explosive Potion"},{"floor":37.0,"key":"Fruit Juice"},{"floor":41.0,"key":"LiquidBronze"}],"is_trial":false,"path_per_floor":["M","M","M","M","?","E","R","M","T","?","R","M","M","M","R","B",null,"M","M","M","M","?","R","$","R","T","E","$","M","R","M","R","B",null,"M","M","M","?","M","E","M","E"],"character_chosen":"THE_SILENT","items_purchased":["Venomology","Footwork","GhostInAJar","Acrobatics"],"campfire_rested":3,"item_purchase_floors":[24,24,24,28],"current_hp_per_floor":[44,44,43,37,37,26,45,32,32,32,32,23,21,21,21,2,50,45,37,3,3,3,22,22,41,41,41,41,35,35,35,35,30,57,57,57,57,62,62,55,50,0,0],"gold":235,"neow_bonus":"THREE_RARE_CARDS","is_daily":false,"chose_seed":false,"campfire_upgraded":4,"win_rate":0.0,"timestamp":1613819738,"path_taken":["M","M","M","M","?","E","R","M","T","?","R","M","?","M","R","BOSS","M","M","M","M","?","R","?","R","T","E","$","M","R","M","R","BOSS","M","M","M","?","M","E","M","E"],"items_purchased_type":["Card","Card","Potion","Card"],"build_version":"2020-12-22","purchased_purges":2,"victory":false,"max_hp_per_floor":[66,66,66,66,66,66,66,66,66,66,66,66,66,66,66,66,66,66,66,66,66,66,66,66,66,66,66,66,66,66,66,66,66,66,66,66,66,71,71,71,71,71,71],"relic_stats":{"counters":[25,96],"Snecko Eye":[126,142,128,126],"MealTicket":0,"War Paint":["Defend_G","Catalyst"],"Question Card":9,"obtain_stats":[{"Snecko Eye":17,"MealTicket":40,"Bag of Marbles":9,"War Paint":6,"Question Card":27,"Empty Cage":34,"Ring of the Snake":0},{"Snecko Eye":10,"MealTicket":23,"Bag of Marbles":6,"War Paint":5,"Question Card":15,"Empty Cage":18,"Ring of the Snake":0},{"Snecko Eye":36,"MealTicket":81,"Bag of Marbles":23,"War Paint":19,"Question Card":52,"Empty Cage":65,"Ring of the Snake":0}],"Ring of the Snake":[50]},"card_choices":[{"not_picked":["Tools of the Trade","Bullet Time"],"picked":"Corpse Explosion","floor":0.0},{"not_picked":["Cloak And Dagger","Quick Slash"],"picked":"Bane","floor":1.0},{"not_picked":["Backflip","Blur"],"picked":"Bane","floor":2.0},{"not_picked":["Backflip","Cloak And Dagger"],"picked":"Dodge and Roll","floor":3.0},{"not_picked":["Dagger Throw","Bane"],"picked":"Poisoned Stab","floor":4.0},{"not_picked":["Sucker Punch","Dash"],"picked":"Catalyst","floor":6.0},{"not_picked":["Sucker Punch","Slice","Underhanded Strike"],"picked":"SKIP","floor":8.0},{"not_picked":["Calculated Gamble","Backflip"],"picked":"Acrobatics","floor":12.0},{"not_picked":["Dagger Throw","Predator","Dagger Spray"],"picked":"SKIP","floor":13.0},{"not_picked":["Bane","Cloak And Dagger"],"picked":"Catalyst","floor":14.0},{"not_picked":["Envenom","Night Terror"],"picked":"Wraith Form v2","floor":16.0},{"not_picked":["Infinite Blades","Backflip","Deflect+1"],"picked":"SKIP","floor":18.0},{"not_picked":["Dash","Dodge and Roll","Escape Plan"],"picked":"SKIP","floor":19.0},{"not_picked":["Choke","Quick Slash","Tactician"],"picked":"SKIP","floor":20.0},{"not_picked":["Finisher","Cloak And Dagger+1"],"picked":"Calculated Gamble","floor":21.0},{"not_picked":["Reflex","Sucker Punch","Glass Knife"],"picked":"SKIP","floor":27.0},{"not_picked":["Reflex","Sucker Punch","Glass Knife"],"picked":"SKIP","floor":27.0},{"not_picked":["All Out Attack","Backstab","Backflip","Dagger Spray"],"picked":"SKIP","floor":29.0},{"not_picked":["Tactician","Cloak And Dagger","Outmaneuver+1"],"picked":"Leg Sweep","floor":31.0},{"not_picked":["Glass Knife","Bullet Time","Corpse Explosion"],"picked":"Adrenaline","floor":33.0},{"not_picked":["Dagger Spray","Escape Plan","Underhanded Strike","Distraction"],"picked":"SKIP","floor":35.0},{"not_picked":["Caltrops","Prepared","Deflect","Distraction"],"picked":"SKIP","floor":36.0},{"not_picked":["Setup","Cloak And Dagger","Outmaneuver","Dodge and Roll+1"],"picked":"SKIP","floor":37.0},{"not_picked":["Flying Knee","Escape Plan","Outmaneuver+1"],"picked":"Deadly Poison+1","floor":39.0},{"not_picked":["Venomology","Finisher","Terror"],"picked":"PiercingWail","floor":40.0},{"not_picked":["Flying Knee+1","Sucker Punch+1","A Thousand Cuts"],"picked":"PiercingWail","floor":41.0}],"player_experience":846100,"relics_obtained":[{"floor":6.0,"key":"War Paint"},{"floor":9.0,"key":"Bag of Marbles"},{"floor":27.0,"key":"Question Card"},{"floor":40.0,"key":"MealTicket"}],"event_choices":[{"damage_healed":0.0,"max_hp_gain":0.0,"max_hp_loss":0.0,"gold_gain":0.0,"event_name":"Liars Game","player_choice":"Ignored","floor":5.0,"gold_loss":0.0,"damage_taken":0.0},{"damage_healed":0.0,"max_hp_gain":0.0,"max_hp_loss":0.0,"gold_gain":0.0,"event_name":"Accursed Blacksmith","player_choice":"Forge","floor":10.0,"gold_loss":0.0,"damage_taken":0.0,"cards_upgraded":["Corpse Explosion"]},{"damage_healed":0.0,"max_hp_gain":0.0,"max_hp_loss":0.0,"gold_gain":0.0,"event_name":"The Library","player_choice":"Read","floor":22.0,"gold_loss":0.0,"damage_taken":0.0,"cards_obtained":["Well Laid Plans"]},{"cards_removed":["Poisoned Stab"],"damage_healed":0.0,"max_hp_gain":0.0,"max_hp_loss":0.0,"gold_gain":0.0,"event_name":"Falling","player_choice":"Removed Attack","floor":38.0,"gold_loss":0.0,"damage_taken":0.0}],"is_beta":false,"boss_relics":[{"not_picked":["Fusion Hammer","Ring of the Serpent"],"picked":"Snecko Eye"},{"not_picked":["Cursed Key","Coffee Dripper"],"picked":"Empty Cage"}],"items_purged_floors":[24,28],"is_endless":false,"potions_floor_spawned":[2,4,6,14,21,27,31,33,36,37,41],"killed_by":"Giant Head","ascension_level":20}}