{"host":"uhi6g4fgvyietct9","time":1613796636,"event":{"mods":["AchievementEnabler","BaseMod","Colored Map","Colored Powertips","Minty Spire (QoL Compilation)","StSLib","SuperFastMode"],"gold_per_floor":[109,36,36,36,52,87,87,6,6,6,19,19,36,46,46,151,151,162,162,180,23,39,65,65,78,129,129,129,129,161,260,260,260,260],"floor_reached":33,"language":"KOR","playtime":1603,"items_purged":["Strike_G"],"score":477,"play_id":"220538e6-85aa-4c10-bbbd-a6942f44563c","local_time":"20210220135036","is_ascension_mode":true,"campfire_choices":[{"data":"Venomology","floor":7.0,"key":"SMITH"},{"data":"Cloak And Dagger","floor":10.0,"key":"SMITH"},{"data":"Cloak And Dagger","floor":12.0,"key":"SMITH"},{"data":"Neutralize","floor":15.0,"key":"SMITH"},{"data":"A Thousand Cuts","floor":24.0,"key":"SMITH"},{"data":"Blade Dance","floor":27,"key":"SMITH"},{"data":"Noxious Fumes","floor":29,"key":"SMITH"},{"data":"PiercingWail","floor":32,"key":"SMITH"}],"circlet_count":0,"master_deck":["AscendersBane","Defend_G","Defend_G","Defend_G","Defend_G","Defend_G","Survivor","Neutralize+1","Cloak And Dagger+1","Cloak And Dagger+1","Deflect","Venomology+1","Endless Agony","Escape Plan","PiercingWail+1","Dash","A Thousand Cuts+1","All Out Attack+1","Adrenaline+1","Flechettes+1","Endless Agony","Decay","Reflex+1","Noxious Fumes+1","Blade Dance+1","Die Die Die"],"relics":["Ring of the Snake","NeowsBlessing","InkBottle","MealTicket","StoneCalendar","Astrolabe","Orichalcum","Bronze Scales","Bottled Tornado","Nunchaku"],"acts_visited":["Exordium","TheCity"],"potions_floor_usage":[25,25,25,30,33],"damage_taken":[{"damage":0.0,"enemies":"Small Slimes","floor":1.0,"turns":1.0},{"damage":0.0,"enemies":"2 Louse","floor":5.0,"turns":1.0},{"damage":0.0,"enemies":"Lagavulin","floor":6.0,"turns":1.0},{"damage":0.0,"enemies":"Cultist","floor":11.0,"turns":1.0},{"damage":1.0,"enemies":"2 Fungi Beasts","floor":13.0,"turns":3.0},{"damage":0.0,"enemies":"Exordium Thugs","floor":14.0,"turns":4.0},{"damage":18.0,"enemies":"Slime Boss","floor":16.0,"turns":9.0},{"damage":2.0,"enemies":"2 Thieves","floor":18.0,"turns":4.0},{"damage":3.0,"enemies":"Chosen","floor":20.0,"turns":5.0},{"damage":26.0,"enemies":"3 Cultists","floor":22.0,"turns":6.0},{"damage":2.0,"enemies":"Slavers","floor":23.0,"turns":4.0},{"damage":0,"enemies":"Snecko","floor":25,"turns":2},{"damage":1,"enemies":"Gremlin Leader","floor":30,"turns":5},{"damage":47,"enemies":"Collector","floor":33,"turns":6}],"seed_played":"7035935877398807029","potions_obtained":[{"floor":5.0,"key":"Explosive Potion"},{"floor":6.0,"key":"SteroidPotion"},{"floor":20.0,"key":"Fruit Juice"},{"floor":22.0,"key":"LiquidBronze"},{"floor":23.0,"key":"Energy Potion"}],"is_trial":false,"path_per_floor":["M","$","?","?","M","E","R","?","T","R","M","R","M","M","R","B",null,"M","?","M","$","M","E","R","M","T","R","T","R","E","?","R","B"],"character_chosen":"THE_SILENT","items_purchased":["Cloak And Dagger","Deflect","Noxious Fumes"],"campfire_rested":0,"item_purchase_floors":[2,2,21],"current_hp_per_floor":[63,63,68,68,68,68,68,68,68,68,68,68,67,67,67,49,69,67,67,69,80,54,52,52,52,52,52,52,52,63,63,63,16,16],"gold":260,"neow_bonus":"THREE_ENEMY_KILL","is_daily":false,"chose_seed":false,"campfire_upgraded":8,"win_rate":0.0,"timestamp":1613796636,"path_taken":["M","$","?","?","M","E","R","?","T","R","M","R","?","M","R","BOSS","M","?","M","$","M","E","R","M","T","R","?","R","E","?","R","BOSS"],"items_purchased_type":["Card","Card","Card"],"build_version":"2020-12-22","purchased_purges":1,"victory":false,"max_hp_per_floor":[70,70,75,75,75,75,75,75,75,75,75,75,75,75,75,75,75,75,75,80,80,80,80,80,80,80,80,80,80,80,80,80,80,80],"card_choices":[{"not_picked":["Deadly Poison","Dagger Spray"],"picked":"Cloak And Dagger","floor":1.0},{"not_picked":["All Out Attack","Backflip"],"picked":"Endless Agony","floor":5.0},{"not_picked":["Leg Sweep","All Out Attack"],"picked":"Escape Plan","floor":6.0},{"not_picked":["Dagger Throw","Deflect","Heel Hook"],"picked":"SKIP","floor":11.0},{"not_picked":["Phantasmal Killer","Skewer"],"picked":"PiercingWail","floor":13.0},{"not_picked":["Bouncing Flask","Sucker Punch"],"picked":"Dash","floor":14.0},{"not_picked":["Malaise","Bullet Time"],"picked":"A Thousand Cuts","floor":16.0},{"not_picked":["Blur","Outmaneuver"],"picked":"Endless Agony","floor":18.0},{"not_picked":["Flying Knee","Blur"],"picked":"Reflex+1","floor":20.0},{"not_picked":["Underhanded Strike+1","Caltrops+1"],"picked":"Blade Dance","floor":22.0},{"not_picked":["Dodge and Roll","Slice"],"picked":"Die Die Die","floor":23.0},{"not_picked":["Underhanded Strike","Escape Plan","Leg Sweep"],"picked":"SKIP","floor":25},{"not_picked":["Riddle With Holes+1","Quick Slash+1","Dagger Throw+1"],"picked":"SKIP","floor":30}],"player_experience":602152,"relics_obtained":[{"floor":6.0,"key":"InkBottle"},{"floor":9.0,"key":"StoneCalendar"},{"floor":23.0,"key":"Orichalcum"},{"floor":26,"key":"Bronze Scales"},{"floor":28,"key":"Bottled Tornado"},{"floor":30,"key":"Nunchaku"}],"event_choices":[{"damage_healed":0.0,"max_hp_gain":5.0,"max_hp_loss":0.0,"gold_gain":0.0,"event_name":"Big Fish","player_choice":"Donut","floor":3.0,"gold_loss":0.0,"damage_taken":0.0},{"damage_healed":0.0,"max_hp_gain":0.0,"max_hp_loss":0.0,"gold_gain":0.0,"cards_transformed":["Strike_G"],"event_name":"Living Wall","player_choice":"Change","floor":4.0,"gold_loss":0.0,"damage_taken":0.0,"cards_obtained":["Venomology"]},{"damage_healed":0.0,"max_hp_gain":0.0,"max_hp_loss":0.0,"gold_gain":0.0,"event_name":"WeMeetAgain","player_choice":"Paid Gold","floor":8.0,"gold_loss":81.0,"damage_taken":0.0,"relics_obtained":["MealTicket"]},{"damage_healed":0.0,"max_hp_gain":0.0,"max_hp_loss":0.0,"gold_gain":0.0,"event_name":"Forgotten Altar","player_choice":"Smashed Altar","floor":19.0,"gold_loss":0.0,"damage_taken":0.0,"cards_obtained":["Decay"]},{"damage_healed":0,"gold_gain":99,"player_choice":"Stole From Cult","damage_taken":0,"max_hp_gain":0,"max_hp_loss":0,"event_name":"Nest","floor":31,"gold_loss":0}],"is_beta":false,"boss_relics":[{"not_picked":["Tiny House","Pandora\u0027s Box"],"picked":"Astrolabe"}],"items_purged_floors":[21],"is_endless":false,"potions_floor_spawned":[5,6,13,20,22,23],"killed_by":"Collector","ascension_level":11}}