{"host":"nwjx7hbomubpmo86","time":1613842963,"event":{"mods":["AchievementEnabler","BaseMod","Better Note","Better Third Choice","Downfall","Hubris","Minty Spire (QoL Compilation)","Replay The Spire","StSLib","The Death Knight","slay the spire mod where everything is the same but ironclad has a cowboy hat"],"gold_per_floor":[110,110,60,80,98,123,123,152,225,225,225,245,245,245,245,354,354,375,375,384,404,64,105,314,314,314,348,348,56,85,111,111,111,111],"floor_reached":33,"language":"ENG","playtime":1115,"items_purged":[],"score":316,"play_id":"1999c1d3-3e7e-4ba2-803d-f2330720c796","local_time":"20210220184243","is_ascension_mode":false,"campfire_choices":[{"data":"Footwork","floor":7,"key":"SMITH"},{"data":"Bouncing Flask","floor":11,"key":"SMITH"},{"floor":13,"key":"REST"},{"floor":15,"key":"DIG"},{"data":"Poison Darts","floor":25,"key":"SMITH"},{"data":"ReplayTheSpireMod:Scrap Shanks","floor":32,"key":"SMITH"}],"circlet_count":0,"master_deck":["Deadly Poison+1","Strike_G","Strike_G","Strike_G","Strike_G","Defend_G","Defend_G","Defend_G","Defend_G","Defend_G","Survivor","Neutralize","AbeCurse","Deadly Poison","Footwork+1","Poisoned Stab","Sucker Punch","Bouncing Flask+1","Outmaneuver","After Image+1","Blade Dance","Neutralize","Dash","Backstab","PiercingWail","Prepared","Poison Darts+1","Replay:Poison Smokescreen+1","Poisoned Stab+1","PiercingWail+1","ReplayTheSpireMod:Scrap Shanks+1"],"relics":["Abe\u0027s Treasure","Boot","Akabeko","Question Card","hubris:Towel","hubris:SlimyHat","CeramicFish","bronze:MakeshiftBattery","Medical Kit","Onion Ring","Kunai","Molten Egg 2","Toxic Egg 2"],"acts_visited":["Exordium","TheCity"],"potions_floor_usage":[6,27,31,33,33],"damage_taken":[{"damage":0,"enemies":"2 Louse","floor":1,"turns":2},{"damage":0,"enemies":"Small Slimes","floor":4,"turns":3},{"damage":0,"enemies":"Jaw Worm","floor":5,"turns":3},{"damage":4,"enemies":"3 Sentries","floor":6,"turns":9},{"damage":33,"enemies":"Gremlin Nob","floor":8,"turns":4},{"damage":9,"enemies":"Blue Slaver","floor":12,"turns":3},{"damage":14,"enemies":"Hexaghost","floor":16,"turns":7},{"damage":4,"enemies":"Spheric Guardian","floor":18,"turns":4},{"damage":0,"enemies":"Chosen","floor":21,"turns":4},{"damage":0,"enemies":"Replay:Snechameleon","floor":23,"turns":5},{"damage":14,"enemies":"Slavers","floor":27,"turns":4},{"damage":0,"enemies":"3 Cultists","floor":30,"turns":5},{"damage":6,"enemies":"Shelled Parasite and Fungi","floor":31,"turns":4},{"damage":54,"enemies":"hubris:MusketHawk","floor":33,"turns":7}],"seed_played":"-8531095550836857586","potions_obtained":[{"floor":5,"key":"PowerPotion"},{"floor":6,"key":"BlessingOfTheForge"},{"floor":12,"key":"AttackPotion"},{"floor":16,"key":"Fire Potion"},{"floor":30,"key":"bronze:BurnAndBuffPotion"}],"is_trial":false,"path_per_floor":["M","?","?","M","M","E","R","E","T","?","R","M","R","?","R","B",null,"M","?","?","M","$","E","?","R","T","E","?","$","M","M","R","B"],"character_chosen":"THE_SILENT","items_purchased":["Medical Kit","Backstab","Flashbang","PiercingWail","Toxic Egg 2","Poisoned Stab+1"],"campfire_rested":1,"item_purchase_floors":[22,22,22,22,29,29],"current_hp_per_floor":[70,70,70,70,70,66,66,33,33,33,33,24,45,33,33,19,70,66,66,66,66,66,66,66,66,66,52,52,52,52,46,46,0,0],"gold":111,"neow_bonus":"BOSS_RELIC","is_daily":false,"chose_seed":false,"campfire_upgraded":4,"win_rate":0.0,"timestamp":1613842963,"path_taken":["M","?","?","M","M","E","R","E","T","?","R","M","R","?","R","BOSS","M","?","?","?","$","E","?","R","T","E","?","?","M","M","R","BOSS"],"items_purchased_type":["Relic","Card","Potion","Card","Relic","Card"],"build_version":"2020-12-22","purchased_purges":0,"victory":false,"max_hp_per_floor":[70,70,70,70,70,70,70,70,70,70,70,70,70,70,70,70,70,70,70,70,70,70,70,70,70,70,70,70,70,70,70,70,70,70],"card_choices":[{"not_picked":["Dagger Spray","PiercingWail"],"picked":"Deadly Poison","floor":1},{"not_picked":["ReplayTheSpireMod:Exploit Weakness","Cloak And Dagger"],"picked":"Footwork","floor":4},{"not_picked":["Reflex","Flying Knee"],"picked":"Poisoned Stab","floor":5},{"not_picked":["Prepared","Underhanded Strike"],"picked":"Sucker Punch","floor":6},{"not_picked":["Acrobatics","Backflip"],"picked":"Bouncing Flask","floor":8},{"not_picked":["Underhanded Strike","Expertise","Unload"],"picked":"Outmaneuver","floor":12},{"not_picked":["ReplayTheSpireMod:Necrosis","Night Terror","Malaise"],"picked":"After Image","floor":16},{"not_picked":["Outmaneuver","Sucker Punch+1","Expertise+1"],"picked":"Blade Dance","floor":18},{"not_picked":["hubris:TrickCloak+1","Endless Agony","Quick Slash"],"picked":"Dash","floor":21},{"not_picked":["Skewer","Tactician","Underhanded Strike+1"],"picked":"Prepared","floor":23},{"not_picked":["Doppelganger","Die Die Die","Unload"],"picked":"Poison Darts","floor":24},{"not_picked":["Hidden Blade","Setup","Skewer+1"],"picked":"Replay:Poison Smokescreen+1","floor":27},{"not_picked":["Tactician+1","Sneak Up+1","Dodge and Roll+1"],"picked":"PiercingWail+1","floor":30},{"not_picked":["hubris:TrickCloak+1","Acrobatics+1","Flying Knee+1"],"picked":"ReplayTheSpireMod:Scrap Shanks","floor":31}],"player_experience":563598,"relics_obtained":[{"floor":6,"key":"Boot"},{"floor":8,"key":"Akabeko"},{"floor":9,"key":"Question Card"},{"floor":15,"key":"CeramicFish"},{"floor":23,"key":"Onion Ring"},{"floor":26,"key":"Kunai"},{"floor":27,"key":"Molten Egg 2"}],"event_choices":[{"damage_healed":0,"gold_gain":0,"player_choice":"Box","damage_taken":0,"relics_obtained":["Pet Ghost"],"max_hp_gain":0,"max_hp_loss":0,"event_name":"Big Fish","floor":2,"gold_loss":0,"cards_obtained":["Regret"]},{"cards_removed":["Regret"],"damage_healed":0,"gold_gain":0,"player_choice":"Card Removal","damage_taken":0,"max_hp_gain":0,"max_hp_loss":0,"event_name":"The Cleric","floor":3,"gold_loss":50},{"damage_healed":0,"gold_gain":0,"player_choice":"Relic ","damage_taken":12,"max_hp_gain":0,"max_hp_loss":0,"event_name":"betterThird:BetterScrap","floor":14,"gold_loss":0,"cards_obtained":["Rupture"]},{"cards_removed":["Strike_G"],"damage_healed":0,"gold_gain":0,"player_choice":"Offered Basic","damage_taken":0,"max_hp_gain":0,"max_hp_loss":0,"event_name":"Bonfire Elementals","floor":19,"gold_loss":0},{"damage_healed":0,"gold_gain":0,"player_choice":"1 cards matched","damage_taken":0,"max_hp_gain":0,"max_hp_loss":0,"event_name":"Match and Keep!","floor":20,"gold_loss":0,"cards_obtained":["Neutralize"]},{"damage_healed":0,"gold_gain":0,"player_choice":"Upgraded","damage_taken":0,"max_hp_gain":0,"max_hp_loss":0,"event_name":"Upgrade Shrine","floor":28,"gold_loss":0,"cards_upgraded":["After Image"]}],"is_beta":false,"boss_relics":[{"not_picked":["WristBlade","Coffee Dripper"],"picked":"bronze:MakeshiftBattery"}],"items_purged_floors":[],"is_endless":false,"potions_floor_spawned":[5,6,12,16,21,30],"killed_by":"hubris:MusketHawk","ascension_level":0}}