{"host":"2qiq675bnob0y8b8","time":1613797225,"event":{"mods":["Aspiration","Astrologer","BaseMod","Better Altar","Better Third Choice","BetterRewards","Card Forge","Conspire","Downfall","Hermit","Hubris","Infinite Spire","Jorbs\u0027s Wanderer Trilogy","Marisa????????","Minty Spire (QoL Compilation)","Relic Stats","Replay The Spire","Shop Mod","Spicy Shops","StSLib","The Cursed","The Hierophant","The Jungle","The Necromancer","The Runesmith","The Servant 0.9.4"],"gold_per_floor":[112,112,132,207,207,207,242,242,296,309,329,329,355,355,355,454,454,468,468,468,542,22,22,47,47,98,110,110,134,153,184,184,289,289,306,319,319,319,330,361,361,389,389,389,406,406,456,505,505,505],"floor_reached":51,"language":"ENG","playtime":2619,"items_purged":[],"score":712,"play_id":"19e3d843-caaa-4973-b36a-bc54d157d1d0","local_time":"20210220000025","is_ascension_mode":false,"campfire_choices":[{"floor":6,"key":"RECALL"},{"data":"Cleave","floor":8,"key":"SMITH"},{"data":"Offering","floor":12,"key":"SMITH"},{"floor":15,"key":"REST"},{"data":"ReplayTheSpireMod:Chaos Vortex","floor":23,"key":"SMITH"},{"floor":28,"key":"REST"},{"data":"Limit Break","floor":32,"key":"SMITH"},{"data":"hubris:StunningStrike","floor":41,"key":"SMITH"},{"data":"theJungle:Gourd","floor":44,"key":"SMITH"},{"data":"Flex","floor":49,"key":"SMITH"}],"circlet_count":0,"master_deck":["Strike_R","Strike_R","Strike_R","Strike_R","Strike_R+1","Bash","Headbutt+1","Second Wind","Cleave+1","Offering+1","Cleave","ReplayTheSpireMod:Chaos Vortex+1","Limit Break+1","Heavy Blade+1","theJungle:Gourd","theJungle:Gourd+1","theJungle:Gourd","theJungle:Gourd","theJungle:Gourd+1","Life Link+1","Wild Strike","Deep Breath","Metallicize+1","ReplayTheSpireMod:Muscle Training","Flex+1","conspire:Charge","Reaper","Anger+1","hubris:StunningStrike+1","Shrug It Off+1","Rage+1","Thunderclap","Dropkick+1"],"relics":["Burning Blood","Hammer of Thor","Seething Fire","Anvil of the Gods","Tiny Chest","hubris:PeanutButter","Gremlin Food","hubris:CrackedHourglass","theJungle:BirthdayCakeSlice","aspiration:FetidBarrel","Whetstone","Bag of Marbles","Bottled Flame","Replay:Wax Seal","Replay:Mystery Machine","Onion Ring","aspiration:PoetsPen_weak","hubris:TenFootPole","hubris:ChampionShield","infinitespire:Lucky Rock","hubris:Towel","Torii","Happy Flower"],"acts_visited":["Exordium","Exordium","TheBeyond"],"potions_floor_usage":[7,16],"damage_taken":[{"damage":1,"enemies":"2 Louse","floor":1,"turns":4},{"damage":0,"enemies":"Small Slimes","floor":3,"turns":3},{"damage":41,"enemies":"Lagavulin","floor":7,"turns":8},{"damage":0,"enemies":"Jaw Worm","floor":10,"turns":3},{"damage":0,"enemies":"Lots of Slimes","floor":11,"turns":2},{"damage":60,"enemies":"Slime Boss","floor":16,"turns":12},{"damage":1,"enemies":"theJungle:5_Spyders","floor":18,"turns":6},{"damage":20,"enemies":"theJungle:2_Phrogs","floor":24,"turns":7},{"damage":15,"enemies":"Shell Parasite","floor":27,"turns":5},{"damage":0,"enemies":"theJungle:2_Snecko_Cultists","floor":30,"turns":4},{"damage":17,"enemies":"theJungle:Cassacara","floor":31,"turns":5},{"damage":0,"enemies":"theJungle:QueenSpyder","floor":33,"turns":7},{"damage":0,"enemies":"3 Shapes","floor":35,"turns":1},{"damage":0,"enemies":"3 Darklings","floor":36,"turns":1},{"damage":0,"enemies":"Sphere and 2 Shapes","floor":39,"turns":3},{"damage":24,"enemies":"Giant Head","floor":40,"turns":5},{"damage":0,"enemies":"Reptomancer","floor":42,"turns":5},{"damage":13,"enemies":"Jaw Worm Horde","floor":45,"turns":3},{"damage":0,"enemies":"Mind Bloom Boss Battle","floor":47,"turns":1},{"damage":38,"enemies":"Replay:Hell Engine","floor":50,"turns":9}],"seed_played":"-2516707554455646923","potions_obtained":[{"floor":1,"key":"LiquidMemories"},{"floor":7,"key":"BloodPotion"},{"floor":24,"key":"Swift Potion"},{"floor":27,"key":"Death Potion"},{"floor":36,"key":"SpeedPotion"}],"is_trial":false,"path_per_floor":["M","?","M","?","?","R","E","R","T","M","M","R","T","?","R","B",null,"M","?","?","T","$","R","E","?","T","M","R","T","M","E","R","B",null,"M","M","?","AVR","M","E","R","E","T","R","M","?","?","T","R","B",null],"character_chosen":"IRONCLAD","items_purchased":["Life Link+1","Wild Strike","Whetstone","Deep Breath","Bag of Marbles"],"campfire_rested":2,"item_purchase_floors":[22,22,22,22,22],"current_hp_per_floor":[88,88,88,77,77,77,42,42,42,48,54,54,54,32,58,21,88,88,88,93,93,93,93,79,79,79,70,93,93,93,82,82,88,93,93,93,93,93,93,89,89,93,93,93,86,86,92,92,92,60],"gold":505,"neow_bonus":"TEN_PERCENT_HP_BONUS","is_daily":false,"chose_seed":false,"campfire_upgraded":7,"win_rate":0.0,"timestamp":1613797225,"path_taken":["M","?","M","?","?","R","E","R","T","M","?","R","?","?","R","BOSS","M","?","?","?","?","R","E","?","T","?","R","?","M","E","R","BOSS","M","M","?","AVR","M","E","R","E","T","R","M","?","?","?","R","BOSS"],"items_purchased_type":["Card","Card","Relic","Card","Relic"],"build_version":"2020-12-22","purchased_purges":0,"victory":true,"max_hp_per_floor":[88,88,88,88,88,88,88,88,88,88,88,88,88,88,88,88,88,88,88,93,93,93,93,93,93,93,93,93,93,93,93,93,93,93,93,93,93,93,93,93,93,93,93,93,93,93,93,93,93,93],"relic_stats":{"Torii":0,"Happy Flower":[3],"counters":[20,94],"Tiny Chest":4,"Whetstone":["Headbutt","Strike_R"],"obtain_stats":[{"Gremlin Food":13,"Torii":47,"Happy Flower":48,"aspiration:FetidBarrel":21,"Hammer of Thor":0,"aspiration:PoetsPen_weak":34,"Seething Fire":0,"Whetstone":22,"infinitespire:Lucky Rock":43,"Replay:Mystery Machine":29,"hubris:Towel":46,"Burning Blood":0,"Bottled Flame":24,"Anvil of the Gods":0,"theJungle:BirthdayCakeSlice":20,"Tiny Chest":2,"hubris:PeanutButter":7,"Onion Ring":31,"Bag of Marbles":22,"hubris:TenFootPole":40,"hubris:CrackedHourglass":17,"Replay:Wax Seal":26,"hubris:ChampionShield":42},{"Gremlin Food":5,"Torii":19,"Happy Flower":19,"aspiration:FetidBarrel":7,"Hammer of Thor":0,"aspiration:PoetsPen_weak":12,"Seething Fire":0,"Whetstone":7,"infinitespire:Lucky Rock":17,"Replay:Mystery Machine":9,"hubris:Towel":18,"Burning Blood":0,"Bottled Flame":8,"Anvil of the Gods":0,"theJungle:BirthdayCakeSlice":7,"Tiny Chest":1,"hubris:PeanutButter":3,"Onion Ring":11,"Bag of Marbles":7,"hubris:TenFootPole":16,"hubris:CrackedHourglass":6,"Replay:Wax Seal":8,"hubris:ChampionShield":17},{"Gremlin Food":20,"Torii":85,"Happy Flower":85,"aspiration:FetidBarrel":38,"Hammer of Thor":0,"aspiration:PoetsPen_weak":66,"Seething Fire":0,"Whetstone":38,"infinitespire:Lucky Rock":81,"Replay:Mystery Machine":50,"hubris:Towel":84,"Burning Blood":0,"Bottled Flame":45,"Anvil of the Gods":0,"theJungle:BirthdayCakeSlice":38,"Tiny Chest":4,"hubris:PeanutButter":15,"Onion Ring":59,"Bag of Marbles":38,"hubris:TenFootPole":76,"hubris:CrackedHourglass":32,"Replay:Wax Seal":45,"hubris:ChampionShield":81}],"Burning Blood":74},"card_choices":[{"not_picked":["Hemokinesis","Havoc"],"picked":"Headbutt","floor":1},{"not_picked":["Clash","Replay:Undeath\u0027s Touch"],"picked":"Second Wind","floor":3},{"not_picked":["Havoc","Clothesline"],"picked":"Cleave","floor":7},{"not_picked":["Perfected Strike","Defy Death"],"picked":"Offering","floor":10},{"not_picked":["hubris:ReadiedAction","Shrug It Off"],"picked":"Cleave","floor":11},{"not_picked":["infinitespire:DeathsTouch","infinitespire:TheBestDefense"],"picked":"ReplayTheSpireMod:Chaos Vortex","floor":14},{"not_picked":["Juggernaut","Eclipse"],"picked":"Limit Break","floor":16},{"not_picked":["Warcry+1","True Grit"],"picked":"Heavy Blade+1","floor":18},{"not_picked":["Headbutt+1","Sever Soul"],"picked":"Metallicize","floor":24},{"not_picked":["Clash+1","Rupture+1"],"picked":"ReplayTheSpireMod:Muscle Training","floor":27},{"not_picked":["Headbutt","ReplayTheSpireMod:Strike From Hell"],"picked":"Flex","floor":30},{"not_picked":["Clash","Clothesline"],"picked":"conspire:Charge","floor":31},{"not_picked":["Bludgeon","Hemogenesis"],"picked":"Reaper","floor":33},{"not_picked":["Clash","Flame Barrier"],"picked":"Anger+1","floor":35},{"not_picked":["Run Through","Replay:Undeath\u0027s Touch+1"],"picked":"hubris:StunningStrike","floor":36},{"not_picked":["Second Wind","Clothesline+1"],"picked":"Shrug It Off+1","floor":39},{"not_picked":["Cleave+1","Havoc"],"picked":"Rage+1","floor":40},{"not_picked":["Body Slam+1","ReplayTheSpireMod:Strike From Hell","True Grit+1"],"picked":"SKIP","floor":42},{"not_picked":["Anger+1","Hemogenesis"],"picked":"Thunderclap","floor":45},{"not_picked":["Ghostly Armor","Cleave"],"picked":"Dropkick+1","floor":47}],"player_experience":168043,"relics_obtained":[{"floor":2,"key":"Tiny Chest"},{"floor":7,"key":"hubris:PeanutButter"},{"floor":13,"key":"Gremlin Food"},{"floor":21,"key":"aspiration:FetidBarrel"},{"floor":24,"key":"Bottled Flame"},{"floor":26,"key":"Replay:Wax Seal"},{"floor":29,"key":"Replay:Mystery Machine"},{"floor":31,"key":"Onion Ring"},{"floor":40,"key":"hubris:TenFootPole"},{"floor":42,"key":"hubris:ChampionShield"},{"floor":43,"key":"infinitespire:Lucky Rock"},{"floor":47,"key":"Torii"},{"floor":48,"key":"Happy Flower"}],"event_choices":[{"damage_healed":0,"gold_gain":75,"player_choice":"Gold","damage_taken":11,"max_hp_gain":0,"max_hp_loss":0,"event_name":"betterThird:BetterGoop","floor":4,"gold_loss":0},{"damage_healed":0,"gold_gain":0,"player_choice":"Bought 0 Potions","damage_taken":0,"max_hp_gain":0,"max_hp_loss":0,"event_name":"The Woman in Blue","floor":5,"gold_loss":0},{"damage_healed":0,"gold_gain":0,"player_choice":"Fight","damage_taken":0,"max_hp_gain":0,"max_hp_loss":0,"event_name":"MindBloom","floor":47,"gold_loss":0}],"is_beta":false,"boss_relics":[{"not_picked":["Runic Pyramid","bronze:MakeshiftBattery"],"picked":"hubris:CrackedHourglass"},{"not_picked":["Runesmith:UraniumAnvil","aspiration:SilentSkillbook"],"picked":"aspiration:PoetsPen_weak"}],"items_purged_floors":[],"is_endless":false,"potions_floor_spawned":[1,7,24,27,36],"ascension_level":0}}