{"host":"w1l5t0a1l2lkq6my","time":1613816700,"event":{"mods":["100% Spire Juice","Bartender","BaseMod","Better Match","KinomotoSakuraMod(ñÿîVñ{?)","Lobotomy","LobotomyExtend","Magitek Elite","MarisaÅiñ∂âJÅ@ñÇóùçπÅj","Minty Spire (QoL Compilation)","Shapeshifter Mod","StSLib","The Animator","The Gatherer","The Senshi","Yuyuko"],"gold_per_floor":[112,287,287,212,225,225,150,188,188,226,76,76,76,376,376,500,500,500,550,565,565,565],"floor_reached":21,"language":"ENG","playtime":599,"items_purged":["Doubt"],"score":201,"play_id":"b23f1752-63b9-4a2f-b089-d492d5022cfc","local_time":"20210220032500","is_ascension_mode":true,"campfire_choices":[],"circlet_count":0,"master_deck":["SpecialBullet","SpecialBullet","SpecialBullet","SpecialBullet","SpecialBullet","SpecialBullet","SpecialBullet","SpecialBullet","InformationCode","TrainingCode","SecurityCode","Flash of Steel","Horn+1","CherryBlossom","WristCuter","Regret_ego","TheSmile"],"relics":["CogitoBucket","LetterFromLob","Golden Idol","Vajra","Shuriken","Mercury Hourglass","TheAbacus","Old Coin","Gem_Box","Heaven_r","AspirationHeart"],"acts_visited":["Exordium","TheCity"],"potions_floor_usage":[20],"damage_taken":[{"damage":11,"enemies":"Jaw Worm","floor":1,"turns":2},{"damage":7,"enemies":"Small Slimes","floor":5,"turns":3},{"damage":27,"enemies":"Gremlin Nob","floor":8,"turns":4},{"damage":18,"enemies":"Lagavulin","floor":10,"turns":3},{"damage":14,"enemies":"Gremlin Nob","floor":14,"turns":3},{"damage":23,"enemies":"Slime Boss","floor":16,"turns":7},{"damage":50,"enemies":"Chosen","floor":18,"turns":3},{"damage":0,"enemies":"Chosen","floor":20,"turns":2},{"damage":12,"enemies":"Shell Parasite","floor":21,"turns":1}],"seed_played":"6240210737589102038","potions_obtained":[{"floor":1,"key":"SkillPotion"},{"floor":14,"key":"Strength Potion"},{"floor":16,"key":"SkillPotion"}],"is_trial":false,"path_per_floor":["M","?","?","?","M","R","$","E","T","E","$","R","$","E","R","B",null,"M","?","M","M"],"character_chosen":"Angela","items_purchased":["TheAbacus"],"campfire_rested":0,"item_purchase_floors":[11],"current_hp_per_floor":[67,67,65,65,65,65,65,49,49,47,47,47,47,47,47,42,65,1,1,11,0,0],"gold":565,"neow_bonus":"RANDOM_COLORLESS","is_daily":false,"chose_seed":false,"campfire_upgraded":0,"win_rate":0.0,"timestamp":1613816700,"path_taken":["M","?","?","?","M","R","?","E","T","E","$","R","$","E","R","BOSS","M","?","M","M"],"items_purchased_type":["Relic"],"build_version":"2020-12-22","purchased_purges":1,"victory":false,"max_hp_per_floor":[70,70,65,65,65,65,65,65,65,65,65,65,65,65,65,65,65,1,1,11,11,11],"card_choices":[{"not_picked":["Purity","Bandage Up"],"picked":"Flash of Steel","floor":0},{"not_picked":["Harvest","Loneliness"],"picked":"SKIP","floor":1},{"not_picked":["SomewhereSpear+1"],"picked":"Horn+1","floor":4},{"not_picked":["Noise"],"picked":"CherryBlossom","floor":5},{"not_picked":["Noise"],"picked":"WristCuter","floor":8},{"not_picked":["Galaxy","Noise"],"picked":"SKIP","floor":10},{"not_picked":["WristCuter"],"picked":"Regret_ego","floor":14},{"not_picked":["CENSORED_ego"],"picked":"TheSmile","floor":16},{"not_picked":["Harvest","FourthMatchFlame"],"picked":"SKIP","floor":20}],"player_experience":154281,"relics_obtained":[{"floor":1,"key":"LetterFromLob"},{"floor":8,"key":"Vajra"},{"floor":9,"key":"Shuriken"},{"floor":10,"key":"Mercury Hourglass"},{"floor":14,"key":"Old Coin"}],"event_choices":[{"damage_healed":0,"gold_gain":175,"player_choice":"AGREE","damage_taken":0,"max_hp_gain":0,"max_hp_loss":0,"event_name":"Liars Game","floor":2,"gold_loss":0,"cards_obtained":["Doubt"]},{"damage_healed":0,"gold_gain":0,"player_choice":"Lose Max HP","damage_taken":0,"relics_obtained":["Golden Idol"],"max_hp_gain":0,"max_hp_loss":5,"event_name":"Golden Idol","floor":3,"gold_loss":0},{"damage_healed":0,"gold_gain":0,"player_choice":"2","damage_taken":0,"max_hp_gain":0,"max_hp_loss":0,"event_name":"betterMatch:BetterMatch","floor":4,"gold_loss":0,"cards_obtained":["betterMatch:CommonCard"]},{"damage_healed":0,"gold_gain":100,"player_choice":"Bet on Murderer","damage_taken":0,"max_hp_gain":0,"max_hp_loss":0,"event_name":"The Joust","floor":19,"gold_loss":50}],"is_beta":false,"boss_relics":[{"not_picked":["Ectoplasm","Fusion Hammer"],"picked":"Gem_Box"}],"items_purged_floors":[7],"is_endless":false,"potions_floor_spawned":[1,14,16],"killed_by":"Shell Parasite","ascension_level":1}}