{"host":"tuvyjqp461ike1dm","time":1613846793,"event":{"mods":["BaseMod","Downfall","Duelist Mod","Minty Spire (QoL Compilation)","Replay The Spire","StSLib","Wandering Minibosses"],"gold_per_floor":[145,200,10,10,85,85,118,137,137,157,176,233,233,247,247,344,344,358,358,375,223,223,223,226,226,253,8,42,61,71,71,71,174,174,192,209,209,225,245,272,292,292,316,326,357,376,393,121,121,121,121,121,18,52,52],"floor_reached":56,"language":"ENG","playtime":7503,"items_purged":["theDuelist:Sangan","theDuelist:CursedBill","theDuelist:CastleWalls"],"score":1199,"play_id":"4df147b1-bdea-44b2-a20e-264de247a3e6","local_time":"20210220134633","is_ascension_mode":false,"campfire_choices":[{"data":"theDuelist:WitchBlackRose","floor":6,"key":"SMITH"},{"data":"theDuelist:RainbowMagician","floor":23,"key":"SMITH"},{"data":"theDuelist:GrandSpellbookTower","floor":25,"key":"SMITH"},{"floor":32,"key":"RECALL"},{"data":"theDuelist:SkilledDarkMagician","floor":42,"key":"SMITH"},{"floor":49,"key":"REST"},{"data":"theDuelist:ThousandEyesIdol","floor":52,"key":"SMITH"}],"circlet_count":0,"master_deck":["theDuelist:CastleWalls","theDuelist:DarkMagician","theDuelist:MysticalElf","theDuelist:MysticalElf","theDuelist:NeoMagic","theDuelist:NeoMagic","theDuelist:Sparks","theDuelist:Sparks","theDuelist:Sparks","theDuelist:WitchBlackRose+1","theDuelist:InjectionFairy+1","theDuelist:SangaEarth+1","theDuelist:SpiritHarp","theDuelist:DarkMagicianGirl","theDuelist:ChangeHeart","theDuelist:BlizzardPrincess","theDuelist:LightningDarts","theDuelist:BigFire","theDuelist:ApprenticeIllusionMagician","theDuelist:RainbowMagician+1","theDuelist:DarkHorizon+1","theDuelist:WingedKuriboh","theDuelist:WitchBlackRose+1","theDuelist:GrandSpellbookTower+1","theDuelist:SwordsBurning","theDuelist:ThousandEyesIdol+1","theDuelist:GateGuardian","theDuelist:IrisEarthMother","theDuelist:StatueAnguishPattern","theDuelist:BlizzardPrincess+1","theDuelist:IrisEarthMother+1","theDuelist:SkilledDarkMagician+1","theDuelist:AncientElf+1","theDuelist:Electrowhip","Parasite","theDuelist:ThousandEyesIdol+1","theDuelist:RainbowDarkDragon","theDuelist:StatueAnguishPattern+1","theDuelist:AncientElf+1","theDuelist:PotGreed","theDuelist:GeminiElf","theDuelist:ApprenticeIllusionMagician+5"],"relics":["theDuelist:MillenniumPuzzle","theDuelist:CardPoolRelic","theDuelist:CardPoolBasicRelic","theDuelist:BoosterPackPoolRelic","theDuelist:CardPoolAddRelic","theDuelist:CardPoolMinusRelic","theDuelist:CardPoolSaveRelic","theDuelist:CardPoolOptionsRelic","NeowsBlessing","Basket Of Snakes","Tingsha","Gambling Chip","theDuelist:MerchantPendant","theDuelist:SummonAnchor","ReplayTheSpireMod:Ninjato","Snecko Heart","Enchiridion","DollysMirror","theDuelist:MillenniumSymbol","ReplayFunnel","MawBank","Thread and Needle","wanderingMiniBosses:Inkheart","Runic Pyramid","theDuelist:MillenniumArmor","Replay:Baseball","theDuelist:MerchantNecklace","theDuelist:AeroRelic","Anchor"],"acts_visited":["Exordium","TheCity","TheBeyond","TheEnding"],"potions_floor_usage":[12,16,24,28,30,30,40,40,45,54],"damage_taken":[{"damage":0,"enemies":"Jaw Worm","floor":1,"turns":1},{"damage":0,"enemies":"Jaw Worm","floor":2,"turns":1},{"damage":0,"enemies":"Gremlin Nob","floor":7,"turns":1},{"damage":0,"enemies":"Small Slimes","floor":8,"turns":2},{"damage":0,"enemies":"2 Louse","floor":10,"turns":1},{"damage":5,"enemies":"Blue Slaver","floor":11,"turns":3},{"damage":3,"enemies":"Lagavulin Event","floor":12,"turns":4},{"damage":4,"enemies":"Large Slime","floor":14,"turns":7},{"damage":6,"enemies":"Fading Forest","floor":16,"turns":11},{"damage":6,"enemies":"2 Thieves","floor":18,"turns":6},{"damage":0,"enemies":"3 Byrds","floor":20,"turns":3},{"damage":2,"enemies":"theDuelist:KaibaA2","floor":24,"turns":3},{"damage":0,"enemies":"Book of Stabbing","floor":28,"turns":3},{"damage":0,"enemies":"Centurion and Healer","floor":29,"turns":3},{"damage":3,"enemies":"Snake Plant","floor":30,"turns":4},{"damage":0,"enemies":"Automaton","floor":33,"turns":4},{"damage":0,"enemies":"3 Shapes","floor":35,"turns":2},{"damage":12,"enemies":"3 Darklings","floor":36,"turns":4},{"damage":6,"enemies":"4 Shapes","floor":38,"turns":4},{"damage":5,"enemies":"Jaw Worm Horde","floor":39,"turns":2},{"damage":16,"enemies":"Nemesis","floor":40,"turns":7},{"damage":0,"enemies":"Maw","floor":41,"turns":4},{"damage":0,"enemies":"Writhing Mass","floor":44,"turns":5},{"damage":0,"enemies":"Giant Head","floor":45,"turns":6},{"damage":12,"enemies":"Jaw Worm Horde","floor":46,"turns":5},{"damage":0,"enemies":"4 Shapes","floor":47,"turns":3},{"damage":1,"enemies":"Replay:Hell Engine","floor":50,"turns":6},{"damage":46,"enemies":"Shield and Spear","floor":54,"turns":4},{"damage":14,"enemies":"The Heart","floor":55,"turns":6}],"seed_played":"256848450543473054","potions_obtained":[{"floor":1,"key":"theDuelist:SealedPackB"},{"floor":7,"key":"Fruit Juice"},{"floor":11,"key":"Languid Potion"},{"floor":14,"key":"Weak Potion"},{"floor":16,"key":"theDuelist:SolderPotionB"},{"floor":20,"key":"theDuelist:VampireVial"},{"floor":24,"key":"theDuelist:VoidBottle"},{"floor":28,"key":"theDuelist:TributeBottle"},{"floor":29,"key":"theDuelist:BottledKuriboh"},{"floor":35,"key":"theDuelist:CoolBottle"},{"floor":36,"key":"Adrenaline Potion"},{"floor":40,"key":"Weak Potion"},{"floor":47,"key":"theDuelist:FreezingPotion"},{"floor":54,"key":"Flashbang"}],"is_trial":false,"path_per_floor":["M","?","$","?","?","R","E","M","T","M","M","?","?","M","R","B",null,"M","?","M","$","?","R","E","R","T","$","E","M","M","$","R","B",null,"M","M","?","M","M","E","M","R","T","M","E","M","M","$","R","B",null,"R","$","E","B",null],"character_chosen":"THE_DUELIST","items_purchased":["theDuelist:InjectionFairy+1","theDuelist:MerchantPendant","theDuelist:SangaEarth","theDuelist:SpiritHarp","DollysMirror","theDuelist:SwordsBurning","theDuelist:AeroRelic","theDuelist:PotGreed","theDuelist:GeminiElf"],"campfire_rested":1,"item_purchase_floors":[3,3,3,3,21,27,48,53,53],"current_hp_per_floor":[80,80,80,80,69,69,69,69,69,69,64,76,81,77,77,89,90,89,73,73,73,73,73,71,71,71,71,71,76,73,73,73,73,90,90,83,83,77,72,61,66,66,66,66,71,59,64,64,90,90,90,90,90,44,35],"gold":52,"neow_bonus":"THREE_ENEMY_KILL","is_daily":false,"chose_seed":false,"campfire_upgraded":5,"win_rate":0.0,"timestamp":1613846793,"path_taken":["M","?","$","?","?","R","E","M","T","M","?","?","?","M","R","BOSS","M","?","M","$","?","R","E","R","T","?","E","?","M","$","R","BOSS","M","?","?","M","M","E","M","R","T","M","E","M","M","$","R","BOSS","R","$","E","BOSS"],"items_purchased_type":["Card","Relic","Card","Card","Relic","Card","Relic","Card","Card"],"build_version":"2020-12-22","purchased_purges":3,"victory":true,"max_hp_per_floor":[80,80,80,80,80,80,80,80,80,80,80,85,90,90,90,90,90,90,90,90,90,90,90,90,90,90,90,90,90,90,90,90,90,90,90,90,90,90,90,90,90,90,90,90,90,90,90,90,90,90,90,90,90,90,90],"card_choices":[{"not_picked":["theDuelist:SangaThunder","theDuelist:NeoMagic","theDuelist:LordD","theDuelist:ThousandEyesIdol"],"picked":"theDuelist:WitchBlackRose","floor":1},{"not_picked":["theDuelist:AttackTheMoon","theDuelist:GaiaMidNightSun","theDuelist:WormWarlord","theDuelist:DestroyerGolem"],"picked":"theDuelist:Sangan","floor":2},{"not_picked":["theDuelist:NeoMagic","theDuelist:ThousandEyesIdol","theDuelist:WhiteMagicalHat","theDuelist:VoidExpansion"],"picked":"theDuelist:DarkMagicianGirl","floor":7},{"not_picked":["theDuelist:DarklordSuperbia","theDuelist:EvilswarmHeliotrope","theDuelist:Hinotama","theDuelist:DestroyerGolem"],"picked":"theDuelist:GauntletWarrior","floor":8},{"not_picked":["theDuelist:AttackTheMoon","theDuelist:Kuribohrn","theDuelist:BigEye","theDuelist:FeatherPho"],"picked":"theDuelist:ChangeHeart","floor":10},{"not_picked":["theDuelist:SangaThunder","theDuelist:DiffusionWaveMotion","theDuelist:SilentDoom","theDuelist:MythicalBeast"],"picked":"theDuelist:BlizzardPrincess","floor":11},{"not_picked":["theDuelist:SilentDoom+1","theDuelist:MagicalStone+1","theDuelist:SphereKuriboh","theDuelist:Wiretap"],"picked":"theDuelist:LightningDarts","floor":12},{"not_picked":["theDuelist:GilfordLegend","theDuelist:WormKing","theDuelist:BattleguardKing","theDuelist:FuryFire"],"picked":"theDuelist:BigFire","floor":14},{"not_picked":["theDuelist:RainbowDarkDragon","theDuelist:IrisEarthMother","theDuelist:RainbowKuriboh","theDuelist:RainbowOverdragon"],"picked":"theDuelist:RainbowMagician","floor":16},{"not_picked":["theDuelist:SpellShatteringArrow","theDuelist:CharcoalInpachi","theDuelist:InjectionFairy+1","theDuelist:CrystalWingDragon"],"picked":"theDuelist:DarkHorizon+1","floor":18},{"not_picked":["theDuelist:Hinotama","theDuelist:LightningDarts","theDuelist:MudragonSwamp","theDuelist:GilfordLegend"],"picked":"theDuelist:WingedKuriboh","floor":20},{"not_picked":["theDuelist:ExodiaHead","theDuelist:Wildfire","theDuelist:QueenDragunDjinn+1","theDuelist:GateGuardian"],"picked":"theDuelist:GrandSpellbookTower","floor":24},{"not_picked":["theDuelist:InjectionFairy","theDuelist:SpiritHarp","theDuelist:OnslaughtFireKings","theDuelist:Yami"],"picked":"theDuelist:ThousandEyesIdol","floor":28},{"not_picked":["theDuelist:MythicalBeast","theDuelist:SangaWater"],"picked":"theDuelist:GateGuardian","floor":29},{"not_picked":["theDuelist:BattleOx","theDuelist:BlackPendant","theDuelist:PotDichotomy","theDuelist:PreventRat","theDuelist:FrontierWiseman"],"picked":"SKIP","floor":30},{"not_picked":["theDuelist:RainbowDarkDragon","theDuelist:RainbowMagician","theDuelist:RainbowKuriboh","theDuelist:RainbowOverdragon"],"picked":"theDuelist:IrisEarthMother","floor":33},{"not_picked":["theDuelist:WhiteHowling+1","theDuelist:MagiciansRod","theDuelist:GoblinSecret"],"picked":"theDuelist:StatueAnguishPattern","floor":35},{"not_picked":["theDuelist:InfernoFireBlast+1","theDuelist:SangaWater+1"],"picked":"theDuelist:BlizzardPrincess+1","floor":36},{"not_picked":["theDuelist:SangaEarth+1","theDuelist:RainbowDarkDragon","theDuelist:GuardianAngel+1","theDuelist:VoidVanishment+1"],"picked":"theDuelist:IrisEarthMother+1","floor":38},{"not_picked":["theDuelist:SpellShatteringArrow+1","theDuelist:BlizzardWarrior","theDuelist:SangaThunder","theDuelist:InjectionFairy+1"],"picked":"theDuelist:SkilledDarkMagician","floor":39},{"not_picked":["theDuelist:SangaThunder","theDuelist:ThousandEyesIdol+1","theDuelist:OnslaughtFireKings","theDuelist:BlizzardWarrior+1"],"picked":"theDuelist:AncientElf+1","floor":40},{"not_picked":["theDuelist:LightningRodLord","theDuelist:HarpieFeather","theDuelist:Sangan+1","theDuelist:AttackTheMoon"],"picked":"theDuelist:Electrowhip","floor":41},{"not_picked":["theDuelist:MagicalBlast+1","theDuelist:CosmicHorrorGangiel","theDuelist:WonderWand+1","theDuelist:GiantTrunade"],"picked":"theDuelist:ThousandEyesIdol+1","floor":44},{"not_picked":["theDuelist:DarkPaladin","theDuelist:CrystalWingDragon+1","theDuelist:DiffusionWaveMotion","theDuelist:ExodiaNecross+1"],"picked":"theDuelist:RainbowDarkDragon","floor":45},{"not_picked":["theDuelist:MindAir","theDuelist:TimeWizard","theDuelist:BadReaction+1"],"picked":"theDuelist:StatueAnguishPattern+1","floor":46},{"not_picked":["theDuelist:InjectionFairy","theDuelist:DarkMagician","theDuelist:ExodiaLL+1","theDuelist:MysticalElf+1"],"picked":"theDuelist:AncientElf+1","floor":47},{"not_picked":["theDuelist:InfernoFireBlast+4","theDuelist:ClearKuriboh+2","theDuelist:FuryFire+4","theDuelist:Hinotama+5"],"picked":"theDuelist:ApprenticeIllusionMagician+5","floor":54}],"player_experience":35557,"relics_obtained":[{"floor":2,"key":"Basket Of Snakes"},{"floor":2,"key":"Tingsha"},{"floor":2,"key":"Gambling Chip"},{"floor":7,"key":"theDuelist:SummonAnchor"},{"floor":12,"key":"ReplayTheSpireMod:Ninjato"},{"floor":19,"key":"Enchiridion"},{"floor":24,"key":"ReplayFunnel"},{"floor":26,"key":"MawBank"},{"floor":28,"key":"Thread and Needle"},{"floor":30,"key":"wanderingMiniBosses:Inkheart"},{"floor":40,"key":"theDuelist:MillenniumArmor"},{"floor":43,"key":"Replay:Baseball"},{"floor":45,"key":"theDuelist:MerchantNecklace"},{"floor":54,"key":"Anchor"}],"event_choices":[{"damage_healed":0,"gold_gain":0,"player_choice":"Fight","duelist":true,"damage_taken":0,"max_hp_gain":0,"max_hp_loss":0,"event_name":"Battle City","floor":2,"gold_loss":0},{"damage_healed":0,"gold_gain":0,"player_choice":"Grow","damage_taken":0,"max_hp_gain":0,"max_hp_loss":0,"event_name":"Living Wall","floor":4,"gold_loss":0,"cards_upgraded":["theDuelist:SangaEarth"]},{"damage_healed":0,"gold_gain":75,"player_choice":"Gather Gold","damage_taken":11,"max_hp_gain":0,"max_hp_loss":0,"event_name":"World of Goop","floor":5,"gold_loss":0},{"damage_healed":0,"gold_gain":0,"player_choice":"Searched \u00272\u0027 times","damage_taken":0,"max_hp_gain":0,"max_hp_loss":0,"event_name":"Dead Adventurer","floor":12,"gold_loss":0},{"damage_healed":0,"gold_gain":0,"player_choice":"Donut","damage_taken":0,"max_hp_gain":5,"max_hp_loss":0,"event_name":"Big Fish","floor":13,"gold_loss":0},{"damage_healed":0,"gold_gain":0,"player_choice":"Obtained Book","damage_taken":16,"max_hp_gain":0,"max_hp_loss":0,"event_name":"Cursed Tome","floor":19,"gold_loss":0},{"damage_healed":0,"gold_gain":0,"player_choice":"Took item - Received: Millennium Symbol","duelist":true,"damage_taken":0,"max_hp_gain":0,"max_hp_loss":0,"event_name":"Millennium Items","floor":22,"gold_loss":0},{"damage_healed":0,"gold_gain":0,"player_choice":"Bought 0 Potions","damage_taken":0,"max_hp_gain":0,"max_hp_loss":0,"event_name":"The Woman in Blue","floor":37,"gold_loss":0}],"is_beta":false,"boss_relics":[{"not_picked":["Astrolabe","Runic Cube"],"picked":"Snecko Heart"},{"not_picked":["Kintsugi","HoveringKite"],"picked":"Runic Pyramid"}],"items_purged_floors":[3,27,48],"is_endless":false,"potions_floor_spawned":[1,7,11,14,16,20,24,28,29,35,36,40,47,54],"ascension_level":0}}