{"host":"l7l2v2zs4hqku4vk","time":1613794540,"event":{"mods":["Act Like it!","BaseMod","Colored Powertips","Downfall","Highlight Path","Minty Spire (QoL Compilation)","Replay The Spire","StSLib","TestMod","The Servant 0.9.4","óô»ðÖ¸ÄÏ"],"gold_per_floor":[113,113,38,53,53,53,83,100,100,100,100,126,126,163,163,249,249,266,266,266],"floor_reached":19,"language":"ZHS","playtime":1302,"items_purged":["Strike_B"],"score":366,"play_id":"e755f522-16fd-4779-aef9-929475e55e30","local_time":"20210220121540","is_ascension_mode":true,"campfire_choices":[{"data":"Genetic Algorithm","floor":6,"key":"SMITH"},{"data":"Zap","floor":13,"key":"SMITH"},{"data":"Dualcast","floor":15,"key":"SMITH"}],"circlet_count":0,"master_deck":["AscendersBane","Defend_B","Defend_B","Defend_B","Zap+1","Dualcast+1","Genetic Algorithm+1","Double Energy","Heatsinks","Amplify+1","Leap","Thunder Strike","Turbo","Creative AI+1"],"relics":["Cracked Core","testmod-TestBox","testmod-SaigiyounoYou","testmod-RealStoneCalender","Symbiotic Virus","CeramicFish","testmod-BloodSacrificeSpiritualization"],"acts_visited":["Exordium","TheCity"],"potions_floor_usage":[14,14],"damage_taken":[{"damage":3,"enemies":"2 Louse","floor":1,"turns":3},{"damage":12,"enemies":"Cultist","floor":4,"turns":5},{"damage":34,"enemies":"Replay:BlueRogue","floor":7,"turns":8},{"damage":1,"enemies":"Small Slimes","floor":8,"turns":3},{"damage":16,"enemies":"Lagavulin","floor":12,"turns":6},{"damage":21,"enemies":"3 Sentries","floor":14,"turns":5},{"damage":28,"enemies":"Hexaghost","floor":16,"turns":9},{"damage":22,"enemies":"Spheric Guardian","floor":18,"turns":5},{"damage":43,"enemies":"Shell Parasite","floor":19,"turns":3}],"seed_played":"3871646896790619191","potions_obtained":[{"floor":1,"key":"Strength Potion"},{"floor":7,"key":"Adrenaline Potion"},{"floor":14,"key":"bronze:BurnAndBuffPotion"}],"is_trial":false,"path_per_floor":["M","?","$","M","?","R","E","M","T","?","?","E","R","E","R","B",null,"M","M"],"character_chosen":"DEFECT","items_purchased":[],"campfire_rested":0,"item_purchase_floors":[],"current_hp_per_floor":[66,66,66,62,62,62,44,47,47,40,40,30,30,17,17,11,56,38,0,0],"gold":266,"neow_bonus":"TRANSFORM_CARD","is_daily":false,"chose_seed":false,"campfire_upgraded":3,"win_rate":0.0,"timestamp":1613794540,"path_taken":["M","?","$","?","?","R","E","M","T","?","?","E","R","E","R","BOSS","M","?"],"items_purchased_type":[],"build_version":"2020-12-22","purchased_purges":1,"victory":false,"max_hp_per_floor":[71,71,71,71,71,71,71,71,71,71,71,71,71,71,71,71,71,71,71,71],"card_choices":[{"not_picked":["Scrape","Auto Shields"],"picked":"Double Energy","floor":1},{"not_picked":["Leap","Redo"],"picked":"Heatsinks","floor":4},{"not_picked":["Go for the Eyes","Reprogram","Chill"],"picked":"SKIP","floor":7},{"not_picked":["ReplaySolidLightProjector","Hello World"],"picked":"Leap","floor":8},{"not_picked":["Lockon","Hello World","FTL"],"picked":"SKIP","floor":12},{"not_picked":["ReplayGash","Sweeping Beam"],"picked":"Turbo","floor":14},{"not_picked":["Amplify","Fission"],"picked":"Creative AI","floor":16},{"not_picked":["Crystallizer","Rebound","ReplaySolidLightProjector"],"picked":"SKIP","floor":18}],"player_experience":1829827,"relics_obtained":[{"floor":7,"key":"testmod-RealStoneCalender"},{"floor":12,"key":"Symbiotic Virus"},{"floor":14,"key":"CeramicFish"}],"event_choices":[{"damage_healed":0,"gold_gain":0,"player_choice":"0 cards matched","damage_taken":0,"max_hp_gain":0,"max_hp_loss":0,"event_name":"Match and Keep!","floor":2,"gold_loss":0,"cards_obtained":[]},{"cards_removed":["Strike_B"],"damage_healed":0,"gold_gain":0,"player_choice":"Card Removal","damage_taken":7,"max_hp_gain":0,"max_hp_loss":0,"event_name":"Golden Wing","floor":10,"gold_loss":0},{"damage_healed":0,"gold_gain":0,"cards_transformed":["Defend_B"],"player_choice":"Transformed","damage_taken":0,"max_hp_gain":0,"max_hp_loss":0,"event_name":"Transmorgrifier","floor":11,"gold_loss":0,"cards_obtained":["Thunder Strike"]}],"is_beta":false,"boss_relics":[{"not_picked":["Replay:Drink Me","testmod-KeyOfTheVoid"],"picked":"testmod-BloodSacrificeSpiritualization"}],"items_purged_floors":[3],"is_endless":false,"potions_floor_spawned":[1,7,14],"killed_by":"Shell Parasite","ascension_level":20}}