{"host":"Koishi","time":1613858557,"event":{"mods":["2.2 Compatiblity","AchievementEnabler","Act Like it!","BaseMod","Better Match","Better Note","Better Sensory Stone","Better Third Choice","Colored Powertips","Gensokyo","Good Game Mod","Hermit","Koishi","Lobotomy","LobotomyExtend","Marisa（霧雨　魔理沙）","Minty Spire (QoL Compilation)","Monster B Gone","Quick Restart","Rare Cards Sparkle","Reimu（博??梦）","Relic Filter Mod","Relic Stats","Ruina","Spicy Shops","StSLib","The Construct"],"gold_per_floor":[114,130,147,157,43,75,75,102,129,129,142,142,12,44,44,147,147,165,165,165,184,57,57,57,57],"floor_reached":24,"language":"ENG","playtime":1331,"items_purged":[],"score":223,"play_id":"ac44550d-c578-4663-84a8-ca7e99c630c8","local_time":"20210220170237","is_ascension_mode":true,"campfire_choices":[{"data":"hermit:HighNoon","floor":7,"key":"SMITH"},{"data":"hermit:FullyLoaded","floor":15,"key":"SMITH"},{"data":"hermit:Feint","floor":23,"key":"SMITH"}],"circlet_count":0,"master_deck":["hermit:Strike_Hermit","hermit:Strike_Hermit","hermit:Strike_Hermit","hermit:Strike_Hermit","hermit:Defend_Hermit","hermit:Defend_Hermit","hermit:Defend_Hermit","hermit:Snapshot","hermit:Covet","hermit:HighNoon+1","hermit:Malice","WallGazer","hermit:FullyLoaded+1","MHz","Variant","hermit:Vantage","hermit:Feint+1","hermit:Determination","hermit:Snipe","OSAHOGD","hermit:Showdown+1","UniverseFragment","hermit:HoleUp","hermit:FlashPowder+1","hermit:Gambit+1","hermit:LowProfile+1"],"relics":["hermit:Momento","REME:ComplimentaryCards","CogitoBucket","LetterFromLob","Thread and Needle","Vajra","Potion Belt","AdjustmentMirror","Toxic Egg 2","Bag of Marbles","Black Star","MagicBullet_r","Shuriken"],"acts_visited":["Gensokyo:Gensokyo","ruina:Briah"],"potions_floor_usage":[8],"damage_taken":[{"damage":3,"enemies":"Gensokyo:3_Fairies","floor":1,"turns":3},{"damage":7,"enemies":"Gensokyo:2_Kodama","floor":2,"turns":3},{"damage":8,"enemies":"Gensokyo:Python","floor":3,"turns":4},{"damage":6,"enemies":"Gensokyo:VengefulSpirit","floor":4,"turns":5},{"damage":20,"enemies":"Gensokyo:Mamizou","floor":6,"turns":10},{"damage":16,"enemies":"Gensokyo:Cirno","floor":8,"turns":7},{"damage":27,"enemies":"Gensokyo:LivingMonolith","floor":11,"turns":9},{"damage":12,"enemies":"Gensokyo:Aya","floor":14,"turns":3},{"damage":10,"enemies":"Gensokyo:Yukari","floor":16,"turns":15},{"damage":10,"enemies":"ruina:2_Scarecrows","floor":18,"turns":7},{"damage":19,"enemies":"ruina:BadWolf","floor":21,"turns":6},{"damage":50,"enemies":"ruina:RoadHome","floor":24,"turns":8}],"seed_played":"-7573804217984711139","potions_obtained":[{"floor":1,"key":"FairyPotion"},{"floor":4,"key":"Strength Potion"},{"floor":6,"key":"DuplicationPotion"},{"floor":14,"key":"Fruit Juice"},{"floor":21,"key":"DuplicationPotion"}],"is_trial":false,"path_per_floor":["M","M","M","M","$","E","R","E","T","?","M","?","$","E","R","B",null,"M","$","M","M","$","R","E"],"character_chosen":"HERMIT","items_purchased":["hermit:Feint","hermit:Determination","Toxic Egg 2","Shuriken"],"campfire_rested":0,"item_purchase_floors":[5,5,13,22],"current_hp_per_floor":[72,65,57,51,51,31,31,15,15,15,16,39,39,27,27,17,75,65,65,65,46,46,46,0,0],"gold":57,"neow_bonus":"","is_daily":false,"chose_seed":false,"campfire_upgraded":3,"win_rate":0.0,"timestamp":1613858557,"path_taken":["M","M","M","?","?","E","R","E","T","?","M","?","?","E","R","BOSS","M","$","?","M","$","R","E"],"items_purchased_type":["Card","Card","Relic","Relic"],"build_version":"2020-12-18","purchased_purges":0,"victory":false,"max_hp_per_floor":[75,75,75,75,75,75,75,75,75,75,75,75,75,75,75,75,75,75,75,75,75,75,75,75,75],"relic_stats":{"counters":[13,81],"Shuriken":[1],"Black Star":0,"obtain_stats":[{"Potion Belt":9,"MagicBullet_r":20,"Vajra":8,"Thread and Needle":6,"AdjustmentMirror":11,"Frozen Eye":18,"REME:ComplimentaryCards":0,"CogitoBucket":0,"Shuriken":22,"LetterFromLob":1,"Bag of Marbles":14,"Black Star":17,"Toxic Egg 2":13,"hermit:Momento":0},{"Potion Belt":6,"MagicBullet_r":11,"Vajra":6,"Thread and Needle":5,"AdjustmentMirror":8,"Frozen Eye":10,"REME:ComplimentaryCards":0,"CogitoBucket":0,"Shuriken":12,"LetterFromLob":1,"Bag of Marbles":9,"Black Star":10,"Toxic Egg 2":8,"hermit:Momento":0},{"Potion Belt":32,"MagicBullet_r":67,"Vajra":32,"Thread and Needle":25,"AdjustmentMirror":42,"Frozen Eye":60,"REME:ComplimentaryCards":0,"CogitoBucket":0,"Shuriken":73,"LetterFromLob":3,"Bag of Marbles":45,"Black Star":60,"Toxic Egg 2":42,"hermit:Momento":0}]},"card_choices":[{"not_picked":["hermit:Quickdraw","hermit:SprayPray"],"picked":"hermit:Malice","floor":1},{"not_picked":["VoidDream","BeautyBeast","Bloodbath"],"picked":"Singing Bowl","floor":1},{"not_picked":["ShyLook","MeatLantern"],"picked":"WallGazer","floor":1},{"not_picked":["hermit:Reprieve","hermit:LoneWolf"],"picked":"hermit:FullyLoaded","floor":2},{"not_picked":["OldLady","MeatLantern","Bloodbath"],"picked":"Singing Bowl","floor":2},{"not_picked":["Murderer","Porccubus"],"picked":"MHz","floor":2},{"not_picked":["FairyFestival","Wellcheers"],"picked":"Variant","floor":3},{"not_picked":["hermit:Vantage","hermit:HoleUp","hermit:Manifest"],"picked":"SKIP","floor":3},{"not_picked":["hermit:Vantage","hermit:HoleUp","hermit:Manifest"],"picked":"SKIP","floor":3},{"not_picked":["hermit:HoleUp","hermit:TrackingShot"],"picked":"hermit:Vantage","floor":4},{"not_picked":["CherryBlossoms","BeautyBeast","MeatLantern"],"picked":"Singing Bowl","floor":4},{"not_picked":["Bloodbath","Murderer","Alriune"],"picked":"Singing Bowl","floor":6},{"not_picked":["hermit:WideOpen","hermit:Malice","hermit:Deadeye"],"picked":"SKIP","floor":6},{"not_picked":["hermit:Vantage","hermit:Misfire"],"picked":"hermit:Snipe","floor":8},{"not_picked":["Scorched","Laetitia","DespairKnight"],"picked":"Singing Bowl","floor":8},{"not_picked":["SingingMachine","Yin"],"picked":"OSAHOGD","floor":8},{"not_picked":["Porccubus","Wellcheers"],"picked":"UniverseFragment","floor":11},{"not_picked":["hermit:TakeAim","hermit:TrackingShot"],"picked":"hermit:HoleUp","floor":11},{"not_picked":["hermit:Deadeye","hermit:ItchyTrigger"],"picked":"hermit:FlashPowder+1","floor":14},{"not_picked":["VoidDream","Wellcheers","CherryBlossoms"],"picked":"Singing Bowl","floor":14},{"not_picked":["hermit:RoundhouseKick","hermit:DeadOrAlive"],"picked":"hermit:Gambit+1","floor":16},{"not_picked":["Yin","PunishingBird","MeatLantern"],"picked":"Singing Bowl","floor":16},{"not_picked":["VoidDream","CrumblingArmor","LaLuna"],"picked":"Singing Bowl","floor":18},{"not_picked":["hermit:Desperado","hermit:Glare+1","hermit:Vantage+1"],"picked":"SKIP","floor":18},{"not_picked":["hermit:HighCaliber","hermit:HoleUp+1"],"picked":"hermit:LowProfile+1","floor":21},{"not_picked":["Freischutz","BigBird","ShyLook"],"picked":"Singing Bowl","floor":21}],"player_experience":234645,"relics_obtained":[{"floor":1,"key":"LetterFromLob"},{"floor":6,"key":"Thread and Needle"},{"floor":8,"key":"Vajra"},{"floor":9,"key":"Potion Belt"},{"floor":14,"key":"Bag of Marbles"}],"event_choices":[],"is_beta":true,"boss_relics":[{"not_picked":["Fusion Hammer","Sozu"],"picked":"Black Star"}],"items_purged_floors":[],"is_endless":false,"potions_floor_spawned":[1,4,6,14,21],"killed_by":"ruina:RoadHome","ascension_level":1}}