{"host":"51qmnr9isyv85d0p","time":1613791536,"event":{"mods":["AchievementEnabler","BaseMod","Colored Map","Colored Powertips","Curses Come First","Downfall","Minty Spire (QoL Compilation)","Red Circlet Mod","Relic Stats","Replay The Spire","StSLib","TestMod"],"gold_per_floor":[11300,11700,11700,10658,9648,9648,9664,9699,9769,9802,9815,9842,9853,9869,9869,9973,9973,9983,10001,9149,9149,9166,9198,9217,9228,9275,9275,9275,8580,8580,8606,8606,8710,8710,8728,7907,7925,7925,7951,7951,8002,8002,8050,8091,8091,8125,8146,7347,7347,7354],"floor_reached":51,"language":"ZHS","playtime":2078,"items_purged":["Strike_G","Defend_G","Strike_G","downfall:Bewildered","Defend_G","Strike_G"],"score":1289,"play_id":"81920005-21c4-40c0-9c1a-7a77c5b96340","local_time":"20210220112536","is_ascension_mode":true,"campfire_choices":[{"data":"Distraction","floor":6,"key":"SMITH"},{"data":"Distraction","floor":15,"key":"SMITH"},{"data":"ReplayTheSpireMod:Scrap Shanks","floor":28,"key":"SMITH"},{"data":"A Thousand Cuts","floor":32,"key":"SMITH"},{"data":"Choke","floor":40,"key":"SMITH"},{"data":"Madness","floor":42,"key":"SMITH"},{"data":"Pot Of Greed","floor":49,"key":"SMITH"}],"circlet_count":0,"master_deck":["Strike_G","Strike_G","Defend_G","Defend_G","Survivor","Neutralize","Slice","Distraction+1","All Out Attack","testmod-PocketStoneCalender","Swift Strike","Finisher","Escape Plan","Deflect","Die Die Die","Distraction+1","Backflip","A Thousand Cuts+1","Choke+1","Panacea","Blade Dance","Dodge and Roll+1","ReplayTheSpireMod:Scrap Shanks+1","Infinite Blades","Die Die Die","Slice","Bane","Quick Slash+1","ReplayTheSpireMod:Speed Training","Madness+1","Madness+1","Blade Dance+1","Bouncing Flask+1","Pot Of Greed+1","Pot Of Greed","Pot Of Greed","Backstab+1"],"relics":["Ring of the Snake","testmod-GiftOfSatan","Replay:Accelerometer","Replay:Mystery Machine","Sling","HornCleat","testmod-InfectionSource","Frozen Eye","Snake Skull","Replay:WaspNest","Happy Flower","Ginger","testmod-Fanaticism","testmod-IntensifyImprint","Strawberry","Orrery","Dream Catcher","Bag of Preparation","sneckomod:BabySnecko","Omamori","Paper Crane","Golden Egg","testmod-DeterminationOfClimber","Blue Candle","Quantum Egg","testmod-Register","Tingsha","Grinning Jar","Chameleon Ring","Bag of Marbles","testmod-EqualTreatment","Toolbox","Replay:Baseball"],"acts_visited":["Exordium","TheCity","TheBeyond"],"potions_floor_usage":[8,8,10,16,16],"damage_taken":[{"damage":0,"enemies":"Small Slimes","floor":1,"turns":3},{"damage":0,"enemies":"Jaw Worm","floor":7,"turns":3},{"damage":0,"enemies":"3 Sentries","floor":8,"turns":4},{"damage":0,"enemies":"Gremlin Nob","floor":10,"turns":3},{"damage":0,"enemies":"Cultist","floor":11,"turns":2},{"damage":0,"enemies":"Lagavulin","floor":12,"turns":3},{"damage":0,"enemies":"3 Louse","floor":13,"turns":1},{"damage":0,"enemies":"Exordium Thugs","floor":14,"turns":2},{"damage":26,"enemies":"Hexaghost","floor":16,"turns":3},{"damage":25,"enemies":"2 Thieves","floor":18,"turns":2},{"damage":17,"enemies":"Shell Parasite","floor":19,"turns":2},{"damage":15,"enemies":"Cultist and Chosen","floor":22,"turns":2},{"damage":0,"enemies":"Book of Stabbing","floor":23,"turns":1},{"damage":0,"enemies":"Sentry and Sphere","floor":24,"turns":2},{"damage":32,"enemies":"Snake Plant","floor":25,"turns":1},{"damage":0,"enemies":"Gremlin Leader","floor":31,"turns":2},{"damage":0,"enemies":"Collector","floor":33,"turns":2},{"damage":0,"enemies":"3 Shapes","floor":35,"turns":1},{"damage":0,"enemies":"3 Darklings","floor":37,"turns":1},{"damage":0,"enemies":"Writhing Mass","floor":39,"turns":1},{"damage":0,"enemies":"2 Orb Walkers","floor":41,"turns":1},{"damage":0,"enemies":"R_Hoarder","floor":44,"turns":2},{"damage":0,"enemies":"Reptomancer","floor":46,"turns":1},{"damage":0,"enemies":"Sphere and 2 Shapes","floor":47,"turns":1},{"damage":0,"enemies":"Time Eater","floor":50,"turns":1}],"seed_played":"8723213983658788858","potions_obtained":[{"floor":8,"key":"Cursed Concoction"},{"floor":10,"key":"Regen Potion"},{"floor":12,"key":"Dexterity Potion"},{"floor":16,"key":"Guardian:BlockOnCardUsePotion"},{"floor":19,"key":"PowerPotion"},{"floor":23,"key":"Dexterity Potion"}],"is_trial":false,"path_per_floor":["M","?","?","$","$","R","M","E","T","E","M","E","M","M","R","B",null,"M","M","$","?","M","E","M","M","T","?","R","$","?","E","R","B",null,"M","$","M","?","M","R","?","R","T","E","?","E","M","$","R","B",null],"character_chosen":"THE_SILENT","items_purchased":["Replay:Accelerometer","Replay:Mystery Machine","Sling","Distraction","All Out Attack","testmod-PocketStoneCalender","Weak Potion","EssenceOfSteel","PowerPotion","HornCleat","testmod-InfectionSource","Frozen Eye","Swift Strike","Finisher","Escape Plan","Strength Potion","testmod-IntensifyImprint","Strawberry","Panacea","Blade Dance","Orrery","Omamori","Paper Crane","EntropicBrew","Bane","Blue Candle","Quantum Egg","testmod-Register","testmod-EqualTreatment","Toolbox","Replay:Baseball"],"campfire_rested":0,"item_purchase_floors":[4,4,4,4,4,4,4,4,4,5,5,5,5,5,5,5,20,20,20,20,20,29,29,29,29,36,36,36,48,48,48],"current_hp_per_floor":[87,87,87,87,87,87,87,87,87,87,87,87,87,87,87,61,87,87,87,94,88,94,94,94,76,76,76,76,76,76,76,76,76,94,94,94,94,82,90,90,94,94,94,94,94,94,94,94,94,94],"gold":7354,"neow_bonus":"TEN_PERCENT_HP_BONUS","is_daily":false,"chose_seed":false,"campfire_upgraded":7,"win_rate":0.0,"timestamp":1613791536,"path_taken":["M","?","?","?","$","R","M","E","T","E","?","E","M","M","R","BOSS","M","M","$","?","M","E","?","M","T","?","R","$","?","E","R","BOSS","M","$","M","?","M","R","?","R","T","E","?","E","?","$","R","BOSS"],"items_purchased_type":["Relic","Relic","Relic","Card","Card","Card","Potion","Potion","Potion","Relic","Relic","Relic","Card","Card","Card","Potion","Relic","Relic","Card","Card","Relic","Relic","Relic","Potion","Card","Relic","Relic","Relic","Relic","Relic","Relic"],"build_version":"2020-12-22","purchased_purges":6,"victory":true,"max_hp_per_floor":[87,87,87,87,87,87,87,87,87,87,87,87,87,87,87,87,87,87,87,94,94,94,94,94,94,94,94,94,94,94,94,94,94,94,94,94,94,94,94,94,94,94,94,94,94,94,94,94,94,94],"relic_stats":{"Dream Catcher":0,"Happy Flower":[11],"counters":[25,47],"Blue Candle":[0],"Tingsha":[19],"Snake Skull":[175],"Bag of Preparation":[20],"Ginger":[0],"obtain_stats":[{"Replay:Accelerometer":4,"Golden Egg":31,"testmod-EqualTreatment":48,"Snake Skull":8,"Bag of Preparation":26,"Ginger":12,"Replay:Mystery Machine":4,"Sling":4,"Frozen Eye":5,"testmod-Fanaticism":17,"Dream Catcher":23,"HornCleat":5,"Chameleon Ring":44,"Strawberry":20,"Toolbox":48,"testmod-DeterminationOfClimber":34,"testmod-InfectionSource":5,"Ring of the Snake":0,"testmod-IntensifyImprint":20,"testmod-TestBox":0,"Happy Flower":10,"testmod-Register":36,"Blue Candle":36,"Quantum Egg":36,"Tingsha":41,"Replay:WaspNest":9,"Omamori":29,"Paper Crane":29,"sneckomod:BabySnecko":27,"Replay:Baseball":48,"testmod-GiftOfSatan":0,"Orrery":20,"Bag of Marbles":46,"Grinning Jar":43},{"Replay:Accelerometer":1,"Golden Egg":16,"testmod-EqualTreatment":24,"Snake Skull":3,"Bag of Preparation":15,"Ginger":6,"Replay:Mystery Machine":1,"Sling":1,"Frozen Eye":1,"testmod-Fanaticism":9,"Dream Catcher":13,"HornCleat":1,"Chameleon Ring":22,"Strawberry":11,"Toolbox":24,"testmod-DeterminationOfClimber":17,"testmod-InfectionSource":1,"Ring of the Snake":0,"testmod-IntensifyImprint":11,"testmod-TestBox":0,"Happy Flower":4,"testmod-Register":18,"Blue Candle":18,"Quantum Egg":18,"Tingsha":21,"Replay:WaspNest":3,"Omamori":15,"Paper Crane":15,"sneckomod:BabySnecko":15,"Replay:Baseball":24,"testmod-GiftOfSatan":0,"Orrery":11,"Bag of Marbles":23,"Grinning Jar":21},{"Replay:Accelerometer":3,"Golden Egg":36,"testmod-EqualTreatment":46,"Snake Skull":10,"Bag of Preparation":34,"Ginger":18,"Replay:Mystery Machine":3,"Sling":3,"Frozen Eye":3,"testmod-Fanaticism":24,"Dream Catcher":31,"HornCleat":3,"Chameleon Ring":44,"Strawberry":28,"Toolbox":46,"testmod-DeterminationOfClimber":38,"testmod-InfectionSource":3,"Ring of the Snake":0,"testmod-IntensifyImprint":28,"testmod-TestBox":0,"Happy Flower":13,"testmod-Register":39,"Blue Candle":39,"Quantum Egg":39,"Tingsha":42,"Replay:WaspNest":10,"Omamori":34,"Paper Crane":34,"sneckomod:BabySnecko":34,"Replay:Baseball":46,"testmod-GiftOfSatan":0,"Orrery":28,"Bag of Marbles":45,"Grinning Jar":42}],"Ring of the Snake":[50]},"card_choices":[{"not_picked":["Sucker Punch","Choke"],"picked":"Slice","floor":1},{"not_picked":["Deadly Poison","ReplayTheSpireMod:The Works"],"picked":"Deflect","floor":7},{"not_picked":["Slice","Underhanded Strike","Tactician"],"picked":"SKIP","floor":8},{"not_picked":["All Out Attack","Sucker Punch"],"picked":"Die Die Die","floor":10},{"not_picked":["Dagger Spray","Escape Plan","Eviscerate"],"picked":"SKIP","floor":11},{"not_picked":["Acrobatics","Slice"],"picked":"Distraction","floor":12},{"not_picked":["Underhanded Strike","Leg Sweep"],"picked":"Backflip","floor":13},{"not_picked":["Finisher","Caltrops","Crippling Poison"],"picked":"SKIP","floor":14},{"not_picked":["Phantasmal Killer","Venomology"],"picked":"A Thousand Cuts","floor":16},{"not_picked":["Dagger Throw","Acrobatics+1","Caltrops"],"picked":"SKIP","floor":18},{"not_picked":["Prepared","Quick Slash"],"picked":"Choke","floor":19},{"not_picked":["Poisoned Stab","Underhanded Strike"],"picked":"Dodge and Roll+1","floor":20},{"not_picked":["All Out Attack","Tactician"],"picked":"ReplayTheSpireMod:Scrap Shanks","floor":20},{"not_picked":["Dash","Hidden Blade"],"picked":"Infinite Blades","floor":20},{"not_picked":["Dagger Spray+1","Noxious Fumes"],"picked":"Die Die Die","floor":22},{"not_picked":["PiercingWail","Dodge and Roll"],"picked":"Slice","floor":23},{"not_picked":["Caltrops","Flying Knee","Predator"],"picked":"SKIP","floor":24},{"not_picked":["PiercingWail","Expertise","Prepared"],"picked":"SKIP","floor":25},{"not_picked":["ReplayTheSpireMod:From All Sides","Acrobatics+1","Poison Darts"],"picked":"SKIP","floor":31},{"not_picked":["PiercingWail","Fluid Movement"],"picked":"Quick Slash+1","floor":35},{"not_picked":["All Out Attack","Flechettes+1"],"picked":"ReplayTheSpireMod:Speed Training","floor":37},{"not_picked":["Distraction+1","Deflect+1"],"picked":"Blade Dance+1","floor":39},{"not_picked":["Skewer+1","Dagger Throw"],"picked":"Bouncing Flask+1","floor":41},{"not_picked":["Underhanded Strike+1","Hidden Blade+1"],"picked":"Backstab+1","floor":44},{"not_picked":["Poison Darts","Sucker Punch","Prepared+1"],"picked":"SKIP","floor":46},{"not_picked":["Distraction+1","Eviscerate+1","Underhanded Strike"],"picked":"SKIP","floor":47}],"player_experience":129392,"relics_obtained":[{"floor":8,"key":"Snake Skull"},{"floor":9,"key":"Replay:WaspNest"},{"floor":10,"key":"Happy Flower"},{"floor":12,"key":"Ginger"},{"floor":23,"key":"Dream Catcher"},{"floor":26,"key":"Bag of Preparation"},{"floor":31,"key":"Golden Egg"},{"floor":41,"key":"Tingsha"},{"floor":43,"key":"Grinning Jar"},{"floor":44,"key":"Chameleon Ring"},{"floor":46,"key":"Bag of Marbles"}],"event_choices":[{"damage_healed":0,"gold_gain":400,"player_choice":"Sell","damage_taken":0,"max_hp_gain":0,"max_hp_loss":0,"event_name":"¶÷ÂåË¹µÄÅÌ×Ó","floor":2,"relics_lost":["testmod-TestBox"],"gold_loss":0},{"cards_removed":["Defend_G"],"damage_healed":0,"gold_gain":0,"player_choice":"Forget","damage_taken":0,"max_hp_gain":0,"max_hp_loss":0,"event_name":"Living Wall","floor":3,"gold_loss":0},{"damage_healed":0,"gold_gain":0,"player_choice":"","damage_taken":6,"max_hp_gain":0,"max_hp_loss":0,"event_name":"Knowing Skull","floor":21,"potions_obtained":[],"gold_loss":0,"cards_obtained":[]},{"damage_healed":0,"gold_gain":0,"player_choice":"Ignored","damage_taken":0,"max_hp_gain":0,"max_hp_loss":0,"event_name":"Vampires","floor":30,"gold_loss":0},{"damage_healed":0,"gold_gain":0,"player_choice":"Embrace Madness","damage_taken":12,"max_hp_gain":0,"max_hp_loss":0,"event_name":"Winding Halls","floor":38,"gold_loss":0,"cards_obtained":["Madness","Madness"]},{"damage_healed":0,"gold_gain":0,"player_choice":"Fight","damage_taken":0,"max_hp_gain":0,"max_hp_loss":0,"event_name":"Mysterious Sphere","floor":41,"gold_loss":0},{"damage_healed":0,"gold_gain":0,"player_choice":"Upgraded","damage_taken":0,"max_hp_gain":0,"max_hp_loss":0,"event_name":"Upgrade Shrine","floor":45,"gold_loss":0,"cards_upgraded":["Madness"]}],"is_beta":false,"boss_relics":[{"not_picked":["Replay:Drink Me","testmod-BatchProcessingSystem"],"picked":"testmod-Fanaticism"},{"not_picked":["Kintsugi","testmod-Recursion"],"picked":"testmod-DeterminationOfClimber"}],"items_purged_floors":[4,5,20,29,36,48],"is_endless":false,"potions_floor_spawned":[8,10,12,14,16,19,23,31,33,39,41,46],"ascension_level":2}}