{"host":"mithrandi","time":1613841188,"event":{"mods":["BaseMod","Colored Map","Highlight Path","Minty Spire (QoL Compilation)","SuperFastMode"],"gold_per_floor":[20,20,36,54,66,66,98,98,98,115,146,159,219,219,219,219,219],"floor_reached":16,"language":"ENG","playtime":1373,"items_purged":[],"score":224,"play_id":"b4b084ed-c51a-45ae-a6b9-d7b20984d51e","local_time":"20210220191308","is_ascension_mode":true,"campfire_choices":[{"data":"Carnage","floor":6.0,"key":"SMITH"},{"data":"Cleave","floor":8.0,"key":"SMITH"},{"floor":15.0,"key":"REST"}],"circlet_count":0,"master_deck":["AscendersBane","Strike_R+1","Strike_R+1","Defend_R","Defend_R","Defend_R","Defend_R","Bash","Twin Strike","Pommel Strike","Carnage+1","Cleave+1","Anger","Disarm"],"relics":["Burning Blood","Whetstone","Tiny Chest","Gremlin Horn","Gambling Chip"],"acts_visited":["Exordium"],"potions_floor_usage":[16,16],"damage_taken":[{"damage":12.0,"enemies":"Cultist","floor":1.0,"turns":4.0},{"damage":6.0,"enemies":"Small Slimes","floor":3.0,"turns":5.0},{"damage":5.0,"enemies":"2 Louse","floor":4.0,"turns":4.0},{"damage":16.0,"enemies":"Blue Slaver","floor":5.0,"turns":4.0},{"damage":19.0,"enemies":"3 Sentries","floor":7.0,"turns":5.0},{"damage":17.0,"enemies":"Lots of Slimes","floor":10.0,"turns":3.0},{"damage":8.0,"enemies":"Gremlin Nob","floor":11.0,"turns":3.0},{"damage":9.0,"enemies":"Red Slaver","floor":12.0,"turns":3.0},{"damage":8.0,"enemies":"Gremlin Nob","floor":13.0,"turns":3.0},{"damage":37,"enemies":"The Guardian","floor":16,"turns":12}],"seed_played":"7113713413799963287","potions_obtained":[{"floor":3.0,"key":"EntropicBrew"},{"floor":7.0,"key":"Strength Potion"},{"floor":12.0,"key":"ColorlessPotion"},{"floor":13.0,"key":"LiquidBronze"}],"is_trial":false,"path_per_floor":["M","$","M","M","M","R","E","R","T","M","E","M","?","?","R","B"],"character_chosen":"IRONCLAD","items_purchased":[],"campfire_rested":1,"item_purchase_floors":[],"current_hp_per_floor":[62,62,62,63,53,53,40,40,40,29,27,24,22,15,37,0,0],"gold":219,"neow_bonus":"REMOVE_TWO","is_daily":false,"chose_seed":false,"campfire_upgraded":2,"win_rate":0.0,"timestamp":1613841188,"path_taken":["M","?","M","M","M","R","E","R","T","M","E","M","?","?","R","BOSS"],"items_purchased_type":[],"build_version":"2020-12-18","purchased_purges":0,"victory":false,"max_hp_per_floor":[75,75,75,75,75,75,75,75,75,75,75,75,75,75,75,75,75],"card_choices":[{"not_picked":["Armaments","Thunderclap"],"picked":"Twin Strike","floor":1.0},{"not_picked":["Rage","Entrench"],"picked":"Pommel Strike","floor":3.0},{"not_picked":["Thunderclap","Heavy Blade"],"picked":"Carnage","floor":4.0},{"not_picked":["Clothesline","Pummel"],"picked":"Cleave","floor":5.0},{"not_picked":["Clash","Burning Pact","Body Slam"],"picked":"SKIP","floor":7.0},{"not_picked":["Clash","Burning Pact","Body Slam"],"picked":"SKIP","floor":7.0},{"not_picked":["Bloodletting","Twin Strike","Evolve"],"picked":"SKIP","floor":10.0},{"not_picked":["Wild Strike","Armaments"],"picked":"Anger","floor":11.0},{"not_picked":["Feel No Pain","Carnage"],"picked":"Disarm","floor":12.0}],"player_experience":3028630,"relics_obtained":[{"floor":7.0,"key":"Whetstone"},{"floor":9.0,"key":"Tiny Chest"},{"floor":11.0,"key":"Gremlin Horn"},{"floor":13.0,"key":"Gambling Chip"}],"event_choices":[{"damage_healed":0.0,"max_hp_gain":0.0,"max_hp_loss":0.0,"gold_gain":0.0,"event_name":"Dead Adventurer","player_choice":"Searched \u00271\u0027 times","floor":13.0,"gold_loss":0.0,"damage_taken":0.0},{"cards_removed":["Strike_R"],"damage_healed":0.0,"max_hp_gain":0.0,"max_hp_loss":0.0,"gold_gain":0.0,"event_name":"Golden Wing","player_choice":"Card Removal","floor":14.0,"gold_loss":0.0,"damage_taken":7.0}],"is_beta":true,"boss_relics":[],"items_purged_floors":[],"is_endless":false,"potions_floor_spawned":[3,7,12,13],"killed_by":"The Guardian","ascension_level":20}}