{"host":"u0qetpmu4y58k1tf","time":1613787419,"event":{"mods":["100% Spire Juice","AchievementEnabler","Act Like it!","BaseMod","CapriCore","Colored Map","Colored Powertips","Hermit","Koishi","Marisa£¨Ùöéë¡¡Øª×âÞÞ£©","Minty Spire (QoL Compilation)","Quick Restart","Reliquary","Replay The Spire","StSLib","Td1madao Mod","The Bug Knight","The Cursed","The Dragon Tamer","The Gatherer","The Hierophant","The Immortal","The Jungle","The Runesmith","WarShipGirlsR/??á´Ò³R mod"],"gold_per_floor":[115,115,115,115,40,65,83,83,83],"floor_reached":8,"language":"KOR","playtime":206,"items_purged":["Normality"],"score":99,"play_id":"f53d239f-7a4a-4987-875c-0e02f65232d9","local_time":"20210220111659","is_ascension_mode":true,"campfire_choices":[],"circlet_count":0,"master_deck":["Strike_G","Strike_G","Strike_G","Strike_G","Defend_G","Defend_G","Defend_G","Defend_G","Survivor","Neutralize","Prepared","Tactician","Backflip"],"relics":["Ring of the Snake","NeowsBlessing","Ring of Fangs","ReplayTheSpireMod:Ring of Sloth","Mirror"],"acts_visited":["Exordium"],"potions_floor_usage":[8],"damage_taken":[{"damage":0.0,"enemies":"2 Louse","floor":1.0,"turns":1.0},{"damage":0.0,"enemies":"Gremlin Nob","floor":6.0,"turns":1.0},{"damage":0.0,"enemies":"Small Slimes","floor":7.0,"turns":1.0},{"damage":21,"enemies":"3 Sentries","floor":8,"turns":9}],"seed_played":"4803680361155613318","potions_obtained":[{"floor":6.0,"key":"PowerPotion"},{"floor":7.0,"key":"Reflective Coating"}],"is_trial":false,"path_per_floor":["M","?","?","?","$","E","M","E"],"character_chosen":"THE_SILENT","items_purchased":[],"campfire_rested":0,"item_purchase_floors":[],"current_hp_per_floor":[70,70,63,63,63,63,63,42,42],"gold":83,"neow_bonus":"THREE_ENEMY_KILL","is_daily":false,"chose_seed":false,"campfire_upgraded":0,"win_rate":0.0,"timestamp":1613787419,"path_taken":["M","?","?","?","$","E","M","E"],"items_purchased_type":[],"build_version":"2020-12-22","purchased_purges":1,"victory":false,"max_hp_per_floor":[70,70,70,70,70,70,70,70,70],"card_choices":[{"not_picked":["Poisoned Stab","Dodge and Roll"],"picked":"Prepared","floor":1.0},{"not_picked":["Cloak And Dagger","Predator"],"picked":"Tactician","floor":6.0},{"not_picked":["Flying Knee","Underhanded Strike"],"picked":"Backflip","floor":7.0}],"player_experience":165732,"relics_obtained":[{"floor":4.0,"key":"Ring of Fangs"},{"floor":4.0,"key":"ReplayTheSpireMod:Ring of Sloth"},{"floor":6.0,"key":"Mirror"}],"event_choices":[{"cards_removed":["Strike_G"],"damage_healed":0.0,"max_hp_gain":0.0,"max_hp_loss":0.0,"gold_gain":0.0,"event_name":"Living Wall","player_choice":"Forget","floor":2.0,"gold_loss":0.0,"damage_taken":0.0},{"cards_removed":["Defend_G"],"damage_healed":0.0,"max_hp_gain":0.0,"max_hp_loss":0.0,"gold_gain":0.0,"event_name":"Golden Wing","player_choice":"Card Removal","floor":3.0,"gold_loss":0.0,"damage_taken":7.0}],"is_beta":false,"boss_relics":[],"items_purged_floors":[5],"is_endless":false,"potions_floor_spawned":[6,7],"killed_by":"3 Sentries","ascension_level":5}}