{"host":"4rvakrj1idbgia3f","time":1613828579,"event":{"mods":["BaseMod","Colored Map","Colored Powertips","DeckTracker","Highlight Path","Minty Spire (QoL Compilation)","Random Character Button","StSLib"],"gold_per_floor":[116,116,132,207,217,217,247,263,289,309,309,309,328,346,346,419,419,432,432,432,450,450],"floor_reached":21,"language":"JPN","playtime":1306,"items_purged":[],"score":366,"play_id":"e85d0f82-fb24-4a43-ab3e-279600524d94","local_time":"20210220224259","is_ascension_mode":true,"campfire_choices":[{"data":"Carnage","floor":6,"key":"SMITH"},{"data":"Metallicize","floor":11,"key":"SMITH"},{"data":"Dark Embrace","floor":15,"key":"SMITH"}],"circlet_count":0,"master_deck":["AscendersBane","Strike_R","Strike_R","Strike_R","Defend_R","Defend_R","Defend_R+1","Bash","Carnage+1","Headbutt","Wild Strike","Intimidate+1","Metallicize+1","Cleave","Dark Embrace+1","Berserk","CurseOfTheBell","Shrug It Off","RitualDagger"],"relics":["Burning Blood","Boot","Red Skull","Calling Bell","Pear","Unceasing Top","War Paint"],"acts_visited":["Exordium","TheCity"],"potions_floor_usage":[],"damage_taken":[{"damage":5,"enemies":"Small Slimes","floor":1,"turns":3},{"damage":0,"enemies":"2 Louse","floor":3,"turns":2},{"damage":0,"enemies":"Cultist","floor":5,"turns":2},{"damage":42,"enemies":"Lagavulin","floor":7,"turns":7},{"damage":8,"enemies":"Blue Slaver","floor":8,"turns":2},{"damage":6,"enemies":"Looter","floor":10,"turns":2},{"damage":9,"enemies":"Red Slaver","floor":13,"turns":3},{"damage":8,"enemies":"Large Slime","floor":14,"turns":4},{"damage":23,"enemies":"The Guardian","floor":16,"turns":8},{"damage":33,"enemies":"Shell Parasite","floor":18,"turns":7},{"damage":28,"enemies":"Spheric Guardian","floor":21,"turns":6}],"seed_played":"1575416626266983529","potions_obtained":[{"floor":3,"key":"Regen Potion"},{"floor":7,"key":"ColorlessPotion"},{"floor":13,"key":"Explosive Potion"}],"is_trial":false,"path_per_floor":["M","?","M","?","M","R","E","M","T","M","R","?","M","M","R","B",null,"M","?","?","M"],"character_chosen":"IRONCLAD","items_purchased":[],"campfire_rested":0,"item_purchase_floors":[],"current_hp_per_floor":[68,73,73,62,68,68,32,30,30,30,30,30,27,25,25,8,67,40,40,34,12,12],"gold":450,"neow_bonus":"REMOVE_TWO","is_daily":false,"chose_seed":false,"campfire_upgraded":3,"win_rate":0.0,"timestamp":1613828579,"path_taken":["M","?","M","?","M","R","E","M","T","M","R","?","M","M","R","BOSS","M","?","?","M"],"items_purchased_type":[],"build_version":"2020-12-22","purchased_purges":0,"victory":false,"max_hp_per_floor":[68,73,73,73,73,73,73,73,73,73,73,73,73,73,73,73,83,83,83,83,83,83],"card_choices":[{"not_picked":["Shrug It Off","Twin Strike"],"picked":"Carnage","floor":1},{"not_picked":["Sentinel","Perfected Strike"],"picked":"Headbutt","floor":3},{"not_picked":["Fire Breathing","Rupture"],"picked":"Wild Strike","floor":5},{"not_picked":["Clothesline","Twin Strike"],"picked":"Intimidate","floor":8},{"not_picked":["Thunderclap","Searing Blow"],"picked":"Metallicize","floor":10},{"not_picked":["Body Slam","Thunderclap"],"picked":"Cleave","floor":13},{"not_picked":["Sever Soul","Headbutt"],"picked":"Dark Embrace","floor":14},{"not_picked":["Juggernaut","Fiend Fire"],"picked":"Berserk","floor":16},{"not_picked":["Armaments","Rupture+1"],"picked":"Shrug It Off","floor":18}],"player_experience":2459805,"relics_obtained":[{"floor":7,"key":"Boot"},{"floor":9,"key":"Red Skull"},{"floor":17,"key":"Pear"},{"floor":17,"key":"Unceasing Top"},{"floor":17,"key":"War Paint"}],"event_choices":[{"damage_healed":0,"gold_gain":0,"player_choice":"Donut","damage_taken":0,"max_hp_gain":5,"max_hp_loss":0,"event_name":"Big Fish","floor":2,"gold_loss":0},{"damage_healed":0,"gold_gain":75,"player_choice":"Gather Gold","damage_taken":11,"max_hp_gain":0,"max_hp_loss":0,"event_name":"World of Goop","floor":4,"gold_loss":0},{"cards_removed":["Strike_R"],"damage_healed":0,"gold_gain":0,"player_choice":"Offered Basic","damage_taken":0,"max_hp_gain":0,"max_hp_loss":0,"event_name":"Bonfire Elementals","floor":12,"gold_loss":0},{"damage_healed":0,"gold_gain":0,"player_choice":"Ignored","damage_taken":0,"max_hp_gain":0,"max_hp_loss":0,"event_name":"Ghosts","floor":19,"gold_loss":0},{"damage_healed":0,"gold_gain":0,"player_choice":"Joined the Cult","damage_taken":6,"max_hp_gain":0,"max_hp_loss":0,"event_name":"Nest","floor":20,"gold_loss":0,"cards_obtained":["RitualDagger"]}],"is_beta":false,"boss_relics":[{"not_picked":["Philosopher\u0027s Stone","Fusion Hammer"],"picked":"Calling Bell"}],"items_purged_floors":[],"is_endless":false,"potions_floor_spawned":[3,7,13,14],"killed_by":"Spheric Guardian","ascension_level":20}}