{"host":"nz11ypxva4e39b7q","time":1613781156,"event":{"mods":["BaseMod","Better Third Choice","Better Vampires","Colored Map","Minty Spire (QoL Compilation)","Quick Restart","Shapeshifter Mod","StSLib"],"gold_per_floor":[112,37,54,67,67,93,93,118,118,118,130,147,175,175,175,271,271,291,291,206,106,106,139,139,165,217,217,236,262,262,342,342,447,447,447,165,165,185,199,199,227,246,246,246,275,275,98,117,117,117,117,117,117,143,143],"floor_reached":56,"language":"ENG","playtime":2986,"items_purged":["StSShapeShifter:Tortoise_Form","StSShapeShifter:Lynx_Form","StSShapeShifter:ShapeShifter_Strike","StSShapeShifter:ShapeShifter_Defend"],"score":1811,"play_id":"3a2c29cf-546d-4f88-be63-97ee096f42f6","local_time":"20210220013236","is_ascension_mode":true,"campfire_choices":[{"data":"StSShapeShifter:RatForm","floor":7.0,"key":"SMITH"},{"data":"StSShapeShifter:MysticalSeed","floor":10.0,"key":"SMITH"},{"data":"StSShapeShifter:WolfForm","floor":15.0,"key":"SMITH"},{"data":"StSShapeShifter:BurstingSpore","floor":24.0,"key":"SMITH"},{"data":"StSShapeShifter:ReplenishingNectar","floor":30.0,"key":"SMITH"},{"data":"StSShapeShifter:BearForm","floor":32.0,"key":"SMITH"},{"data":"ReachHeaven","floor":40.0,"key":"SMITH"},{"data":"StSShapeShifter:Sapling","floor":44.0,"key":"SMITH"},{"floor":49.0,"key":"RECALL"},{"data":"StSShapeShifter:Blossom2","floor":52.0,"key":"SMITH"}],"circlet_count":0,"master_deck":["StSShapeShifter:ShapeShifter_Strike","StSShapeShifter:ShapeShifter_Strike","StSShapeShifter:ShapeShifter_Strike","StSShapeShifter:ShapeShifter_Strike","StSShapeShifter:ShapeShifter_Defend+1","StSShapeShifter:ShapeShifter_Defend","StSShapeShifter:ShapeShifter_Defend+1","StSShapeShifter:ShapeShifter_Defend","StSShapeShifter:RatForm+1","StSShapeShifter:BurstingSpore+1","StSShapeShifter:BearForm+1","StSShapeShifter:MysticalSeed+1","StSShapeShifter:WolfForm+1","StSShapeShifter:ReplenishingNectar+1","ReachHeaven+1","StSShapeShifter:BurstingSpore+1","StSShapeShifter:Flourish","StSShapeShifter:Sapling+1","StSShapeShifter:Blossom2+1","StSShapeShifter:Sapling"],"relics":["StSShapeShifter:AnimalHeart","StSShapeShifter:TheShapeShiftersMagnolia","NeowsBlessing","Incense Burner","StoneCalendar","Mango","Lantern","Coffee Dripper","Enchiridion","Ancient Tea Set","War Paint","Vajra","Happy Flower","Mummified Hand","Ornamental Fan","StSShapeShifter:LemurHeaddress","ClockworkSouvenir","Dream Catcher","White Beast Statue","StSShapeShifter:AlchemistsNecklace","Pear"],"acts_visited":["TheCity","TheBeyond","TheEnding"],"potions_floor_usage":[55,55],"damage_taken":[{"damage":0.0,"enemies":"Cultist","floor":1.0,"turns":1.0},{"damage":0.0,"enemies":"Small Slimes","floor":3.0,"turns":1.0},{"damage":0.0,"enemies":"2 Louse","floor":4.0,"turns":1.0},{"damage":24.0,"enemies":"Gremlin Nob","floor":6.0,"turns":4.0},{"damage":12.0,"enemies":"3 Sentries","floor":8.0,"turns":11.0},{"damage":7.0,"enemies":"Exordium Wildlife","floor":11.0,"turns":4.0},{"damage":0.0,"enemies":"Large Slime","floor":12.0,"turns":7.0},{"damage":0.0,"enemies":"Lagavulin","floor":13.0,"turns":6.0},{"damage":28.0,"enemies":"Hexaghost","floor":16.0,"turns":8.0},{"damage":21.0,"enemies":"Chosen","floor":18.0,"turns":7.0},{"damage":46.0,"enemies":"Slavers","floor":23.0,"turns":7.0},{"damage":10.0,"enemies":"Gremlin Leader","floor":25.0,"turns":8.0},{"damage":14.0,"enemies":"Spheric Guardian","floor":28.0,"turns":5.0},{"damage":21.0,"enemies":"Book of Stabbing","floor":29.0,"turns":7.0},{"damage":0.0,"enemies":"Collector","floor":33.0,"turns":10.0},{"damage":0.0,"enemies":"3 Darklings","floor":35.0,"turns":1.0},{"damage":12.0,"enemies":"3 Shapes","floor":38.0,"turns":5.0},{"damage":31.0,"enemies":"Jaw Worm Horde","floor":39.0,"turns":7.0},{"damage":43.0,"enemies":"Reptomancer","floor":41.0,"turns":7.0},{"damage":12.0,"enemies":"Sphere and 2 Shapes","floor":42.0,"turns":7.0},{"damage":0.0,"enemies":"Giant Head","floor":45.0,"turns":8.0},{"damage":1.0,"enemies":"Spire Growth","floor":48.0,"turns":5.0},{"damage":40.0,"enemies":"Time Eater","floor":50.0,"turns":9.0},{"damage":25.0,"enemies":"Shield and Spear","floor":54.0,"turns":4.0},{"damage":112,"enemies":"The Heart","floor":55,"turns":11}],"seed_played":"3818368529067427402","potions_obtained":[{"floor":3.0,"key":"Fire Potion"},{"floor":4.0,"key":"Dexterity Potion"},{"floor":8.0,"key":"GamblersBrew"},{"floor":11.0,"key":"ColorlessPotion"},{"floor":16.0,"key":"Fire Potion"},{"floor":23.0,"key":"CultistPotion"},{"floor":25.0,"key":"PowerPotion"},{"floor":28.0,"key":"Swift Potion"},{"floor":29.0,"key":"PowerPotion"},{"floor":33.0,"key":"SmokeBomb"},{"floor":41.0,"key":"ColorlessPotion"},{"floor":42.0,"key":"BlessingOfTheForge"},{"floor":48.0,"key":"Swift Potion"},{"floor":54.0,"key":"Block Potion"}],"is_trial":false,"path_per_floor":["M","$","M","M","$","E","R","E","T","R","M","M","E","?","R","B",null,"M","?","?","$","T","E","R","E","T","?","M","E","R","T","R","B",null,"M","$","?","M","M","R","E","M","T","R","E","?","$","M","R","B",null,"R","$","E","B",null],"character_chosen":"SHAPESHIFTER","items_purchased":["ClockworkSouvenir","StSShapeShifter:Sapling"],"campfire_rested":0,"item_purchase_floors":[36,47],"current_hp_per_floor":[70,70,70,70,70,46,46,34,48,48,41,41,55,38,38,11,72,74,58,58,58,58,36,36,63,63,63,78,71,71,71,71,92,92,92,92,92,89,88,88,89,92,92,92,92,92,92,91,91,92,92,92,92,102,23],"gold":143,"neow_bonus":"THREE_ENEMY_KILL","is_daily":false,"chose_seed":false,"campfire_upgraded":9,"win_rate":0.0,"timestamp":1613781156,"path_taken":["M","?","M","?","$","E","R","E","T","R","M","M","E","?","R","BOSS","M","?","?","$","?","E","R","E","T","?","?","E","R","?","R","BOSS","M","$","?","M","M","R","E","?","T","R","E","?","$","M","R","BOSS","R","$","E","BOSS"],"items_purchased_type":["Relic","Card"],"build_version":"2020-12-22","purchased_purges":4,"victory":true,"max_hp_per_floor":[78,78,78,78,78,78,78,78,92,92,92,92,92,92,92,92,92,92,92,92,92,92,92,92,92,92,92,92,92,92,92,92,92,92,92,92,92,92,92,92,92,92,92,92,92,92,92,92,92,92,92,92,92,102,102],"card_choices":[{"not_picked":["StSShapeShifter:OakBlade","StSShapeShifter:BarkSkin"],"picked":"StSShapeShifter:RatForm","floor":1.0},{"not_picked":["StSShapeShifter:WaspSwarmForm","StSShapeShifter:BaskInBloom"],"picked":"StSShapeShifter:BurstingSpore","floor":3.0},{"not_picked":["StSShapeShifter:Guard","StSShapeShifter:Rest"],"picked":"StSShapeShifter:BearForm","floor":4.0},{"not_picked":["StSShapeShifter:Flourish","StSShapeShifter:VineHandcuffs","StSShapeShifter:BloomingSlash"],"picked":"SKIP","floor":6.0},{"not_picked":["StSShapeShifter:Blossom2","StSShapeShifter:Summon_Mountains"],"picked":"StSShapeShifter:MysticalSeed","floor":8.0},{"not_picked":["StSShapeShifter:WiltingWrath","StSShapeShifter:Roar","StSShapeShifter:MultiSpiritedStrike"],"picked":"SKIP","floor":11.0},{"not_picked":["StSShapeShifter:DeerForm","StSShapeShifter:Mystical_Branch"],"picked":"StSShapeShifter:WolfForm","floor":12.0},{"not_picked":["StSShapeShifter:WolfForm","StSShapeShifter:Ensconce"],"picked":"StSShapeShifter:ReplenishingNectar","floor":13.0},{"not_picked":["StSShapeShifter:RockSlide","StSShapeShifter:FesteringBite","StSShapeShifter:Roar"],"picked":"SKIP","floor":18.0},{"not_picked":["StSShapeShifter:ThornToss","StSShapeShifter:AdaptiveStrikes","StSShapeShifter:Bonk+1"],"picked":"SKIP","floor":23.0},{"not_picked":["StSShapeShifter:AdaptiveStrikes","StSShapeShifter:OakBlade+1","StSShapeShifter:FallingLeaves"],"picked":"SKIP","floor":25.0},{"not_picked":["StSShapeShifter:RockSlide","StSShapeShifter:WaspSwarmForm","StSShapeShifter:LionForm"],"picked":"SKIP","floor":28.0},{"not_picked":["StSShapeShifter:CosmicShifter+1","StSShapeShifter:CursedApple","StSShapeShifter:FlowerShield"],"picked":"SKIP","floor":29.0},{"not_picked":["StSShapeShifter:BloomingSlash+1","StSShapeShifter:Wildfire2","StSShapeShifter:Roar+1"],"picked":"SKIP","floor":38.0},{"not_picked":["StSShapeShifter:Roar+1","StSShapeShifter:BarkSkin","StSShapeShifter:PoisonIvy"],"picked":"SKIP","floor":39.0},{"not_picked":["StSShapeShifter:MultiSpiritedStrike","StSShapeShifter:BloomingSlash"],"picked":"StSShapeShifter:Flourish","floor":41.0},{"not_picked":["StSShapeShifter:Evolution+1","StSShapeShifter:FesteringBite+1"],"picked":"StSShapeShifter:Sapling","floor":42.0},{"not_picked":["StSShapeShifter:Garden+1","StSShapeShifter:DeerForm+1"],"picked":"StSShapeShifter:Blossom2","floor":45.0},{"not_picked":["StSShapeShifter:RaptorForm+1","StSShapeShifter:DeerForm","StSShapeShifter:FesteringBite"],"picked":"SKIP","floor":48.0},{"not_picked":["StSShapeShifter:RockSlide+1","StSShapeShifter:ClimbTree","StSShapeShifter:SunflowerShuriken"],"picked":"SKIP","floor":54.0}],"player_experience":1077808,"relics_obtained":[{"floor":6.0,"key":"Incense Burner"},{"floor":8.0,"key":"StoneCalendar"},{"floor":9.0,"key":"Mango"},{"floor":19.0,"key":"Enchiridion"},{"floor":23.0,"key":"War Paint"},{"floor":25.0,"key":"Vajra"},{"floor":26.0,"key":"Happy Flower"},{"floor":29.0,"key":"Mummified Hand"},{"floor":31.0,"key":"Ornamental Fan"},{"floor":41.0,"key":"Dream Catcher"},{"floor":43.0,"key":"White Beast Statue"},{"floor":45.0,"key":"StSShapeShifter:AlchemistsNecklace"},{"floor":54.0,"key":"Pear"}],"event_choices":[{"damage_healed":0.0,"max_hp_gain":0.0,"max_hp_loss":0.0,"gold_gain":0.0,"event_name":"Cursed Tome","player_choice":"Obtained Book","floor":19.0,"gold_loss":0.0,"damage_taken":16.0},{"damage_healed":0.0,"max_hp_gain":0.0,"max_hp_loss":0.0,"gold_gain":0.0,"event_name":"Addict","player_choice":"Obtained Relic","floor":20.0,"gold_loss":85.0,"damage_taken":0.0,"relics_obtained":["Ancient Tea Set"]},{"damage_healed":0.0,"max_hp_gain":0.0,"max_hp_loss":0.0,"gold_gain":0.0,"event_name":"Duplicator","player_choice":"Copied","floor":37.0,"gold_loss":0.0,"damage_taken":0.0,"cards_obtained":["StSShapeShifter:BurstingSpore"]},{"damage_healed":0.0,"max_hp_gain":0.0,"max_hp_loss":0.0,"gold_gain":0.0,"event_name":"Tomb of Lord Red Mask","player_choice":"Ignored","floor":46.0,"gold_loss":0.0,"damage_taken":0.0}],"is_beta":false,"boss_relics":[{"not_picked":["SlaversCollar","Empty Cage"],"picked":"Coffee Dripper"},{"not_picked":["Philosopher\u0027s Stone","SacredBark"],"picked":"StSShapeShifter:LemurHeaddress"}],"items_purged_floors":[2,21,36,47],"is_endless":false,"potions_floor_spawned":[3,4,8,11,16,23,25,28,29,33,41,42,45,48,54],"ascension_level":8}}