{"host":"or8fr2mp0k3eluj8","time":1613811204,"event":{"mods":["AchievementEnabler","BaseMod","Colored Map","DeckTracker","Minty Spire (QoL Compilation)","StSLib","SuperFastMode"],"gold_per_floor":[111,130,150,150,169,169,202,221,221,221,242,273,96,121,121,252,252,277,202,202,221,69,112,112,156,229,229,328,347,347,370,370,493,556,572,146,146,246,259,292,316,316,339,339,379,379,415,748,748,748,748],"floor_reached":50,"language":"KOR","playtime":1600,"items_purged":["Strike_B","Defend_B"],"score":686,"play_id":"090cdfdd-c9be-4773-943c-2f0b91b4aa74","local_time":"20210220175324","is_ascension_mode":true,"campfire_choices":[{"data":"Zap","floor":6,"key":"SMITH"},{"floor":15,"key":"REST"},{"floor":24,"key":"REST"},{"floor":27,"key":"REST"},{"floor":32,"key":"REST"},{"data":"Dualcast","floor":42,"key":"SMITH"},{"floor":44,"key":"RECALL"},{"floor":46,"key":"REST"},{"floor":49,"key":"REST"}],"circlet_count":0,"master_deck":["Strike_B+1","Defend_B+1","Defend_B","Defend_B","Zap+1","Dualcast+1","Seek","Rip and Tear","Beam Cell","Go for the Eyes","Gash+1","Hologram","Genetic Algorithm","Scrape","Coolheaded","Streamline","Gash","Writhe","Conserve Battery+1","Reboot","Gash+1","All For One+1","Gash+1","FTL+1","Bandage Up","Go for the Eyes+1","Gash+1","Redo+1","Turbo+1"],"relics":["Cracked Core","Oddly Smooth Stone","Shuriken","Mercury Hourglass","Black Star","Letter Opener","Vajra","Molten Egg 2","Calipers","StoneCalendar","Singing Bowl","Tiny House","Sling","Juzu Bracelet","Symbiotic Virus","Akabeko","Blue Candle","Pocketwatch","Bronze Scales","Prayer Wheel"],"acts_visited":["Exordium","TheCity","TheBeyond"],"potions_floor_usage":[12,21,33,41,45,45,45,50],"damage_taken":[{"damage":4,"enemies":"Small Slimes","floor":1,"turns":2},{"damage":4,"enemies":"Jaw Worm","floor":2,"turns":3},{"damage":0,"enemies":"2 Louse","floor":3,"turns":1},{"damage":6,"enemies":"2 Fungi Beasts","floor":5,"turns":3},{"damage":13,"enemies":"Gremlin Nob","floor":7,"turns":4},{"damage":0,"enemies":"Large Slime","floor":8,"turns":5},{"damage":10,"enemies":"Exordium Wildlife","floor":11,"turns":3},{"damage":12,"enemies":"3 Sentries","floor":12,"turns":5},{"damage":0,"enemies":"Gremlin Gang","floor":14,"turns":3},{"damage":24,"enemies":"The Guardian","floor":16,"turns":9},{"damage":0,"enemies":"Spheric Guardian","floor":18,"turns":3},{"damage":1,"enemies":"2 Thieves","floor":21,"turns":3},{"damage":47,"enemies":"Book of Stabbing","floor":23,"turns":5},{"damage":33,"enemies":"Gremlin Leader","floor":25,"turns":6},{"damage":0,"enemies":"Sentry and Sphere","floor":29,"turns":3},{"damage":19,"enemies":"Snake Plant","floor":31,"turns":3},{"damage":25,"enemies":"Automaton","floor":33,"turns":8},{"damage":20,"enemies":"3 Shapes","floor":35,"turns":3},{"damage":30,"enemies":"3 Darklings","floor":39,"turns":3},{"damage":4,"enemies":"Reptomancer","floor":40,"turns":5},{"damage":2,"enemies":"Maw","floor":41,"turns":5},{"damage":31,"enemies":"Nemesis","floor":45,"turns":5},{"damage":4,"enemies":"Giant Head","floor":47,"turns":5},{"damage":52,"enemies":"Time Eater","floor":50,"turns":6}],"seed_played":"-7746606484752542647","potions_obtained":[{"floor":1,"key":"Swift Potion"},{"floor":3,"key":"Ancient Potion"},{"floor":8,"key":"FairyPotion"},{"floor":21,"key":"Ancient Potion"},{"floor":33,"key":"EssenceOfSteel"},{"floor":34,"key":"Weak Potion"},{"floor":41,"key":"LiquidBronze"},{"floor":45,"key":"Explosive Potion"},{"floor":47,"key":"SteroidPotion"}],"is_trial":false,"path_per_floor":["M","M","M","?","M","R","E","M","T","?","M","E","$","M","R","B",null,"M","?","?","M","$","E","R","E","T","R","?","M","?","M","R","B",null,"M","$","?","?","M","E","M","R","T","R","E","R","E","?","R","B"],"character_chosen":"DEFECT","items_purchased":["Block Potion","FearPotion","Vajra","Sling","FTL+1","Bandage Up"],"campfire_rested":6,"item_purchase_floors":[13,13,22,36,36,36],"current_hp_per_floor":[64,60,60,46,40,40,27,27,27,10,20,8,8,8,28,4,68,68,68,68,67,67,20,40,7,7,27,27,29,29,10,31,6,75,57,57,57,57,31,33,35,35,35,35,4,26,26,26,48,0,0],"gold":748,"neow_bonus":"THREE_RARE_CARDS","is_daily":false,"chose_seed":false,"campfire_upgraded":2,"win_rate":0.0,"timestamp":1613811204,"path_taken":["M","M","M","?","M","R","E","M","T","?","M","E","$","M","R","BOSS","M","?","?","M","$","E","R","E","T","R","?","M","?","M","R","BOSS","M","$","?","?","M","E","M","R","T","R","E","R","E","?","R","BOSS"],"items_purchased_type":["Potion","Potion","Relic","Relic","Card","Card"],"build_version":"2020-12-22","purchased_purges":2,"victory":false,"max_hp_per_floor":[68,68,68,68,68,68,68,68,68,68,68,68,68,68,68,68,68,68,68,68,68,68,68,68,68,68,68,68,70,70,70,70,70,75,77,77,73,73,73,75,75,75,75,75,75,75,75,75,75,75,75],"card_choices":[{"not_picked":["Fission","Meteor Strike"],"picked":"Seek","floor":0},{"not_picked":["Tempest","Blizzard"],"picked":"Rip and Tear","floor":1},{"not_picked":["Streamline","Compile Driver"],"picked":"Beam Cell","floor":2},{"not_picked":["Redo","Undo"],"picked":"Go for the Eyes","floor":3},{"not_picked":["Skim","Barrage"],"picked":"Gash","floor":5},{"not_picked":["Go for the Eyes","Steam"],"picked":"Hologram","floor":7},{"not_picked":["Compile Driver","Barrage"],"picked":"Genetic Algorithm","floor":8},{"not_picked":["Seek","Stack"],"picked":"Scrape","floor":11},{"not_picked":["Cold Snap","Blizzard"],"picked":"Coolheaded","floor":12},{"not_picked":["Blizzard","Leap"],"picked":"Streamline","floor":14},{"not_picked":["Cold Snap","Rebound"],"picked":"Gash","floor":18},{"not_picked":["Skim","Beam Cell","Loop"],"picked":"SKIP","floor":21},{"not_picked":["Consume+1","Hologram"],"picked":"Conserve Battery+1","floor":23},{"not_picked":["Ball Lightning+1","Rebound+1"],"picked":"Reboot","floor":25},{"not_picked":["Streamline+1","Coolheaded","Cold Snap+1"],"picked":"Singing Bowl","floor":29},{"not_picked":["Capacitor","Sweeping Beam+1"],"picked":"Gash+1","floor":31},{"not_picked":["Thunder Strike+1","Reboot"],"picked":"All For One+1","floor":33},{"not_picked":["Streamline+1","Go for the Eyes+1"],"picked":"Gash+1","floor":34},{"not_picked":["Coolheaded+1","Capacitor+1","Barrage+1"],"picked":"Singing Bowl","floor":35},{"not_picked":["Hologram+1","Rebound+1"],"picked":"Go for the Eyes+1","floor":39},{"not_picked":["Cold Snap+1","Creative AI","Rebound+1"],"picked":"Singing Bowl","floor":40},{"not_picked":["Defragment+1","Genetic Algorithm"],"picked":"Gash+1","floor":41},{"not_picked":["Thunder Strike+1","Cold Snap+1"],"picked":"Redo+1","floor":45},{"not_picked":["Chaos+1","Gash+1"],"picked":"Turbo+1","floor":47}],"player_experience":387219,"relics_obtained":[{"floor":7,"key":"Oddly Smooth Stone"},{"floor":9,"key":"Shuriken"},{"floor":12,"key":"Mercury Hourglass"},{"floor":23,"key":"Molten Egg 2"},{"floor":23,"key":"Calipers"},{"floor":25,"key":"StoneCalendar"},{"floor":25,"key":"Singing Bowl"},{"floor":40,"key":"Juzu Bracelet"},{"floor":40,"key":"Symbiotic Virus"},{"floor":43,"key":"Akabeko"},{"floor":45,"key":"Blue Candle"},{"floor":45,"key":"Pocketwatch"},{"floor":47,"key":"Bronze Scales"},{"floor":47,"key":"Prayer Wheel"}],"event_choices":[{"damage_healed":0,"gold_gain":0,"player_choice":"Entered Light","damage_taken":14,"max_hp_gain":0,"max_hp_loss":0,"event_name":"Shining Light","floor":4,"gold_loss":0,"cards_upgraded":["Strike_B","Defend_B"]},{"damage_healed":0,"gold_gain":0,"player_choice":"Take Damage","damage_taken":17,"relics_obtained":["Golden Idol"],"max_hp_gain":0,"max_hp_loss":0,"event_name":"Golden Idol","floor":10,"gold_loss":0},{"cards_removed":["Strike_B"],"damage_healed":0,"gold_gain":0,"player_choice":"Gave Gold","damage_taken":0,"max_hp_gain":0,"max_hp_loss":0,"event_name":"Beggar","floor":19,"gold_loss":75},{"damage_healed":0,"gold_gain":0,"player_choice":"Opened","damage_taken":0,"relics_obtained":["Letter Opener"],"max_hp_gain":0,"max_hp_loss":0,"event_name":"The Mausoleum","floor":20,"gold_loss":0,"cards_obtained":["Writhe"]},{"damage_healed":0,"gold_gain":99,"player_choice":"Stole From Cult","damage_taken":0,"max_hp_gain":0,"max_hp_loss":0,"event_name":"Nest","floor":28,"gold_loss":0},{"cards_removed":["Strike_B"],"damage_healed":0,"gold_gain":0,"player_choice":"Elegance","damage_taken":0,"max_hp_gain":0,"max_hp_loss":0,"event_name":"Back to Basics","floor":30,"gold_loss":0},{"damage_healed":0,"gold_gain":0,"player_choice":"Max HP","damage_taken":0,"max_hp_gain":0,"max_hp_loss":4,"event_name":"Winding Halls","floor":37,"gold_loss":0},{"damage_healed":0,"gold_gain":100,"player_choice":"Pray","damage_taken":0,"max_hp_gain":0,"max_hp_loss":0,"event_name":"Golden Shrine","floor":38,"gold_loss":0},{"damage_healed":0,"gold_gain":333,"player_choice":"Gave Idol","damage_taken":0,"max_hp_gain":0,"max_hp_loss":0,"event_name":"The Moai Head","floor":48,"relics_lost":["Golden Idol"],"gold_loss":0}],"is_beta":false,"boss_relics":[{"not_picked":["Ectoplasm","Cursed Key"],"picked":"Black Star"},{"not_picked":["SacredBark","Velvet Choker"],"picked":"Tiny House"}],"items_purged_floors":[13,36],"is_endless":false,"potions_floor_spawned":[1,3,8,21,25,33,40,41,45,47],"killed_by":"Time Eater","ascension_level":2}}