{"host":"fuszjwm6fqgjjp4d","time":1613839633,"event":{"mods":["BaseMod","Colored Map","Minty Spire (QoL Compilation)","Permanent Neow","Relic Sorter","Relic Stats","StSLib"],"gold_per_floor":[117,33,47,67,67,107,107,32,81,116,130,130,130,154,154,253,253,269,16,36,36,54,54,54],"floor_reached":23,"language":"ENG","playtime":522,"items_purged":[],"score":402,"play_id":"b3c0bdb9-609d-464d-b4fa-b8ea9557445a","local_time":"20210220104713","is_ascension_mode":true,"campfire_choices":[{"data":"Storm","floor":7.0,"key":"SMITH"},{"data":"Self Repair","floor":13.0,"key":"SMITH"},{"data":"Loop","floor":15.0,"key":"SMITH"}],"circlet_count":0,"master_deck":["AscendersBane","Zap","Dualcast","Amplify","Loop+1","Self Repair+1","Storm+1","BootSequence","Consume","Creative AI","Rebound","Capacitor","FTL","Hyperbeam","Go for the Eyes","Hello World","Rip and Tear","Static Discharge","Hello World","Loop","Heatsinks"],"relics":["Cracked Core","Golden Idol","Bag of Marbles","Art of War","Cables","Pandora\u0027s Box","Centennial Puzzle"],"acts_visited":["Exordium","TheCity"],"potions_floor_usage":[23],"damage_taken":[{"damage":1.0,"enemies":"Cultist","floor":1.0,"turns":3.0},{"damage":0.0,"enemies":"2 Louse","floor":3.0,"turns":2.0},{"damage":8.0,"enemies":"Small Slimes","floor":4.0,"turns":2.0},{"damage":50.0,"enemies":"3 Sentries","floor":6.0,"turns":7.0},{"damage":10.0,"enemies":"Lagavulin","floor":10.0,"turns":7.0},{"damage":6.0,"enemies":"Looter","floor":11.0,"turns":3.0},{"damage":0.0,"enemies":"Blue Slaver","floor":14.0,"turns":2.0},{"damage":12.0,"enemies":"The Guardian","floor":16.0,"turns":8.0},{"damage":50.0,"enemies":"Shell Parasite","floor":18.0,"turns":4.0},{"damage":0.0,"enemies":"Chosen","floor":20.0,"turns":3.0},{"damage":9.0,"enemies":"Snecko","floor":22.0,"turns":4.0},{"damage":31,"enemies":"Gremlin Leader","floor":23,"turns":2}],"seed_played":"-4930073451722434496","potions_obtained":[{"floor":1.0,"key":"EntropicBrew"},{"floor":3.0,"key":"PowerPotion"},{"floor":10.0,"key":"PowerPotion"},{"floor":11.0,"key":"GamblersBrew"},{"floor":22.0,"key":"Swift Potion"}],"is_trial":false,"path_per_floor":["M","$","M","M","?","E","R","$","T","E","M","?","R","M","R","B",null,"M","$","M","?","M","E"],"character_chosen":"DEFECT","items_purchased":["Self Repair","BootSequence","Centennial Puzzle","Loop"],"campfire_rested":0,"item_purchase_floors":[2,8,19,19],"current_hp_per_floor":[63,63,70,69,64,21,21,21,21,18,19,19,19,19,19,17,52,22,22,32,32,23,0,0],"gold":54,"neow_bonus":"ONE_RANDOM_RARE_CARD","is_daily":false,"chose_seed":false,"campfire_upgraded":3,"win_rate":0.0,"timestamp":1613839633,"path_taken":["M","?","M","?","?","E","R","$","T","E","M","?","R","M","R","BOSS","M","$","M","?","M","E"],"items_purchased_type":["Card","Card","Relic","Card"],"build_version":"2020-12-22","purchased_purges":0,"victory":false,"max_hp_per_floor":[71,71,71,71,64,64,64,64,64,64,64,64,64,64,64,64,64,64,64,64,64,64,64,64],"relic_stats":{"Centennial Puzzle":[6],"counters":[12,45],"Golden Idol":54,"Pandora\u0027s Box":["Rebound","Capacitor","FTL","Hyperbeam","Go for the Eyes","Hello World","Rip and Tear","Static Discharge"],"Art of War":[14],"obtain_stats":[{"Centennial Puzzle":19,"Golden Idol":5,"Pandora\u0027s Box":17,"Bag of Marbles":6,"Art of War":9,"Cracked Core":0,"Cables":10},{"Centennial Puzzle":9,"Golden Idol":3,"Pandora\u0027s Box":8,"Bag of Marbles":4,"Art of War":4,"Cracked Core":0,"Cables":5},{"Centennial Puzzle":37,"Golden Idol":7,"Pandora\u0027s Box":33,"Bag of Marbles":14,"Art of War":14,"Cracked Core":0,"Cables":21}],"Cables":[23,23,0,0,0]},"card_choices":[{"not_picked":["Coolheaded","Leap"],"picked":"Loop","floor":1.0},{"not_picked":["Rebound","Beam Cell"],"picked":"Storm","floor":3.0},{"not_picked":["Barrage","Scrape","Beam Cell"],"picked":"SKIP","floor":4.0},{"not_picked":["Aggregate","Doom and Gloom","Turbo"],"picked":"SKIP","floor":6.0},{"not_picked":["Meteor Strike","Sweeping Beam","Sunder"],"picked":"SKIP","floor":10.0},{"not_picked":["Genetic Algorithm","Recycle"],"picked":"Consume","floor":11.0},{"not_picked":["Sweeping Beam","Go for the Eyes","Rebound"],"picked":"SKIP","floor":14.0},{"not_picked":["Thunder Strike","Reboot"],"picked":"Creative AI","floor":16.0},{"not_picked":["Ball Lightning","Gash"],"picked":"Hello World","floor":18.0},{"not_picked":["Gash","Sweeping Beam","Skim"],"picked":"SKIP","floor":20.0},{"not_picked":["Genetic Algorithm+1","BootSequence"],"picked":"Heatsinks","floor":22.0}],"player_experience":1507374,"relics_obtained":[{"floor":6.0,"key":"Bag of Marbles"},{"floor":9.0,"key":"Art of War"},{"floor":10.0,"key":"Cables"}],"event_choices":[{"damage_healed":0.0,"max_hp_gain":0.0,"max_hp_loss":7.0,"gold_gain":0.0,"event_name":"Golden Idol","player_choice":"Lose Max HP","floor":5.0,"gold_loss":0.0,"damage_taken":0.0,"relics_obtained":["Golden Idol"]},{"damage_healed":0.0,"max_hp_gain":0.0,"max_hp_loss":0.0,"gold_gain":0.0,"event_name":"Shining Light","player_choice":"Ignored","floor":12.0,"gold_loss":0.0,"damage_taken":0.0},{"damage_healed":0.0,"max_hp_gain":0.0,"max_hp_loss":0.0,"gold_gain":0.0,"event_name":"The Mausoleum","player_choice":"Ignored","floor":21.0,"gold_loss":0.0,"damage_taken":0.0}],"is_beta":false,"boss_relics":[{"not_picked":["Ectoplasm","SlaversCollar"],"picked":"Pandora\u0027s Box"}],"items_purged_floors":[],"is_endless":false,"potions_floor_spawned":[1,3,10,11,22],"killed_by":"Gremlin Leader","ascension_level":20}}