{"host":"zs3tguvuxkh90jf4","time":1613803306,"event":{"mods":["AchievementEnabler","BaseMod","Better Silent Start","Better-Laid Plans","BetterRewards","Block Reminder","Colored Map","Colored Powertips","Gold Saver","Minty Spire (QoL Compilation)","Shop Mod","StSLib","Transform Curses"],"gold_per_floor":[1818,1828,1845,1855,1787,1816,855,889,940,940,940,940,952,366,366,443,443,417,434,624,643,643,643,675,82,105,133,133,143,158,168,168,245,245,258,276,5,5,18,18,53,53,77,91,104,136,0,19,19,19,19,19],"floor_reached":51,"language":"ENG","playtime":2852,"items_purged":["Strike_G","Strike_G","Defend_G"],"score":2068,"play_id":"30ab85c9-d220-4d53-8b4f-230de043a4af","local_time":"20210219224146","is_ascension_mode":true,"campfire_choices":[{"data":"Neutralize","floor":10.0,"key":"SMITH"},{"floor":12.0,"key":"RECALL"},{"data":"After Image","floor":15.0,"key":"SMITH"},{"floor":23,"key":"REST"},{"floor":32,"key":"REST"},{"data":"A Thousand Cuts","floor":40,"key":"SMITH"},{"floor":42,"key":"REST"},{"data":"Accuracy","floor":49,"key":"SMITH"}],"circlet_count":0,"master_deck":["AscendersBane","Strike_G","Strike_G+1","Defend_G","Defend_G","Defend_G","Survivor+1","Neutralize+1","Backstab","Backflip","Poisoned Stab+1","PiercingWail","Storm of Steel","Calculated Gamble","Caltrops+1","Deadly Poison","Good Instincts","Sadistic Nature","Cloak And Dagger+1","After Image+1","Blur","Burst","Cloak And Dagger","Noxious Fumes","A Thousand Cuts+1","Backflip+1","Trip+1","Finisher","Accuracy+1","Deflect+1","Backflip+1","Crippling Poison+1","Deadly Poison+1","Cloak And Dagger+1","Infinite Blades+1","Burst+1","Blade Dance+1","Blur+1","Blade Dance+1","Bandage Up+1","Bandage Up+1","Backflip+1","Storm of Steel+1"],"relics":["Ring of the Snake","Boot","Snake Skull","SlaversCollar","MerchantsRug","Anchor","Happy Flower","Bag of Preparation","Sling","Eternal Feather","Bag of Marbles","Pen Nib","Philosopher\u0027s Stone","Toxic Egg 2","Letter Opener","ClockworkSouvenir","Nilry\u0027s Codex","Blood Vial","Chemical X","Nunchaku","Whetstone","Lantern","WristBlade","DollysMirror","War Paint","Potion Belt","Ancient Tea Set","Red Mask"],"acts_visited":["Exordium","TheCity","TheBeyond"],"potions_floor_usage":[24,24,33,41,45,50,50,51],"damage_taken":[{"damage":0.0,"enemies":"Cultist","floor":1.0,"turns":4.0},{"damage":0.0,"enemies":"Small Slimes","floor":2.0,"turns":3.0},{"damage":0.0,"enemies":"Jaw Worm","floor":3.0,"turns":4.0},{"damage":2.0,"enemies":"Exordium Wildlife","floor":4.0,"turns":4.0},{"damage":8.0,"enemies":"Gremlin Nob","floor":6.0,"turns":3.0},{"damage":0.0,"enemies":"3 Sentries","floor":8.0,"turns":7.0},{"damage":0.0,"enemies":"Looter","floor":13.0,"turns":2.0},{"damage":0.0,"enemies":"Hexaghost","floor":16.0,"turns":9.0},{"damage":1.0,"enemies":"2 Thieves","floor":18.0,"turns":4.0},{"damage":15.0,"enemies":"Spheric Guardian","floor":19.0,"turns":6.0},{"damage":0,"enemies":"Snake Plant","floor":21,"turns":4},{"damage":1,"enemies":"Slavers","floor":24,"turns":3},{"damage":30,"enemies":"Gremlin Leader","floor":27,"turns":6},{"damage":0,"enemies":"Centurion and Healer","floor":29,"turns":5},{"damage":0,"enemies":"Shelled Parasite and Fungi","floor":30,"turns":4},{"damage":24,"enemies":"Snake Plant","floor":31,"turns":3},{"damage":18,"enemies":"Automaton","floor":33,"turns":7},{"damage":0,"enemies":"Orb Walker","floor":35,"turns":3},{"damage":0,"enemies":"3 Darklings","floor":36,"turns":2},{"damage":0,"enemies":"Maw","floor":39,"turns":5},{"damage":41,"enemies":"Nemesis","floor":41,"turns":5},{"damage":2,"enemies":"Sphere and 2 Shapes","floor":44,"turns":3},{"damage":14,"enemies":"Writhing Mass","floor":45,"turns":4},{"damage":6,"enemies":"Reptomancer","floor":46,"turns":5},{"damage":0,"enemies":"Transient","floor":48,"turns":6},{"damage":41,"enemies":"Donu and Deca","floor":50,"turns":7},{"damage":31,"enemies":"Awakened One","floor":51,"turns":3}],"seed_played":"4054863088651733984","potions_obtained":[{"floor":1.0,"key":"ColorlessPotion"},{"floor":2.0,"key":"Block Potion"},{"floor":4.0,"key":"PowerPotion"},{"floor":6.0,"key":"Weak Potion"},{"floor":21,"key":"AttackPotion"},{"floor":27,"key":"DuplicationPotion"},{"floor":31,"key":"SpeedPotion"},{"floor":35,"key":"Strength Potion"},{"floor":41,"key":"PowerPotion"},{"floor":45,"key":"Fire Potion"},{"floor":48,"key":"Weak Potion"}],"is_trial":false,"path_per_floor":["M","M","M","M","?","E","$","E","T","R","?","R","M","$","R","B",null,"M","M","$","M","?","R","E","$","T","E","?","M","M","M","R","B",null,"M","M","$","?","M","R","E","R","T","M","M","E","?","M","R","B","B"],"character_chosen":"THE_SILENT","items_purchased":["Boot","Snake Skull","Backstab","Backflip","MerchantsRug","Happy Flower","Bag of Preparation","Sling","Deadly Poison","Good Instincts","Sadistic Nature","After Image","Bag of Marbles","Pen Nib","Blur","Toxic Egg 2","Letter Opener","ClockworkSouvenir","A Thousand Cuts","Backflip+1","Trip+1","Accuracy","Blood Vial","Chemical X","Nunchaku","Deflect+1","Blade Dance+1","Bandage Up+1","DollysMirror"],"campfire_rested":3,"item_purchase_floors":[0,0,0,0,0,7,7,7,7,7,7,14,14,14,14,20,20,20,20,20,20,25,25,25,25,25,37,37,37],"current_hp_per_floor":[45,45,45,43,43,35,35,35,35,44,44,53,53,53,61,61,61,60,45,45,45,24,57,56,56,56,28,28,30,32,10,46,30,53,55,57,57,57,59,61,20,61,61,61,47,60,60,61,61,20,0,0],"gold":19,"neow_bonus":"","is_daily":false,"chose_seed":false,"campfire_upgraded":4,"win_rate":0.0,"timestamp":1613803306,"path_taken":["M","M","M","M","?","E","$","E","T","R","?","R","?","?","R","BOSS","M","?","$","?","?","R","E","?","T","E","?","?","M","M","R","BOSS","M","?","$","?","M","R","E","R","T","?","M","E","?","M","R","BOSS","BOSS"],"items_purchased_type":["Relic","Relic","Card","Card","Relic","Relic","Relic","Relic","Card","Card","Card","Card","Relic","Relic","Card","Relic","Relic","Relic","Card","Card","Card","Card","Relic","Relic","Relic","Card","Card","Card","Relic"],"build_version":"2020-12-22","purchased_purges":3,"victory":false,"max_hp_per_floor":[61,61,61,61,61,61,61,61,61,61,61,61,61,61,61,61,61,61,61,61,61,61,61,61,61,61,61,61,61,61,61,61,61,61,61,61,61,61,61,61,61,61,61,61,61,61,61,61,61,61,61,61],"card_choices":[{"not_picked":["Bane","Dodge and Roll"],"picked":"Poisoned Stab","floor":1.0},{"not_picked":["Prepared","Choke"],"picked":"PiercingWail","floor":2.0},{"not_picked":["All Out Attack","Dagger Throw"],"picked":"Storm of Steel","floor":3.0},{"not_picked":["Sucker Punch","Underhanded Strike"],"picked":"Calculated Gamble","floor":4.0},{"not_picked":["Prepared","Flying Knee"],"picked":"Caltrops","floor":6.0},{"not_picked":["Endless Agony","Acrobatics","Quick Slash"],"picked":"SKIP","floor":8.0},{"not_picked":["Backflip","Dagger Throw"],"picked":"Cloak And Dagger","floor":13.0},{"not_picked":["Adrenaline","Night Terror"],"picked":"Burst","floor":16.0},{"not_picked":["Slice","Outmaneuver"],"picked":"Cloak And Dagger","floor":18.0},{"not_picked":["Acrobatics","Blur+1"],"picked":"Noxious Fumes","floor":19.0},{"not_picked":["Dagger Spray","Calculated Gamble+1","Heel Hook"],"picked":"SKIP","floor":21},{"not_picked":["Bullet Time+1","Caltrops"],"picked":"Finisher","floor":24},{"not_picked":["Tactician+1","Dagger Spray"],"picked":"Backflip+1","floor":27},{"not_picked":["Underhanded Strike","Dodge and Roll+1","Dagger Throw"],"picked":"SKIP","floor":29},{"not_picked":["Glass Knife","Dodge and Roll+1"],"picked":"Deadly Poison+1","floor":30},{"not_picked":["Predator","Dodge and Roll+1"],"picked":"Cloak And Dagger+1","floor":31},{"not_picked":["Crippling Poison+1","Dodge and Roll+1"],"picked":"Infinite Blades","floor":32},{"not_picked":["Tools of the Trade","Bullet Time+1"],"picked":"Burst+1","floor":33},{"not_picked":["Sucker Punch","Dagger Throw"],"picked":"Blade Dance+1","floor":35},{"not_picked":["Bane+1","Malaise+1"],"picked":"Blur+1","floor":36},{"not_picked":["Leg Sweep+1","Quick Slash+1","Dagger Throw"],"picked":"SKIP","floor":39},{"not_picked":["PiercingWail+1","Eviscerate","Bane"],"picked":"SKIP","floor":41},{"not_picked":["Setup+1","Underhanded Strike","Sucker Punch+1"],"picked":"SKIP","floor":44},{"not_picked":["Finisher","Dodge and Roll+1","Concentrate+1"],"picked":"SKIP","floor":45},{"not_picked":["PiercingWail+1","Poisoned Stab+1"],"picked":"Backflip+1","floor":46},{"not_picked":["Backstab","PiercingWail+1"],"picked":"Storm of Steel+1","floor":48}],"player_experience":597943,"relics_obtained":[{"floor":6.0,"key":"Anchor"},{"floor":8.0,"key":"Eternal Feather"},{"floor":22,"key":"Nilry\u0027s Codex"},{"floor":24,"key":"Dream Catcher"},{"floor":26,"key":"Whetstone"},{"floor":27,"key":"Lantern"},{"floor":41,"key":"War Paint"},{"floor":43,"key":"Potion Belt"},{"floor":46,"key":"Ancient Tea Set"}],"event_choices":[{"damage_healed":0.0,"max_hp_gain":0.0,"max_hp_loss":0.0,"gold_gain":0.0,"event_name":"World of Goop","player_choice":"Left Gold","floor":5.0,"gold_loss":68.0,"damage_taken":0.0},{"damage_healed":0.0,"max_hp_gain":0.0,"max_hp_loss":0.0,"gold_gain":0.0,"event_name":"Upgrade Shrine","player_choice":"Upgraded","floor":11.0,"gold_loss":0.0,"damage_taken":0.0,"cards_upgraded":["Caltrops"]},{"damage_healed":0,"gold_gain":0,"player_choice":"Obtained Book","damage_taken":21,"max_hp_gain":0,"max_hp_loss":0,"event_name":"Cursed Tome","floor":22,"gold_loss":0},{"damage_healed":0,"gold_gain":0,"player_choice":"Read","damage_taken":0,"max_hp_gain":0,"max_hp_loss":0,"event_name":"The Library","floor":28,"gold_loss":0,"cards_obtained":["Crippling Poison"]},{"damage_healed":0,"gold_gain":0,"player_choice":"Upgraded","damage_taken":0,"max_hp_gain":0,"max_hp_loss":0,"event_name":"Upgrade Shrine","floor":38,"gold_loss":0,"cards_upgraded":["Infinite Blades"]},{"damage_healed":0,"gold_gain":0,"player_choice":"Paid","damage_taken":0,"relics_obtained":["Red Mask"],"max_hp_gain":0,"max_hp_loss":0,"event_name":"Tomb of Lord Red Mask","floor":47,"gold_loss":136}],"is_beta":false,"boss_relics":[{"not_picked":["Sozu","Velvet Choker"],"picked":"Philosopher\u0027s Stone"},{"not_picked":["Tiny House","SacredBark"],"picked":"WristBlade"}],"items_purged_floors":[0,7,20],"is_endless":false,"potions_floor_spawned":[1,2,4,6,21,27,31,35,41,45,48],"killed_by":"Awakened One","ascension_level":20}}