{"host":"tjq6rykv202u6iqx","time":1613857019,"event":{"mods":["AchievementEnabler","BaseMod","Minty Spire (QoL Compilation)","Rare Cards Sparkle","Relic Stats"],"gold_per_floor":[111,129,129,142,157,157,183,201,201,226,38,66,105,131,131,215,215,239,258,58,58,58,58,102,102,102,125,148,192,192,226,226,310,310,329,103,103,112,138,174,49,79,79,79,79],"floor_reached":44,"language":"ENG","playtime":4873,"items_purged":["Defend_P","Strike_P","Defend_P"],"score":1172,"play_id":"b6b130b1-9b0d-4cd5-afc2-370036b314a5","local_time":"20210220153659","is_ascension_mode":true,"campfire_choices":[{"data":"EmptyFist","floor":6.0,"key":"SMITH"},{"data":"TalkToTheHand","floor":15.0,"key":"SMITH"},{"data":"BowlingBash","floor":23.0,"key":"SMITH"},{"floor":25.0,"key":"REST"},{"floor":32.0,"key":"REST"}],"circlet_count":0,"master_deck":["AscendersBane","Strike_P","Strike_P","Strike_P","Defend_P","Eruption+1","Vigilance","BowlingBash+1","FearNoEvil","EmptyFist+1","Indignation","FlurryOfBlows","Wireheading","TalkToTheHand+1","MentalFortress","Consecrate","JustLucky","Ragnarok+1","Halt+1","LessonLearned","FearNoEvil","CrushJoints","Conclude","ThirdEye+1","LikeWater","EmptyMind","MasterReality+1","Adaptation","CutThroughFate","Trip","Weave","FlurryOfBlows","TalkToTheHand+1"],"relics":["PureWater","Ornamental Fan","Incense Burner","CeramicFish","SacredBark","Membership Card","Ice Cream","Dead Branch","Strawberry","Nloth\u0027s Gift","Smiling Mask","VioletLotus","Shuriken","Kunai","DollysMirror","Bag of Marbles"],"acts_visited":["Exordium","TheCity","TheBeyond"],"potions_floor_usage":[40],"damage_taken":[{"damage":0.0,"enemies":"Cultist","floor":1.0,"turns":3.0},{"damage":0.0,"enemies":"Jaw Worm","floor":2.0,"turns":3.0},{"damage":0.0,"enemies":"Small Slimes","floor":4.0,"turns":1.0},{"damage":0.0,"enemies":"2 Fungi Beasts","floor":5.0,"turns":2.0},{"damage":34.0,"enemies":"Lagavulin","floor":7.0,"turns":7.0},{"damage":0.0,"enemies":"3 Louse","floor":8.0,"turns":2.0},{"damage":4.0,"enemies":"Exordium Thugs","floor":12.0,"turns":4.0},{"damage":1.0,"enemies":"3 Sentries","floor":13.0,"turns":4.0},{"damage":0.0,"enemies":"2 Fungi Beasts","floor":14.0,"turns":2.0},{"damage":8.0,"enemies":"Hexaghost","floor":16.0,"turns":10.0},{"damage":0.0,"enemies":"Chosen","floor":18.0,"turns":5.0},{"damage":13.0,"enemies":"Spheric Guardian","floor":19.0,"turns":4.0},{"damage":27.0,"enemies":"Gremlin Leader","floor":24.0,"turns":7.0},{"damage":22.0,"enemies":"3 Cultists","floor":27.0,"turns":4.0},{"damage":3.0,"enemies":"Snake Plant","floor":28.0,"turns":5.0},{"damage":0.0,"enemies":"Book of Stabbing","floor":29.0,"turns":4.0},{"damage":9.0,"enemies":"Gremlin Leader","floor":31.0,"turns":6.0},{"damage":8.0,"enemies":"Champ","floor":33.0,"turns":8.0},{"damage":25.0,"enemies":"3 Shapes","floor":35.0,"turns":7.0},{"damage":0,"enemies":"3 Darklings","floor":39,"turns":3},{"damage":0,"enemies":"Reptomancer","floor":40,"turns":3},{"damage":20,"enemies":"Giant Head","floor":42,"turns":7},{"damage":23,"enemies":"Reptomancer","floor":44,"turns":2}],"seed_played":"3810905415679898786","potions_obtained":[{"floor":1.0,"key":"Block Potion"},{"floor":7.0,"key":"Ambrosia"},{"floor":8.0,"key":"Fire Potion"},{"floor":13.0,"key":"DistilledChaos"},{"floor":16.0,"key":"Dexterity Potion"},{"floor":27.0,"key":"DuplicationPotion"},{"floor":28.0,"key":"Energy Potion"},{"floor":31.0,"key":"FearPotion"}],"is_trial":false,"path_per_floor":["M","M","?","M","M","R","E","M","T","T","$","M","E","M","R","B",null,"M","M","$","?","?","R","E","R","T","M","M","E","?","E","R","B",null,"M","$","?","?","M","E","$","E","T","E"],"character_chosen":"WATCHER","items_purchased":["TalkToTheHand","MentalFortress","Consecrate","Membership Card","Shuriken","Adaptation","CutThroughFate","DollysMirror"],"campfire_rested":2,"item_purchase_floors":[11,11,11,20,36,36,36,41],"current_hp_per_floor":[61,61,61,61,61,61,27,27,27,27,27,23,22,22,22,14,55,55,42,42,42,42,42,15,35,35,13,10,17,17,8,30,22,62,37,37,37,32,32,32,32,12,12,0,0],"gold":79,"neow_bonus":"UPGRADE_CARD","is_daily":false,"chose_seed":false,"campfire_upgraded":3,"win_rate":0.0,"timestamp":1613857019,"path_taken":["M","M","?","M","M","R","E","M","T","?","$","M","E","M","R","BOSS","M","M","$","?","?","R","E","R","T","M","M","E","?","E","R","BOSS","M","$","?","?","M","E","?","E","T","E"],"items_purchased_type":["Card","Card","Card","Relic","Relic","Card","Card","Relic"],"build_version":"2020-12-22","purchased_purges":3,"victory":false,"max_hp_per_floor":[68,68,68,68,68,68,68,68,68,68,68,68,68,68,68,68,68,68,68,68,68,68,68,68,68,68,68,68,75,75,75,75,75,75,75,75,75,75,75,75,75,75,75,75,75],"relic_stats":{"counters":[23,103],"Ornamental Fan":[204],"Shuriken":[13],"CeramicFish":180,"Dead Branch":[39],"VioletLotus":[7],"Nloth\u0027s Gift":2,"Kunai":[8],"Smiling Mask":13,"obtain_stats":[{"Ice Cream":24,"CeramicFish":10,"Blue Candle":13,"SacredBark":17,"Dead Branch":26,"Incense Burner":9,"Smiling Mask":31,"Ornamental Fan":7,"Shuriken":36,"DollysMirror":41,"Strawberry":29,"VioletLotus":34,"Nloth\u0027s Gift":30,"Bag of Marbles":42,"Membership Card":20,"Kunai":40,"PureWater":0},{"Ice Cream":13,"CeramicFish":6,"Blue Candle":8,"SacredBark":10,"Dead Branch":13,"Incense Burner":6,"Smiling Mask":17,"Ornamental Fan":5,"Shuriken":19,"DollysMirror":21,"Strawberry":16,"VioletLotus":18,"Nloth\u0027s Gift":16,"Bag of Marbles":22,"Membership Card":12,"Kunai":21,"PureWater":0},{"Ice Cream":54,"CeramicFish":18,"Blue Candle":26,"SacredBark":38,"Dead Branch":54,"Incense Burner":18,"Smiling Mask":73,"Ornamental Fan":16,"Shuriken":88,"DollysMirror":94,"Strawberry":67,"VioletLotus":81,"Nloth\u0027s Gift":67,"Bag of Marbles":101,"Membership Card":47,"Kunai":94,"PureWater":0}]},"card_choices":[{"not_picked":["Worship","Study"],"picked":"BowlingBash","floor":1.0},{"not_picked":["MentalFortress","WheelKick"],"picked":"FearNoEvil","floor":2.0},{"not_picked":["ThirdEye","BowlingBash"],"picked":"EmptyFist","floor":4.0},{"not_picked":["BowlingBash","EmptyFist"],"picked":"Indignation","floor":5.0},{"not_picked":["Crescendo","ThirdEye"],"picked":"FlurryOfBlows","floor":7.0},{"not_picked":["Prostrate","Worship"],"picked":"Wireheading","floor":8.0},{"not_picked":["Halt","ClearTheMind"],"picked":"JustLucky","floor":12.0},{"not_picked":["Study","SashWhip"],"picked":"Ragnarok","floor":13.0},{"not_picked":["EmptyBody","Wireheading"],"picked":"Halt","floor":14.0},{"not_picked":["Judgement","Establishment"],"picked":"LessonLearned","floor":16.0},{"not_picked":["Crescendo","ThirdEye"],"picked":"FearNoEvil","floor":18.0},{"not_picked":["Crescendo","Indignation","WreathOfFlame"],"picked":"SKIP","floor":19.0},{"not_picked":["Pray","SashWhip"],"picked":"CrushJoints","floor":24.0},{"not_picked":["FlyingSleeves","Study"],"picked":"Conclude","floor":27.0},{"not_picked":["Perseverance","Swivel"],"picked":"ThirdEye+1","floor":28.0},{"not_picked":["CrushJoints","BattleHymn"],"picked":"LikeWater","floor":29.0},{"not_picked":["DeceiveReality+1","FollowUp"],"picked":"EmptyMind","floor":31.0},{"not_picked":["Judgement","Ragnarok"],"picked":"MasterReality","floor":33.0},{"not_picked":["Omniscience","Indignation","SignatureMove+1"],"picked":"SKIP","floor":35.0},{"not_picked":["Chrysalis","Blind"],"picked":"Trip","floor":38.0},{"not_picked":["CrushJoints","Meditate+1"],"picked":"Weave","floor":39},{"not_picked":["Prostrate","Worship"],"picked":"FlurryOfBlows","floor":40},{"not_picked":["FollowUp","ClearTheMind","SpiritShield"],"picked":"SKIP","floor":42}],"player_experience":989871,"relics_obtained":[{"floor":7.0,"key":"Ornamental Fan"},{"floor":9.0,"key":"Incense Burner"},{"floor":10.0,"key":"CeramicFish"},{"floor":13.0,"key":"Blue Candle"},{"floor":24.0,"key":"Ice Cream"},{"floor":26.0,"key":"Dead Branch"},{"floor":29.0,"key":"Strawberry"},{"floor":31.0,"key":"Smiling Mask"},{"floor":40,"key":"Kunai"},{"floor":42,"key":"Bag of Marbles"}],"event_choices":[{"damage_healed":0.0,"max_hp_gain":0.0,"max_hp_loss":0.0,"gold_gain":0.0,"cards_transformed":["Defend_P"],"event_name":"Living Wall","player_choice":"Change","floor":3.0,"gold_loss":0.0,"damage_taken":0.0,"cards_obtained":["Prostrate"]},{"cards_removed":["Prostrate"],"damage_healed":0.0,"max_hp_gain":0.0,"max_hp_loss":0.0,"gold_gain":0.0,"event_name":"Back to Basics","player_choice":"Elegance","floor":21.0,"gold_loss":0.0,"damage_taken":0.0},{"damage_healed":0.0,"max_hp_gain":0.0,"max_hp_loss":0.0,"gold_gain":0.0,"event_name":"The Mausoleum","player_choice":"Ignored","floor":22.0,"gold_loss":0.0,"damage_taken":0.0},{"damage_healed":0.0,"max_hp_gain":0.0,"max_hp_loss":0.0,"gold_gain":0.0,"event_name":"N\u0027loth","player_choice":"Traded Relic","floor":30.0,"relics_lost":["Blue Candle"],"gold_loss":0.0,"damage_taken":0.0,"relics_obtained":["Nloth\u0027s Gift"]},{"damage_healed":0.0,"max_hp_gain":0.0,"max_hp_loss":0.0,"gold_gain":0.0,"event_name":"The Moai Head","player_choice":"Ignored","floor":37.0,"gold_loss":0.0,"damage_taken":0.0},{"damage_healed":0.0,"max_hp_gain":0.0,"max_hp_loss":0.0,"gold_gain":0.0,"event_name":"SensoryStone","player_choice":"Memory 2","floor":38.0,"gold_loss":0.0,"damage_taken":5.0}],"is_beta":false,"boss_relics":[{"not_picked":["Coffee Dripper","Snecko Eye"],"picked":"SacredBark"},{"not_picked":["Busted Crown","Runic Dome"],"picked":"VioletLotus"}],"items_purged_floors":[20,36,41],"is_endless":false,"potions_floor_spawned":[1,7,8,12,13,16,27,28,31],"killed_by":"Reptomancer","ascension_level":20}}