{"host":"prxrhpgaxnj4om9r","time":1613795841,"event":{"mods":["AchievementEnabler","BaseMod","Colored Map","DeckTracker","Minty Spire (QoL Compilation)"],"gold_per_floor":[114,134,152,152,152,152,167,187,211,238,238,250,28,41,41,140,140,160,176,176,193,209,244,159,177,177,177,200,200,200],"floor_reached":29,"language":"KOR","playtime":1236,"items_purged":[],"score":251,"play_id":"bca04912-ae31-4f5f-880b-9bbb5aceea70","local_time":"20210220133721","is_ascension_mode":false,"campfire_choices":[{"data":"Coolheaded","floor":6,"key":"SMITH"},{"data":"Streamline","floor":11,"key":"SMITH"},{"data":"White Noise","floor":15,"key":"SMITH"}],"circlet_count":0,"master_deck":["Strike_B","Strike_B","Strike_B","Defend_B","Defend_B","Defend_B","Zap+1","Dualcast","Beam Cell","Coolheaded+1","Stack","Conserve Battery","Gash","Streamline+1","Steam Power","White Noise+1","Panache","Static Discharge","Genetic Algorithm","Creative AI","Chill","Cold Snap","Aggregate","Scrape","Turbo","Clumsy","Recycle"],"relics":["Cracked Core","Unceasing Top","Oddly Smooth Stone","Centennial Puzzle","Cursed Key","Mummified Hand","Blood Vial","CeramicFish"],"acts_visited":["Exordium","TheCity"],"potions_floor_usage":[10,16,21,23,28,28],"damage_taken":[{"damage":2,"enemies":"2 Louse","floor":1,"turns":2},{"damage":1,"enemies":"Jaw Worm","floor":2,"turns":3},{"damage":0,"enemies":"Cultist","floor":3,"turns":3},{"damage":0,"enemies":"2 Fungi Beasts","floor":7,"turns":3},{"damage":2,"enemies":"Red Slaver","floor":8,"turns":2},{"damage":10,"enemies":"3 Sentries","floor":10,"turns":7},{"damage":0,"enemies":"Large Slime","floor":12,"turns":4},{"damage":12,"enemies":"Blue Slaver","floor":14,"turns":3},{"damage":19,"enemies":"The Guardian","floor":16,"turns":8},{"damage":10,"enemies":"3 Byrds","floor":18,"turns":3},{"damage":0,"enemies":"Shell Parasite","floor":19,"turns":4},{"damage":12,"enemies":"Snecko","floor":21,"turns":5},{"damage":19,"enemies":"Snake Plant","floor":22,"turns":3},{"damage":3,"enemies":"Book of Stabbing","floor":23,"turns":4},{"damage":3,"enemies":"Cultist and Chosen","floor":25,"turns":6},{"damage":0,"enemies":"Sentry and Sphere","floor":28,"turns":3},{"damage":20,"enemies":"Slavers","floor":29,"turns":1}],"seed_played":"-2758200803672844165","potions_obtained":[{"floor":2,"key":"LiquidBronze"},{"floor":12,"key":"FocusPotion"},{"floor":19,"key":"Swift Potion"},{"floor":22,"key":"BlessingOfTheForge"},{"floor":23,"key":"Swift Potion"},{"floor":25,"key":"GamblersBrew"}],"is_trial":false,"path_per_floor":["M","M","M","?","T","R","M","M","T","E","R","M","$","M","R","B",null,"M","M","?","M","M","E","?","M","T","?","M","E"],"character_chosen":"DEFECT","items_purchased":["Panache","Static Discharge"],"campfire_rested":0,"item_purchase_floors":[13,13],"current_hp_per_floor":[73,72,72,72,72,72,72,70,70,60,60,60,60,48,48,29,75,65,65,65,53,34,31,31,30,30,16,18,0,0],"gold":200,"neow_bonus":"UPGRADE_CARD","is_daily":false,"chose_seed":false,"campfire_upgraded":3,"win_rate":0.0,"timestamp":1613795841,"path_taken":["M","M","M","?","?","R","?","M","T","E","R","M","$","M","R","BOSS","M","M","?","?","M","E","?","M","T","?","M","E"],"items_purchased_type":["Card","Card"],"build_version":"2020-12-22","purchased_purges":0,"victory":false,"max_hp_per_floor":[75,75,75,75,75,75,75,75,75,75,75,75,75,75,75,75,75,75,75,75,75,75,75,75,75,75,80,80,80,80],"card_choices":[{"not_picked":["Compile Driver","Rebound"],"picked":"Beam Cell","floor":1},{"not_picked":["Heatsinks","Redo"],"picked":"Coolheaded","floor":2},{"not_picked":["Go for the Eyes","Barrage"],"picked":"Stack","floor":3},{"not_picked":["Go for the Eyes","Coolheaded"],"picked":"Gash","floor":7},{"not_picked":["Force Field","Ball Lightning"],"picked":"Streamline","floor":8},{"not_picked":["Leap","Stack"],"picked":"Steam Power","floor":10},{"not_picked":["Leap","Storm"],"picked":"White Noise","floor":12},{"not_picked":["Go for the Eyes","Coolheaded"],"picked":"Genetic Algorithm","floor":14},{"not_picked":["Core Surge","Reboot"],"picked":"Creative AI","floor":16},{"not_picked":["Leap","Compile Driver"],"picked":"Chill","floor":18},{"not_picked":["Auto Shields","Leap"],"picked":"Cold Snap","floor":19},{"not_picked":["Sweeping Beam","Cold Snap"],"picked":"Aggregate","floor":21},{"not_picked":["Compile Driver","Aggregate","Beam Cell"],"picked":"SKIP","floor":22},{"not_picked":["Turbo","Gash+1"],"picked":"Scrape","floor":23},{"not_picked":["Barrage","White Noise"],"picked":"Turbo","floor":25},{"not_picked":["Compile Driver","Turbo"],"picked":"Recycle","floor":28}],"player_experience":549749,"relics_obtained":[{"floor":5,"key":"Unceasing Top"},{"floor":9,"key":"Oddly Smooth Stone"},{"floor":10,"key":"Centennial Puzzle"},{"floor":23,"key":"Mummified Hand"},{"floor":26,"key":"CeramicFish"}],"event_choices":[{"damage_healed":0,"gold_gain":0,"cards_transformed":["Defend_B"],"player_choice":"Change","damage_taken":0,"max_hp_gain":0,"max_hp_loss":0,"event_name":"Living Wall","floor":4,"gold_loss":0,"cards_obtained":["Conserve Battery"]},{"cards_removed":["Strike_B"],"damage_healed":0,"gold_gain":0,"player_choice":"Offered Basic","damage_taken":0,"max_hp_gain":0,"max_hp_loss":0,"event_name":"Bonfire Elementals","floor":20,"gold_loss":0},{"damage_healed":0,"gold_gain":0,"player_choice":"Obtained Relic","damage_taken":0,"relics_obtained":["Blood Vial"],"max_hp_gain":0,"max_hp_loss":0,"event_name":"Addict","floor":24,"gold_loss":85},{"damage_healed":0,"gold_gain":0,"player_choice":"Shed Blood","damage_taken":19,"max_hp_gain":5,"max_hp_loss":0,"event_name":"Forgotten Altar","floor":27,"gold_loss":0}],"is_beta":false,"boss_relics":[{"not_picked":["Velvet Choker","Sozu"],"picked":"Cursed Key"}],"items_purged_floors":[],"is_endless":false,"potions_floor_spawned":[2,12,19,22,23,25],"killed_by":"Slavers","ascension_level":0}}