{"host":"cd8sh5n6ebstnq0m","time":1613853337,"event":{"mods":["BaseMod","BetterRewards","Colored Map","Dota2Spire","Downfall","Friendly Minions","GungeonMod","Hubris","Infinite Spire","Jedi Mod","Minty Spire (QoL Compilation)","Replay The Spire","Spicy Shops","StSLib","The Animator","The Blackbeard","The Forsaken","The Runesmith"],"gold_per_floor":[116,116,141,141,141,211,211,242,242,242,253,140,140,40,40,152,152,169,169,181,27,27,53,53,70,70,70,90,114,141,165,189,189,189,189],"floor_reached":34,"language":"ENG","playtime":1488,"items_purged":["hubris:Lust","Parasite"],"score":282,"play_id":"06c0bfc2-65e0-4a70-b847-d393dad1e2ab","local_time":"20210220213537","is_ascension_mode":false,"campfire_choices":[{"floor":15,"key":"REST"},{"data":"DemoMod:Behold!","floor":24,"key":"SMITH"},{"data":"DemoMod:Gungine","floor":27,"key":"SMITH"},{"floor":33,"key":"REST"}],"circlet_count":0,"master_deck":["DemoMod:Strike_Huntress","DemoMod:Strike_Huntress","DemoMod:Strike_Huntress","DemoMod:Defend_Huntress","DemoMod:Defend_Huntress","DemoMod:Defend_Huntress","DemoMod:Roll","DemoMod:ManualReload+1","DemoMod:CrossBow","animator:Strike_Konosuba","DemoMod:TableTechRage","DemoMod:Behold!+1","DemoMod:GunslingerForm+1","DemoMod:TeaPot","DemoMod:HungryBullets","DemoMod:StickyCrossBow","DemoMod:StickyCrossBow","DemoMod:FinishedGun+1","DemoMod:AWP","DemoMod:PracticeMakesPerfect","DemoMod:Unmoved","DemoMod:BattleInHaste","DemoMod:Gungine+1","DemoMod:HungryBullets","DemoMod:TripleGun","DemoMod:PotionOfGunFriendShip","DemoMod:ThirdPartyController"],"relics":["DemoMod:Dog","DemoMod:Antibody","DemoMod:MeltedRock","Garlic","ReplayTheSpireMod:CursedCoin","Centennial Puzzle","expansioncontent:StudyCardRelic","jedi:shrinkray","DemoMod:AgedBell"],"acts_visited":["Exordium","TheCity","DemoMod:Maze"],"potions_floor_usage":[6,29],"damage_taken":[{"damage":0,"enemies":"Jaw Worm","floor":1,"turns":2},{"damage":5,"enemies":"infinitespire:Voidling","floor":3,"turns":3},{"damage":33,"enemies":"Replay:BlueRogue","floor":6,"turns":11},{"damage":35,"enemies":"Lagavulin","floor":8,"turns":8},{"damage":0,"enemies":"2 Louse","floor":11,"turns":2},{"damage":23,"enemies":"Hexaghost","floor":16,"turns":10},{"damage":12,"enemies":"2 Thieves","floor":18,"turns":2},{"damage":0,"enemies":"Shell Parasite","floor":20,"turns":2},{"damage":4,"enemies":"Book of Stabbing","floor":23,"turns":2},{"damage":11,"enemies":"Snecko","floor":25,"turns":6},{"damage":6,"enemies":"DemoMod:Red_and_blue_shotgun_kin","floor":28,"turns":2},{"damage":6,"enemies":"DemoMod:2_Veteran_bullet_kins_and_red_shotgun_kin","floor":29,"turns":1},{"damage":7,"enemies":"DemoMod:Veteran_shot_gun_kin_and_blue_shotgun_kin_with_gunsinger","floor":30,"turns":3},{"damage":10,"enemies":"DemoMod:Red_and_blue_shotgun_kin_with_gunsinger","floor":31,"turns":2},{"damage":4,"enemies":"DemoMod:Veteran_shot_gun_kin_and_blue_shotgun_kin","floor":32,"turns":2},{"damage":101,"enemies":"DemoMod:ResourcefulRat","floor":34,"turns":9}],"seed_played":"457221859906414945","potions_obtained":[{"floor":3,"key":"Energy Potion"},{"floor":16,"key":"Elixir"},{"floor":25,"key":"Explosive Potion"},{"floor":28,"key":"SpeedPotion"},{"floor":32,"key":"PowerPotion"}],"is_trial":false,"path_per_floor":["M","?","M","?","?","E","?","E","T","$","M","$","?","$","R","B",null,"M","?","M","$","?","E","R","M","T","R","M","M","M","M","M","R","B"],"character_chosen":"HUNTRESS","items_purchased":["ReplayTheSpireMod:CursedCoin","Centennial Puzzle","DemoMod:GnawedKey","jedi:shrinkray"],"campfire_rested":2,"item_purchase_floors":[12,12,12,21],"current_hp_per_floor":[70,70,69,69,69,36,36,1,1,1,1,1,18,18,38,15,67,55,55,55,55,55,51,51,40,67,67,61,55,48,38,34,67,0,0],"gold":189,"neow_bonus":"THREE_RARE_CARDS","is_daily":false,"chose_seed":false,"campfire_upgraded":2,"win_rate":0.0,"timestamp":1613853337,"path_taken":["M","?","?","?","?","E","?","E","T","$","?","?","?","$","R","BOSS","M","?","?","?","?","E","R","M","T","R","M","M","M","M","M","R","BOSS"],"items_purchased_type":["Relic","Relic","Relic","Relic"],"build_version":"2020-12-22","purchased_purges":2,"victory":false,"max_hp_per_floor":[70,70,70,70,70,70,70,70,70,70,70,70,70,67,67,67,67,67,67,67,67,67,67,67,67,67,67,67,67,67,67,67,67,67,67],"card_choices":[{"not_picked":["DemoMod:Desperate","DemoMod:ThirdPartyController"],"picked":"DemoMod:Behold!","floor":0},{"not_picked":["DemoMod:AC15","DemoMod:BoxingGlove"],"picked":"DemoMod:HardPowerCard","floor":1},{"not_picked":["DemoMod:DirectionalPad","DemoMod:MegaHand"],"picked":"DemoMod:GunslingerForm","floor":3},{"not_picked":["DemoMod:PracticeMakesPerfect","DemoMod:GunslingerForm"],"picked":"DemoMod:TeaPot","floor":6},{"not_picked":["DemoMod:BalloonGun","DemoMod:Rummage"],"picked":"DemoMod:StickyCrossBow","floor":8},{"not_picked":["DemoMod:AbyssalTentacle","DemoMod:FortunesFavor"],"picked":"DemoMod:StickyCrossBow","floor":11},{"not_picked":["DemoMod:Desperate","DemoMod:DoubleVision"],"picked":"DemoMod:FinishedGun","floor":16},{"not_picked":["DemoMod:AbyssalTentacle","DemoMod:SkilledReload+1"],"picked":"DemoMod:AWP","floor":18},{"not_picked":["DemoMod:TeaPot","DemoMod:AWP"],"picked":"DemoMod:Unmoved","floor":20},{"not_picked":["DemoMod:Evolver","DemoMod:DoubleSwitch"],"picked":"DemoMod:BattleInHaste","floor":23},{"not_picked":["DemoMod:JK47","DemoMod:DoubleSwitch"],"picked":"DemoMod:Gungine","floor":25},{"not_picked":["DemoMod:FastSwitch+1","DemoMod:BattleInHaste"],"picked":"DemoMod:HungryBullets","floor":28},{"not_picked":["DemoMod:AWP","DemoMod:FeignSurrender+1"],"picked":"DemoMod:TripleGun","floor":29},{"not_picked":["DemoMod:Unity","DemoMod:HuntsMan"],"picked":"DemoMod:PotionOfGunFriendShip","floor":30},{"not_picked":["DemoMod:DirectionalPad","DemoMod:Ejector","DemoMod:Evolver"],"picked":"SKIP","floor":30},{"not_picked":["DemoMod:BattleInHaste+1","DemoMod:MachoBrace+1"],"picked":"DemoMod:ThirdPartyController","floor":31},{"not_picked":["DemoMod:DirectionalPad+1","DemoMod:LifeOrb","DemoMod:SAA"],"picked":"SKIP","floor":32}],"player_experience":404865,"relics_obtained":[{"floor":6,"key":"DemoMod:Antibody"},{"floor":8,"key":"DemoMod:MeltedRock"},{"floor":9,"key":"Garlic"},{"floor":23,"key":"DemoMod:AgedBell"}],"event_choices":[{"cards_removed":["DemoMod:Defend_Huntress"],"damage_healed":0,"gold_gain":0,"player_choice":"Purged","damage_taken":0,"max_hp_gain":0,"max_hp_loss":0,"event_name":"Purifier","floor":2,"gold_loss":0},{"damage_healed":0,"gold_gain":0,"player_choice":"Grow","damage_taken":0,"max_hp_gain":0,"max_hp_loss":0,"event_name":"Living Wall","floor":5,"gold_loss":0,"cards_upgraded":["DemoMod:GunslingerForm"]},{"damage_healed":0,"gold_gain":0,"cards_transformed":["DemoMod:HardPowerCard"],"player_choice":"Transformed","damage_taken":0,"max_hp_gain":0,"max_hp_loss":0,"event_name":"Transmorgrifier","floor":7,"gold_loss":0,"cards_obtained":["DemoMod:HungryBullets"]},{"damage_healed":17,"gold_gain":0,"player_choice":"Healed and dodged fight","damage_taken":0,"max_hp_gain":0,"max_hp_loss":0,"event_name":"Mushrooms","floor":13,"gold_loss":0,"cards_obtained":["Parasite"]},{"damage_healed":0,"gold_gain":0,"cards_transformed":["DemoMod:RustySidearm"],"player_choice":"Transformed","damage_taken":0,"max_hp_gain":0,"max_hp_loss":0,"event_name":"Transmorgrifier","floor":19,"gold_loss":0,"cards_obtained":["DemoMod:PracticeMakesPerfect"]},{"damage_healed":0,"gold_gain":0,"player_choice":"Forge","damage_taken":0,"max_hp_gain":0,"max_hp_loss":0,"event_name":"Accursed Blacksmith","floor":22,"gold_loss":0,"cards_upgraded":["DemoMod:FinishedGun"]}],"is_beta":false,"boss_relics":[{"not_picked":["Abe\u0027s Treasure","Runic Dome"],"picked":"expansioncontent:StudyCardRelic"}],"items_purged_floors":[12,14],"is_endless":false,"potions_floor_spawned":[3,16,25,28,32],"killed_by":"DemoMod:ResourcefulRat","ascension_level":0}}