{"host":"36t3qd3wjvajtu1z","time":1613782742,"event":{"mods":["2.2 Compatiblity","AchievementEnabler","BaseMod","Bestiary","Block Reminder","Colored Powertips","Curses Come First","Filter the Spire","Highlight Path","Minty Spire (QoL Compilation)","Permanent Neow","Quick Restart","Random Character Button","Rare Cards Sparkle","Relic Stats","Slay-I","StSLib","Unknown Chances"],"gold_per_floor":[16,33,33,33,52,52,86,111,111,111,135,171,171,196,196,285,285,298,20,20,20],"floor_reached":20,"language":"ENG","playtime":785,"items_purged":["Strike_B"],"score":340,"play_id":"84a80bed-6736-42bd-b54e-b02b4077881e","local_time":"20210219165902","is_ascension_mode":true,"campfire_choices":[{"data":"Beam Cell","floor":6.0,"key":"SMITH"},{"data":"Streamline","floor":10.0,"key":"SMITH"},{"data":"Static Discharge","floor":13.0,"key":"SMITH"},{"data":"Rainbow","floor":15.0,"key":"SMITH"}],"circlet_count":0,"master_deck":["AscendersBane","Strike_B","Strike_B","Defend_B","Defend_B","Defend_B","Defend_B","Zap","Dualcast","Beam Cell+1","Streamline+1","Rainbow+1","Sunder","All For One","Beam Cell","Static Discharge+1","Recycle","Rebound","Rainbow","Consume+1","Fusion"],"relics":["Cracked Core","Torii","Golden Idol","Ornamental Fan","InkBottle","Darkstone Periapt","Inserter","Bag of Preparation"],"acts_visited":["Exordium","TheCity"],"potions_floor_usage":[],"damage_taken":[{"damage":2.0,"enemies":"Jaw Worm","floor":1.0,"turns":3.0},{"damage":2.0,"enemies":"Small Slimes","floor":2.0,"turns":3.0},{"damage":1.0,"enemies":"Cultist","floor":5.0,"turns":4.0},{"damage":11.0,"enemies":"Lagavulin","floor":7.0,"turns":5.0},{"damage":2.0,"enemies":"Gremlin Gang","floor":8.0,"turns":3.0},{"damage":0.0,"enemies":"Large Slime","floor":11.0,"turns":4.0},{"damage":13.0,"enemies":"3 Sentries","floor":12.0,"turns":5.0},{"damage":0.0,"enemies":"2 Fungi Beasts","floor":14.0,"turns":2.0},{"damage":9.0,"enemies":"Hexaghost","floor":16.0,"turns":6.0},{"damage":17.0,"enemies":"3 Byrds","floor":18.0,"turns":3.0},{"damage":42,"enemies":"Shell Parasite","floor":20,"turns":4}],"seed_played":"2354014470050894469","potions_obtained":[{"floor":5.0,"key":"Weak Potion"},{"floor":11.0,"key":"Weak Potion"},{"floor":12.0,"key":"FocusPotion"},{"floor":14.0,"key":"Block Potion"},{"floor":16.0,"key":"DistilledChaos"}],"is_trial":false,"path_per_floor":["M","M","?","?","M","R","E","M","T","R","M","E","R","M","R","B",null,"M","$","M"],"character_chosen":"DEFECT","items_purchased":["Bag of Preparation","Fusion"],"campfire_rested":0,"item_purchase_floors":[19,19],"current_hp_per_floor":[62,60,60,60,59,59,48,46,46,46,46,33,33,33,33,24,54,37,37,0,0],"gold":20,"neow_bonus":"ONE_RARE_RELIC","is_daily":false,"chose_seed":false,"campfire_upgraded":4,"win_rate":0.0,"timestamp":1613782742,"path_taken":["M","M","?","?","M","R","E","M","T","R","M","E","R","M","R","BOSS","M","?","M"],"items_purchased_type":["Relic","Card"],"build_version":"2020-12-22","purchased_purges":1,"victory":false,"max_hp_per_floor":[71,71,64,64,64,64,64,64,64,64,64,64,64,64,64,64,64,64,64,64,64],"relic_stats":{"Darkstone Periapt":0,"Inserter":[3],"Torii":44,"counters":[11,42],"Golden Idol":54,"Ornamental Fan":[20],"Bag of Preparation":[2],"obtain_stats":[{"Darkstone Periapt":12,"Inserter":17,"Torii":0,"Golden Idol":3,"Ornamental Fan":7,"Bag of Preparation":19,"Cracked Core":0,"InkBottle":9},{"Darkstone Periapt":7,"Inserter":9,"Torii":0,"Golden Idol":2,"Ornamental Fan":4,"Bag of Preparation":10,"Cracked Core":0,"InkBottle":5},{"Darkstone Periapt":27,"Inserter":35,"Torii":0,"Golden Idol":6,"Ornamental Fan":15,"Bag of Preparation":38,"Cracked Core":0,"InkBottle":18}],"InkBottle":[5]},"card_choices":[{"not_picked":["Gash","Turbo"],"picked":"Beam Cell","floor":1.0},{"not_picked":["Barrage","Steam"],"picked":"Streamline","floor":2.0},{"not_picked":["Darkness","Turbo"],"picked":"Sunder","floor":5.0},{"not_picked":["Steam","Rebound"],"picked":"All For One","floor":7.0},{"not_picked":["Hologram","Skim"],"picked":"Beam Cell","floor":8.0},{"not_picked":["Redo","Coolheaded"],"picked":"Static Discharge","floor":11.0},{"not_picked":["Skim","Thunder Strike"],"picked":"Recycle","floor":12.0},{"not_picked":["Beam Cell","Coolheaded"],"picked":"Rebound","floor":14.0},{"not_picked":["Amplify","Reboot"],"picked":"Rainbow","floor":16.0},{"not_picked":["Steam Power","Sweeping Beam"],"picked":"Consume+1","floor":18.0}],"player_experience":561176,"relics_obtained":[{"floor":7.0,"key":"Ornamental Fan"},{"floor":9.0,"key":"InkBottle"},{"floor":12.0,"key":"Darkstone Periapt"}],"event_choices":[{"damage_healed":0.0,"max_hp_gain":0.0,"max_hp_loss":7.0,"gold_gain":0.0,"event_name":"Golden Idol","player_choice":"Lose Max HP","floor":3.0,"gold_loss":0.0,"damage_taken":0.0,"relics_obtained":["Golden Idol"]},{"damage_healed":0.0,"max_hp_gain":0.0,"max_hp_loss":0.0,"gold_gain":0.0,"cards_transformed":["Strike_B"],"event_name":"Transmorgrifier","player_choice":"Transformed","floor":4.0,"gold_loss":0.0,"damage_taken":0.0,"cards_obtained":["Rainbow"]}],"is_beta":false,"boss_relics":[{"not_picked":["Ectoplasm","Calling Bell"],"picked":"Inserter"}],"items_purged_floors":[19],"is_endless":false,"potions_floor_spawned":[5,11,12,14,16],"killed_by":"Shell Parasite","ascension_level":17}}