{"host":"scy0o1xotfn36lpl","time":1613817017,"event":{"mods":["AchievementEnabler","Aspiration","BaseMod","Better Altar","Better Note","Better Sensory Stone","Better Skull","Better Third Choice","Colored Map","Curses Come First","Downfall","GifTheSpireLib","Googly Eyes","Highlight Path","Minty Spire (QoL Compilation)","Permanent Neow","Spicy Shops","StSLib","everything is the same but u backflip on backflip"],"gold_per_floor":[215,215,228,228,228,262,283,326,326,340,355,393,414,414,414,538,538,563,225,150,65,65,99,23,59,114,149,168,186,205,226,226,345,345,366,366,429,445,778,778,805,822,875,892,922,196,210,261,261,261],"floor_reached":51,"language":"ENG","playtime":3042,"items_purged":["Pain"],"score":1109,"play_id":"9173b271-5716-401e-90d2-c313560ea11b","local_time":"20210220023017","is_ascension_mode":true,"campfire_choices":[{"data":"Feed","floor":15.0,"key":"SMITH"},{"data":"Double Tap","floor":32.0,"key":"SMITH"},{"data":"Demon Form","floor":40,"key":"SMITH"},{"floor":49,"key":"REST"}],"circlet_count":0,"master_deck":["Strike_R+1","Strike_R+1","Strike_R+1","Strike_R+1","Defend_R+1","Defend_R+1","Defend_R+1","Defend_R+1","Bash+1","Clash","Flex","Thunderclap","Twin Strike","Clash","Shrug It Off+1","Feed+1","Flex","Bludgeon+1","Iron Wave+1","Seeing Red","Master of Strategy","Twin Strike+1","Double Tap+1","Body Slam+1","Rampage+1","Ghostly Armor+1","Twin Strike+1","Searing Blow+2","Clash+1","Demon Form+1","AscendersBane","Barricade+1","Anger+1","Infernal Blade+1","Shrug It Off","Clash+1","Panache"],"relics":["Black Blood","WarpedTongs","aspiration:HummingbirdHeart","Sundial","Self Forming Clay","HornCleat","Molten Egg 2","Pen Nib","Prayer Wheel","Ice Cream","TungstenRod","Oddly Smooth Stone","Blood Vial","Busted Crown","Bird Faced Urn","Pantograph","War Paint","Potion Belt","Membership Card","aspiration:SeaSaltIceCream","Whetstone","NeowsBlessing","aspiration:StickyExplosives_weak","Mercury Hourglass","Chemical X","aspiration:AnachronicSnailShell"],"acts_visited":["Exordium","TheCity","TheBeyond"],"potions_floor_usage":[33,33,41],"damage_taken":[{"damage":2.0,"enemies":"2 Louse","floor":1.0,"turns":3.0},{"damage":1.0,"enemies":"Cultist","floor":3.0,"turns":3.0},{"damage":18.0,"enemies":"Gremlin Nob","floor":6.0,"turns":3.0},{"damage":5.0,"enemies":"Jaw Worm","floor":7.0,"turns":3.0},{"damage":11.0,"enemies":"Lagavulin","floor":8.0,"turns":4.0},{"damage":1.0,"enemies":"Exordium Wildlife","floor":10.0,"turns":2.0},{"damage":3.0,"enemies":"3 Louse","floor":11.0,"turns":3.0},{"damage":6.0,"enemies":"Gremlin Nob","floor":12.0,"turns":3.0},{"damage":2.0,"enemies":"Blue Slaver","floor":13.0,"turns":3.0},{"damage":41.0,"enemies":"The Guardian","floor":16.0,"turns":9.0},{"damage":10.0,"enemies":"3 Byrds","floor":18.0,"turns":5.0},{"damage":0.0,"enemies":"Slavers","floor":23.0,"turns":4.0},{"damage":35.0,"enemies":"Book of Stabbing","floor":25.0,"turns":5.0},{"damage":31.0,"enemies":"Gremlin Leader","floor":27.0,"turns":5.0},{"damage":0.0,"enemies":"Shell Parasite","floor":28.0,"turns":3.0},{"damage":6.0,"enemies":"Centurion and Healer","floor":29.0,"turns":3.0},{"damage":0.0,"enemies":"Snake Plant","floor":30.0,"turns":2.0},{"damage":8.0,"enemies":"Shelled Parasite and Fungi","floor":31.0,"turns":3.0},{"damage":80,"enemies":"Champ","floor":33,"turns":8},{"damage":1,"enemies":"3 Darklings","floor":35,"turns":4},{"damage":7,"enemies":"Mind Bloom Boss Battle","floor":37,"turns":5},{"damage":4,"enemies":"Orb Walker","floor":38,"turns":2},{"damage":71,"enemies":"Giant Head","floor":41,"turns":7},{"damage":5,"enemies":"Sphere and 2 Shapes","floor":42,"turns":6},{"damage":0,"enemies":"Maw","floor":44,"turns":6},{"damage":57,"enemies":"Reptomancer","floor":45,"turns":4},{"damage":0,"enemies":"Writhing Mass","floor":47,"turns":1},{"damage":0,"enemies":"2 Orb Walkers","floor":48,"turns":1},{"damage":0,"enemies":"Time Eater","floor":50,"turns":1}],"seed_played":"2045683350958808114","potions_obtained":[{"floor":3.0,"key":"EntropicBrew"},{"floor":7.0,"key":"Weak Potion"},{"floor":8.0,"key":"GamblersBrew"},{"floor":11.0,"key":"EssenceOfSteel"},{"floor":23.0,"key":"GamblersBrew"},{"floor":27.0,"key":"bronze:BurnAndBuffPotion"},{"floor":28.0,"key":"BloodPotion"},{"floor":37,"key":"BloodPotion"},{"floor":41,"key":"Dexterity Potion"},{"floor":42,"key":"Ancient Potion"},{"floor":48,"key":"Slimebound:ThreeZeroPotion"}],"is_trial":false,"path_per_floor":["M","?","M","?","?","E","M","E","T","M","M","E","M","T","R","B",null,"M","$","?","?","?","E","$","E","T","E","M","M","M","M","R","B",null,"M","?","?","M","?","R","E","M","T","M","E","$","M","?","R","B",null],"character_chosen":"IRONCLAD","items_purchased":["Seeing Red","Master of Strategy","Ice Cream","Membership Card","aspiration:SeaSaltIceCream","Whetstone","Shrug It Off","aspiration:StickyExplosives_weak","Mercury Hourglass","Chemical X","Clash+1","Panache"],"campfire_rested":1,"item_purchase_floors":[19,19,24,46,46,46,46,46,46,46,46,46],"current_hp_per_floor":[80,60,65,49,49,37,38,33,33,38,41,41,48,48,48,13,83,87,87,87,87,87,91,91,68,68,49,63,71,85,95,95,46,95,95,95,95,95,95,95,55,66,66,84,43,43,57,71,95,95],"gold":261,"neow_bonus":"HUNDRED_GOLD","is_daily":false,"chose_seed":false,"campfire_upgraded":3,"win_rate":0.0,"timestamp":1613817017,"path_taken":["M","?","M","?","?","E","M","E","T","M","?","E","M","?","R","BOSS","M","$","?","?","?","E","$","E","T","E","M","?","M","M","R","BOSS","M","?","?","M","?","R","E","M","T","?","E","$","M","?","R","BOSS"],"items_purchased_type":["Card","Card","Relic","Relic","Relic","Relic","Card","Relic","Relic","Relic","Card","Card"],"build_version":"2020-12-22","purchased_purges":1,"victory":true,"max_hp_per_floor":[80,80,80,80,80,80,80,80,80,80,80,80,83,83,83,83,83,87,87,87,87,87,91,91,91,91,91,91,91,91,95,95,95,95,95,95,95,95,95,95,95,95,95,95,95,95,95,95,95,95],"card_choices":[{"not_picked":["Perfected Strike","Whirlwind"],"picked":"Clash","floor":1.0},{"not_picked":["Heavy Blade","Wild Strike"],"picked":"Flex","floor":3.0},{"not_picked":["Burning Pact","Carnage"],"picked":"Thunderclap","floor":6.0},{"not_picked":["Inflame","Metallicize"],"picked":"Twin Strike","floor":7.0},{"not_picked":["Metallicize","True Grit"],"picked":"Clash","floor":8.0},{"not_picked":["Dark Embrace","Wild Strike","Body Slam"],"picked":"SKIP","floor":10.0},{"not_picked":["Fire Breathing","Disarm"],"picked":"Shrug It Off","floor":11.0},{"not_picked":["Sword Boomerang","Fiend Fire"],"picked":"Feed","floor":12.0},{"not_picked":["Combust","Pommel Strike"],"picked":"Flex","floor":13.0},{"not_picked":["Fiend Fire+1","Berserk"],"picked":"Bludgeon+1","floor":16.0},{"not_picked":["True Grit","Pommel Strike+1"],"picked":"Iron Wave+1","floor":18.0},{"not_picked":["Bloodletting","Perfected Strike+1","Dark Embrace"],"picked":"SKIP","floor":23.0},{"not_picked":["True Grit","Combust"],"picked":"Twin Strike+1","floor":25.0},{"not_picked":["Wild Strike+1","Flame Barrier"],"picked":"Double Tap","floor":27.0},{"not_picked":["Rupture+1","Armaments"],"picked":"Body Slam+1","floor":28.0},{"not_picked":["Sever Soul+1","Evolve"],"picked":"Rampage+1","floor":28.0},{"not_picked":["Wild Strike+1","Headbutt+1"],"picked":"Ghostly Armor","floor":29.0},{"not_picked":["Cleave+1","Dropkick+1","Dual Wield"],"picked":"SKIP","floor":29.0},{"not_picked":["Feel No Pain","Rupture"],"picked":"Twin Strike+1","floor":30.0},{"not_picked":["Dual Wield","Clothesline+1"],"picked":"Searing Blow+1","floor":30.0},{"not_picked":["Iron Wave+1","Cleave+1"],"picked":"Clash+1","floor":31.0},{"not_picked":["Perfected Strike+1","Power Through","Searing Blow+1"],"picked":"SKIP","floor":31.0},{"not_picked":["Juggernaut","Immolate+1"],"picked":"Demon Form","floor":33},{"not_picked":["Sword Boomerang+1"],"picked":"SKIP","floor":35},{"not_picked":["Armaments"],"picked":"SKIP","floor":35},{"not_picked":[],"picked":"Anger+1","floor":38},{"not_picked":["Thunderclap+1"],"picked":"SKIP","floor":38},{"not_picked":["Body Slam+1"],"picked":"SKIP","floor":41},{"not_picked":["Inflame+1"],"picked":"SKIP","floor":42},{"not_picked":["True Grit+1"],"picked":"SKIP","floor":42},{"not_picked":["Clothesline+1"],"picked":"SKIP","floor":44},{"not_picked":["Berserk"],"picked":"SKIP","floor":44},{"not_picked":[],"picked":"Infernal Blade+1","floor":45},{"not_picked":["Carnage+1"],"picked":"SKIP","floor":47},{"not_picked":["Pommel Strike+1"],"picked":"SKIP","floor":47}],"player_experience":83946,"relics_obtained":[{"floor":6.0,"key":"aspiration:HummingbirdHeart"},{"floor":8.0,"key":"Sundial"},{"floor":9.0,"key":"Self Forming Clay"},{"floor":12.0,"key":"HornCleat"},{"floor":14.0,"key":"Molten Egg 2"},{"floor":23.0,"key":"Prayer Wheel"},{"floor":25.0,"key":"TungstenRod"},{"floor":26.0,"key":"Oddly Smooth Stone"},{"floor":27.0,"key":"Blood Vial"},{"floor":37,"key":"Bird Faced Urn"},{"floor":41,"key":"Pantograph"},{"floor":43,"key":"War Paint"},{"floor":45,"key":"Potion Belt"},{"floor":48,"key":"aspiration:AnachronicSnailShell"}],"event_choices":[{"damage_healed":0.0,"max_hp_gain":0.0,"max_hp_loss":0.0,"gold_gain":0.0,"event_name":"Golden Idol","player_choice":"Take Damage","floor":2.0,"gold_loss":0.0,"damage_taken":20.0,"relics_obtained":["Golden Idol"]},{"damage_healed":65.0,"max_hp_gain":0.0,"max_hp_loss":80.0,"gold_gain":0.0,"event_name":"betterThird:BetterShining","player_choice":"Upgrade","floor":4.0,"gold_loss":0.0,"damage_taken":16.0,"cards_upgraded":["Strike_R","Strike_R"]},{"damage_healed":0.0,"max_hp_gain":0.0,"max_hp_loss":0.0,"gold_gain":0.0,"event_name":"Accursed Blacksmith","player_choice":"Rummage","floor":5.0,"gold_loss":0.0,"damage_taken":0.0,"relics_obtained":["WarpedTongs"],"cards_obtained":["Pain"]},{"cards_removed":["Strike_R"],"damage_healed":0.0,"max_hp_gain":0.0,"max_hp_loss":0.0,"gold_gain":0.0,"event_name":"Beggar","player_choice":"Gave Gold","floor":20.0,"gold_loss":75.0,"damage_taken":0.0},{"damage_healed":0.0,"max_hp_gain":0.0,"max_hp_loss":0.0,"gold_gain":0.0,"event_name":"Addict","player_choice":"Obtained Relic","floor":21.0,"gold_loss":85.0,"damage_taken":0.0,"relics_obtained":["Pen Nib"]},{"damage_healed":0.0,"max_hp_gain":0.0,"max_hp_loss":6.0,"gold_gain":0.0,"event_name":"betterThird:BetterWriting","player_choice":"Simplicity","floor":22.0,"gold_loss":0.0,"damage_taken":0.0},{"damage_healed":0,"gold_gain":3,"player_choice":"3","damage_taken":0,"max_hp_gain":0,"max_hp_loss":0,"event_name":"betterStone:BetterStone","floor":36,"gold_loss":0,"cards_obtained":["Barricade"]},{"damage_healed":0,"gold_gain":0,"player_choice":"Fight","damage_taken":0,"max_hp_gain":0,"max_hp_loss":0,"event_name":"MindBloom","floor":37,"gold_loss":0},{"damage_healed":0,"gold_gain":333,"player_choice":"Gave Idol","damage_taken":0,"max_hp_gain":0,"max_hp_loss":0,"event_name":"The Moai Head","floor":39,"relics_lost":["Golden Idol"],"gold_loss":0},{"damage_healed":0,"gold_gain":0,"player_choice":"Fight","damage_taken":0,"max_hp_gain":0,"max_hp_loss":0,"event_name":"Mysterious Sphere","floor":48,"gold_loss":0}],"is_beta":false,"boss_relics":[{"not_picked":["aspiration:SilentSkillbook","Empty Cage"],"picked":"Black Blood"},{"not_picked":["aspiration:SecretTechniqueScroll","Snecko Eye"],"picked":"Busted Crown"}],"items_purged_floors":[19],"is_endless":false,"potions_floor_spawned":[3,7,8,11,23,27,28,31,37,41,42,48],"ascension_level":3}}