{"host":"8injpn8qs0kr8sd6","time":1613825862,"event":{"mods":["Act Like it!","BaseMod","Downfall","KinomotoSakuraMod(ƒæ÷Æ±æ”£)","Marisa£®ÏF”Í°°ƒß¿Ì…≥£©","Minty Spire (QoL Compilation)","Quick Restart","Reimu£®≤©¿ˆ¡È√Œ£©","StSLib","°æ“≈ŒÔø®≈∆°øREMEMod"],"gold_per_floor":[99,115,130,130,3,17,41,41,51,51,79,104,16,16,28,131,131,131,151,224,224,243,290,290,290,26,59,59,59,76,26,38,140,140,40,59,76,88,107,57,110,10,21,33,33,51,51,62,77,77],"floor_reached":51,"language":"ZHS","playtime":3723,"items_purged":["Slimebound:Strike_Slimebound","Slimebound:Strike_Slimebound","Slimebound:Strike_Slimebound","Slimebound:Tackle"],"score":691,"play_id":"4c54bfaf-9168-4d26-8635-7b29a4fc94da","local_time":"20210220205742","is_ascension_mode":false,"campfire_choices":[{"data":"ForeignInfluence","floor":1.0,"key":"SMITH"},{"data":"Slimebound:Split","floor":8.0,"key":"SMITH"},{"data":"Slimebound:SplitBruiser","floor":10.0,"key":"SMITH"},{"data":"Slimebound:Overexert","floor":18.0,"key":"SMITH"},{"data":"Slimebound:LevelUp","floor":29.0,"key":"SMITH"},{"data":"Slimebound:Replication","floor":35,"key":"SMITH"},{"floor":42,"key":"RECALL"},{"data":"Slimebound:MinionMaster","floor":47,"key":"SMITH"}],"circlet_count":0,"master_deck":["Slimebound:Defend_Slimebound","Slimebound:Defend_Slimebound","Slimebound:Defend_Slimebound","Slimebound:Defend_Slimebound","Slimebound:Split+1","Slimebound:CorrosiveSpit","ForeignInfluence+1","Slimebound:Prepare","Slimebound:ComboTackle","Slimebound:Prepare","Slimebound:ForwardTackle","Slimebound:RejuvenatingLick","Slimebound:SplitBruiser+1","Slimebound:Nibble","Slimebound:LeadByExample","Slimebound:LeadByExample","Slimebound:LevelUp+1","Slimebound:Overexert+1","Slimebound:ProtectTheBoss+1","Slimebound:Dissolve","Slimebound:Replication+1","Slimebound:MinionMaster+1","Slimebound:RallyTheTroops","Slimebound:SplitBruiser","Slimebound:ComboTackle+1","Slimebound:Dissolve+1","Slimebound:LeechLife","Slimebound:SlimeTap+1","Slimebound:MegaLick+1","Slimebound:TongueLash+1","Slimebound:Dissolve+1"],"relics":["Slimebound:AbsorbEndCombat","REME_ComplimentaryCards","RuthlessExorcism:ReiMu","Centennial Puzzle","REME_HandOfSuture","Mastiff:ReiMu","REME_DuelDisc","REME_CardOfGreed","PureWhite:ReiMu","The Courier","REME_LimitBreaker","Smiling Mask","Coffee Dripper","downfall:HeartBlessingGreen","downfall:HeartBlessingBlue"],"acts_visited":["Exordium","TheCity","TheBeyond"],"potions_floor_usage":[33,39,50],"damage_taken":[{"damage":7.0,"enemies":"2 Louse","floor":2.0,"turns":3.0},{"damage":7.0,"enemies":"Jaw Worm","floor":3.0,"turns":3.0},{"damage":11.0,"enemies":"downfall:FleeingMerchant","floor":5.0,"turns":4.0},{"damage":1.0,"enemies":"Small Slimes","floor":6.0,"turns":3.0},{"damage":3.0,"enemies":"Blue Slaver","floor":9.0,"turns":3.0},{"damage":20.0,"enemies":"Lagavulin","floor":11.0,"turns":5.0},{"damage":3.0,"enemies":"downfall:FleeingMerchant","floor":13.0,"turns":4.0},{"damage":0.0,"enemies":"Exordium Thugs","floor":15.0,"turns":2.0},{"damage":36.0,"enemies":"WA_ARCHETYPE_RETAIN","floor":16.0,"turns":5.0},{"damage":0.0,"enemies":"3 Byrds","floor":19.0,"turns":2.0},{"damage":3.0,"enemies":"downfall:FleeingMerchant","floor":20.0,"turns":4.0},{"damage":3.0,"enemies":"Chosen","floor":22.0,"turns":3.0},{"damage":11.0,"enemies":"Gremlin Leader","floor":23.0,"turns":4.0},{"damage":29.0,"enemies":"Book of Stabbing","floor":27.0,"turns":4.0},{"damage":0.0,"enemies":"3 Cultists","floor":30.0,"turns":2.0},{"damage":10.0,"enemies":"Snecko","floor":32.0,"turns":4.0},{"damage":19,"enemies":"SI_MIRROR_ARCHETYPE","floor":33,"turns":8},{"damage":11,"enemies":"3 Darklings","floor":36,"turns":3},{"damage":0,"enemies":"Orb Walker","floor":37,"turns":2},{"damage":0,"enemies":"4 Shapes","floor":38,"turns":2},{"damage":3,"enemies":"3 Darklings","floor":39,"turns":3},{"damage":12,"enemies":"Writhing Mass","floor":43,"turns":3},{"damage":10,"enemies":"Jaw Worm Horde","floor":44,"turns":2},{"damage":12,"enemies":"Transient","floor":46,"turns":5},{"damage":29,"enemies":"Maw","floor":48,"turns":4},{"damage":0,"enemies":"Sphere and 2 Shapes","floor":49,"turns":3},{"damage":10,"enemies":"IC_BLOCK_ARCHETYPE","floor":50,"turns":6}],"seed_played":"2894783460372486958","potions_obtained":[{"floor":11.0,"key":"LiquidBronze"},{"floor":15.0,"key":"LiquidBronze"},{"floor":16.0,"key":"Weak Potion"},{"floor":19.0,"key":"MagicPotion:ReiMu"},{"floor":27.0,"key":"DuplicationPotion"},{"floor":33,"key":"SneckoOil"},{"floor":36,"key":"AttackPotion"},{"floor":38,"key":"Slimebound:SpawnSlimePotion"},{"floor":39,"key":"Fire Potion"},{"floor":46,"key":"DuplicationPotion"}],"is_trial":false,"path_per_floor":["R","M","M","?","$","M","T","R","M","R","E","T","$","?","M","B",null,"R","M","$","?","M","E","T","T","$","E","?","R","M","$","M","B",null,"R","M","M","M","M","$","T","R","M","M","$","M","R","M","M","B",null],"character_chosen":"SLIMEBOUND","items_purchased":["Slimebound:ForwardTackle","Slimebound:LeadByExample","REME_CardOfGreed","Slimebound:MinionMaster","Slimebound:RallyTheTroops","Slimebound:SplitBruiser"],"campfire_rested":0,"item_purchase_floors":[5,13,20,26,26,26],"current_hp_per_floor":[59,54,55,52,45,48,48,48,49,49,33,33,34,34,38,8,77,77,77,76,62,61,52,52,52,52,25,25,25,27,27,23,12,82,82,71,82,82,81,81,81,91,84,92,92,85,85,62,70,68],"gold":77,"neow_bonus":"TWENTY_PERCENT_HP_BONUS","is_daily":false,"chose_seed":false,"campfire_upgraded":7,"win_rate":0.0,"timestamp":1613825862,"path_taken":["R","M","M","?","?","M","T","R","M","R","E","?","$","?","M","BOSS","R","M","$","?","M","E","T","?","$","E","?","R","M","?","M","BOSS","R","M","M","M","M","$","T","R","?","M","?","M","R","M","M","BOSS"],"items_purchased_type":["Card","Card","Relic","Card","Card","Card"],"build_version":"2020-12-22","purchased_purges":4,"victory":true,"max_hp_per_floor":[77,77,77,77,77,77,77,77,77,77,77,77,77,77,77,77,77,77,77,77,82,82,82,82,82,82,82,82,82,82,82,82,82,82,82,82,82,82,82,82,82,92,92,92,92,92,92,92,92,92],"card_choices":[{"not_picked":["Slimebound:GoopSpray","Slimebound:Dissolve"],"picked":"Slimebound:Prepare","floor":2.0},{"not_picked":["Slimebound:SplitLeeching","Slimebound:ItLooksTasty"],"picked":"Slimebound:ComboTackle","floor":3.0},{"not_picked":["Slimebound:MassFeed","Slimebound:ItLooksTasty"],"picked":"Slimebound:Prepare","floor":5.0},{"not_picked":["Slimebound:LivingWall","Slimebound:SplitMire"],"picked":"Slimebound:RejuvenatingLick","floor":6.0},{"not_picked":["Slimebound:Prepare","Slimebound:GoopSpray"],"picked":"Slimebound:SplitBruiser","floor":9.0},{"not_picked":["Slimebound:SplitAcid","Slimebound:LeechingTouch"],"picked":"Slimebound:Nibble","floor":11.0},{"not_picked":["Slimebound:ItLooksTasty","Slimebound:Schlurp"],"picked":"Slimebound:LeadByExample","floor":13.0},{"not_picked":["Slimebound:SamplingLick","Slimebound:GrowthPunch"],"picked":"Slimebound:LevelUp","floor":15.0},{"not_picked":["Slimebound:PrepareCrush","Slimebound:MassFeed"],"picked":"Slimebound:Overexert","floor":16.0},{"not_picked":["Slimebound:LivingWall","Slimebound:FormOfPuddle+1"],"picked":"Slimebound:ProtectTheBoss+1","floor":19.0},{"not_picked":["Slimebound:RollThrough","Slimebound:PressTheAttack"],"picked":"Slimebound:Dissolve","floor":20.0},{"not_picked":["Slimebound:RollThrough","Slimebound:SamplingLick","Slimebound:SplitMire"],"picked":"SKIP","floor":22.0},{"not_picked":["Slimebound:SplitMire","Slimebound:LeechingTouch"],"picked":"Slimebound:Replication","floor":23.0},{"not_picked":["Slimebound:Nibble","Slimebound:RollThrough"],"picked":"Slimebound:ComboTackle+1","floor":27.0},{"not_picked":["Slimebound:LeadByExample","Slimebound:AcidTongue+1"],"picked":"Slimebound:Dissolve+1","floor":30.0},{"not_picked":["Slimebound:ProtectTheBoss","Slimebound:GrowthPunch+1","Slimebound:GoopTackle+1"],"picked":"SKIP","floor":32.0},{"not_picked":["Slimebound:SlimeSlap","Slimebound:OozeBath"],"picked":"Slimebound:LeechLife","floor":33},{"not_picked":["Slimebound:SplitMire","Slimebound:HauntingLick+1","Slimebound:Equalize"],"picked":"SKIP","floor":36},{"not_picked":["Slimebound:LeechEnergy","Slimebound:SamplingLick","Slimebound:SplitLeeching"],"picked":"SKIP","floor":37},{"not_picked":["Slimebound:SplitBruiser+1","Slimebound:LeechEnergy+1"],"picked":"Slimebound:SlimeTap+1","floor":38},{"not_picked":["Slimebound:GoopTackle","Slimebound:ItLooksTasty"],"picked":"Slimebound:MegaLick+1","floor":39},{"not_picked":["Slimebound:ProtectTheBoss","Slimebound:SplitMire"],"picked":"Slimebound:TongueLash+1","floor":43},{"not_picked":["Slimebound:SlimeSpikes","Slimebound:SplitMire","Slimebound:GoopTackle+1"],"picked":"SKIP","floor":44},{"not_picked":["Slimebound:SamplingLick","Slimebound:Gluttony+1","Slimebound:ProtectTheBoss+1"],"picked":"SKIP","floor":46},{"not_picked":["Slimebound:SplitMire","Slimebound:RollThrough+1","Slimebound:TongueLash+1"],"picked":"SKIP","floor":48},{"not_picked":["Slimebound:LeechEnergy+1","Slimebound:SlimeSpikes"],"picked":"Slimebound:Dissolve+1","floor":49}],"player_experience":538009,"relics_obtained":[{"floor":7.0,"key":"Centennial Puzzle"},{"floor":11.0,"key":"REME_HandOfSuture"},{"floor":12.0,"key":"Mastiff:ReiMu"},{"floor":23.0,"key":"PureWhite:ReiMu"},{"floor":24.0,"key":"The Courier"},{"floor":25.0,"key":"REME_LimitBreaker"},{"floor":27.0,"key":"Smiling Mask"}],"event_choices":[{"damage_healed":0.0,"max_hp_gain":0.0,"max_hp_loss":0.0,"gold_gain":0.0,"event_name":"Scrap Ooze","player_choice":"Success","floor":4.0,"gold_loss":0.0,"damage_taken":3.0,"relics_obtained":["RuthlessExorcism:ReiMu"]},{"damage_healed":0.0,"max_hp_gain":0.0,"max_hp_loss":0.0,"gold_gain":0.0,"event_name":"Vampires","player_choice":"Ignored","floor":28.0,"gold_loss":0.0,"damage_taken":0.0}],"is_beta":false,"boss_relics":[{"not_picked":["Tiny House","SacredBark"],"picked":"REME_DuelDisc"},{"not_picked":["Busted Crown","Pandora\u0027s Box"],"picked":"Coffee Dripper"}],"items_purged_floors":[5,20,31,40],"is_endless":false,"potions_floor_spawned":[11,15,16,19,27,33,36,38,39,46],"ascension_level":0}}