{"host":"fhq3k2nq5elnbks3","time":1613815302,"event":{"mods":["100% Spire Juice","2.2 Compatiblity","AchievementEnabler","Act Like it!","AlwaysNeverKeys","Aspiration","BaseMod","Better-Laid Plans","Block Reminder","Card Filter","Colored Powertips","Displayed Cursed Tome","GifTheSpireLib","Gremlin Skip","HololiveMod","Minty Spire (QoL Compilation)","Permanent Neow","Prisma Mod","Quick Restart","Reimu??????","Relic Filter","Shop Mod","Spikes Relics","StSLib","SuperFastMode","The Animator","The Gatherer","The Wild Card","Transform Curses","Uncapped","Unknown Chances","thorton"],"gold_per_floor":[112,112,112,132,151,151,181,181,181,49,65,65,65,65],"floor_reached":12,"language":"ENG","playtime":940,"items_purged":[],"score":78,"play_id":"d956550f-4f73-4475-9625-b3a0965013e1","local_time":"20210220040142","is_ascension_mode":false,"metric_token":2065,"campfire_choices":[{"data":"Gatherer:QuickSynthesis","floor":6,"key":"SMITH"},{"data":"Gatherer:Centralize","floor":8,"key":"SMITH"}],"circlet_count":0,"master_deck":["Gatherer:Strike_Gatherer","Gatherer:Strike_Gatherer","Gatherer:Strike_Gatherer","Gatherer:Strike_Gatherer","Gatherer:Strike_Gatherer","Gatherer:Defend_Gatherer","Gatherer:Defend_Gatherer","Gatherer:Defend_Gatherer","Gatherer:Defend_Gatherer","Gatherer:Defend_Gatherer","Gatherer:Centralize+1","Gatherer:FlowerWhip","Gatherer:QuickSynthesis+1","Gatherer:MindSearch"],"relics":["Gatherer:AlchemyBag","Hololive_LightStick","aspiration:BabyByrd","Potion Belt","Mummified Hand","MerchantsRug"],"acts_visited":["Exordium"],"potions_floor_usage":[],"damage_taken":[{"damage":4,"enemies":"2 Louse","floor":1,"turns":3},{"damage":0,"enemies":"Small Slimes","floor":4,"turns":2},{"damage":0,"enemies":"Jaw Worm","floor":5,"turns":2},{"damage":25,"enemies":"Gremlin Nob","floor":7,"turns":5},{"damage":7,"enemies":"Exordium Thugs","floor":11,"turns":3},{"damage":0,"enemies":"Lagavulin","floor":12,"turns":5}],"seed_played":"-4289108634259611346","potions_obtained":[{"floor":7,"key":"FearPotion"},{"floor":11,"key":"Energy Potion"}],"is_trial":false,"path_per_floor":["M","?","?","M","M","R","E","R","T","$","M","E"],"character_chosen":"THE_GATHERER","items_purchased":["MerchantsRug"],"campfire_rested":0,"item_purchase_floors":[10],"current_hp_per_floor":[68,68,68,68,68,68,43,43,43,43,36,36,36,36],"gold":65,"neow_bonus":"RANDOM_COMMON_RELIC","is_daily":false,"chose_seed":false,"campfire_upgraded":2,"win_rate":0.0,"timestamp":1613815302,"path_taken":["M","?","?","M","M","R","E","R","T","?","M","E"],"items_purchased_type":["Relic"],"build_version":"2020-12-22","purchased_purges":0,"victory":false,"max_hp_per_floor":[72,72,72,72,72,72,72,72,72,72,72,72,72,72],"card_choices":[{"not_picked":["Gatherer:EnergyBasket","Gatherer:FlowerFalling","Gatherer:Convert"],"picked":"SKIP","floor":1},{"not_picked":["Gatherer:ScrollOfWall","Gatherer:FlamingBottle"],"picked":"Gatherer:QuickSynthesis","floor":4},{"not_picked":["Gatherer:WoolGloves","Gatherer:EnergyBasket","Gatherer:Duplicator"],"picked":"SKIP","floor":5},{"not_picked":["Gatherer:AromaProtection","Gatherer:Convert"],"picked":"Gatherer:MindSearch","floor":7},{"not_picked":["Gatherer:TreeGrowth","Gatherer:FlowerFalling","Gatherer:WoolGloves"],"picked":"SKIP","floor":11}],"player_experience":480610,"relics_obtained":[{"floor":7,"key":"Potion Belt"},{"floor":9,"key":"Mummified Hand"}],"event_choices":[{"damage_healed":0,"gold_gain":0,"player_choice":"Ignored","damage_taken":0,"max_hp_gain":0,"max_hp_loss":0,"event_name":"Liars Game","floor":3,"gold_loss":0}],"is_beta":false,"boss_relics":[],"items_purged_floors":[],"is_endless":false,"potions_floor_spawned":[7,11],"killed_by":"Lagavulin","ascension_level":0}}