{"host":"en4narc5947t7k9n","time":1613850380,"event":{"mods":["AchievementEnabler","BaseMod","Colored Map","Minty Spire (QoL Compilation)","SuperFastMode"],"gold_per_floor":[119,119,138,59,59,59,70,70,118,193,193,525,545,561,561,561,561],"floor_reached":16,"language":"KOR","playtime":380,"items_purged":[],"score":100,"play_id":"e0767b16-89c4-4170-9636-940156232be1","local_time":"20210221044620","is_ascension_mode":false,"campfire_choices":[{"floor":6,"key":"RECALL"},{"data":"Zap","floor":8,"key":"SMITH"},{"data":"White Noise","floor":11,"key":"SMITH"},{"data":"Capacitor","floor":15,"key":"SMITH"}],"circlet_count":0,"master_deck":["Strike_B","Strike_B","Strike_B","Defend_B","Defend_B","Defend_B","Defend_B","Zap+1","Dualcast","White Noise+1","Chaos","Ball Lightning","Barrage","Gash","Redo","Storm","Capacitor+1"],"relics":["Cracked Core","NeowsBlessing","Old Coin"],"acts_visited":["Exordium"],"potions_floor_usage":[16],"damage_taken":[{"damage":0,"enemies":"Small Slimes","floor":1,"turns":1},{"damage":0,"enemies":"2 Louse","floor":3,"turns":1},{"damage":0,"enemies":"Jaw Worm","floor":7,"turns":1},{"damage":18,"enemies":"Lagavulin","floor":12,"turns":6},{"damage":4,"enemies":"2 Fungi Beasts","floor":13,"turns":3},{"damage":7,"enemies":"Blue Slaver","floor":14,"turns":2},{"damage":34,"enemies":"The Guardian","floor":16,"turns":4}],"seed_played":"7419432502238604068","potions_obtained":[{"floor":12,"key":"BlessingOfTheForge"}],"is_trial":false,"path_per_floor":["M","?","M","$","?","R","M","R","T","?","R","E","M","M","R","B"],"character_chosen":"DEFECT","items_purchased":["Ball Lightning","Barrage"],"campfire_rested":0,"item_purchase_floors":[4,4],"current_hp_per_floor":[75,80,80,80,73,73,73,73,73,62,62,44,40,33,33,0,0],"gold":561,"neow_bonus":"THREE_ENEMY_KILL","is_daily":false,"chose_seed":false,"campfire_upgraded":3,"win_rate":0.0,"timestamp":1613850380,"path_taken":["M","?","M","$","?","R","M","R","T","?","R","E","M","M","R","BOSS"],"items_purchased_type":["Card","Card"],"build_version":"2020-12-22","purchased_purges":0,"victory":false,"max_hp_per_floor":[75,80,80,80,80,80,80,80,80,80,80,80,80,80,80,80,80],"card_choices":[{"not_picked":["Stack","Gash"],"picked":"White Noise","floor":1},{"not_picked":["Gash","Barrage"],"picked":"Chaos","floor":3},{"not_picked":["Undo","Stack"],"picked":"Gash","floor":7},{"not_picked":["Loop","Hologram"],"picked":"Redo","floor":12},{"not_picked":["Rebound","Chill"],"picked":"Storm","floor":13},{"not_picked":["Static Discharge","Conserve Battery"],"picked":"Capacitor","floor":14}],"player_experience":108824,"relics_obtained":[{"floor":12,"key":"Old Coin"}],"event_choices":[{"damage_healed":0,"gold_gain":0,"player_choice":"Donut","damage_taken":0,"max_hp_gain":5,"max_hp_loss":0,"event_name":"Big Fish","floor":2,"gold_loss":0},{"cards_removed":["Strike_B"],"damage_healed":0,"gold_gain":0,"player_choice":"Card Removal","damage_taken":7,"max_hp_gain":0,"max_hp_loss":0,"event_name":"Golden Wing","floor":5,"gold_loss":0},{"damage_healed":0,"gold_gain":75,"player_choice":"Gather Gold","damage_taken":11,"max_hp_gain":0,"max_hp_loss":0,"event_name":"World of Goop","floor":10,"gold_loss":0}],"is_beta":false,"boss_relics":[],"items_purged_floors":[],"is_endless":false,"potions_floor_spawned":[12],"killed_by":"The Guardian","ascension_level":0}}