{"host":"03qh43t1tt22vioj","time":1613812566,"event":{"mods":["2.2 Compatiblity","A Penny For Your Troubles","AchievementEnabler","Alarm Clock","Aspiration","BaseMod","Beaked The Cultist","Bestiary","Better Altar","Better Match","Better Note","Better Sensory Stone","Better Skull","Better Third Choice","Better Vampires","Bossed Relics","CapriCore","Colored Map","Colored Powertips","Conspire","Curses Come First","DeckTracker","Disable Question Mark Monsters","Displayed Cursed Tome","Downfall","Friendly Minions","Halation","Highlight Path","Hubris","Infinite Spire","Jedi Mod","Key Reminder","Marked Mod","Mimic Mod","Minty Spire (QoL Compilation)","Permanent Neow","Quick Restart","Random Character Button","Random Character Mod","Rare Cards Sparkle","Relic Stats","Reliquary","Replay The Spire","SacredBarkPlus","Shop Mod","Spire Arcade","StSLib","Synergy Search","The Blue Laboratory","The Construct","Uncapped","Unceasing Turn Reminder","Unknown Chances"],"gold_per_floor":[116,116,266,3,3,3,3,3,3,17,35,70,146,116,116,213,213,224,224,224,224,224,224],"floor_reached":22,"language":"ENG","playtime":950,"items_purged":["beaked:Strike_Y"],"score":178,"play_id":"e4b5b05d-da3f-46b4-8e29-68bf13536413","local_time":"20210220101606","is_ascension_mode":false,"campfire_choices":[{"data":"beaked:Flinch","floor":6,"key":"SMITH"},{"data":"Inflame","floor":8,"key":"SMITH"},{"data":"beaked:RitualOfBody","floor":15,"key":"SMITH"}],"circlet_count":0,"master_deck":["beaked:Strike_Y","beaked:Strike_Y","beaked:Strike_Y","beaked:Strike_Y","beaked:Strike_Y","beaked:Defend_Y","beaked:Defend_Y","beaked:Defend_Y","beaked:Defend_Y","beaked:Ceremony","beaked:Ceremony","beaked:Flinch+1","beaked:Insight+1","Inflame+1","Heavy Blade+1","beaked:Devastation","beaked:BraceForImpact","beaked:RitualOfBody+1","Demon Form"],"relics":["MerchantsRug","m_ByrdBlood","aspiration:FrozenJewel","reliquary:BallBearing","reliquary:Ember","aspiration:Headhunter"],"acts_visited":["Exordium","TheCity"],"potions_floor_usage":[12,18],"damage_taken":[{"damage":8,"enemies":"Jaw Worm","floor":1,"turns":5},{"damage":10,"enemies":"2 Louse","floor":10,"turns":5},{"damage":2,"enemies":"Cultist","floor":11,"turns":4},{"damage":11,"enemies":"Lagavulin","floor":12,"turns":6},{"damage":7,"enemies":"Looter","floor":14,"turns":4},{"damage":34,"enemies":"Hexaghost","floor":16,"turns":10},{"damage":20,"enemies":"conspire:FuzzyDice","floor":18,"turns":7}],"seed_played":"3685669433395287104","potions_obtained":[{"floor":11,"key":"DuplicationPotion"},{"floor":16,"key":"ColorlessPotion"}],"is_trial":false,"path_per_floor":["M","?","?","$","$","R","?","R","T","M","M","E","?","M","R","B",null,"M","AVR","?","?","?"],"character_chosen":"BEAKED_THE_CULTIST","items_purchased":["beaked:Insight+1","MerchantsRug"],"campfire_rested":0,"item_purchase_floors":[4,4],"current_hp_per_floor":[50,50,50,50,50,50,50,50,50,50,50,48,48,50,50,44,50,50,50,50,60,0,0],"gold":224,"neow_bonus":"ONE_RANDOM_RARE_CARD","is_daily":false,"chose_seed":false,"campfire_upgraded":3,"win_rate":0.0,"timestamp":1613812566,"path_taken":["M","?","?","?","$","R","?","R","T","?","M","E","?","M","R","BOSS","M","AVR","?","?","?"],"items_purchased_type":["Card","Relic"],"build_version":"2020-12-22","purchased_purges":1,"victory":false,"max_hp_per_floor":[50,50,50,50,50,50,50,50,50,50,50,50,50,50,50,50,50,50,50,50,60,60,60],"relic_stats":{"counters":[7,41],"obtain_stats":[{"MerchantsRug":4,"reliquary:BallBearing":12,"reliquary:Ember":17,"beaked:MendingPlumage":0,"m_ByrdBlood":7,"aspiration:Headhunter":19,"aspiration:FrozenJewel":9},{"MerchantsRug":1,"reliquary:BallBearing":4,"reliquary:Ember":6,"beaked:MendingPlumage":0,"m_ByrdBlood":1,"aspiration:Headhunter":7,"aspiration:FrozenJewel":1},{"MerchantsRug":5,"reliquary:BallBearing":20,"reliquary:Ember":34,"beaked:MendingPlumage":0,"m_ByrdBlood":5,"aspiration:Headhunter":41,"aspiration:FrozenJewel":5}]},"card_choices":[{"not_picked":["beaked:Roost","beaked:Poke"],"picked":"beaked:Flinch","floor":1},{"not_picked":["beaked:Roost","beaked:Evade"],"picked":"Heavy Blade","floor":10},{"not_picked":["beaked:MimicHuntress","beaked:TuckingFeathers"],"picked":"beaked:Devastation","floor":11},{"not_picked":["beaked:MimicWarrior","beaked:Roost"],"picked":"beaked:BraceForImpact","floor":12},{"not_picked":["beaked:Flinch","beaked:MimicHuntress"],"picked":"beaked:RitualOfBody","floor":14},{"not_picked":["beaked:ShadowFade","beaked:WildInstinct"],"picked":"Demon Form","floor":16},{"not_picked":["beaked:Struggle","beaked:Tradeoff","beaked:HuntressSpirit"],"picked":"SKIP","floor":18}],"player_experience":216393,"relics_obtained":[{"floor":9,"key":"aspiration:FrozenJewel"},{"floor":12,"key":"reliquary:BallBearing"}],"event_choices":[{"damage_healed":0,"gold_gain":1,"player_choice":"1","damage_taken":0,"max_hp_gain":0,"max_hp_loss":0,"event_name":"betterStone:BetterStone","floor":2,"gold_loss":0},{"damage_healed":0,"gold_gain":76,"player_choice":"Gained Gold","damage_taken":0,"max_hp_gain":0,"max_hp_loss":0,"event_name":"Golden Wing","floor":13,"gold_loss":0},{"damage_healed":0,"gold_gain":0,"player_choice":"Upgraded","damage_taken":0,"max_hp_gain":0,"max_hp_loss":0,"event_name":"Upgrade Shrine","floor":20,"gold_loss":0,"cards_upgraded":["Heavy Blade"]},{"cards_removed":["beaked:VolatileMisfortune"],"damage_healed":0,"gold_gain":0,"player_choice":"Offered Rare","damage_taken":0,"max_hp_gain":10,"max_hp_loss":0,"event_name":"Bonfire Elementals","floor":21,"gold_loss":0}],"is_beta":false,"boss_relics":[{"not_picked":["aspiration:RunicSpoon","reliquary:KinkedSpring"],"picked":"reliquary:Ember"}],"items_purged_floors":[4],"is_endless":false,"potions_floor_spawned":[11,16],"ascension_level":0}}