{"host":"bpr07pynnqpe5ded","time":1613824536,"event":{"mods":["2.2 Compatiblity","Aspiration","BaseMod","Better Note","Better Third Choice","BetterRewards","Downfall","Infinite Spire","Jorbs\u0027s Wanderer Trilogy","Minty Spire (QoL Compilation)","Replay The Spire","Shop Mod","StSLib","The Marked","??????REMEMod"],"gold_per_floor":[99,115,134,153,63,63,63,77,77,103,132,132,147,167,183,284,284,84,94,112,212,212,227,276,211,111,124,159,159,173,191,208,305,305,305,322,322,322,322],"floor_reached":37,"language":"ENG","playtime":2740,"items_purged":["hexamod:SpectralSpark","octo:OctoAdvance"],"score":520,"play_id":"748ac9d1-b2d5-48ee-a940-0bd3e10478f4","local_time":"20210220123536","is_ascension_mode":false,"campfire_choices":[{"data":"hexamod:Defend","floor":1,"key":"PURGE"},{"data":"hexamod:EmpoweredFlame","floor":6,"key":"SMITH"},{"data":"hexamod:Float","floor":9,"key":"SMITH"},{"floor":18,"key":"RECALL"},{"floor":26,"key":"REST"},{"floor":35,"key":"REST"}],"circlet_count":0,"master_deck":["hexamod:Strike","hexamod:Strike","hexamod:Strike","hexamod:Strike","hexamod:Defend","hexamod:Defend","hexamod:Defend","hexamod:Sear","hexamod:Float+1","hexamod:ApocalypticArmor","hexamod:EmpoweredFlame+1","hexamod:FastForward","hexamod:Hexaguard","hexamod:FastForward","hexamod:AdvancingGuard","hexamod:EmpoweredFlame","hexamod:TimeWarp","hexamod:InspiringFlames","hexamod:TimeWarp","hexamod:GhostOfSpireFuture","CurseOfTheBell"],"relics":["hexamod:SpiritBrand","REME_ComplimentaryCards","Incense Burner","Odd Mushroom","Durian","Fusion Hammer","downfall:HeartBlessingGreen","downfall:HeartBlessingBlue","Smiling Mask","downfall:HeartBlessingRed","hexamod:SoulOfChaos","Calling Bell","infinitespire:PuzzleCube","Replay:Accelerometer","Replay:Arrowhead"],"acts_visited":["Exordium","TheCity","TheBeyond"],"potions_floor_usage":[11,14,28,28,28,37,37],"damage_taken":[{"damage":0,"enemies":"Cultist","floor":2,"turns":3},{"damage":6,"enemies":"infinitespire:Voidling","floor":3,"turns":3},{"damage":2,"enemies":"Small Slimes","floor":4,"turns":4},{"damage":0,"enemies":"downfall:FleeingMerchant","floor":5,"turns":4},{"damage":9,"enemies":"Blue Slaver","floor":8,"turns":3},{"damage":6,"enemies":"Replay:BlueRogue","floor":10,"turns":5},{"damage":9,"enemies":"The Mushroom Lair","floor":11,"turns":4},{"damage":10,"enemies":"Gremlin Gang","floor":13,"turns":4},{"damage":2,"enemies":"Lots of Slimes","floor":14,"turns":5},{"damage":7,"enemies":"Exordium Wildlife","floor":15,"turns":6},{"damage":0,"enemies":"SI_SHIV_ARCHETYPE","floor":16,"turns":6},{"damage":0,"enemies":"Spheric Guardian","floor":19,"turns":4},{"damage":0,"enemies":"Chosen","floor":20,"turns":4},{"damage":11,"enemies":"Snake Plant","floor":23,"turns":4},{"damage":10,"enemies":"downfall:FleeingMerchant","floor":25,"turns":5},{"damage":29,"enemies":"3 Cultists","floor":27,"turns":6},{"damage":24,"enemies":"REME_1_Revenger","floor":28,"turns":5},{"damage":0,"enemies":"Snecko","floor":30,"turns":4},{"damage":0,"enemies":"Cultist and Chosen","floor":31,"turns":4},{"damage":4,"enemies":"Shelled Parasite and Fungi","floor":32,"turns":4},{"damage":0,"enemies":"WA_ARCHETYPE_CALM","floor":33,"turns":6},{"damage":0,"enemies":"3 Shapes","floor":36,"turns":5},{"damage":9,"enemies":"infinitespire:Three Voidlings","floor":37,"turns":4},{"damage":88,"enemies":"Nightmare_Alpha","floor":37,"turns":9}],"seed_played":"4692393690929084969","potions_obtained":[{"floor":8,"key":"champ:CounterPotion"},{"floor":10,"key":"LiquidMemories"},{"floor":13,"key":"SpeedPotion"},{"floor":15,"key":"Reflective Coating"},{"floor":20,"key":"Dexterity Potion"},{"floor":32,"key":"DuplicationPotion"},{"floor":33,"key":"Dexterity Potion"}],"is_trial":false,"path_per_floor":["R","M","M","M","$","R","T","M","R","E","?","T","M","M","M","B",null,"R","M","M","?","?","M","T","$","R","M","E","?","M","M","M","B",null,"R","M","?"],"character_chosen":"THE_SPIRIT","items_purchased":[],"campfire_rested":2,"item_purchase_floors":[],"current_hp_per_floor":[70,70,64,62,62,62,62,53,53,47,38,43,33,31,24,24,75,85,85,85,85,85,74,74,64,85,56,32,32,32,32,28,28,85,85,85,0,0,0],"gold":322,"neow_bonus":"ONE_RANDOM_RARE_CARD","is_daily":false,"chose_seed":false,"campfire_upgraded":2,"win_rate":0.0,"timestamp":1613824536,"path_taken":["R","M","M","M","$","R","T","M","R","E","?","?","M","?","M","BOSS","R","M","M","?","?","M","T","$","R","?","E","?","?","M","M","BOSS","R","M","?"],"items_purchased_type":[],"build_version":"2020-12-22","purchased_purges":2,"victory":false,"max_hp_per_floor":[70,70,70,70,70,70,70,70,70,70,70,75,75,75,75,75,75,85,85,85,85,85,85,85,85,85,85,85,85,85,85,85,85,85,85,85,85,85,85],"card_choices":[{"not_picked":["hexamod:Firestarter","hexamod:FlamesFromBeyond","hexamod:ChargedBarrage"],"picked":"SKIP","floor":2},{"not_picked":["hexamod:NecessarySacrifice","hexamod:HauntingEcho"],"picked":"hexamod:EmpoweredFlame","floor":3},{"not_picked":["hexamod:NightmareGuise","hexamod:Toasty"],"picked":"hexamod:FastForward","floor":4},{"not_picked":["hexamod:HauntingEcho","hexamod:Hexaguard"],"picked":"hexamod:SpectralSpark","floor":5},{"not_picked":["hexamod:GhostLash","hexamod:NightmareStrike"],"picked":"hexamod:Hexaguard","floor":8},{"not_picked":["hexamod:ThirdSeal","hexamod:PhantomFireball","hexamod:SoulSteal"],"picked":"SKIP","floor":10},{"not_picked":["hexamod:Firestarter","hexamod:SpectralSpark"],"picked":"hexamod:FastForward","floor":11},{"not_picked":["hexamod:GhostLash","hexamod:HeatCrush"],"picked":"hexamod:AdvancingGuard","floor":13},{"not_picked":["hexamod:SecondSeal","hexamod:Hexaguard"],"picked":"hexamod:EmpoweredFlame","floor":14},{"not_picked":["hexamod:NightmareGuise","hexamod:ThermalTransfer","hexamod:GhostLash"],"picked":"SKIP","floor":15},{"not_picked":["hexamod:SixthSeal","hexamod:ForkedFlame"],"picked":"hexamod:TimeWarp","floor":16},{"not_picked":["hexamod:NightmareStrike","hexamod:RecurringNightmare","hexamod:InspiringFlames"],"picked":"SKIP","floor":19},{"not_picked":["hexamod:NightmareStrike","hexamod:RecurringNightmare"],"picked":"hexamod:InspiringFlames","floor":19},{"not_picked":["hexamod:SuperheatedStrike+1","hexamod:GhostOfSpirePast","hexamod:SpectersWail"],"picked":"SKIP","floor":20},{"not_picked":["hexamod:SpectralSpark+1","hexamod:ApocalypseNow","hexamod:AdvancingGuard"],"picked":"SKIP","floor":23},{"not_picked":["hexamod:GhostLash","hexamod:Firestarter","hexamod:SpectersWail"],"picked":"SKIP","floor":25},{"not_picked":["hexamod:Haunt","hexamod:GhostOfSpirePast","hexamod:FourthSeal"],"picked":"SKIP","floor":27},{"not_picked":["hexamod:ShieldOfDarkness","hexamod:HeatMetal","hexamod:PhantomCloak"],"picked":"SKIP","floor":28},{"not_picked":["hexamod:Incineration+1","hexamod:InspiringFlames","hexamod:SwordOfDarkness"],"picked":"SKIP","floor":30},{"not_picked":["hexamod:TimeOfNeed","hexamod:HeatMetal"],"picked":"hexamod:GhostOfSpireFuture","floor":31},{"not_picked":["hexamod:StepThrough+1","hexamod:FirstSeal","hexamod:GhostLash"],"picked":"SKIP","floor":32},{"not_picked":["hexamod:FastForward","hexamod:InspiringFlames+1","hexamod:GhostflameBarrier"],"picked":"SKIP","floor":36}],"player_experience":1168191,"relics_obtained":[{"floor":10,"key":"Incense Burner"},{"floor":11,"key":"Odd Mushroom"},{"floor":12,"key":"Durian"},{"floor":24,"key":"Smiling Mask"},{"floor":28,"key":"hexamod:SoulOfChaos"},{"floor":34,"key":"infinitespire:PuzzleCube"},{"floor":34,"key":"Replay:Accelerometer"},{"floor":34,"key":"Replay:Arrowhead"}],"event_choices":[{"damage_healed":0,"gold_gain":0,"player_choice":"Fought Mushrooms","damage_taken":0,"max_hp_gain":0,"max_hp_loss":0,"event_name":"Mushrooms","floor":11,"gold_loss":0},{"damage_healed":0,"gold_gain":0,"player_choice":"Ignored","damage_taken":0,"max_hp_gain":0,"max_hp_loss":0,"event_name":"betterNote:BetterNote","floor":22,"gold_loss":0,"cards_obtained":["REME_EyeOfCthun"]}],"is_beta":false,"boss_relics":[{"not_picked":["aspiration:PoetsPen_weak","aspiration:IroncladSkillbook"],"picked":"Fusion Hammer"},{"not_picked":["aspiration:WatcherSkillbook","REME_DuelDisc"],"picked":"Calling Bell"}],"items_purged_floors":[5,25],"is_endless":false,"potions_floor_spawned":[8,10,13,15,20,27,32,33],"killed_by":"Nightmare_Alpha","ascension_level":0}}