{"host":"178rghtqlvp3zue2","time":1613864550,"event":{"mods":["2.2 Compatiblity","AchievementEnabler","BaseMod","CapriCore","DeckTracker","Minty Spire (QoL Compilation)","Prisma Mod","Quick Restart","StSLib","SuperFastMode","Yakumo Yukari mod"],"gold_per_floor":[119,138,138,138,155,155,167,167,190,216,231,231,261,106,106,203,203,220,202,64,84,134,159,74,106,152,186,173,209,209,246,246,358,358,381,460,478,534,49,79,101,101,401,433,502,204,237,263,263,402,402,428,612,386,423,436,461,461,561,612,665,687,755,274,308,308,413,413,413],"floor_reached":68,"language":"KOR","playtime":4591,"items_purged":["Doubt"],"score":1825,"play_id":"a00e883c-477d-4662-a6ca-f7d6f9636953","local_time":"20210221084230","daily_mods":["Heirloom","DeadlyEvents","Elite Swarm"],"is_ascension_mode":false,"campfire_choices":[{"data":"DevaForm","floor":6.0,"key":"SMITH"},{"data":"PrismaMod:IllyaUncommonDefend","floor":8.0,"key":"SMITH"},{"data":"PrismaMod:IllyaUncommonDefend","floor":12.0,"key":"SMITH"},{"floor":15.0,"key":"REST"},{"data":"1","floor":30.0,"key":"LIFT"},{"data":"Echo Form","floor":32.0,"key":"SMITH"},{"floor":42,"key":"REST"},{"data":"Demon Form","floor":49,"key":"SMITH"},{"data":"PrismaMod:IllyaUberDefendChannel","floor":58,"key":"SMITH"},{"data":"PrismaMod:IllyaMinorRapidFire","floor":66,"key":"SMITH"}],"circlet_count":0,"master_deck":["Demon Form+1","Echo Form+1","DevaForm+1","PrismaMod:IllyaCommonAttack","PrismaMod:IllyaCommonDefend","PrismaMod:IllyaCommonAttack+1","PrismaMod:IllyaCommonDefend","PrismaMod:IllyaCommonAttack","PrismaMod:IllyaCommonDefend","PrismaMod:IllyaCommonAttack","PrismaMod:IllyaCommonDefend+1","PrismaMod:IllyaUncommonAttack","PrismaMod:IllyaUncommonDefend+1","PrismaMod:IllyaGrail","PrismaMod:IllyaUncommonDefend+1","PrismaMod:IllyaCommandSeal","PrismaMod:IllyaCheapDefend","PrismaMod:IllyaUberDefendChannel+1","PrismaMod:IllyaSaphire","PrismaMod:IllyaInstallMoonCancer","PrismaMod:IllyaPoisonTippedWeapons+1","PrismaMod:IllyaCarnivalDefend+1","PrismaMod:IllyaAOECommonAttack","PrismaMod:IllyaCarnivalDefend","PrismaMod:IllyaPoisonTippedWeapons","PrismaMod:IllyaCarnivalPrismaAstolfo","PrismaMod:IllyaCarnivalPrismaAstolfo","PrismaMod:IllyaInstallMoonCancer","PrismaMod:IllyaCheapAttack+1","PrismaMod:IllyaRubysPotion","Madness","Madness","PrismaMod:IllyaSaphire","PrismaMod:IllyaGrail","PrismaMod:IllyaUncommonDefend+1","Parasite","PrismaMod:IllyaDevil+1","PrismaMod:IllyaBoysLove","PrismaMod:IllyaMinorRapidFire+1"],"relics":["PrismaMod:PrismaRuby","Girya","Boot","Akabeko","Anchor","Oddly Smooth Stone","Happy Flower","SlaversCollar","Blood Vial","Mummified Hand","Pen Nib","War Paint","Strawberry","CeramicFish","Kunai","Eternal Feather","Empty Cage","Du-Vu Doll","Peace Pipe","Calipers","Dream Catcher","Old Coin","MealTicket","Art of War","Centennial Puzzle","Ancient Tea Set","Lantern","SacredBark","Potion Belt","Whetstone","Bronze Scales","Sundial","Tiny House"],"acts_visited":["Exordium","TheCity","TheBeyond","Exordium","TheCity"],"potions_floor_usage":[38,38,40,40,50],"damage_taken":[{"damage":14.0,"enemies":"2 Louse","floor":1.0,"turns":4.0},{"damage":17.0,"enemies":"Jaw Worm","floor":2.0,"turns":4.0},{"damage":0.0,"enemies":"Cultist","floor":5.0,"turns":4.0},{"damage":0.0,"enemies":"Looter","floor":7.0,"turns":5.0},{"damage":4.0,"enemies":"Lagavulin","floor":10.0,"turns":6.0},{"damage":0.0,"enemies":"Red Slaver","floor":11.0,"turns":3.0},{"damage":7.0,"enemies":"Gremlin Nob","floor":13.0,"turns":6.0},{"damage":22.0,"enemies":"Slime Boss","floor":16.0,"turns":9.0},{"damage":4.0,"enemies":"Spheric Guardian","floor":18.0,"turns":8.0},{"damage":0.0,"enemies":"2 Thieves","floor":19.0,"turns":4.0},{"damage":7.0,"enemies":"3 Cultists","floor":21.0,"turns":8.0},{"damage":0.0,"enemies":"Book of Stabbing","floor":23.0,"turns":8.0},{"damage":2.0,"enemies":"Slavers","floor":25.0,"turns":7.0},{"damage":0.0,"enemies":"Book of Stabbing","floor":27.0,"turns":6.0},{"damage":0.0,"enemies":"Slavers","floor":29.0,"turns":8.0},{"damage":11.0,"enemies":"Book of Stabbing","floor":31.0,"turns":8.0},{"damage":0.0,"enemies":"Champ","floor":33.0,"turns":8.0},{"damage":5.0,"enemies":"Orb Walker","floor":35.0,"turns":7.0},{"damage":16,"enemies":"Mind Bloom Boss Battle","floor":36,"turns":10},{"damage":36,"enemies":"2 Orb Walkers","floor":38,"turns":7},{"damage":38,"enemies":"Reptomancer","floor":40,"turns":9},{"damage":0,"enemies":"3 Darklings","floor":41,"turns":8},{"damage":8,"enemies":"Nemesis","floor":44,"turns":9},{"damage":0,"enemies":"Writhing Mass","floor":45,"turns":9},{"damage":60,"enemies":"Reptomancer","floor":47,"turns":8},{"damage":0,"enemies":"Giant Head","floor":48,"turns":13},{"damage":30,"enemies":"Awakened One","floor":50,"turns":15},{"damage":12,"enemies":"Jaw Worm","floor":52,"turns":4},{"damage":0,"enemies":"Small Slimes","floor":55,"turns":5},{"damage":0,"enemies":"2 Louse","floor":56,"turns":2},{"damage":21,"enemies":"3 Sentries","floor":57,"turns":8},{"damage":0,"enemies":"Lagavulin","floor":61,"turns":7},{"damage":0,"enemies":"Exordium Wildlife","floor":62,"turns":3},{"damage":0,"enemies":"3 Sentries","floor":63,"turns":10},{"damage":0,"enemies":"Gremlin Nob","floor":65,"turns":5},{"damage":5,"enemies":"Hexaghost","floor":67,"turns":6}],"seed_played":"5823612495742127686","potions_obtained":[{"floor":2.0,"key":"Fire Potion"},{"floor":5.0,"key":"Strength Potion"},{"floor":7.0,"key":"Explosive Potion"},{"floor":13.0,"key":"Dexterity Potion"},{"floor":19.0,"key":"DuplicationPotion"},{"floor":25.0,"key":"AttackPotion"},{"floor":27.0,"key":"FairyPotion"},{"floor":41,"key":"Energy Potion"},{"floor":50,"key":"FearPotion"},{"floor":52,"key":"GamblersBrew"},{"floor":56,"key":"EssenceOfSteel"},{"floor":63,"key":"FearPotion"},{"floor":67,"key":"LiquidMemories"}],"is_trial":true,"path_per_floor":["M","M","?","?","M","R","M","R","T","E","M","R","E","$","R","B",null,"M","M","$","M","T","E","?","E","T","E","$","E","R","E","R","B",null,"M","?","?","?","$","E","M","R","T","E","M","$","E","E","R","B",null,"M","?","$","M","M","E","R","?","T","E","M","E","$","E","R","B",null],"character_chosen":"ILLYA","items_purchased":["Happy Flower","PrismaMod:IllyaCarnivalDefend","PrismaMod:IllyaPoisonTippedWeapons","Calipers","PrismaMod:IllyaGrail","EntropicBrew","Art of War","Centennial Puzzle","Potion Belt","Bronze Scales","PrismaMod:IllyaMinorRapidFire","Sundial"],"campfire_rested":2,"item_purchase_floors":[14,20,28,39,39,39,46,46,54,64,64,64],"current_hp_per_floor":[61,44,37,25,25,25,25,25,25,24,27,27,23,23,45,26,75,74,74,74,69,69,75,75,75,82,82,82,82,82,76,84,84,84,84,72,61,39,39,18,32,81,81,85,92,96,48,62,83,73,100,90,90,102,102,102,88,104,104,104,104,106,106,106,106,106,106,111,111],"gold":413,"neow_bonus":"","is_daily":false,"chose_seed":false,"campfire_upgraded":7,"win_rate":0.0,"timestamp":1613864550,"path_taken":["M","M","?","?","M","R","M","R","T","?","?","R","?","?","R","BOSS","M","M","$","M","?","E","?","E","T","E","?","E","R","?","R","BOSS","M","?","?","?","$","E","M","R","T","E","?","?","?","E","R","BOSS","M","?","$","M","M","E","R","?","T","E","M","E","$","?","R","BOSS"],"items_purchased_type":["Relic","Card","Card","Relic","Card","Potion","Relic","Relic","Relic","Relic","Card","Relic"],"build_version":"2020-12-22","purchased_purges":1,"victory":false,"max_hp_per_floor":[75,75,75,75,75,75,75,75,75,75,75,75,75,75,75,75,75,75,75,75,75,75,75,75,75,82,82,82,82,82,84,84,84,84,86,86,86,90,90,92,94,94,94,96,96,96,98,98,98,100,100,102,102,102,102,102,104,104,104,104,104,106,106,106,106,106,106,111,111],"card_choices":[{"not_picked":["PrismaMod:IllyaSaphire","PrismaMod:IllyaCommandSeal"],"picked":"PrismaMod:IllyaGrail","floor":1.0},{"not_picked":["PrismaMod:IllyaReinForce","PrismaMod:IllyaUpgradeOrbs"],"picked":"PrismaMod:IllyaUncommonDefend","floor":2.0},{"not_picked":["PrismaMod:IllyaFriendMaker","PrismaMod:IllyaCheapChannelAttack"],"picked":"PrismaMod:IllyaCommandSeal","floor":5.0},{"not_picked":["PrismaMod:IllyaGrailKun","PrismaMod:IllyaBlindPoisonToss"],"picked":"PrismaMod:IllyaCheapDefend","floor":7.0},{"not_picked":["PrismaMod:IllyaInstallLancer","PrismaMod:IllyaZwei"],"picked":"PrismaMod:IllyaUberDefendChannel","floor":10.0},{"not_picked":["PrismaMod:IllyaGun","PrismaMod:IllyaMinorReinForce"],"picked":"PrismaMod:IllyaSaphire","floor":11.0},{"not_picked":["PrismaMod:IllyaCarnivalOrbs","PrismaMod:IllyaUberAttackChannel"],"picked":"PrismaMod:IllyaInstallMoonCancer","floor":13.0},{"not_picked":["PrismaMod:IllyaAssassinRevenge","PrismaMod:IllyaBerserCAR"],"picked":"PrismaMod:IllyaPoisonTippedWeapons+1","floor":18.0},{"not_picked":["PrismaMod:IllyaUpgradeOrbs","PrismaMod:IllyaCheapChannelAttack","PrismaMod:IllyaAlice"],"picked":"SKIP","floor":19.0},{"not_picked":["PrismaMod:IllyaPartialInstallAssassin","PrismaMod:IllyaMaid"],"picked":"PrismaMod:IllyaAOECommonAttack","floor":21.0},{"not_picked":["PrismaMod:IllyaInstallRuler","PrismaMod:IllyaCarnivalOrbs"],"picked":"PrismaMod:IllyaCarnivalDefend","floor":23.0},{"not_picked":["PrismaMod:IllyaCarnivalAttack","PrismaMod:IllyaUberPoisonChannel","PrismaMod:IllyaUberAttackChannel"],"picked":"SKIP","floor":25.0},{"not_picked":["PrismaMod:IllyaCarnivalAttack","PrismaMod:IllyaInstallAvenger","PrismaMod:IllyaUberPoisonChannel"],"picked":"SKIP","floor":27.0},{"not_picked":["PrismaMod:IllyaUberPoisonChannel","PrismaMod:IllyaCarnivalDefend"],"picked":"PrismaMod:IllyaCarnivalPrismaAstolfo","floor":29.0},{"not_picked":["PrismaMod:IllyaCarnivalDefend","PrismaMod:IllyaUberAttackChannel"],"picked":"PrismaMod:IllyaCarnivalPrismaAstolfo","floor":31.0},{"not_picked":["PrismaMod:IllyaInstallForeigner","PrismaMod:IllyaCarnivalDefend"],"picked":"PrismaMod:IllyaInstallMoonCancer","floor":33.0},{"not_picked":["PrismaMod:IllyaGrailKun","PrismaMod:IllyaGun+1"],"picked":"PrismaMod:IllyaCheapAttack","floor":35},{"not_picked":["PrismaMod:IllyaUberPoisonBlock+1","PrismaMod:IllyaRapidFire"],"picked":"PrismaMod:IllyaRubysPotion","floor":36},{"not_picked":["PrismaMod:IllyaCheapAttack","PrismaMod:IllyaPartialInstallAssassin+1"],"picked":"PrismaMod:IllyaSaphire","floor":38},{"not_picked":["PrismaMod:IllyaCarnivalAttack","PrismaMod:IllyaInstallLancer","PrismaMod:IllyaInstallBerserker"],"picked":"SKIP","floor":40},{"not_picked":["PrismaMod:IllyaRapidFire","PrismaMod:IllyaAssassinRevenge"],"picked":"PrismaMod:IllyaUncommonDefend+1","floor":41},{"not_picked":["PrismaMod:IllyaZwei","PrismaMod:IllyaInstallForeigner","PrismaMod:IllyaInstallAvenger"],"picked":"SKIP","floor":44},{"not_picked":["PrismaMod:IllyaBerserCAR+1","PrismaMod:IllyaUncommonDefend+1","PrismaMod:IllyaBlindPoisonToss"],"picked":"SKIP","floor":45},{"not_picked":["PrismaMod:IllyaCarnivalAttack","PrismaMod:IllyaInstallCaster","PrismaMod:IllyaInstallForeigner"],"picked":"SKIP","floor":47},{"not_picked":["PrismaMod:IllyaInstallMoonCancer","PrismaMod:IllyaInstallShielder","PrismaMod:IllyaCarnivalAttack"],"picked":"SKIP","floor":48},{"not_picked":["PrismaMod:IllyaUpgradeOrbs","PrismaMod:IllyaCommonEvoke"],"picked":"PrismaMod:IllyaDevil","floor":52},{"not_picked":["PrismaMod:IllyaPartialInstallAssassin","PrismaMod:IllyaStunPoison","PrismaMod:IllyaBlindPoisonToss"],"picked":"SKIP","floor":55},{"not_picked":["PrismaMod:IllyaPartialInstallAssassin","PrismaMod:IllyaCheapAttack","PrismaMod:IllyaGun"],"picked":"SKIP","floor":56},{"not_picked":["PrismaMod:IllyaUberAttackChannel","PrismaMod:IllyaInstallMoonCancer","PrismaMod:IllyaInstallRider"],"picked":"SKIP","floor":57},{"not_picked":["PrismaMod:IllyaUberDefendChannel","PrismaMod:IllyaCarnivalDefend","PrismaMod:IllyaInstallRider"],"picked":"SKIP","floor":61},{"not_picked":["PrismaMod:IllyaFriendMaker","PrismaMod:IllyaPartialInstallAssassin"],"picked":"PrismaMod:IllyaBoysLove","floor":62},{"not_picked":["PrismaMod:IllyaInstallMoonCancer","PrismaMod:IllyaCarnivalAttack","PrismaMod:IllyaZwei"],"picked":"SKIP","floor":63},{"not_picked":["PrismaMod:IllyaCarnivalAttack","PrismaMod:IllyaInstallMoonCancer","PrismaMod:IllyaInstallLancer"],"picked":"SKIP","floor":65}],"player_experience":278166,"relics_obtained":[{"floor":9.0,"key":"Akabeko"},{"floor":10.0,"key":"Anchor"},{"floor":13.0,"key":"Oddly Smooth Stone"},{"floor":22.0,"key":"Blood Vial"},{"floor":23.0,"key":"Mummified Hand"},{"floor":25.0,"key":"War Paint"},{"floor":26.0,"key":"Strawberry"},{"floor":27.0,"key":"CeramicFish"},{"floor":29.0,"key":"Kunai"},{"floor":31.0,"key":"Eternal Feather"},{"floor":36,"key":"Du-Vu Doll"},{"floor":38,"key":"Peace Pipe"},{"floor":40,"key":"Dream Catcher"},{"floor":43,"key":"Old Coin"},{"floor":44,"key":"MealTicket"},{"floor":47,"key":"Ancient Tea Set"},{"floor":48,"key":"Lantern"},{"floor":60,"key":"Whetstone"}],"event_choices":[{"cards_removed":["Wraith Form v2"],"damage_healed":0.0,"max_hp_gain":0.0,"max_hp_loss":0.0,"gold_gain":0.0,"event_name":"Golden Wing","player_choice":"Card Removal","floor":3.0,"gold_loss":0.0,"damage_taken":7.0},{"damage_healed":0.0,"max_hp_gain":0.0,"max_hp_loss":0.0,"gold_gain":0.0,"event_name":"Scrap Ooze","player_choice":"Success","floor":4.0,"gold_loss":0.0,"damage_taken":12.0,"relics_obtained":["Boot"]},{"damage_healed":0.0,"max_hp_gain":0.0,"max_hp_loss":0.0,"gold_gain":0.0,"event_name":"Addict","player_choice":"Obtained Relic","floor":24.0,"gold_loss":85.0,"damage_taken":0.0,"relics_obtained":["Pen Nib"]},{"damage_healed":0,"gold_gain":0,"player_choice":"Fight","damage_taken":0,"max_hp_gain":0,"max_hp_loss":0,"event_name":"MindBloom","floor":36,"gold_loss":0},{"damage_healed":0,"gold_gain":0,"player_choice":"Embrace Madness","damage_taken":11,"max_hp_gain":0,"max_hp_loss":0,"event_name":"Winding Halls","floor":37,"gold_loss":0,"cards_obtained":["Madness","Madness"]},{"damage_healed":0,"gold_gain":0,"player_choice":"Fight","damage_taken":0,"max_hp_gain":0,"max_hp_loss":0,"event_name":"Mysterious Sphere","floor":38,"gold_loss":0},{"damage_healed":0,"gold_gain":175,"player_choice":"AGREE","damage_taken":0,"max_hp_gain":0,"max_hp_loss":0,"event_name":"Liars Game","floor":53,"gold_loss":0,"cards_obtained":["Doubt"]},{"damage_healed":0,"gold_gain":100,"player_choice":"Pray","damage_taken":0,"max_hp_gain":0,"max_hp_loss":0,"event_name":"Golden Shrine","floor":59,"gold_loss":0}],"is_beta":false,"boss_relics":[{"not_picked":["Runic Dome","Sozu"],"picked":"SlaversCollar"},{"not_picked":["Runic Pyramid","Cursed Key"],"picked":"Empty Cage"},{"not_picked":["Busted Crown","Tiny House"],"picked":"SacredBark"},{"not_picked":["Pandora\u0027s Box","Velvet Choker"],"picked":"Tiny House"}],"items_purged_floors":[54],"is_endless":true,"potions_floor_spawned":[2,5,7,13,19,23,25,27,36,41,45,50,52,56,63,67],"ascension_level":0}}