{"host":"5wilga4482d891pp","time":1613863083,"event":{"mods":["100% Spire Juice","2.2 Compatiblity","AchievementEnabler","Act Like it!","Arknights","BaseMod","Better Note","Better Third Choice","CapriCore","Chen","Conspire","Downfall","Elementarium","Energized Spire","Gensokyo","GungeonMod","Hallownest","Hermit","Hubris","Jorbs\u0027s Wanderer Trilogy","KinomotoSakuraMod(木之本?)","Koishi","Lobotomy","LobotomyExtend","Luminous","Marisa（霧雨　魔理沙）","Marked Mod","Minty Spire (QoL Compilation)","Pale of the Ancients","Railgun Mod","Reimu（博??梦）","Reliquary","Ruina","RumiaBox-露米?的神秘盒子","Shade Mod","Shapeshifter Mod","StSLib","The Administrix","The Alterego","The Animator","The Construct","The Cursed","The Gatherer","The Immortal","The Wild Card","TheBandit","TheFirefly","TheSwordswoman","TheVacant","Uncapped","UnlockEverythingMod","WarShipGirlsR/??少女R mod","Yakumo Yukari mod","Yuyuko"],"gold_per_floor":[118,118,3,3,3,36,36,62,107,139,139,149,149,162,162,265,265,314,314,314],"floor_reached":19,"language":"ENG","playtime":1850,"items_purged":[],"score":167,"play_id":"74569396-0382-44ea-bf0b-c8a5d41ceabb","local_time":"20210220171803","is_ascension_mode":false,"campfire_choices":[{"floor":11,"key":"RECALL"},{"floor":13,"key":"REST"},{"data":"animator:YunYun","floor":15,"key":"SMITH"}],"circlet_count":0,"master_deck":["animator:Strike_Konosuba","animator:Strike","animator:Strike","animator:Strike","animator:Defend","animator:Defend","animator:Defend","animator:Kazuma","animator:Aqua+1","SpiderBud","CrumblingArmor","animator:Biyorigo","animator:Caster","LittleHelper","animator:YunYun+1","NakedNest","animator:Illya","VoidDream","animator:UneriGinkaku","QueenBee","animator:Elesis","SingingMachine","animator:EmiyaShirou"],"relics":["animator:LivingPicture","animator:TheMissingPiece","CogitoBucket","AddBug","SecretRecord","Baka","SecretRecord","SecretRecord"],"acts_visited":["Gensokyo:Gensokyo","ruina:Briah"],"potions_floor_usage":[14,14,18,18],"damage_taken":[{"damage":14,"enemies":"Gensokyo:Gryphon","floor":1,"turns":7},{"damage":8,"enemies":"Gensokyo:Mamizou","floor":6,"turns":8},{"damage":5,"enemies":"Gensokyo:3_Fairies","floor":8,"turns":4},{"damage":12,"enemies":"Gensokyo:2_Kodama","floor":10,"turns":3},{"damage":11,"enemies":"Gensokyo:Kitsune","floor":12,"turns":3},{"damage":8,"enemies":"Gensokyo:Gryphon_and_Rabbit","floor":14,"turns":4},{"damage":26,"enemies":"Gensokyo:Reimu","floor":16,"turns":7},{"damage":27,"enemies":"ruina:3_Bats","floor":18,"turns":2},{"damage":54,"enemies":"ruina:BadWolf","floor":19,"turns":2}],"seed_played":"3756229067420158286","potions_obtained":[{"floor":8,"key":"Explosive Potion"}],"is_trial":false,"path_per_floor":["M","?","$","?","$","E","?","M","T","M","R","M","R","M","R","B",null,"M","M"],"character_chosen":"THE_ANIMATOR","items_purchased":["DemoMod:GnawedKey"],"campfire_rested":1,"item_purchase_floors":[3],"current_hp_per_floor":[52,52,52,52,52,47,47,46,46,44,44,38,58,61,61,64,67,40,0,0],"gold":314,"neow_bonus":"","is_daily":false,"chose_seed":false,"campfire_upgraded":1,"win_rate":0.0,"timestamp":1613863083,"path_taken":["M","?","$","?","$","E","?","M","T","M","R","?","R","M","R","BOSS","M","?"],"items_purchased_type":["Relic"],"build_version":"2020-12-22","purchased_purges":0,"victory":false,"max_hp_per_floor":[66,66,66,66,66,66,66,66,66,66,66,67,67,67,67,67,67,67,67,67],"card_choices":[{"not_picked":["LittleHelper","WallGazer"],"picked":"SpiderBud","floor":1},{"not_picked":["animator:Assassin","animator:ShinjiMatou"],"picked":"animator:Ain","floor":1},{"not_picked":["Woodsman","UniverseFragment"],"picked":"CrumblingArmor","floor":6},{"not_picked":["animator:Vanir","animator:Nanami"],"picked":"animator:Biyorigo","floor":6},{"not_picked":["WallGazer","BigBird","FairyFestival"],"picked":"Singing Bowl","floor":8},{"not_picked":["MHz","BeautyBeast"],"picked":"QueenOfHatred","floor":8},{"not_picked":["animator:IrohaTamaki","animator:Melzalgald"],"picked":"animator:Caster","floor":8},{"not_picked":["NakedNest","MeatLantern"],"picked":"LittleHelper","floor":10},{"not_picked":["animator:Kazuma","animator:Vanir"],"picked":"animator:YunYun","floor":10},{"not_picked":["WallGazer","MHz"],"picked":"NakedNest","floor":12},{"not_picked":["animator:Vanir","animator:YuiTsuruno"],"picked":"animator:Illya","floor":12},{"not_picked":["Scorched","OSAHOGD"],"picked":"VoidDream","floor":14},{"not_picked":["animator:Guy","animator:Azekura"],"picked":"animator:UneriGinkaku","floor":14},{"not_picked":["SnowQueen","BigBird"],"picked":"QueenBee","floor":16},{"not_picked":["animator:Saitama","animator:MadokaKaname"],"picked":"animator:Elesis","floor":16},{"not_picked":["Woodsman","OSAHOGD"],"picked":"SingingMachine","floor":18},{"not_picked":["animator:Gillette","animator:KyokoSakura"],"picked":"animator:EmiyaShirou","floor":18}],"player_experience":24240,"relics_obtained":[{"floor":1,"key":"AddBug"},{"floor":1,"key":"Baka"},{"floor":1,"key":"LetterFromLob"},{"floor":6,"key":"conspire:Flyswatter"},{"floor":6,"key":"LetterFromLob"},{"floor":8,"key":"LetterFromLob"},{"floor":10,"key":"LetterFromLob"},{"floor":12,"key":"SecretRecord"},{"floor":12,"key":"LetterFromLob"},{"floor":14,"key":"LetterFromLob"},{"floor":16,"key":"LetterFromLob"},{"floor":18,"key":"SecretRecord"},{"floor":18,"key":"LetterFromLob"}],"event_choices":[],"is_beta":false,"boss_relics":[{"not_picked":["hubris:Stopwatch","energizedSpire:MagnifyingGlass"],"picked":"Mark of Pain"}],"items_purged_floors":[],"is_endless":false,"potions_floor_spawned":[8,12],"killed_by":"ruina:BadWolf","ascension_level":0}}