{"host":"0v07cr0k93jhgkpm","time":1613845257,"event":{"mods":["BaseMod","Colored Map","DeckTracker","Minty Spire (QoL Compilation)","Quick Restart","SuperFastMode"],"gold_per_floor":[109,259,273,273,292,292,317,332,359,359,126,154,154,154,154,233,233,253,253,72,88,106,106,120,120,147,189,201,201,227,277,277,277,277],"floor_reached":33,"language":"KOR","playtime":889,"items_purged":["Doubt","Strike_B"],"score":636,"play_id":"c6bc4442-4205-45ab-ab25-27d648dde174","local_time":"20210221032057","is_ascension_mode":true,"campfire_choices":[{"data":"Zap","floor":6.0,"key":"SMITH"},{"floor":10.0,"key":"REST"},{"data":"Dualcast","floor":13.0,"key":"SMITH"},{"floor":15.0,"key":"REST"},{"data":"Steam Power","floor":23.0,"key":"SMITH"},{"data":"Meteor Strike","floor":25.0,"key":"SMITH"},{"floor":29.0,"key":"REST"},{"floor":32.0,"key":"REST"}],"circlet_count":0,"master_deck":["AscendersBane","Strike_B","Strike_B","Defend_B","Defend_B","Defend_B","Defend_B","Zap+1","Dualcast+1","Sunder+1","BootSequence","Sweeping Beam","Melter","FTL","Meteor Strike+1","Beam Cell+1","Steam Power+1","Leap"],"relics":["Cracked Core","Vajra","DataDisk","Centennial Puzzle","Art of War","Blood Vial","Busted Crown","CeramicFish","Bronze Scales"],"acts_visited":["Exordium","TheCity"],"potions_floor_usage":[33,33],"damage_taken":[{"damage":3.0,"enemies":"Small Slimes","floor":1.0,"turns":3.0},{"damage":1.0,"enemies":"Cultist","floor":3.0,"turns":3.0},{"damage":0.0,"enemies":"2 Louse","floor":5.0,"turns":1.0},{"damage":40.0,"enemies":"Lagavulin","floor":7.0,"turns":5.0},{"damage":15.0,"enemies":"Lots of Slimes","floor":8.0,"turns":3.0},{"damage":0.0,"enemies":"3 Sentries","floor":12.0,"turns":5.0},{"damage":21.0,"enemies":"Slime Boss","floor":16.0,"turns":9.0},{"damage":0.0,"enemies":"Spheric Guardian","floor":18.0,"turns":2.0},{"damage":11.0,"enemies":"Shell Parasite","floor":21.0,"turns":2.0},{"damage":14.0,"enemies":"Snake Plant","floor":22.0,"turns":2.0},{"damage":6.0,"enemies":"Sentry and Sphere","floor":24.0,"turns":3.0},{"damage":10.0,"enemies":"Book of Stabbing","floor":27.0,"turns":3.0},{"damage":7.0,"enemies":"Snecko","floor":28.0,"turns":3.0},{"damage":23.0,"enemies":"Gremlin Leader","floor":30.0,"turns":5.0},{"damage":68,"enemies":"Collector","floor":33,"turns":7}],"seed_played":"1576975421888690058","potions_obtained":[{"floor":1.0,"key":"FearPotion"},{"floor":3.0,"key":"Dexterity Potion"},{"floor":7.0,"key":"Strength Potion"},{"floor":18.0,"key":"BlessingOfTheForge"},{"floor":21.0,"key":"FearPotion"},{"floor":27.0,"key":"Dexterity Potion"},{"floor":30.0,"key":"Swift Potion"}],"is_trial":false,"path_per_floor":["M","?","M","?","M","R","E","M","T","R","$","E","R","?","R","B",null,"M","?","$","M","M","R","M","R","T","E","M","R","E","?","R","B"],"character_chosen":"DEFECT","items_purchased":["Centennial Puzzle","Steam Power"],"campfire_rested":4,"item_purchase_floors":[11,20],"current_hp_per_floor":[68,68,67,67,67,67,27,12,12,35,35,35,35,24,47,28,66,68,68,68,59,47,47,43,43,43,35,30,53,32,32,55,0,0],"gold":277,"neow_bonus":"TEN_PERCENT_HP_BONUS","is_daily":false,"chose_seed":false,"campfire_upgraded":4,"win_rate":0.0,"timestamp":1613845257,"path_taken":["M","?","M","?","M","R","E","?","T","R","$","E","R","?","R","BOSS","M","?","$","M","?","R","M","R","T","E","?","R","E","?","R","BOSS"],"items_purchased_type":["Relic","Card"],"build_version":"2020-12-22","purchased_purges":2,"victory":false,"max_hp_per_floor":[78,78,78,78,78,78,78,78,78,78,78,78,78,78,78,78,78,78,78,78,78,78,78,78,78,78,78,78,78,78,78,78,78,78],"card_choices":[{"not_picked":["Recycle","Barrage"],"picked":"Sunder","floor":1.0},{"not_picked":["Sunder","Undo"],"picked":"BootSequence","floor":3.0},{"not_picked":["Coolheaded","Steam"],"picked":"Sweeping Beam","floor":5.0},{"not_picked":["Blizzard","Steam"],"picked":"Melter","floor":7.0},{"not_picked":["Hologram","Chill"],"picked":"FTL","floor":8.0},{"not_picked":["Rebound","Tempest","Cold Snap"],"picked":"SKIP","floor":12.0},{"not_picked":["Machine Learning","Biased Cognition"],"picked":"Meteor Strike","floor":16.0},{"not_picked":[],"picked":"Beam Cell+1","floor":18.0},{"not_picked":["Beam Cell"],"picked":"SKIP","floor":21.0},{"not_picked":["Gash"],"picked":"SKIP","floor":22.0},{"not_picked":["Cold Snap"],"picked":"SKIP","floor":24.0},{"not_picked":["Cold Snap"],"picked":"SKIP","floor":24.0},{"not_picked":[],"picked":"Leap","floor":27.0},{"not_picked":["Beam Cell"],"picked":"SKIP","floor":28.0},{"not_picked":["Beam Cell"],"picked":"SKIP","floor":30.0}],"player_experience":2518568,"relics_obtained":[{"floor":7.0,"key":"Vajra"},{"floor":9.0,"key":"DataDisk"},{"floor":12.0,"key":"Art of War"},{"floor":27.0,"key":"CeramicFish"},{"floor":30.0,"key":"Bronze Scales"}],"event_choices":[{"damage_healed":0.0,"max_hp_gain":0.0,"max_hp_loss":0.0,"gold_gain":150.0,"event_name":"Liars Game","player_choice":"AGREE","floor":2.0,"gold_loss":0.0,"damage_taken":0.0,"cards_obtained":["Doubt"]},{"damage_healed":0.0,"max_hp_gain":0.0,"max_hp_loss":0.0,"gold_gain":0.0,"event_name":"Accursed Blacksmith","player_choice":"Forge","floor":4.0,"gold_loss":0.0,"damage_taken":0.0,"cards_upgraded":["Sunder"]},{"damage_healed":0.0,"max_hp_gain":0.0,"max_hp_loss":0.0,"gold_gain":0.0,"event_name":"Scrap Ooze","player_choice":"Success","floor":14.0,"gold_loss":0.0,"damage_taken":11.0,"relics_obtained":["Blood Vial"]},{"cards_removed":["Strike_B"],"damage_healed":0.0,"max_hp_gain":0.0,"max_hp_loss":0.0,"gold_gain":0.0,"event_name":"Wheel of Change","player_choice":"Card Removal","floor":19.0,"gold_loss":0.0,"damage_taken":0.0},{"damage_healed":0.0,"max_hp_gain":0.0,"max_hp_loss":0.0,"gold_gain":100.0,"event_name":"The Joust","player_choice":"Bet on Murderer","floor":31.0,"gold_loss":50.0,"damage_taken":0.0}],"is_beta":false,"boss_relics":[{"not_picked":["Velvet Choker","Fusion Hammer"],"picked":"Busted Crown"}],"items_purged_floors":[11,20],"is_endless":false,"potions_floor_spawned":[1,3,7,18,21,27,30],"killed_by":"Collector","ascension_level":20}}