{"host":"6bsan6hkua32tfq7","time":1613787574,"event":{"mods":["BaseMod","Better Third Choice","Colored Map","Highlight Path","Minty Spire (QoL Compilation)","StSLib"],"gold_per_floor":[117,131,148,83,109,109,138,138,138,155,155,186,186,202,202,274,274,290,290,302,128,143,168,168,194,220,220,254,173,187,198,198,272,272,283,308,327,342,352,352,352],"floor_reached":40,"language":"ENG","playtime":1690,"items_purged":["Strike_R","Strike_R"],"score":991,"play_id":"9fb90c32-1930-4093-9387-d0fd1e82baae","local_time":"20210220031934","is_ascension_mode":true,"campfire_choices":[{"data":"Uppercut","floor":6.0,"key":"SMITH"},{"floor":8.0,"key":"REST"},{"data":"Carnage","floor":11.0,"key":"SMITH"},{"data":"Bash","floor":13.0,"key":"SMITH"},{"data":"Defend_R","floor":15.0,"key":"SMITH"},{"floor":24,"key":"REST"},{"data":"Feed","floor":27,"key":"SMITH"},{"floor":32,"key":"REST"}],"circlet_count":0,"master_deck":["AscendersBane","Strike_R","Strike_R","Strike_R","Defend_R","Defend_R","Defend_R+1","Defend_R","Bash+1","Heavy Blade","Carnage+1","Uppercut+1","Rampage","Feel No Pain","Intimidate+1","Feed+1","Shrug It Off+1","True Grit+1","Discovery+1","Shrug It Off+1","Uppercut+1","True Grit+1","True Grit+1","Disarm+1","Double Tap+1","True Grit+1","Juggernaut+1","Evolve+1"],"relics":["Burning Blood","betterThird:SlimedRelic","Smiling Mask","Toxic Egg 2","The Courier","CaptainsWheel","Velvet Choker","Calipers","Question Card","Nunchaku","Bag of Preparation","Frozen Egg 2","Black Star","Mango"],"acts_visited":["Exordium","TheCity","TheBeyond"],"potions_floor_usage":[25,30,40,40],"damage_taken":[{"damage":14.0,"enemies":"Jaw Worm","floor":1.0,"turns":3.0},{"damage":10.0,"enemies":"Small Slimes","floor":2.0,"turns":3.0},{"damage":0.0,"enemies":"Cultist","floor":3.0,"turns":2.0},{"damage":35.0,"enemies":"3 Sentries","floor":7.0,"turns":7.0},{"damage":19.0,"enemies":"Lots of Slimes","floor":10.0,"turns":5.0},{"damage":9.0,"enemies":"Lagavulin","floor":12.0,"turns":6.0},{"damage":2.0,"enemies":"3 Louse","floor":14.0,"turns":4.0},{"damage":24,"enemies":"The Guardian","floor":16,"turns":9},{"damage":9,"enemies":"3 Byrds","floor":18,"turns":7},{"damage":1,"enemies":"Chosen","floor":20,"turns":4},{"damage":0,"enemies":"Centurion and Healer","floor":22,"turns":5},{"damage":38,"enemies":"Slavers","floor":23,"turns":9},{"damage":15,"enemies":"Book of Stabbing","floor":25,"turns":6},{"damage":42,"enemies":"Slavers","floor":28,"turns":6},{"damage":7,"enemies":"Shelled Parasite and Fungi","floor":30,"turns":7},{"damage":0,"enemies":"Snake Plant","floor":31,"turns":4},{"damage":32,"enemies":"Automaton","floor":33,"turns":17},{"damage":13,"enemies":"3 Shapes","floor":35,"turns":4},{"damage":0,"enemies":"Mind Bloom Boss Battle","floor":36,"turns":6},{"damage":19,"enemies":"3 Darklings","floor":37,"turns":12},{"damage":33,"enemies":"Sphere and 2 Shapes","floor":38,"turns":7},{"damage":17,"enemies":"Transient","floor":39,"turns":6},{"damage":54,"enemies":"Reptomancer","floor":40,"turns":3}],"seed_played":"8235187227001085498","potions_obtained":[{"floor":1.0,"key":"Fire Potion"},{"floor":3.0,"key":"LiquidMemories"},{"floor":12.0,"key":"SpeedPotion"},{"floor":16,"key":"FearPotion"},{"floor":20,"key":"SpeedPotion"},{"floor":23,"key":"SteroidPotion"},{"floor":28,"key":"DuplicationPotion"},{"floor":39,"key":"Fire Potion"}],"is_trial":false,"path_per_floor":["M","M","M","?","T","R","E","R","T","M","R","E","R","M","R","B",null,"M","?","M","$","M","E","R","E","T","R","E","$","M","M","R","B",null,"M","?","M","M","M","E"],"character_chosen":"IRONCLAD","items_purchased":["True Grit+1","Discovery+1","Disarm+1"],"campfire_rested":3,"item_purchase_floors":[21,21,29],"current_hp_per_floor":[60,56,62,51,51,51,22,44,44,31,31,28,28,32,32,14,60,60,60,65,65,71,39,62,53,53,53,17,17,20,26,50,28,72,69,93,84,61,50,0,0],"gold":352,"neow_bonus":"THREE_CARDS","is_daily":false,"chose_seed":false,"campfire_upgraded":5,"win_rate":0.0,"timestamp":1613787574,"path_taken":["M","M","M","?","?","R","E","R","T","M","R","E","R","M","R","BOSS","M","?","M","$","M","E","R","E","T","R","E","?","?","M","R","BOSS","M","?","M","M","M","E"],"items_purchased_type":["Card","Card","Card"],"build_version":"2020-12-22","purchased_purges":2,"victory":false,"max_hp_per_floor":[75,75,75,75,75,75,75,75,75,75,75,75,75,75,75,75,75,78,78,78,78,78,78,78,78,78,78,78,78,82,82,82,86,86,90,108,112,116,116,116,116],"card_choices":[{"not_picked":["Armaments","Flex"],"picked":"Heavy Blade","floor":0.0},{"not_picked":["Second Wind","Combust"],"picked":"Carnage","floor":1.0},{"not_picked":["Entrench","Twin Strike"],"picked":"Uppercut","floor":2.0},{"not_picked":["Seeing Red","Pommel Strike"],"picked":"Rampage","floor":3.0},{"not_picked":["Warcry+1","Whirlwind","Flame Barrier+1"],"picked":"SKIP","floor":7.0},{"not_picked":["Headbutt","Sword Boomerang"],"picked":"Feel No Pain","floor":10.0},{"not_picked":["Clothesline","Thunderclap"],"picked":"Intimidate+1","floor":12.0},{"not_picked":["Flex+1","Clothesline","Warcry+1"],"picked":"SKIP","floor":14.0},{"not_picked":["Impervious+1","Immolate"],"picked":"Feed","floor":16},{"not_picked":["Twin Strike","Bloodletting+1"],"picked":"Shrug It Off+1","floor":18},{"not_picked":["Anger","Clash","Cleave"],"picked":"SKIP","floor":20},{"not_picked":["Inflame+1","Second Wind+1"],"picked":"Shrug It Off+1","floor":22},{"not_picked":["Shrug It Off+1","Pummel"],"picked":"Uppercut+1","floor":23},{"not_picked":["Sentinel+1","Entrench+1","Headbutt"],"picked":"True Grit+1","floor":25},{"not_picked":["Shrug It Off+1","Cleave","Spot Weakness+1"],"picked":"True Grit+1","floor":28},{"not_picked":["Burning Pact+1","Perfected Strike","Twin Strike"],"picked":"Double Tap+1","floor":30},{"not_picked":["Intimidate+1","Warcry+1","Pommel Strike"],"picked":"True Grit+1","floor":31},{"not_picked":["Brutality+1","Bludgeon","Impervious+1"],"picked":"Juggernaut+1","floor":33},{"not_picked":["Pummel","Cleave","Warcry+1","Spot Weakness+1"],"picked":"SKIP","floor":35},{"not_picked":["Intimidate+1","Disarm+1","Pummel+1"],"picked":"Evolve+1","floor":36},{"not_picked":["Searing Blow","Havoc+1","Burning Pact+1","Wild Strike"],"picked":"SKIP","floor":37},{"not_picked":["Clash+1","Pommel Strike","Second Wind+1","Havoc+1"],"picked":"SKIP","floor":38},{"not_picked":["Cleave+1","Wild Strike","Shrug It Off+1","Body Slam"],"picked":"SKIP","floor":39}],"player_experience":5449109,"relics_obtained":[{"floor":5.0,"key":"Smiling Mask"},{"floor":7.0,"key":"Toxic Egg 2"},{"floor":9.0,"key":"The Courier"},{"floor":12.0,"key":"CaptainsWheel"},{"floor":23,"key":"Question Card"},{"floor":25,"key":"Nunchaku"},{"floor":26,"key":"Bag of Preparation"},{"floor":28,"key":"Frozen Egg 2"},{"floor":36,"key":"Mango"}],"event_choices":[{"damage_healed":0.0,"max_hp_gain":0.0,"max_hp_loss":0.0,"gold_gain":0.0,"event_name":"betterThird:BetterGoop","player_choice":"Slimed","floor":4.0,"gold_loss":65.0,"damage_taken":11.0},{"damage_healed":0,"gold_gain":0,"player_choice":"Gave Potion","damage_taken":0,"relics_obtained":["Calipers"],"max_hp_gain":0,"max_hp_loss":0,"event_name":"WeMeetAgain","floor":19,"gold_loss":0},{"damage_healed":0,"gold_gain":0,"player_choice":"Fight","damage_taken":0,"max_hp_gain":0,"max_hp_loss":0,"event_name":"MindBloom","floor":36,"gold_loss":0}],"is_beta":false,"boss_relics":[{"not_picked":["Pandora\u0027s Box","Snecko Eye"],"picked":"Velvet Choker"},{"not_picked":["Runic Pyramid","Astrolabe"],"picked":"Black Star"}],"items_purged_floors":[21,29],"is_endless":false,"potions_floor_spawned":[1,3,12,16,20,23,28,39],"killed_by":"Reptomancer","ascension_level":20}}