{"host":"bq4pt811tk9yrmjl","time":1613784378,"event":{"mods":["AchievementEnabler","BaseMod","Colored Map","Colored Powertips","Defuse TimeMaze Blight","Minty Spire (QoL Compilation)","Smile Girya","StSLib","SuperFastMode"],"gold_per_floor":[115,115,130,147,147,173,188,188,188,188,220,220,220,220,220,220,220],"floor_reached":16,"language":"ENG","playtime":217,"items_purged":[],"score":113,"play_id":"35d2a9d6-3813-4429-8ab7-46c25b22cc32","local_time":"20210219232618","is_ascension_mode":true,"campfire_choices":[{"floor":15,"key":"REST"}],"circlet_count":0,"master_deck":["Strike_G","Strike_G","Strike_G","Strike_G","Strike_G","Defend_G","Defend_G","Defend_G","Defend_G","Defend_G","Survivor","Neutralize","Underhanded Strike","Noxious Fumes","Leg Sweep"],"relics":["Ring of the Snake","NeowsBlessing","Lantern","Gambling Chip"],"acts_visited":["Exordium"],"potions_floor_usage":[7],"damage_taken":[{"damage":0.0,"enemies":"Cultist","floor":1.0,"turns":1.0},{"damage":0,"enemies":"Small Slimes","floor":3,"turns":1},{"damage":0,"enemies":"2 Louse","floor":4,"turns":1},{"damage":31,"enemies":"3 Sentries","floor":6,"turns":12},{"damage":0,"enemies":"Looter","floor":7,"turns":3},{"damage":21,"enemies":"Gremlin Nob","floor":11,"turns":5},{"damage":0,"enemies":"The Guardian","floor":16,"turns":3}],"seed_played":"-6660752468000833656","potions_obtained":[{"floor":3,"key":"SteroidPotion"},{"floor":4,"key":"FairyPotion"}],"is_trial":false,"path_per_floor":["M","?","M","M","?","E","M","?","T","$","E","?","$","$","R","B"],"character_chosen":"THE_SILENT","items_purchased":[],"campfire_rested":1,"item_purchase_floors":[],"current_hp_per_floor":[70,70,70,70,70,39,39,62,62,62,41,41,41,41,62,62,62],"gold":220,"neow_bonus":"THREE_ENEMY_KILL","is_daily":false,"chose_seed":false,"campfire_upgraded":0,"win_rate":0.0,"timestamp":1613784378,"path_taken":["M","?","M","?","?","E","M","?","T","$","E","?","?","$","R","BOSS"],"items_purchased_type":[],"build_version":"2020-12-22","purchased_purges":0,"victory":false,"max_hp_per_floor":[70,70,70,70,70,70,70,70,70,70,70,70,70,70,70,70,70],"card_choices":[{"not_picked":["Outmaneuver","Sucker Punch"],"picked":"Underhanded Strike","floor":1.0},{"not_picked":["Bane","Bullet Time"],"picked":"Noxious Fumes","floor":3},{"not_picked":["Quick Slash","Acrobatics"],"picked":"Leg Sweep","floor":4},{"not_picked":["Dagger Spray","Dodge and Roll","Deadly Poison"],"picked":"SKIP","floor":6},{"not_picked":["Wraith Form v2","Sucker Punch","Dagger Spray"],"picked":"SKIP","floor":7},{"not_picked":["Bane","Caltrops","Distraction"],"picked":"SKIP","floor":11}],"player_experience":279316,"relics_obtained":[{"floor":6,"key":"Lantern"},{"floor":11,"key":"Gambling Chip"}],"event_choices":[{"damage_healed":0,"gold_gain":0,"player_choice":"Leave","damage_taken":0,"max_hp_gain":0,"max_hp_loss":0,"event_name":"FaceTrader","floor":2,"gold_loss":0},{"damage_healed":0,"gold_gain":0,"player_choice":"Leave","damage_taken":0,"max_hp_gain":0,"max_hp_loss":0,"event_name":"The Cleric","floor":5,"gold_loss":0},{"damage_healed":23,"gold_gain":0,"player_choice":"Banana","damage_taken":0,"max_hp_gain":0,"max_hp_loss":0,"event_name":"Big Fish","floor":8,"gold_loss":0},{"damage_healed":0,"gold_gain":0,"player_choice":"Ignored","damage_taken":0,"max_hp_gain":0,"max_hp_loss":0,"event_name":"Shining Light","floor":12,"gold_loss":0}],"is_beta":false,"boss_relics":[],"items_purged_floors":[],"is_endless":false,"potions_floor_spawned":[3,4],"killed_by":"The Guardian","ascension_level":1}}