{"host":"29lahdx3vn6842ib","time":1613791729,"event":{"mods":["ATMod(阿瑾Mod)","Act Like it!","Aspiration","BaseMod","Better Vampires","Conspire","Friendly Minions","Gensokyo","GungeonMod","Hallownest","HololiveMod","KinomotoSakuraMod(木之本樱)","Mari Mod (Legacy)","Mari\u0027s V1 Patch","Marisa（F雨　魔理沙）","Minty Spire (QoL Compilation)","Prisma Mod","Quarter Circle Forward PUNCH!","Quick Restart","Rare Cards Sparkle","Reimu（博丽灵梦）","Reliquary","Remilia（蕾米莉亚）","RumiaBox-露米娅的神秘盒子","SIMod","Shop Mod","StSLib","The Alterego","The Animator","The Bug Knight","The Senshi","The Servant 0.9.4","Waifu the Spire","WarShipGirlsR/战舰少女R mod","Yohane!","Yuri Mod","【功能Mod】混沌之环修复补丁","【遗物卡牌】REMEMod","篝火指南"],"gold_per_floor":[900000,900014,899306,899322,899334,899346,899357,899357,899382,898771,898785,898105,898131,898145,897654,897749,897749,897764,897775,897788,897799,897799,897831,897163,897189,897242,896736,896251,896286,896303,896315,895402,895505,895505,895515,895527,895547,895561,895611,894948,895080,894658,894684,894701,894392,894392,894072,894202,893974,894074,894074,893947,893872,894106,894206],"floor_reached":56,"language":"ZHS","playtime":2886,"items_purged":["Yohane:Defend_Grey","Yohane:Livestream_Donation","Yohane:Well_Laid_Ambush","Yohane:Little_Demon_Chika","Yohane:Strike_Grey","MariMod:Mari_The_Light_We_Chase","Yohane:Strike_Grey","Yohane:Strike_Grey","Yohane:Strike_Grey","Yohane:Defend_Grey","Yohane:Defend_Grey","Yohane:Defend_Grey"],"score":1798,"play_id":"6c04a5c6-91f9-4abd-9d52-d309b7769eea","local_time":"20210220112849","is_ascension_mode":false,"campfire_choices":[{"floor":8,"key":"RECALL"}],"circlet_count":0,"master_deck":["Yohane:Little_Demon_Lily+1","Yohane:Mijuku_Dreamer","Yohane:Grace_Under_Fire","Yohane:Impressive_Display+1","Yohane:Little_Demon_Ruby","Yohane:Impressive_Display","Yohane:Impressive_Display+1","Yohane:Energetic_Performance+1","Yohane:Impressive_Display+1"],"relics":["Yohane:AngelWings","AT_ATBox","REME_ComplimentaryCards","aspiration:Lifesprig","aspiration:FrozenJewel","AT_RedTearstoneRing","MerchantsRug","DemoMod:GlassGuonStoneRelic","Omamori","reliquary:Bookmark","Pen Nib","DemoMod:OrangeGuonStone","qcfpunch:Red_Gi","Singing Bowl","Hololive_LightStick","REME_CardOfGreed","Snecko Eye","aspiration:Stabinomicon","reliquary:Spinner","Bag of Marbles","reliquary:FingerTrap","DemoMod:MeatBun","qcfpunch:Red_Beret","Blue Candle","reliquary:TatteredRug","Calipers","Oddly Smooth Stone","Orrery","SoulBox","AT_TheCollector","HornCleat","HandDrill","Membership Card","War Paint","conspire:TopHat","DemoMod:PartiallyEatenCheese","OrangePellets","Whetstone","qcfpunch:Army_Boots","DemoMod:MonsterBlood","Vajra","Sling","Letter Opener","reliquary:ExpiredCoupon","Akabeko"],"acts_visited":["Exordium","TheCity","TheBeyond","TheEnding"],"potions_floor_usage":[11,55],"damage_taken":[{"damage":5,"enemies":"Small Slimes","floor":1,"turns":3},{"damage":0,"enemies":"Cultist","floor":2,"turns":3},{"damage":0,"enemies":"conspire:RoseBush","floor":4,"turns":2},{"damage":0,"enemies":"Lots of Slimes","floor":5,"turns":4},{"damage":0,"enemies":"2 Fungi Beasts","floor":6,"turns":2},{"damage":2,"enemies":"Blue Slaver","floor":7,"turns":2},{"damage":0,"enemies":"Looter","floor":11,"turns":2},{"damage":0,"enemies":"3 Sentries","floor":13,"turns":5},{"damage":0,"enemies":"Large Slime","floor":14,"turns":4},{"damage":0,"enemies":"Slime Boss","floor":16,"turns":3},{"damage":0,"enemies":"Spheric Guardian","floor":18,"turns":2},{"damage":0,"enemies":"Chosen","floor":19,"turns":2},{"damage":0,"enemies":"Centurion and Healer","floor":20,"turns":2},{"damage":0,"enemies":"Snake Plant","floor":21,"turns":2},{"damage":0,"enemies":"Book of Stabbing","floor":23,"turns":2},{"damage":0,"enemies":"conspire:Head Lice","floor":25,"turns":2},{"damage":0,"enemies":"REME_1_Revenger","floor":29,"turns":1},{"damage":0,"enemies":"conspire:HollyBat","floor":30,"turns":3},{"damage":0,"enemies":"Snecko","floor":31,"turns":1},{"damage":0,"enemies":"Collector","floor":33,"turns":2},{"damage":0,"enemies":"3 Shapes","floor":35,"turns":2},{"damage":0,"enemies":"3 Darklings","floor":36,"turns":1},{"damage":0,"enemies":"Writhing Mass","floor":37,"turns":1},{"damage":0,"enemies":"4 Shapes","floor":38,"turns":1},{"damage":0,"enemies":"Mind Bloom Boss Battle","floor":39,"turns":1},{"damage":0,"enemies":"Giant Head","floor":41,"turns":1},{"damage":0,"enemies":"Transient","floor":44,"turns":4},{"damage":0,"enemies":"Nemesis","floor":48,"turns":1},{"damage":0,"enemies":"Time Eater","floor":50,"turns":2},{"damage":0,"enemies":"Shield and Spear","floor":54,"turns":1},{"damage":0,"enemies":"The Heart","floor":55,"turns":3}],"seed_played":"8908086218760437359","potions_obtained":[],"is_trial":false,"path_per_floor":["M","M","$","M","M","M","M","R","T","R","M","R","E","M","R","B",null,"M","M","M","M","?","E","R","E","T","R","$","E","M","M","R","B",null,"M","M","M","M","?","R","E","$","T","M","R","?","R","E","R","B",null,"R","$","E","B",null],"character_chosen":"FallenAngel","items_purchased":["aspiration:FrozenJewel","AT_RedTearstoneRing","Yohane:Grace_Under_Fire","MerchantsRug","Omamori","reliquary:Bookmark","Pen Nib","Fire Potion","DemoMod:OrangeGuonStone","qcfpunch:Red_Gi","Yohane:Little_Demon_Ruby","Hololive_LightStick","REME_CardOfGreed","Yohane:Impressive_Display","Swift Potion","reliquary:Spinner","Bag of Marbles","reliquary:FingerTrap","DemoMod:MeatBun","qcfpunch:Red_Beret","Blue Candle","Fire Potion","Calipers","Oddly Smooth Stone","Orrery","HornCleat","HandDrill","Swift Potion","Membership Card","War Paint","DemoMod:PartiallyEatenCheese","OrangePellets","Whetstone","DemoMod:MonsterBlood","Vajra","Sling","Letter Opener","reliquary:ExpiredCoupon"],"campfire_rested":0,"item_purchase_floors":[3,3,3,3,10,10,10,10,12,12,12,15,15,15,24,24,24,24,27,27,28,32,32,32,32,40,40,42,42,42,45,47,47,49,49,49,52,53],"current_hp_per_floor":[55,55,55,55,55,55,53,53,53,53,53,53,55,55,55,55,62,64,66,68,70,70,72,72,74,74,74,74,76,78,80,88,90,90,90,92,94,96,98,98,100,100,100,102,102,102,102,104,111,111,111,111,111,113,113],"gold":894206,"neow_bonus":"RANDOM_COMMON_RELIC","is_daily":false,"chose_seed":false,"campfire_upgraded":0,"win_rate":0.0,"timestamp":1613791729,"path_taken":["M","M","$","M","M","M","M","R","T","R","M","R","E","M","R","BOSS","M","M","M","M","?","E","R","E","T","R","$","E","M","M","R","BOSS","M","M","?","M","?","R","E","$","T","M","R","?","R","E","R","BOSS","R","$","E","BOSS"],"items_purchased_type":["Relic","Relic","Card","Relic","Relic","Relic","Relic","Potion","Relic","Relic","Card","Relic","Relic","Card","Potion","Relic","Relic","Relic","Relic","Relic","Relic","Potion","Relic","Relic","Relic","Relic","Relic","Potion","Relic","Relic","Relic","Relic","Relic","Relic","Relic","Relic","Relic","Relic"],"build_version":"2020-12-22","purchased_purges":12,"victory":true,"max_hp_per_floor":[60,60,60,60,60,60,60,60,60,60,60,60,62,62,62,62,62,64,66,68,70,70,72,72,74,74,74,74,76,78,80,88,90,90,90,92,94,96,98,98,100,100,100,102,102,102,102,104,111,111,111,111,111,113,113],"card_choices":[{"not_picked":["Yohane:Backfoot","Yohane:Gluttony"],"picked":"Yohane:Livestream_Donation","floor":1},{"not_picked":["Yohane:Miracle_Wave","Yohane:Sloth"],"picked":"Yohane:Mijuku_Dreamer","floor":2},{"not_picked":["Yohane:Little_Demon_Hanamaru","Yohane:Little_Demon_Recruit"],"picked":"Yohane:Impressive_Display","floor":4},{"not_picked":["Yohane:Hell_Zone","Yohane:Miracle_Wave","Yohane:Wrath"],"picked":"SKIP","floor":5},{"not_picked":["Yohane:Mijuku_Dreamer","Yohane:Livestream_Donation","Yohane:Inspiration"],"picked":"SKIP","floor":6},{"not_picked":["Yohane:Perfection","Yohane:Envious"],"picked":"Yohane:Little_Demon_Chika","floor":7},{"not_picked":["Yohane:Livestream_Donation","Yohane:Schwarz_Sechs","Yohane:Adept_Technology"],"picked":"SKIP","floor":11},{"not_picked":["Yohane:Misfortune","Yohane:Allure_of_Darkness","Yohane:Lust"],"picked":"Singing Bowl","floor":13},{"not_picked":["Yohane:Gluttony","Yohane:Energy_Change"],"picked":"Yohane:Impressive_Display","floor":14},{"not_picked":["Yohane:Stealth_Mode","Yohane:Go_All_Out"],"picked":"Yohane:Energetic_Performance","floor":16},{"not_picked":["Yohane:Little_Demon_Chika","Yohane:One_Two","Yohane:Sloth"],"picked":"Singing Bowl","floor":18},{"not_picked":["Yohane:Kowareyasuki","Yohane:Dark_Rest","Yohane:Little_Demon_Recruit"],"picked":"Singing Bowl","floor":19},{"not_picked":["Yohane:Excitement+1","Yohane:Livestream_Donation+1","Yohane:Miracle_Wave"],"picked":"Singing Bowl","floor":20},{"not_picked":["Yohane:Dark_Shield","Yohane:Miracle_Wave","Yohane:Soul_Peek+1"],"picked":"Singing Bowl","floor":21},{"not_picked":["Yohane:Livestream_Donation","Yohane:Backfoot","Yohane:Little_Demon_Recruit"],"picked":"Singing Bowl","floor":23},{"not_picked":["Yohane:Angel_Tears","Yohane:Impressive_Display","Yohane:Retaliation"],"picked":"Singing Bowl","floor":25},{"not_picked":["Yohane:Modore","Yohane:Retaliation","Yohane:Allure_of_Darkness"],"picked":"Singing Bowl","floor":29},{"not_picked":["Yohane:Little_Demon_Support","Yohane:Wrath","Yohane:Grand_Entrance"],"picked":"Singing Bowl","floor":30},{"not_picked":["Yohane:Grace_Under_Fire+1","Yohane:Gluttony","Yohane:Backfoot+1"],"picked":"Singing Bowl","floor":31},{"not_picked":["Yohane:Dark_Shield","Yohane:Culinary_Genius","Yohane:Imagine_Breaker"],"picked":"Singing Bowl","floor":32},{"not_picked":["Yohane:Lailapse+1","Yohane:One_Two","Yohane:Little_Demon_Ruby"],"picked":"Singing Bowl","floor":32},{"not_picked":["Yohane:Gluttony","Yohane:Ice_Cream_Assault","Yohane:City_Of_Sin"],"picked":"Singing Bowl","floor":32},{"not_picked":["Yohane:Inspiration","Yohane:Little_Demon_Ruby","Yohane:Little_Demon_Support"],"picked":"Singing Bowl","floor":32},{"not_picked":["Yohane:Curse_The_Heavens","Yohane:Yousoro","Yohane:Imagine_Breaker"],"picked":"Singing Bowl","floor":33},{"not_picked":["Yohane:Hakodate","Yohane:Inspiration"],"picked":"Yohane:Impressive_Display+1","floor":35},{"not_picked":["Yohane:Energy_Change","Yohane:Indulge","Yohane:Hakodate+1"],"picked":"Singing Bowl","floor":36},{"not_picked":["Yohane:Inspiration","Yohane:Wrath","Yohane:Kowareyasuki"],"picked":"Singing Bowl","floor":37},{"not_picked":["Yohane:Little_Demon_Ruby","Yohane:Gluttony+1","Yohane:Grand_Entrance+1"],"picked":"Singing Bowl","floor":38},{"not_picked":["Yohane:Gluttony","Yohane:Dark_Shield","Yohane:Inspiration+1"],"picked":"Singing Bowl","floor":39},{"not_picked":["Yohane:Angel_Tears","Yohane:Kowareyasuki","Yohane:Little_Demon_Ruby+1"],"picked":"Singing Bowl","floor":41},{"not_picked":["Yohane:Little_Demon_Ruby+1","Yohane:Envious","Yohane:Livestream_Donation+1"],"picked":"Singing Bowl","floor":44},{"not_picked":["Yohane:Stealth_Mode","Yohane:Hakodate+1","Yohane:Gluttony"],"picked":"Singing Bowl","floor":48},{"not_picked":["Yohane:Accelerator+1","Yohane:Wrath","Yohane:My_Mai_Tonight"],"picked":"Singing Bowl","floor":54}],"player_experience":380070,"relics_obtained":[{"floor":13,"key":"Singing Bowl"},{"floor":23,"key":"aspiration:Stabinomicon"},{"floor":29,"key":"reliquary:TatteredRug"},{"floor":39,"key":"AT_TheCollector"},{"floor":43,"key":"conspire:TopHat"},{"floor":48,"key":"qcfpunch:Army_Boots"},{"floor":54,"key":"Akabeko"}],"event_choices":[{"damage_healed":0,"gold_gain":0,"player_choice":"Bought 0 Potions","damage_taken":0,"max_hp_gain":0,"max_hp_loss":0,"event_name":"The Woman in Blue","floor":22,"gold_loss":0},{"damage_healed":0,"gold_gain":0,"player_choice":"Fight","damage_taken":0,"max_hp_gain":0,"max_hp_loss":0,"event_name":"MindBloom","floor":39,"gold_loss":0}],"is_beta":false,"boss_relics":[{"not_picked":["reliquary:Ember","reliquary:WritOfMandamus"],"picked":"Snecko Eye"},{"not_picked":["REME_ChargedStone","aspiration:FutureDiary"],"picked":"SoulBox"}],"items_purged_floors":[3,10,12,15,24,27,28,32,40,42,45,47],"is_endless":false,"potions_floor_spawned":[1,2,6,11,13,14,18,21,25,29,30,31,36,37,48],"ascension_level":0}}