{"host":"8is2j71l4wmybkoi","time":1613805731,"event":{"mods":["AchievementEnabler","BaseMod","Colored Map","DeckTracker","Minty Spire (QoL Compilation)","Rare Cards Sparkle","Relic Stats","StSLib","SuperFastMode"],"gold_per_floor":[113,123,123,123,147,147,191,191,214,214,239,239,239,280,280,280,280],"floor_reached":16,"language":"KOR","playtime":484,"items_purged":[],"score":189,"play_id":"3638ce76-320c-46c8-a49b-36d0e5dde46a","local_time":"20210220162211","is_ascension_mode":true,"campfire_choices":[{"floor":6.0,"key":"REST"},{"data":"Bullet Time","floor":8,"key":"SMITH"},{"floor":13,"key":"REST"},{"data":"Blade Dance","floor":15,"key":"SMITH"}],"circlet_count":0,"master_deck":["AscendersBane","Strike_G","Strike_G","Strike_G","Strike_G","Strike_G","Defend_G","Defend_G","Defend_G","Defend_G","Defend_G","Survivor","Neutralize","Bullet Time+1","Predator","Bouncing Flask","Accuracy","Quick Slash","Blade Dance+1","Venomology"],"relics":["Ring of the Snake","Golden Idol","Happy Flower","WingedGreaves","Akabeko","FaceOfCleric","Ancient Tea Set","PreservedInsect"],"acts_visited":["Exordium"],"potions_floor_usage":[11,16],"damage_taken":[{"damage":0.0,"enemies":"2 Louse","floor":1.0,"turns":3.0},{"damage":1.0,"enemies":"Jaw Worm","floor":2.0,"turns":3.0},{"damage":12.0,"enemies":"Small Slimes","floor":5.0,"turns":3.0},{"damage":16,"enemies":"Lagavulin","floor":7,"turns":7},{"damage":6,"enemies":"Exordium Thugs","floor":11,"turns":3},{"damage":22,"enemies":"3 Sentries","floor":14,"turns":7},{"damage":19,"enemies":"Hexaghost","floor":16,"turns":9}],"seed_played":"-3486131514273832595","potions_obtained":[{"floor":5.0,"key":"SmokeBomb"},{"floor":7,"key":"Fire Potion"}],"is_trial":false,"path_per_floor":["M","M","?","?","M","R","E","R","T","?","M","?","R","E","R","B"],"character_chosen":"THE_SILENT","items_purchased":[],"campfire_rested":2,"item_purchase_floors":[],"current_hp_per_floor":[59,58,35,30,18,37,21,21,21,21,16,16,36,15,15,0,0],"gold":280,"neow_bonus":"ONE_RANDOM_RARE_CARD","is_daily":false,"chose_seed":false,"campfire_upgraded":2,"win_rate":0.0,"timestamp":1613805731,"path_taken":["M","M","?","?","M","R","E","R","T","?","?","?","R","E","R","BOSS"],"items_purchased_type":[],"build_version":"2020-12-22","purchased_purges":0,"victory":false,"max_hp_per_floor":[66,66,66,66,66,66,66,66,66,66,67,67,67,68,68,68,68],"relic_stats":{"Happy Flower":[9],"FaceOfCleric":2,"counters":[7,35],"Golden Idol":27,"PreservedInsect":0,"obtain_stats":[{"Happy Flower":4,"FaceOfCleric":10,"Golden Idol":3,"WingedGreaves":7,"PreservedInsect":14,"Ancient Tea Set":12,"Akabeko":9,"Ring of the Snake":0},{"Happy Flower":2,"FaceOfCleric":4,"Golden Idol":2,"WingedGreaves":4,"PreservedInsect":6,"Ancient Tea Set":5,"Akabeko":4,"Ring of the Snake":0},{"Happy Flower":6,"FaceOfCleric":16,"Golden Idol":6,"WingedGreaves":16,"PreservedInsect":26,"Ancient Tea Set":19,"Akabeko":16,"Ring of the Snake":0}],"Ring of the Snake":[14]},"card_choices":[{"not_picked":["Cloak And Dagger","Crippling Poison"],"picked":"Predator","floor":1.0},{"not_picked":["Sucker Punch","Dagger Throw"],"picked":"Bouncing Flask","floor":2.0},{"not_picked":["Flechettes","Endless Agony"],"picked":"Accuracy","floor":5.0},{"not_picked":["Deadly Poison","Flying Knee"],"picked":"Quick Slash","floor":7},{"not_picked":["Quick Slash","Well Laid Plans"],"picked":"Blade Dance","floor":11},{"not_picked":["Prepared","Concentrate"],"picked":"Venomology","floor":14}],"player_experience":1261767,"relics_obtained":[{"floor":7,"key":"WingedGreaves"},{"floor":9,"key":"Akabeko"},{"floor":14,"key":"PreservedInsect"}],"event_choices":[{"damage_healed":0.0,"max_hp_gain":0.0,"max_hp_loss":0.0,"gold_gain":0.0,"event_name":"Golden Idol","player_choice":"Take Damage","floor":3.0,"gold_loss":0.0,"damage_taken":23.0,"relics_obtained":["Golden Idol"]},{"damage_healed":0.0,"max_hp_gain":0.0,"max_hp_loss":0.0,"gold_gain":0.0,"event_name":"Scrap Ooze","player_choice":"Success","floor":4.0,"gold_loss":0.0,"damage_taken":5.0,"relics_obtained":["Happy Flower"]},{"damage_healed":0,"gold_gain":0,"player_choice":"Trade","damage_taken":0,"relics_obtained":["FaceOfCleric"],"max_hp_gain":0,"max_hp_loss":0,"event_name":"FaceTrader","floor":10,"gold_loss":0},{"damage_healed":0,"gold_gain":0,"player_choice":"Gave Potion","damage_taken":0,"relics_obtained":["Ancient Tea Set"],"max_hp_gain":0,"max_hp_loss":0,"event_name":"WeMeetAgain","floor":12,"gold_loss":0}],"is_beta":false,"boss_relics":[],"items_purged_floors":[],"is_endless":false,"potions_floor_spawned":[5,7],"killed_by":"Hexaghost","ascension_level":15}}