{"host":"u1dfzl6o6mfmauc3","time":1613784071,"event":{"mods":["2.2 Compatiblity","AchievementEnabler","BaseMod","Bestiary","Block Reminder","Challenge The Spire","Colored Map","Dark Map","Hermit","Highlight Path","Minty Spire (QoL Compilation)","Random Character Button","Rare Cards Sparkle","Relic Stats","Robot Space Explorer","StSLib","The Disciple"],"gold_per_floor":[114,128,303,317,62,92,104,130,142,154,166,197,36,47,47,47,143,143,153,153,170,170,181,213,213,213,213,213,240,11,11,110,110,110,110],"floor_reached":34,"language":"ENG","playtime":1389,"items_purged":["Doubt","Grand Finale"],"score":335,"play_id":"2d6e8776-db00-4556-bbf4-1211fd583dcc","local_time":"20210219202111","is_ascension_mode":true,"campfire_choices":[{"data":"Skewer","floor":7,"key":"SMITH"},{"data":"Neutralize","floor":9,"key":"SMITH"},{"data":"Choke","floor":11,"key":"SMITH"},{"data":"Crippling Poison","floor":16,"key":"SMITH"},{"floor":25,"key":"REST"},{"floor":31,"key":"REST"},{"data":"Backflip","floor":33,"key":"SMITH"}],"circlet_count":0,"master_deck":["Strike_G","Strike_G","Defend_G","Defend_G","Defend_G","Defend_G","Defend_G","Survivor","Neutralize+1","Skewer+1","Choke+1","Cloak And Dagger","Backflip+1","Footwork+1","Crippling Poison+1","Night Terror+1","Finisher+1","Blur+1","PiercingWail"],"relics":["Ring of the Snake","Akabeko","MawBank","Strawberry","Astrolabe","Mummified Hand","Juzu Bracelet","Blood Vial","Membership Card","Lantern"],"acts_visited":["Exordium","TheCity"],"potions_floor_usage":[6,17,24,24,34,34],"damage_taken":[{"damage":0,"enemies":"2 Louse","floor":1,"turns":4},{"damage":4,"enemies":"Small Slimes","floor":2,"turns":3},{"damage":0,"enemies":"Cultist","floor":4,"turns":4},{"damage":22,"enemies":"3 Sentries","floor":6,"turns":8},{"damage":0,"enemies":"Exordium Wildlife","floor":8,"turns":2},{"damage":0,"enemies":"Large Slime","floor":12,"turns":3},{"damage":0,"enemies":"Red Slaver","floor":14,"turns":2},{"damage":18,"enemies":"Slime Boss","floor":17,"turns":13},{"damage":2,"enemies":"3 Byrds","floor":19,"turns":5},{"damage":2,"enemies":"Chosen","floor":21,"turns":5},{"damage":24,"enemies":"Snecko","floor":23,"turns":10},{"damage":34,"enemies":"Slavers","floor":24,"turns":7},{"damage":55,"enemies":"Collector","floor":34,"turns":37}],"seed_played":"4682353454402435525","potions_obtained":[{"floor":1,"key":"SteroidPotion"},{"floor":4,"key":"BlessingOfTheForge"},{"floor":12,"key":"Poison Potion"},{"floor":17,"key":"Swift Potion"},{"floor":21,"key":"AttackPotion"},{"floor":24,"key":"CunningPotion"}],"is_trial":false,"path_per_floor":["M","M","?","M","$","E","R","M","R","T","R","M","$","M","?","R","B",null,"M","?","M","?","M","E","R","?","T","?","T","$","R","?","R","B"],"character_chosen":"THE_SILENT","items_purchased":["Akabeko","Cloak And Dagger","Footwork","Membership Card","Lantern"],"campfire_rested":2,"item_purchase_floors":[5,5,13,30,30],"current_hp_per_floor":[70,66,66,66,66,44,44,44,44,51,51,51,51,51,51,51,33,66,64,64,62,62,38,4,27,27,27,27,27,27,50,50,50,0,0],"gold":110,"neow_bonus":"ONE_RANDOM_RARE_CARD","is_daily":false,"chose_seed":false,"campfire_upgraded":5,"win_rate":0.0,"timestamp":1613784071,"path_taken":["M","M","?","M","$","E","R","M","R","T","R","M","$","M","?","R","BOSS","M","?","?","?","M","E","R","?","T","?","?","$","R","?","R","BOSS"],"items_purchased_type":["Relic","Card","Card","Relic","Relic"],"build_version":"2020-12-22","purchased_purges":2,"victory":false,"max_hp_per_floor":[70,70,70,70,70,70,70,70,70,77,77,77,77,77,77,77,77,77,77,77,77,77,77,77,77,77,77,77,77,77,77,77,77,77,77],"relic_stats":{"Blood Vial":2,"counters":[13,103],"Mummified Hand":[4],"Astrolabe":["Bane","Finisher","Blur"],"Juzu Bracelet":2,"MawBank":84,"obtain_stats":[{"Blood Vial":29,"Lantern":30,"Mummified Hand":24,"Strawberry":10,"Astrolabe":18,"Juzu Bracelet":27,"Membership Card":30,"MawBank":6,"Akabeko":5,"Ring of the Snake":0},{"Blood Vial":12,"Lantern":12,"Mummified Hand":12,"Strawberry":5,"Astrolabe":8,"Juzu Bracelet":12,"Membership Card":12,"MawBank":4,"Akabeko":3,"Ring of the Snake":0},{"Blood Vial":66,"Lantern":66,"Mummified Hand":66,"Strawberry":21,"Astrolabe":39,"Juzu Bracelet":66,"Membership Card":66,"MawBank":19,"Akabeko":11,"Ring of the Snake":0}],"Ring of the Snake":[26]},"card_choices":[{"not_picked":["Deflect","Deadly Poison"],"picked":"Skewer","floor":1},{"not_picked":["Dodge and Roll","Prepared"],"picked":"Slice","floor":2},{"not_picked":["Underhanded Strike","Quick Slash"],"picked":"Choke","floor":4},{"not_picked":["Choke","Cloak And Dagger","Sucker Punch"],"picked":"SKIP","floor":6},{"not_picked":["Flying Knee","Deadly Poison"],"picked":"Backflip","floor":8},{"not_picked":["Venomology","Backflip","Acrobatics"],"picked":"SKIP","floor":12},{"not_picked":["Poisoned Stab","Prepared"],"picked":"Crippling Poison","floor":14},{"not_picked":["Venomology","Phantasmal Killer"],"picked":"Night Terror","floor":17},{"not_picked":["Sucker Punch+1","Prepared","Setup"],"picked":"SKIP","floor":19},{"not_picked":["Slice","Reflex+1"],"picked":"PiercingWail","floor":21},{"not_picked":["Deflect","Flying Knee","Underhanded Strike"],"picked":"SKIP","floor":23},{"not_picked":["Sucker Punch","Acrobatics","Storm of Steel"],"picked":"SKIP","floor":24}],"player_experience":261990,"relics_obtained":[{"floor":6,"key":"MawBank"},{"floor":10,"key":"Strawberry"},{"floor":24,"key":"Mummified Hand"},{"floor":27,"key":"Juzu Bracelet"},{"floor":29,"key":"Blood Vial"}],"event_choices":[{"damage_healed":0,"gold_gain":175,"player_choice":"AGREE","damage_taken":0,"max_hp_gain":0,"max_hp_loss":0,"event_name":"Liars Game","floor":3,"gold_loss":0,"cards_obtained":["Doubt"]},{"damage_healed":0,"gold_gain":0,"player_choice":"Grow","damage_taken":0,"max_hp_gain":0,"max_hp_loss":0,"event_name":"Living Wall","floor":15,"gold_loss":0,"cards_upgraded":["Footwork"]},{"cards_removed":["Bane"],"damage_healed":0,"gold_gain":0,"player_choice":"Purged","damage_taken":0,"max_hp_gain":0,"max_hp_loss":0,"event_name":"Purifier","floor":20,"gold_loss":0},{"cards_removed":["Strike_G"],"damage_healed":0,"gold_gain":0,"player_choice":"Elegance","damage_taken":0,"max_hp_gain":0,"max_hp_loss":0,"event_name":"Back to Basics","floor":22,"gold_loss":0},{"damage_healed":0,"gold_gain":0,"player_choice":"Upgraded","damage_taken":0,"max_hp_gain":0,"max_hp_loss":0,"event_name":"Upgrade Shrine","floor":26,"gold_loss":0,"cards_upgraded":["Night Terror"]},{"damage_healed":0,"gold_gain":0,"player_choice":"Ignored","damage_taken":0,"max_hp_gain":0,"max_hp_loss":0,"event_name":"Beggar","floor":28,"gold_loss":0},{"damage_healed":0,"gold_gain":99,"player_choice":"Stole From Cult","damage_taken":0,"max_hp_gain":0,"max_hp_loss":0,"event_name":"Nest","floor":32,"gold_loss":0}],"is_beta":false,"boss_relics":[{"not_picked":["Runic Dome","Black Star"],"picked":"Astrolabe"}],"items_purged_floors":[5,13],"is_endless":false,"potions_floor_spawned":[1,4,12,17,21,24],"killed_by":"Collector","ascension_level":5}}