{"host":"h0eytjmkj9z8sjet","time":1613835943,"event":{"mods":["BaseMod","BetterRewards","Colored Map","Colored Powertips","Downfall","Infinite Spire","Jorbs\u0027s Wanderer Trilogy","Marisa????????","Minty Spire (QoL Compilation)","Quick Restart","Remilia??????","Replay The Spire","Shop Mod","StSLib","The Animator","The Bug Knight","The Cursed","The Runesmith"],"gold_per_floor":[110,185,203,220,220,220,220],"floor_reached":6,"language":"ENG","playtime":562,"items_purged":[],"score":36,"play_id":"e8a6ad11-69b4-45e3-8b92-7f3d9bdaa32b","local_time":"20210220104543","is_ascension_mode":false,"campfire_choices":[],"circlet_count":0,"master_deck":["HollowMod:NailStrikeStart","HollowMod:NailStrikeStart","HollowMod:NailStrikeStart","HollowMod:NailStrikeStart","HollowMod:QuickDashStart","HollowMod:QuickDashStart","HollowMod:QuickDashStart","HollowMod:QuickDashStart","HollowMod:FocusHealStart","HollowMod:PogoStrike","HollowMod:SoulEater","HollowMod:ChannelNail","HollowMod:InfectedAttack","HollowMod:InfectedAttack","HollowMod:NewGlowingWomb"],"relics":["HollowMod:VesselMask","Ice Cream","Ancient Tea Set"],"acts_visited":["Exordium"],"potions_floor_usage":[6],"damage_taken":[{"damage":3,"enemies":"Small Slimes","floor":1,"turns":4},{"damage":2,"enemies":"2 Louse","floor":3,"turns":2},{"damage":1,"enemies":"Cultist","floor":4,"turns":3},{"damage":64,"enemies":"Gremlin Nob","floor":6,"turns":4}],"seed_played":"-3134481031062032177","potions_obtained":[{"floor":4,"key":"GamblersBrew"}],"is_trial":false,"path_per_floor":["M","?","M","M","?","E"],"character_chosen":"THE_BUGKNIGHT","items_purchased":["HollowMod:SoulEater"],"campfire_rested":0,"item_purchase_floors":[0],"current_hp_per_floor":[62,51,49,48,48,0,0],"gold":220,"neow_bonus":"","is_daily":false,"chose_seed":false,"campfire_upgraded":0,"win_rate":0.0,"timestamp":1613835943,"path_taken":["M","?","M","M","?","E"],"items_purchased_type":["Card"],"build_version":"2020-12-22","purchased_purges":0,"victory":false,"max_hp_per_floor":[75,75,75,75,75,75,75],"card_choices":[{"not_picked":["HollowMod:ShadowDash","HollowMod:NewLittleFool"],"picked":"HollowMod:InfectedAttack","floor":1},{"not_picked":["HollowMod:DashSlash","HollowMod:ChannelNail"],"picked":"HollowMod:InfectedAttack","floor":3},{"not_picked":["HollowMod:Hiveblood","HollowMod:TaintedHusks"],"picked":"HollowMod:NewGlowingWomb","floor":4}],"player_experience":244215,"relics_obtained":[],"event_choices":[{"damage_healed":0,"gold_gain":75,"player_choice":"Gather Gold","damage_taken":11,"max_hp_gain":0,"max_hp_loss":0,"event_name":"World of Goop","floor":2,"gold_loss":0}],"is_beta":false,"boss_relics":[],"items_purged_floors":[],"is_endless":false,"potions_floor_spawned":[4],"killed_by":"Gremlin Nob","ascension_level":0}}