{"host":"lwys0gbp6t40j7jh","time":1613838733,"event":{"mods":["Act Like it!","BaseMod","CapriCore","Friendly Minions","GifTheSpireLib","Minty Spire (QoL Compilation)","StSLib","SuperFastMode"],"gold_per_floor":[113,113,1,21,32,64,64,95,121,121,21,21,33,94,94,194,194,206,216,60,60,76,76,13,41,41,41,41],"floor_reached":27,"language":"ENG","playtime":531,"items_purged":["Writhe","Strike_P","Strike_P"],"score":275,"play_id":"f0b6531b-9991-4172-91c5-26bdf9b79fcf","local_time":"20210220173213","is_ascension_mode":true,"campfire_choices":[{"data":"Judgement","floor":7,"key":"SMITH"},{"data":"Eruption","floor":10,"key":"SMITH"},{"data":"FearNoEvil","floor":15,"key":"SMITH"},{"floor":23,"key":"REST"}],"circlet_count":0,"master_deck":["Strike_P+1","Defend_P","Defend_P","Defend_P","Defend_P","Eruption+1","Vigilance","Judgement+1","FearNoEvil+1","EmptyBody","FlurryOfBlows","TalkToTheHand+1","TalkToTheHand","FlurryOfBlows"],"relics":["PureWater","Omamori","MealTicket","Orichalcum","InkBottle","VioletLotus","Membership Card","Whetstone","Matryoshka"],"acts_visited":["Exordium","TheCity"],"potions_floor_usage":[6,18,25,25,27],"damage_taken":[{"damage":0,"enemies":"Jaw Worm","floor":1,"turns":3},{"damage":0,"enemies":"Small Slimes","floor":4,"turns":2},{"damage":0,"enemies":"2 Louse","floor":5,"turns":1},{"damage":4,"enemies":"3 Sentries","floor":6,"turns":8},{"damage":10,"enemies":"Lagavulin","floor":8,"turns":6},{"damage":0,"enemies":"Large Slime","floor":13,"turns":3},{"damage":0,"enemies":"Gremlin Nob","floor":14,"turns":2},{"damage":54,"enemies":"The Guardian","floor":16,"turns":18},{"damage":8,"enemies":"2 Thieves","floor":18,"turns":4},{"damage":38,"enemies":"Chosen","floor":19,"turns":10},{"damage":15,"enemies":"Snake Plant","floor":22,"turns":3},{"damage":27,"enemies":"Slavers","floor":25,"turns":6},{"damage":36,"enemies":"Snecko","floor":27,"turns":6}],"seed_played":"6637682573082583273","potions_obtained":[{"floor":1,"key":"Ancient Potion"},{"floor":13,"key":"Energy Potion"},{"floor":14,"key":"SneckoOil"},{"floor":16,"key":"Dexterity Potion"},{"floor":18,"key":"LiquidBronze"}],"is_trial":false,"path_per_floor":["M","?","$","M","M","E","R","E","T","R","$","?","M","?","R","B",null,"M","M","$","?","M","R","$","E","T","M"],"character_chosen":"WATCHER","items_purchased":["FearNoEvil","Membership Card"],"campfire_rested":1,"item_purchase_floors":[3,20],"current_hp_per_floor":[72,72,72,72,72,68,68,58,58,58,72,72,72,72,72,18,72,64,26,41,41,26,47,62,35,35,0,0],"gold":41,"neow_bonus":"THREE_RARE_CARDS","is_daily":false,"chose_seed":false,"campfire_upgraded":3,"win_rate":0.0,"timestamp":1613838733,"path_taken":["M","?","$","M","M","E","R","E","T","R","$","?","M","?","R","BOSS","M","M","$","?","M","R","$","E","T","M"],"items_purchased_type":["Card","Relic"],"build_version":"2020-12-22","purchased_purges":3,"victory":false,"max_hp_per_floor":[72,72,72,72,72,72,72,72,72,72,72,72,72,72,72,72,72,72,72,72,72,72,72,72,72,72,72,72],"card_choices":[{"not_picked":["Devotion","SpiritShield"],"picked":"Judgement","floor":0},{"not_picked":["PathToVictory","EmptyBody","JustLucky"],"picked":"SKIP","floor":1},{"not_picked":["JustLucky","CutThroughFate","ClearTheMind"],"picked":"SKIP","floor":4},{"not_picked":["Consecrate","EmptyMind"],"picked":"EmptyBody","floor":5},{"not_picked":["Prostrate","Blasphemy","TalkToTheHand"],"picked":"SKIP","floor":6},{"not_picked":["Pray","Indignation","WreathOfFlame"],"picked":"SKIP","floor":8},{"not_picked":["CutThroughFate","ClearTheMind","PathToVictory"],"picked":"SKIP","floor":13},{"not_picked":["WreathOfFlame","JustLucky+1"],"picked":"FlurryOfBlows","floor":18},{"not_picked":["Protect","LikeWater"],"picked":"TalkToTheHand","floor":19},{"not_picked":["CutThroughFate","PathToVictory+1"],"picked":"FlurryOfBlows","floor":22},{"not_picked":["Sanctity","Pray","ThirdEye"],"picked":"SKIP","floor":25}],"player_experience":1221476,"relics_obtained":[{"floor":6,"key":"Omamori"},{"floor":8,"key":"MealTicket"},{"floor":9,"key":"Orichalcum"},{"floor":14,"key":"InkBottle"},{"floor":25,"key":"Whetstone"},{"floor":26,"key":"Matryoshka"}],"event_choices":[{"cards_removed":["Strike_P"],"damage_healed":0,"gold_gain":0,"player_choice":"Forget","damage_taken":0,"max_hp_gain":0,"max_hp_loss":0,"event_name":"Living Wall","floor":2,"gold_loss":0},{"damage_healed":0,"gold_gain":0,"player_choice":"Ignored","damage_taken":0,"max_hp_gain":0,"max_hp_loss":0,"event_name":"Golden Idol","floor":12,"gold_loss":0},{"damage_healed":0,"gold_gain":0,"player_choice":"Searched \u00272\u0027 times","damage_taken":0,"max_hp_gain":0,"max_hp_loss":0,"event_name":"Dead Adventurer","floor":14,"gold_loss":0},{"damage_healed":0,"gold_gain":0,"player_choice":"Copied","damage_taken":0,"max_hp_gain":0,"max_hp_loss":0,"event_name":"Duplicator","floor":21,"gold_loss":0,"cards_obtained":["TalkToTheHand"]}],"is_beta":false,"boss_relics":[{"not_picked":["Snecko Eye","Pandora\u0027s Box"],"picked":"VioletLotus"}],"items_purged_floors":[3,11,24],"is_endless":false,"potions_floor_spawned":[1,13,14,16,18,22],"killed_by":"Snecko","ascension_level":3}}