{"host":"40e4adzyl212zebh","time":1613863041,"event":{"mods":["BaseMod","Colored Map","Colored Powertips","Downfall","Minty Spire (QoL Compilation)","Quick Restart","Random Character Button","Relic Stats","StSLib"],"gold_per_floor":[99,99,99,99,99,99,99,99,113,127,127,127,127],"floor_reached":11,"language":"ENG","playtime":735,"items_purged":[],"score":59,"play_id":"3cd146a5-18d4-422a-8204-00634b62393e","local_time":"20210221081721","is_ascension_mode":false,"campfire_choices":[{"floor":1.0,"key":"RECALL"},{"floor":8,"key":"DIG"}],"circlet_count":0,"master_deck":["champ:Strike","champ:Strike","champ:Strike","champ:Strike","champ:Defend","champ:Defend","champ:Defend","champ:Defend","champ:Execute","champ:Taunt","champ:EnragedBash","champ:IronFortress","champ:FocusedDefense","champ:ShieldWall","champ:FlashCut"],"relics":["champ:ChampionCrown","downfall:HeartsMalice","downfall:ShatteredFragment","Shovel","Strawberry"],"acts_visited":["Exordium"],"potions_floor_usage":[11],"damage_taken":[{"damage":0.0,"enemies":"Cultist","floor":2.0,"turns":1.0},{"damage":0.0,"enemies":"2 Louse","floor":3.0,"turns":1.0},{"damage":0,"enemies":"Jaw Worm","floor":6,"turns":1},{"damage":15,"enemies":"downfall:LooterAlt","floor":9,"turns":3},{"damage":42,"enemies":"Exordium Thugs","floor":10,"turns":5},{"damage":46,"enemies":"3 Sentries","floor":11,"turns":6}],"seed_played":"3588219202084156094","potions_obtained":[{"floor":10,"key":"Strength Potion"}],"is_trial":false,"path_per_floor":["R","M","M","?","?","M","T","R","M","M","E"],"character_chosen":"THE_CHAMP","items_purchased":[],"campfire_rested":0,"item_purchase_floors":[],"current_hp_per_floor":[90,90,90,63,48,48,48,55,55,33,0,0,0],"gold":127,"neow_bonus":"THREE_ENEMY_KILL","is_daily":false,"chose_seed":false,"campfire_upgraded":0,"win_rate":0.0,"timestamp":1613863041,"path_taken":["R","M","M","?","?","M","T","R","?","M","E"],"items_purchased_type":[],"build_version":"2020-12-22","purchased_purges":0,"victory":false,"max_hp_per_floor":[90,90,90,90,90,90,90,97,97,97,97,97,97],"relic_stats":{"Shovel":1,"counters":[6,14],"obtain_stats":[{"downfall:ShatteredFragment":4,"Shovel":7,"Strawberry":8,"champ:ChampionCrown":0,"downfall:HeartsMalice":0},{"downfall:ShatteredFragment":2,"Shovel":3,"Strawberry":3,"champ:ChampionCrown":0,"downfall:HeartsMalice":0},{"downfall:ShatteredFragment":0,"Shovel":0,"Strawberry":0,"champ:ChampionCrown":0,"downfall:HeartsMalice":0}]},"card_choices":[{"not_picked":["champ:DefensiveShout","champ:Shatter"],"picked":"champ:EnragedBash","floor":2.0},{"not_picked":["champ:EndlessRage","champ:Shatter"],"picked":"champ:IronFortress","floor":3},{"not_picked":["champ:CrownThrow","champ:Backstep"],"picked":"champ:FocusedDefense","floor":6},{"not_picked":["champ:StanceDance","champ:FocusedDefense"],"picked":"champ:ShieldWall","floor":9},{"not_picked":["champ:Shatter","champ:AdrenalArmor"],"picked":"champ:FlashCut","floor":10}],"player_experience":647984,"relics_obtained":[{"floor":7,"key":"Shovel"},{"floor":8,"key":"Strawberry"}],"event_choices":[],"is_beta":false,"boss_relics":[],"items_purged_floors":[],"is_endless":false,"potions_floor_spawned":[10],"killed_by":"3 Sentries","ascension_level":0}}