{"host":"5qewjvycy34u7aeo","time":1613835395,"event":{"mods":["BaseMod","Downfall","GifTheSpireLib","Hubris","Infinite Spire","Minty Spire (QoL Compilation)","Permanent Neow","Replay The Spire","StSLib","Wandering Minibosses"],"gold_per_floor":[99,109,122,297,297,297,297,297,297,128,128,13,13,39,59,163,163,63,73,97,182,182,209,209,228,238,238,256,269,169,199,209,313,313,213,227,239,239,254,270,347,347,380,380,680,694,714,574,593,593,593,624,141,141,141,141],"floor_reached":57,"language":"ENG","playtime":5271,"items_purged":["Guardian:Strike_Guardian","Doubt","Guardian:Defend_Guardian","Guardian:Defend_Guardian"],"score":1552,"play_id":"dce9c677-c56b-4ba1-90bd-4e480570a853","local_time":"20210220093635","is_ascension_mode":true,"campfire_choices":[{"data":"Guardian:TwinSlam","floor":1.0,"key":"SMITH"},{"data":"Guardian:PrismaticBarrier","floor":13.0,"key":"SMITH"},{"data":"infinitespire:Gouge","floor":18.0,"key":"SMITH"},{"floor":30.0,"key":"RECALL"},{"floor":35.0,"key":"DIG"},{"data":"Guardian:SentryBeam","floor":42.0,"key":"SMITH"},{"data":"Guardian:PiercingHide","floor":44.0,"key":"SMITH"},{"data":"Guardian:ExploitGems","floor":54.0,"key":"SMITH"}],"circlet_count":0,"master_deck":["Guardian:Defend_Guardian+1","Guardian:Defend_Guardian+1","Guardian:CurlUp","Guardian:TwinSlam+1","Guardian:PrismaticBarrier+1","infinitespire:Gouge+1","Guardian:SentryBeam+1","Guardian:BronzeArmor","Guardian:CrystalBeam","Guardian:PrismaticBarrier+1","Guardian:ExploitGems+1","CurseOfTheBell","Guardian:PiercingHide+1","Guardian:BodySlam+1","Guardian:GemFinder","Guardian:Gem_Green","Guardian:Gem_Green","Guardian:PrimingBeam","Guardian:Gem_Red","Guardian:VentSteam+1"],"relics":["Guardian:ModeShifter","Dream Catcher","hubris:Towel","infinitespire:Satchel","Empty Cage","downfall:HeartBlessingGreen","Replay:Rubber Ducky","FaceOfCleric","Nunchaku","Lizard Tail","downfall:HeartBlessingBlue","Counterbalance","Calling Bell","Replay:Wax Seal","Eternal Feather","hubris:BundleOfHerbs","downfall:HeartBlessingRed","hubris:Reverence","downfall:TeleportStone","wanderingMiniBosses:AbyssPearl","hubris:TinFlute","Pen Nib","Bronze Scales","War Paint","Bag of Preparation"],"acts_visited":["Exordium","TheCity","TheBeyond","TheEnding"],"potions_floor_usage":[56],"damage_taken":[{"damage":0.0,"enemies":"Small Slimes","floor":2.0,"turns":4.0},{"damage":8.0,"enemies":"Jaw Worm","floor":3.0,"turns":6.0},{"damage":0.0,"enemies":"downfall:FleeingMerchant","floor":10.0,"turns":6.0},{"damage":0.0,"enemies":"Cultist","floor":11.0,"turns":1.0},{"damage":0.0,"enemies":"downfall:FleeingMerchant","floor":12.0,"turns":4.0},{"damage":5.0,"enemies":"Replay:BlueRogue","floor":14.0,"turns":6.0},{"damage":0.0,"enemies":"2 Fungi Beasts","floor":15.0,"turns":3.0},{"damage":0.0,"enemies":"SI_SHIV_ARCHETYPE","floor":16.0,"turns":7.0},{"damage":8.0,"enemies":"Chosen","floor":19.0,"turns":6.0},{"damage":41.0,"enemies":"Gremlin Leader","floor":23.0,"turns":12.0},{"damage":4.0,"enemies":"3 Byrds","floor":25.0,"turns":8.0},{"damage":12.0,"enemies":"Centurion and Healer","floor":26.0,"turns":13.0},{"damage":17.0,"enemies":"Cultist and Chosen","floor":28.0,"turns":6.0},{"damage":0.0,"enemies":"Shelled Parasite and Fungi","floor":29.0,"turns":5.0},{"damage":14.0,"enemies":"Book of Stabbing","floor":31.0,"turns":6.0},{"damage":1.0,"enemies":"Sentry and Sphere","floor":32.0,"turns":5.0},{"damage":7.0,"enemies":"WA_ARCHETYPE_CALM","floor":33.0,"turns":9.0},{"damage":2.0,"enemies":"Orb Walker","floor":36.0,"turns":3.0},{"damage":0.0,"enemies":"3 Shapes","floor":37.0,"turns":7.0},{"damage":5.0,"enemies":"Jaw Worm Horde","floor":39.0,"turns":6.0},{"damage":5.0,"enemies":"4 Shapes","floor":40.0,"turns":5.0},{"damage":0.0,"enemies":"Nightmare","floor":43.0,"turns":10.0},{"damage":20.0,"enemies":"Maw","floor":46.0,"turns":7.0},{"damage":4.0,"enemies":"Sphere and 2 Shapes","floor":47.0,"turns":4.0},{"damage":0.0,"enemies":"downfall:FleeingMerchant","floor":48.0,"turns":4.0},{"damage":6.0,"enemies":"Spire Growth","floor":49.0,"turns":3.0},{"damage":0.0,"enemies":"IC_BLOCK_ARCHETYPE","floor":50.0,"turns":9.0},{"damage":37.0,"enemies":"downfall:CharBossMerchant","floor":52.0,"turns":6.0},{"damage":32,"enemies":"downfall:NeowBoss","floor":55,"turns":31},{"damage":61,"enemies":"downfall:NeowBossFinal","floor":56,"turns":15}],"seed_played":"-4060503503776487904","potions_obtained":[{"floor":2.0,"key":"CultistPotion"},{"floor":14.0,"key":"Elixir"},{"floor":29.0,"key":"SpeedPotion"},{"floor":39.0,"key":"Regen Potion"},{"floor":40.0,"key":"BlessingOfTheForge"},{"floor":46.0,"key":"Strength Potion"}],"is_trial":false,"path_per_floor":["R","M","M","?","?","?","T","?","?","$","M","$","R","E","M","B",null,"R","M","T","?","?","E","T","M","M","?","M","M","R","E","M","B",null,"R","M","M","?","M","M","T","R","NM","R","?","M","M","$","M","B",null,"E","$","R","B","B",null],"character_chosen":"GUARDIAN","items_purchased":["Guardian:Gem_Purple","Guardian:Gem_Cyan","War Paint","Bag of Preparation"],"campfire_rested":0,"item_purchase_floors":[10,53,53,53],"current_hp_per_floor":[80,80,72,72,72,53,53,53,53,53,53,53,53,48,48,48,80,80,72,72,56,56,16,16,13,2,2,27,28,38,25,25,19,98,98,97,98,98,94,90,90,99,100,103,103,84,81,82,77,78,108,72,72,84,53,104],"gold":141,"neow_bonus":"RANDOM_COMMON_RELIC","is_daily":false,"chose_seed":false,"campfire_upgraded":6,"win_rate":0.0,"timestamp":1613835395,"path_taken":["R","M","M","?","?","?","T","?","?","$","?","$","R","E","M","BOSS","R","M","?","?","?","E","T","?","M","?","M","M","R","E","M","BOSS","R","M","?","?","?","M","T","R","NM","R","?","?","M","$","M","BOSS","E","$","R","BOSS","BOSS"],"items_purchased_type":["Card","Card","Relic","Relic"],"build_version":"2020-12-22","purchased_purges":4,"victory":true,"max_hp_per_floor":[80,80,80,80,80,80,80,80,80,80,80,80,80,80,80,80,80,80,80,80,80,80,81,81,82,83,83,84,85,95,96,97,98,98,98,99,100,100,101,102,102,102,103,103,103,104,105,106,107,108,108,109,109,109,110,111],"card_choices":[{"not_picked":["Guardian:RollAttack","Guardian:PrismaticBarrier"],"picked":"Guardian:Gem_Fragmented","floor":2.0},{"not_picked":["Guardian:BodySlam","Guardian:Orbwalk"],"picked":"Guardian:PrismaticBarrier","floor":3.0},{"not_picked":["ReplayTheSpireMod:Haul","ReplayTheSpireMod:Echoes of Time"],"picked":"infinitespire:Gouge","floor":6.0},{"not_picked":["Guardian:MultiBeam","Guardian:TemporalStrike"],"picked":"Guardian:Gem_Lightblue","floor":10.0},{"not_picked":["Guardian:Emergency","Guardian:Incinerate"],"picked":"Guardian:Gem_White","floor":11.0},{"not_picked":["Guardian:ShieldCharger","Guardian:Recover","Guardian:PrismaticBarrier"],"picked":"SKIP","floor":12.0},{"not_picked":["Guardian:Recover","Guardian:ShieldCharger"],"picked":"Guardian:SentryBeam","floor":14.0},{"not_picked":["Guardian:PrismaticBarrier","Guardian:ChargeCore"],"picked":"Guardian:BronzeArmor","floor":15.0},{"not_picked":["Guardian:PiercingHide","Guardian:TemporalShield+1"],"picked":"Guardian:Gem_Red","floor":19.0},{"not_picked":["Guardian:TimeCapacitor+1","Guardian:AncientConstruct"],"picked":"Guardian:Gem_Lightblue","floor":23.0},{"not_picked":["Guardian:WalkerClaw","Guardian:TemporalStrike","Guardian:SentryBeam"],"picked":"SKIP","floor":25.0},{"not_picked":["Guardian:Gem_Lightblue","Guardian:Gem_Red"],"picked":"Guardian:CrystalBeam","floor":26.0},{"not_picked":["Guardian:Incinerate","Guardian:RollAttack+1","Guardian:WalkerClaw"],"picked":"SKIP","floor":28.0},{"not_picked":["Guardian:Reroute","Guardian:DecasProtection"],"picked":"Guardian:Gem_Red","floor":29.0},{"not_picked":["Guardian:Repulse","Guardian:Reroute"],"picked":"Guardian:PrismaticBarrier+1","floor":31.0},{"not_picked":["Guardian:Gem_Purple","Guardian:FloatingOrbs"],"picked":"Guardian:Gem_Cyan","floor":32.0},{"not_picked":["Guardian:Gem_Orange","Guardian:GatlingBeam"],"picked":"Guardian:ExploitGems","floor":33.0},{"not_picked":["Guardian:ChargeCore+1","Guardian:BodySlam"],"picked":"Guardian:Gem_White","floor":36.0},{"not_picked":["Guardian:HyperBeam_Guardian","Guardian:Preprogram+1"],"picked":"Guardian:Gem_Lightblue","floor":37.0},{"not_picked":["Guardian:Gem_Lightblue","Guardian:Gem_Red"],"picked":"Guardian:Gem_Green","floor":39.0},{"not_picked":["Guardian:Emergency+1","Guardian:RollAttack"],"picked":"Guardian:PiercingHide","floor":40.0},{"not_picked":["Guardian:Gem_Yellow","Guardian:Repulse+1"],"picked":"Guardian:Gem_Red","floor":43.0},{"not_picked":["Guardian:Gem_Green","Guardian:VentSteam"],"picked":"Guardian:BodySlam+1","floor":46.0},{"not_picked":["Guardian:Gem_Green","Guardian:PolyBeam"],"picked":"Guardian:GemFinder","floor":47.0},{"not_picked":["Guardian:Gem_Lightblue","Guardian:Gem_Red"],"picked":"Guardian:Gem_Green","floor":48.0},{"not_picked":["Guardian:VentSteam+1","Guardian:Orbwalk"],"picked":"Guardian:Gem_Green","floor":48.0},{"not_picked":["Guardian:Gem_Red","Guardian:Gem_Lightblue"],"picked":"Guardian:Gem_Green","floor":49.0},{"not_picked":["Guardian:Recover","Guardian:SpikerProtocol"],"picked":"Guardian:PrimingBeam","floor":49.0},{"not_picked":["Guardian:Gem_Lightblue","Guardian:Gem_Green"],"picked":"Guardian:Gem_Red","floor":52.0},{"not_picked":["Guardian:SpikerProtocol","Guardian:Incinerate+1"],"picked":"Guardian:VentSteam+1","floor":52.0}],"player_experience":482758,"relics_obtained":[{"floor":14.0,"key":"infinitespire:Satchel"},{"floor":20.0,"key":"Replay:Rubber Ducky"},{"floor":23.0,"key":"Nunchaku"},{"floor":24.0,"key":"Lizard Tail"},{"floor":31.0,"key":"Counterbalance"},{"floor":34.0,"key":"Replay:Wax Seal"},{"floor":34.0,"key":"Eternal Feather"},{"floor":34.0,"key":"hubris:BundleOfHerbs"},{"floor":35.0,"key":"hubris:Reverence"},{"floor":40.0,"key":"wanderingMiniBosses:AbyssPearl"},{"floor":41.0,"key":"hubris:TinFlute"},{"floor":43.0,"key":"Pen Nib"},{"floor":52.0,"key":"Bronze Scales"}],"event_choices":[{"damage_healed":0.0,"max_hp_gain":0.0,"max_hp_loss":0.0,"gold_gain":0.0,"event_name":"FaceTrader","player_choice":"Trade","floor":22.0,"gold_loss":0.0,"damage_taken":0.0,"relics_obtained":["FaceOfCleric"]},{"damage_healed":0.0,"max_hp_gain":0.0,"max_hp_loss":0.0,"gold_gain":300.0,"event_name":"Wheel of Change","player_choice":"Gold","floor":45.0,"gold_loss":0.0,"damage_taken":0.0}],"is_beta":false,"boss_relics":[{"not_picked":["Replay:Bronze Core","hubris:HollowSoul"],"picked":"Empty Cage"},{"not_picked":["ChewingGum","hubris:GrandSneckoEye"],"picked":"Calling Bell"}],"items_purged_floors":[10,12,48,53],"is_endless":false,"potions_floor_spawned":[2,14,29,31,32,39,40,46,47,49],"ascension_level":2}}