{"host":"7xbu8gt067z192g2","time":1613790179,"event":{"mods":["BaseMod","Better Note","Colored Map","Colored Powertips","Downfall","Googly Eyes","Highlight Path","Minty Spire (QoL Compilation)","Rare Cards Sparkle","Replay The Spire","StSLib"],"gold_per_floor":[99,111,121,36,50,65,65,65,50,65,77,77,77,93,104,199,199,199,213,233,333,347,372,372,382,382,382,382,382],"floor_reached":27,"language":"ENG","playtime":5990,"items_purged":[],"score":229,"play_id":"88716121-dafb-4de9-925d-4d9f9f9274f5","local_time":"20210219220259","is_ascension_mode":false,"campfire_choices":[{"data":"Guardian:PrismaticBarrier","floor":8.0,"key":"SMITH"},{"floor":13.0,"key":"REST"}],"circlet_count":0,"master_deck":["Guardian:Strike_Guardian","Guardian:Strike_Guardian","Guardian:Strike_Guardian","Guardian:Defend_Guardian","Guardian:Defend_Guardian","Guardian:Defend_Guardian","Guardian:TwinSlam","Guardian:GuardianWhirl","Guardian:PiercingHide","Guardian:SpikerProtocol","Guardian:PrismaticBarrier+1","Guardian:ArmoredProtocol","Guardian:RevengeProtocol","Replay:GuardianBash","Spot Weakness","Guardian:Gem_Purple","Guardian:Gem_Lightblue","Guardian:DecasProtection","Guardian:FloatingOrbs","Guardian:Reroute","Guardian:SpikerProtocol","Guardian:BronzeArmor","Guardian:MultiBeam"],"relics":["Nunchaku","m_GuardianBlood","Runic Pyramid","Toy Ornithopter","Chameleon Ring","Golden Egg"],"acts_visited":["Exordium","TheCity"],"potions_floor_usage":[20,27],"damage_taken":[{"damage":6.0,"enemies":"Cultist","floor":2.0,"turns":5.0},{"damage":6.0,"enemies":"Jaw Worm","floor":3.0,"turns":5.0},{"damage":10.0,"enemies":"downfall:FleeingMerchant","floor":4.0,"turns":4.0},{"damage":11.0,"enemies":"Small Slimes","floor":5.0,"turns":6.0},{"damage":6.0,"enemies":"Blue Slaver","floor":6.0,"turns":6.0},{"damage":0.0,"enemies":"downfall:FleeingMerchant","floor":9.0,"turns":4.0},{"damage":3.0,"enemies":"3 Louse","floor":10.0,"turns":4.0},{"damage":10.0,"enemies":"Lots of Slimes","floor":11.0,"turns":2.0},{"damage":1.0,"enemies":"Red Slaver","floor":14.0,"turns":4.0},{"damage":6.0,"enemies":"Large Slime","floor":15.0,"turns":9.0},{"damage":62.0,"enemies":"DF_ARCHETYPE_STREAMLINE","floor":16.0,"turns":12.0},{"damage":8,"enemies":"downfall:LooterAlt2","floor":19,"turns":4},{"damage":12,"enemies":"3 Byrds","floor":20,"turns":3},{"damage":31,"enemies":"downfall:LadyInBlue","floor":21,"turns":12},{"damage":25,"enemies":"Shelled Parasite and Fungi","floor":22,"turns":5},{"damage":27,"enemies":"Slavers","floor":23,"turns":5},{"damage":12,"enemies":"3 Cultists","floor":25,"turns":5},{"damage":22,"enemies":"Sentry and Sphere","floor":27,"turns":5}],"seed_played":"-7166483957844546414","potions_obtained":[{"floor":1.0,"key":"SmokeBomb"},{"floor":1.0,"key":"Venom Potion"},{"floor":3.0,"key":"Elixir"},{"floor":6.0,"key":"BlessingOfTheForge"},{"floor":14.0,"key":"Elixir"},{"floor":19,"key":"PowerPotion"},{"floor":20,"key":"Guardian:DefensiveModePotion"},{"floor":21,"key":"Dexterity Potion"}],"is_trial":false,"path_per_floor":["R_BF","M","M","$","M","M","T","R","$","M","M","?","R","M","M","B",null,"R_BF","M","M","?","M","E","T","M","?","M"],"character_chosen":"GUARDIAN","items_purchased":["Guardian:Gem_Blue"],"campfire_rested":1,"item_purchase_floors":[4],"current_hp_per_floor":[88,82,76,66,55,49,49,49,49,46,36,36,62,67,67,11,88,88,86,80,55,36,15,15,9,9,0,0,0],"gold":382,"neow_bonus":"TEN_PERCENT_HP_BONUS","is_daily":false,"chose_seed":false,"campfire_upgraded":1,"win_rate":0.0,"timestamp":1613790179,"path_taken":["R_BF","M","M","?","M","M","T","R","$","M","?","?","R","M","M","BOSS","R_BF","M","M","?","?","E","T","M","?","?"],"items_purchased_type":["Card"],"build_version":"2020-12-22","purchased_purges":0,"victory":false,"max_hp_per_floor":[88,88,88,88,88,88,88,88,88,88,88,88,88,88,88,88,88,88,88,88,88,88,88,88,88,88,88,88,88],"card_choices":[{"not_picked":["Guardian:Gem_Lightblue","Guardian:ChargeCore"],"picked":"Guardian:Gem_Cyan","floor":2.0},{"not_picked":["Guardian:DonusPower","Guardian:RollAttack"],"picked":"Guardian:GuardianWhirl","floor":3.0},{"not_picked":["Guardian:Gem_Purple","Guardian:PrimingBeam"],"picked":"Guardian:PiercingHide","floor":4.0},{"not_picked":["Guardian:Clone","Guardian:CrystalBeam"],"picked":"Guardian:SpikerProtocol","floor":5.0},{"not_picked":["Guardian:Gem_Red","Guardian:Planning"],"picked":"Guardian:PrismaticBarrier","floor":6.0},{"not_picked":["Guardian:TemporalShield","Guardian:Incinerate"],"picked":"Guardian:ArmoredProtocol","floor":9.0},{"not_picked":["Guardian:Gem_Red","Guardian:Recover"],"picked":"Guardian:RevengeProtocol","floor":10.0},{"not_picked":["Guardian:VentSteam","Guardian:PrimingBeam","Guardian:Clone"],"picked":"SKIP","floor":11.0},{"not_picked":["Guardian:VentSteam","Guardian:PiercingHide"],"picked":"Spot Weakness","floor":14.0},{"not_picked":["Guardian:Suspension","Guardian:Gem_Purple","Guardian:PiercingHide"],"picked":"SKIP","floor":15.0},{"not_picked":["Guardian:FastForward","Guardian:TimeSifter"],"picked":"Guardian:Gem_Synthetic","floor":16.0},{"not_picked":["Guardian:TimeCapacitor","Guardian:VentSteam"],"picked":"Guardian:Gem_Lightblue","floor":19},{"not_picked":["Guardian:PiercingHide","Guardian:Clone+1"],"picked":"Guardian:DecasProtection","floor":20},{"not_picked":["Guardian:Planning","Guardian:Gem_Green"],"picked":"Guardian:FloatingOrbs","floor":21},{"not_picked":["Guardian:BodySlam","Guardian:ShieldCharger+1"],"picked":"Guardian:Reroute","floor":22},{"not_picked":["Guardian:ConstructionForm","Guardian:PrismaticBarrier+1"],"picked":"Guardian:SpikerProtocol","floor":23},{"not_picked":["Guardian:Preprogram","Guardian:Gem_Lightblue"],"picked":"Guardian:BronzeArmor","floor":25}],"player_experience":212513,"relics_obtained":[{"floor":7.0,"key":"Nunchaku"},{"floor":21,"key":"Toy Ornithopter"},{"floor":23,"key":"Chameleon Ring"},{"floor":24,"key":"Golden Egg"}],"event_choices":[],"is_beta":false,"boss_relics":[{"not_picked":["Velvet Choker","Coffee Dripper"],"picked":"Runic Pyramid"}],"items_purged_floors":[],"is_endless":false,"potions_floor_spawned":[3,6,10,14,15,19,20,22],"killed_by":"Sentry and Sphere","ascension_level":0}}