{"host":"x730sfaw5rd1mxd8","time":1613854334,"event":{"mods":["BaseMod","BetterRewards","Colored Powertips","Downfall","Highlight Path","Minty Spire (QoL Compilation)","Relic Sorter","Relic Stats","Replay The Spire","StSLib"],"gold_per_floor":[99,115,128,147,163,190,190,222,122,142,142,177,77,77,95,192,192,192,192,5,17,117,143,143,143,160,186,86,98,98,132,151,248,248,248,258,258,258,272,299,299,317,365,383,383,401,411,436,448,448,448,483,24,24,24,24],"floor_reached":57,"language":"ENG","playtime":4553,"items_purged":["Guardian:Strike_Guardian"],"score":1424,"play_id":"cc5d01e9-26c5-4df9-a37b-d0d4f594fd8e","local_time":"20210220155214","is_ascension_mode":true,"campfire_choices":[{"data":"Guardian:TwinSlam","floor":1,"key":"SMITH"},{"data":"Guardian:FierceBash","floor":9,"key":"SMITH"},{"data":"Guardian:Repulse","floor":13,"key":"SMITH"},{"data":"Guardian:PrismaticBarrier","floor":18,"key":"SMITH"},{"floor":25,"key":"RECALL"},{"data":"Guardian:Incinerate","floor":28,"key":"SMITH"},{"data":"Guardian:TimeSifter","floor":30,"key":"SMITH"},{"data":"Guardian:ConstructionForm","floor":35,"key":"SMITH"},{"floor":45,"key":"REST"},{"data":"Guardian:AncientConstruct","floor":54,"key":"SMITH"}],"circlet_count":0,"master_deck":["Guardian:Strike_Guardian","Guardian:Defend_Guardian","Guardian:Defend_Guardian","Guardian:Defend_Guardian","Guardian:Defend_Guardian","Guardian:CurlUp","Guardian:TwinSlam+1","Guardian:Incinerate+1","Guardian:Reroute","Guardian:PrismaticBarrier+1","Guardian:FierceBash+1","Guardian:ShieldCharger+1","Guardian:Repulse+1","Guardian:Incinerate","Guardian:TemporalShield+1","Guardian:PiercingHide+1","Guardian:StasisField+1","Guardian:Incinerate+1","Guardian:GemFire","Apotheosis+1","Guardian:Orbwalk+1","J.A.X.+1","Guardian:SphericShield+1","Guardian:TimeSifter+1","Guardian:Clone+1","Guardian:ConstructionForm+1","Guardian:BodySlam+1","downfall:Aged","expansioncontent:AwakenDeath","Guardian:ShieldSpikes+1","Guardian:AncientConstruct+1","Guardian:Preprogram+1","Guardian:FloatingOrbs+1"],"relics":["Honey Jar","Toxic Egg 2","TungstenRod","downfall:HeartBlessingBlue","Regal Pillow","downfall:HeartBlessingGreen","Guardian:PickAxe","Runic Pyramid","MutagenicStrength","Replay:Baseball","Toy Ornithopter","Oddly Smooth Stone","downfall:HeartBlessingRed","Replay:Towering Pillar of Hats","Philosopher\u0027s Stone","Guardian:StasisEgg","ReplayFunnel","Pen Nib","Bottled Flame","Shuriken","Kunai","Lee\u0027s Waffle"],"acts_visited":["Exordium","TheCity","TheBeyond","TheEnding"],"potions_floor_usage":[12,12,12,23,47,56,56,56],"damage_taken":[{"damage":0,"enemies":"Cultist","floor":2,"turns":2},{"damage":0,"enemies":"2 Louse","floor":3,"turns":2},{"damage":1,"enemies":"Jaw Worm","floor":4,"turns":2},{"damage":1,"enemies":"2 Fungi Beasts","floor":5,"turns":3},{"damage":9,"enemies":"Gremlin Nob","floor":6,"turns":4},{"damage":4,"enemies":"Replay:BlueRogue","floor":8,"turns":4},{"damage":0,"enemies":"3 Louse","floor":10,"turns":3},{"damage":0,"enemies":"3 Sentries","floor":12,"turns":4},{"damage":0,"enemies":"3 Sentries","floor":14,"turns":3},{"damage":0,"enemies":"Large Slime","floor":15,"turns":4},{"damage":3,"enemies":"SI_SHIV_ARCHETYPE","floor":16,"turns":6},{"damage":0,"enemies":"Chosen","floor":19,"turns":1},{"damage":0,"enemies":"downfall:FleeingMerchant","floor":20,"turns":4},{"damage":0,"enemies":"3 Byrds","floor":21,"turns":3},{"damage":10,"enemies":"downfall:Augmenter","floor":22,"turns":5},{"damage":5,"enemies":"Gremlin Leader","floor":23,"turns":3},{"damage":2,"enemies":"Sentry and Sphere","floor":26,"turns":3},{"damage":2,"enemies":"Replay:Snechameleon","floor":27,"turns":3},{"damage":2,"enemies":"Snake Plant","floor":29,"turns":1},{"damage":3,"enemies":"Slavers","floor":31,"turns":3},{"damage":0,"enemies":"Snecko","floor":32,"turns":2},{"damage":2,"enemies":"WA_ARCHETYPE_CALM","floor":33,"turns":5},{"damage":15,"enemies":"3 Darklings","floor":36,"turns":3},{"damage":9,"enemies":"3 Shapes","floor":39,"turns":3},{"damage":12,"enemies":"Nemesis","floor":40,"turns":3},{"damage":0,"enemies":"Maw","floor":42,"turns":5},{"damage":0,"enemies":"Transient","floor":44,"turns":5},{"damage":0,"enemies":"Sphere and 2 Shapes","floor":46,"turns":4},{"damage":0,"enemies":"Writhing Mass","floor":47,"turns":5},{"damage":14,"enemies":"Reptomancer","floor":48,"turns":3},{"damage":2,"enemies":"Transient","floor":49,"turns":5},{"damage":6,"enemies":"DF_ARCHETYPE_ORBS","floor":50,"turns":5},{"damage":29,"enemies":"downfall:CharBossMerchant","floor":52,"turns":6},{"damage":6,"enemies":"downfall:NeowBoss","floor":55,"turns":10},{"damage":57,"enemies":"downfall:NeowBossFinal","floor":56,"turns":6}],"seed_played":"1486296231017082758","potions_obtained":[{"floor":3,"key":"Fire Potion"},{"floor":8,"key":"Slimebound:ThreeZeroPotion"},{"floor":10,"key":"AttackPotion"},{"floor":21,"key":"Ancient Potion"},{"floor":22,"key":"Block Potion"},{"floor":23,"key":"Dexterity Potion"},{"floor":31,"key":"Languid Potion"},{"floor":36,"key":"PowerPotion"},{"floor":46,"key":"SpeedPotion"},{"floor":47,"key":"Fruit Juice"},{"floor":48,"key":"ColorlessPotion"}],"is_trial":false,"path_per_floor":["R","M","M","M","M","E","T","E","R","M","?","E","R","?","M","B",null,"R","M","$","M","?","E","T","R","M","E","R","M","R","E","M","B",null,"R","M","?","?","M","E","T","M","?","M","R","M","M","E","M","B",null,"E","$","R","B","B",null],"character_chosen":"GUARDIAN","items_purchased":["Apotheosis+1","Kunai","Lee\u0027s Waffle"],"campfire_rested":1,"item_purchase_floors":[20,53,53],"current_hp_per_floor":[80,80,80,79,78,69,69,65,75,75,75,75,75,50,50,47,90,90,90,90,90,80,75,75,75,73,71,71,69,69,66,66,64,90,90,75,75,75,66,54,54,54,54,54,90,90,95,81,79,73,95,66,102,102,96,45],"gold":24,"neow_bonus":"BOSS_RELIC","is_daily":false,"chose_seed":false,"campfire_upgraded":8,"win_rate":0.0,"timestamp":1613854334,"path_taken":["R","M","M","?","?","E","T","E","R","M","?","E","R","?","M","BOSS","R","M","$","M","?","E","T","R","M","E","R","M","R","E","M","BOSS","R","M","?","?","M","E","T","M","?","?","R","M","M","E","M","BOSS","E","$","R","BOSS","BOSS"],"items_purchased_type":["Card","Relic","Relic"],"build_version":"2020-12-22","purchased_purges":1,"victory":true,"max_hp_per_floor":[80,80,80,80,80,80,80,80,90,90,90,90,90,90,90,90,90,90,90,90,90,90,90,90,90,90,90,90,90,90,90,90,90,90,90,90,90,90,90,90,90,90,90,90,90,90,95,95,95,95,95,95,102,102,102,102],"relic_stats":{"Regal Pillow":9,"Lee\u0027s Waffle":36,"counters":[35,133],"Shuriken":[8],"Pen Nib":[9],"Kunai":[8],"obtain_stats":[{"ReplayFunnel":40,"Regal Pillow":12,"Lee\u0027s Waffle":53,"downfall:HeartBlessingRed":28,"Replay:Towering Pillar of Hats":31,"Guardian:StasisEgg":37,"Guardian:ModeShifter":0,"Oddly Smooth Stone":27,"downfall:HeartBlessingGreen":13,"Pen Nib":43,"Guardian:PickAxe":14,"Replay:Baseball":23,"Bottled Flame":48,"downfall:BrokenWingStatue":11,"downfall:HeartBlessingBlue":9,"Shuriken":52,"MutagenicStrength":22,"Honey Jar":0,"Philosopher\u0027s Stone":34,"Kunai":53,"Toxic Egg 2":6,"TungstenRod":8,"Toy Ornithopter":24,"Runic Pyramid":17},{"ReplayFunnel":25,"Regal Pillow":8,"Lee\u0027s Waffle":33,"downfall:HeartBlessingRed":18,"Replay:Towering Pillar of Hats":20,"Guardian:StasisEgg":23,"Guardian:ModeShifter":0,"Oddly Smooth Stone":18,"downfall:HeartBlessingGreen":8,"Pen Nib":26,"Guardian:PickAxe":9,"Replay:Baseball":16,"Bottled Flame":30,"downfall:BrokenWingStatue":7,"downfall:HeartBlessingBlue":6,"Shuriken":33,"MutagenicStrength":15,"Honey Jar":0,"Philosopher\u0027s Stone":22,"Kunai":33,"Toxic Egg 2":5,"TungstenRod":6,"Toy Ornithopter":16,"Runic Pyramid":11},{"ReplayFunnel":79,"Regal Pillow":24,"Lee\u0027s Waffle":117,"downfall:HeartBlessingRed":59,"Replay:Towering Pillar of Hats":63,"Guardian:StasisEgg":73,"Guardian:ModeShifter":0,"Oddly Smooth Stone":59,"downfall:HeartBlessingGreen":24,"Pen Nib":84,"Guardian:PickAxe":27,"Replay:Baseball":53,"Bottled Flame":101,"downfall:BrokenWingStatue":20,"downfall:HeartBlessingBlue":17,"Shuriken":117,"MutagenicStrength":50,"Honey Jar":0,"Philosopher\u0027s Stone":70,"Kunai":117,"Toxic Egg 2":13,"TungstenRod":17,"Toy Ornithopter":53,"Runic Pyramid":37}],"TungstenRod":38,"Toy Ornithopter":6},"card_choices":[{"not_picked":["Guardian:TemporalShield","Guardian:EvasiveProtocol","Guardian:RollAttack"],"picked":"Guardian:Incinerate","floor":2},{"not_picked":["Guardian:PiercingHide","Guardian:RollAttack","Guardian:Gem_Green"],"picked":"Guardian:Reroute","floor":3},{"not_picked":["Guardian:CrystalBeam","Guardian:Reroute","Guardian:PrimingBeam"],"picked":"Guardian:PrismaticBarrier","floor":4},{"not_picked":["Guardian:Repulse","Guardian:Gem_Green","Guardian:SpikerProtocol"],"picked":"Guardian:FierceBash","floor":5},{"not_picked":["Guardian:VentSteam+1","Guardian:Gem_Lightblue","Guardian:GuardianWhirl"],"picked":"Guardian:ShieldCharger+1","floor":6},{"not_picked":["Guardian:RefractedBeam","Guardian:TemporalStrike","Guardian:ChargeCore"],"picked":"Guardian:Repulse","floor":8},{"not_picked":["Guardian:ConstructionForm","Guardian:PrimingBeam","Guardian:TimeBomb+1"],"picked":"Guardian:Incinerate","floor":10},{"not_picked":["Guardian:Suspension+1","Guardian:AncientConstruct","Guardian:CrystalBeam"],"picked":"Guardian:TemporalShield+1","floor":12},{"not_picked":["Guardian:VentSteam+1","Guardian:PrismaticBeam","Guardian:ArmoredProtocol"],"picked":"Guardian:PiercingHide+1","floor":15},{"not_picked":["Guardian:StasisStrike","Guardian:Gem_Orange","Guardian:TimeSifter"],"picked":"Guardian:StasisField+1","floor":16},{"not_picked":["Guardian:Repulse+1","Guardian:ChargeCore","Guardian:TemporalStrike"],"picked":"Guardian:Incinerate+1","floor":19},{"not_picked":["Guardian:Reroute","Guardian:CrystalBeam+1","Guardian:BodySlam+1"],"picked":"Guardian:GemFire","floor":20},{"not_picked":["Guardian:Gem_Lightblue","Guardian:WalkerClaw+1","Guardian:Gem_Red"],"picked":"Guardian:Orbwalk+1","floor":21},{"not_picked":[],"picked":"J.A.X.","floor":22},{"not_picked":["Guardian:Reroute","Guardian:ChargeCore","Guardian:BronzeOrb"],"picked":"Guardian:TimeSifter","floor":23},{"not_picked":["Guardian:TemporalShield+1","Guardian:PrismaticBarrier+1","Guardian:ShieldSpikes+1","Guardian:ShieldCharger+1"],"picked":"SKIP","floor":26},{"not_picked":["Guardian:Reroute","Guardian:PrimingBeam+1","Guardian:Gem_Green"],"picked":"Guardian:Clone+1","floor":27},{"not_picked":["Guardian:WalkerClaw","Guardian:PrismaticBarrier+1","Guardian:Gem_Red","Guardian:BronzeArmor+1"],"picked":"SKIP","floor":29},{"not_picked":["Guardian:SpikerProtocol+1","Guardian:Gem_Fragmented","Guardian:Gem_Green","Guardian:VentSteam+1"],"picked":"SKIP","floor":31},{"not_picked":["Guardian:VentSteam+1","Guardian:RevengeProtocol","Guardian:PrimingBeam+1","Guardian:RollAttack"],"picked":"SKIP","floor":32},{"not_picked":["Guardian:CompilePackage+1","Guardian:GemFinder","Guardian:AncientConstruct"],"picked":"Guardian:ConstructionForm","floor":33},{"not_picked":["Guardian:Gem_Cyan","Guardian:PiercingHide+1","Guardian:WalkerClaw+1"],"picked":"Guardian:BodySlam+1","floor":36},{"not_picked":["expansioncontent:YouAreMine","Replay:SS_fish_1"],"picked":"expansioncontent:AwakenDeath","floor":38},{"not_picked":["Guardian:RefractedBeam","Guardian:Recover+1","Guardian:Gem_White"],"picked":"Guardian:ShieldSpikes+1","floor":39},{"not_picked":["Guardian:Suspension+1","Guardian:Planning+1","Guardian:ShieldSpikes+1","Guardian:RollAttack+1"],"picked":"SKIP","floor":40},{"not_picked":["Guardian:Gem_Green","Guardian:TemporalStrike+1","Guardian:TemporalShield+1"],"picked":"Guardian:Gem_White","floor":42},{"not_picked":["Guardian:Gem_Crimson","Guardian:Gem_Cyan","Guardian:SpikerProtocol","Guardian:VentSteam+1"],"picked":"SKIP","floor":44},{"not_picked":["Guardian:Recover+1","Guardian:Emergency+1","Guardian:BronzeArmor+1","Guardian:Gem_Red"],"picked":"SKIP","floor":46},{"not_picked":["Guardian:CrystalBeam+1","Guardian:Clone+1","Guardian:Gem_Yellow"],"picked":"Guardian:AncientConstruct","floor":47},{"not_picked":["Guardian:RollAttack","Guardian:ShieldCharger+1","Guardian:Gem_Lightblue"],"picked":"Guardian:Preprogram+1","floor":48},{"not_picked":["Guardian:PolyBeam","Guardian:ChargeCore","Guardian:Gem_Lightblue"],"picked":"Guardian:FloatingOrbs+1","floor":49},{"not_picked":["Guardian:Incinerate","Guardian:RefractedBeam+1","Guardian:GuardianWhirl+1","Guardian:StasisEngine"],"picked":"SKIP","floor":52}],"player_experience":4238606,"relics_obtained":[{"floor":6,"key":"Toxic Egg 2"},{"floor":8,"key":"TungstenRod"},{"floor":12,"key":"Regal Pillow"},{"floor":22,"key":"MutagenicStrength"},{"floor":23,"key":"Replay:Baseball"},{"floor":24,"key":"Toy Ornithopter"},{"floor":27,"key":"Oddly Smooth Stone"},{"floor":31,"key":"Replay:Towering Pillar of Hats"},{"floor":40,"key":"ReplayFunnel"},{"floor":43,"key":"Pen Nib"},{"floor":48,"key":"Bottled Flame"},{"floor":52,"key":"Shuriken"}],"event_choices":[],"is_beta":false,"boss_relics":[{"not_picked":["SacredBark","Empty Cage"],"picked":"Runic Pyramid"},{"not_picked":["Runic Dome","Replay:Bronze Core"],"picked":"Philosopher\u0027s Stone"}],"items_purged_floors":[53],"is_endless":false,"potions_floor_spawned":[3,8,10,14,21,22,23,31,36,46,47,48],"ascension_level":1}}