{"host":"oq9vgnvl0fi8z8ha","time":1613856781,"event":{"mods":["BaseMod","Block Reminder","ChefMod","Curses Come First","Evolution","Fox Events","Highlight Path","Minty Spire (QoL Compilation)","Relic Stats","Robot Space Explorer","Smile Girya","StSLib","The Blue Laboratory","The Bug Knight","The Runesmith","Treasure Hunter","Unceasing Turn Reminder"],"gold_per_floor":[1334,1334,1334,572,647,682,91,91,173,173,203,203,203,220,220,324,324,344,344,421,421,421,421,432,458,482,482,492,492,522,537,537,633,633,644,744,761,771,785,785,818,818,818,47,47,47,78,97,97,97,97,97,46,77,77],"floor_reached":56,"language":"ENG","playtime":4274,"items_purged":["Writhe"],"score":1497,"play_id":"de2496a8-2f96-4f54-a782-fe27b3373bda","local_time":"20210220143301","is_ascension_mode":false,"campfire_choices":[{"floor":8,"key":"RECALL"},{"data":"Prepared","floor":10,"key":"SMITH"},{"floor":15,"key":"REST"},{"data":"Choke","floor":23,"key":"SMITH"},{"data":"Dagger Throw","floor":27,"key":"SMITH"},{"data":"Dagger Spray","floor":32,"key":"SMITH"},{"data":"Tools of the Trade","floor":40,"key":"SMITH"},{"data":"Sucker Punch","floor":42,"key":"SMITH"},{"data":"Skewer","floor":45,"key":"SMITH"},{"data":"After Image","floor":49,"key":"SMITH"},{"data":"Dodge and Roll","floor":52,"key":"SMITH"}],"circlet_count":0,"master_deck":["Poisoned Stab","Sucker Punch+1","Flying Knee","Quick Slash","Dagger Throw+1","Cloak And Dagger","Dodge and Roll+1","Backflip","Cloak And Dagger","Survivor+1","Neutralize","Prepared+1","Choke+1","Bane","Noxious Fumes","Noxious Fumes","Venomology+1","Skewer+1","Crippling Poison","Dagger Spray+1","Tools of the Trade+1","Escape Plan+1","Caltrops","Corpse Explosion","Accuracy+1","Dash+1","Swift Strike","Acrobatics+1","After Image+1"],"relics":["Ring of the Snake","EVO:Axolotl","Ice Cream","Pantograph","Mango","Tough Bandages","PreservedInsect","DollysMirror","Tiny Chest","Mummified Hand","Unceasing Top","Coffee Dripper","TungstenRod","Bag of Preparation","Oddly Smooth Stone","HornCleat","Ginger","HoveringKite","War Paint","InkBottle","Lizard Tail","Juzu Bracelet","Medical Kit","Lantern","Pen Nib"],"acts_visited":["Exordium","TheCity","TheBeyond","TheEnding"],"potions_floor_usage":[28,33,37,47,50,55,55],"damage_taken":[{"damage":0,"enemies":"Jaw Worm","floor":1,"turns":3},{"damage":0,"enemies":"Lagavulin","floor":6,"turns":6},{"damage":8,"enemies":"Gremlin Nob","floor":11,"turns":3},{"damage":0,"enemies":"2 Louse","floor":14,"turns":2},{"damage":45,"enemies":"Hexaghost","floor":16,"turns":8},{"damage":1,"enemies":"Shell Parasite","floor":18,"turns":4},{"damage":0,"enemies":"Chosen","floor":24,"turns":3},{"damage":1,"enemies":"HollowMod:Nosk","floor":25,"turns":5},{"damage":0,"enemies":"Centurion and Healer","floor":28,"turns":4},{"damage":0,"enemies":"Gremlin Leader","floor":30,"turns":4},{"damage":2,"enemies":"Snake Plant","floor":31,"turns":3},{"damage":30,"enemies":"Champ","floor":33,"turns":10},{"damage":0,"enemies":"Orb Walker","floor":35,"turns":2},{"damage":0,"enemies":"3 Shapes","floor":37,"turns":3},{"damage":0,"enemies":"Transient","floor":38,"turns":5},{"damage":13,"enemies":"Writhing Mass","floor":39,"turns":3},{"damage":0,"enemies":"HollowMod:StalkingDevout","floor":41,"turns":4},{"damage":0,"enemies":"Nemesis","floor":47,"turns":3},{"damage":0,"enemies":"Jaw Worm Horde","floor":48,"turns":2},{"damage":0,"enemies":"Donu and Deca","floor":50,"turns":5},{"damage":3,"enemies":"Shield and Spear","floor":54,"turns":5},{"damage":81,"enemies":"The Heart","floor":55,"turns":9}],"seed_played":"-1838848055695655071","potions_obtained":[{"floor":6,"key":"SteroidPotion"},{"floor":18,"key":"blueLaboratory:FruitPreserves"}],"is_trial":false,"path_per_floor":["M","?","?","$","?","E","$","R","T","R","E","?","?","M","R","B",null,"M","?","T","?","?","R","M","E","T","R","M","T","E","M","R","B",null,"M","?","M","M","M","R","E","R","T","$","R","?","E","M","R","B",null,"R","$","E","B",null],"character_chosen":"THE_SILENT","items_purchased":["Mango","Tough Bandages","Caltrops","Choke","Noxious Fumes","DollysMirror","Tiny Chest","Venomology","Skewer","Lizard Tail","Juzu Bracelet","Medical Kit","Swift Strike","blueLaboratory:BottledHope"],"campfire_rested":1,"item_purchase_floors":[4,4,4,4,7,7,7,7,7,44,44,44,44,53],"current_hp_per_floor":[93,81,74,88,77,77,77,77,77,77,69,74,74,74,119,99,151,150,150,150,150,150,150,150,149,149,149,149,149,149,147,147,121,151,151,151,151,151,138,138,138,138,138,138,138,138,138,138,138,151,151,151,151,148,82],"gold":77,"neow_bonus":"ONE_RARE_RELIC","is_daily":false,"chose_seed":false,"campfire_upgraded":9,"win_rate":0.0,"timestamp":1613856781,"path_taken":["M","?","?","$","?","E","$","R","T","R","E","?","?","M","R","BOSS","M","?","?","?","?","R","M","E","T","R","?","?","E","M","R","BOSS","M","?","M","?","M","R","E","R","T","$","R","?","E","M","R","BOSS","R","$","E","BOSS"],"items_purchased_type":["Relic","Relic","Card","Card","Card","Relic","Relic","Card","Card","Relic","Relic","Relic","Card","Potion"],"build_version":"2020-12-22","purchased_purges":1,"victory":true,"max_hp_per_floor":[132,132,132,146,146,146,146,146,146,146,146,151,151,151,151,151,151,151,151,151,151,151,151,151,151,151,151,151,151,151,151,151,151,151,151,151,151,151,151,151,151,151,151,151,151,151,151,151,151,151,151,151,151,151,151],"relic_stats":{"counters":[22,96],"HoveringKite":[36],"PreservedInsect":253,"Pen Nib":[3],"Bag of Preparation":[28],"Juzu Bracelet":0,"Ginger":[5],"War Paint":["Venomology","Survivor"],"Medical Kit":[5],"Tough Bandages":[411],"Lizard Tail":0,"Mummified Hand":[87],"Pantograph":45,"Tiny Chest":2,"obtain_stats":[{"Ice Cream":0,"Lantern":47,"HoveringKite":34,"Mango":4,"Bag of Preparation":25,"Juzu Bracelet":44,"EVO:Axolotl":0,"Ginger":30,"Tough Bandages":4,"Lizard Tail":44,"HornCleat":29,"DollysMirror":7,"Mummified Hand":9,"Pantograph":2,"Tiny Chest":7,"InkBottle":43,"Ring of the Snake":0,"Oddly Smooth Stone":26,"PreservedInsect":6,"Pen Nib":54,"War Paint":41,"Medical Kit":44,"Coffee Dripper":17,"Unceasing Top":11,"TungstenRod":21},{"Ice Cream":0,"Lantern":18,"HoveringKite":12,"Mango":1,"Bag of Preparation":8,"Juzu Bracelet":17,"EVO:Axolotl":0,"Ginger":10,"Tough Bandages":1,"Lizard Tail":17,"HornCleat":9,"DollysMirror":2,"Mummified Hand":2,"Pantograph":1,"Tiny Chest":2,"InkBottle":17,"Ring of the Snake":0,"Oddly Smooth Stone":8,"PreservedInsect":2,"Pen Nib":21,"War Paint":17,"Medical Kit":17,"Coffee Dripper":5,"Unceasing Top":3,"TungstenRod":6},{"Ice Cream":0,"Lantern":75,"HoveringKite":55,"Mango":3,"Bag of Preparation":34,"Juzu Bracelet":72,"EVO:Axolotl":0,"Ginger":42,"Tough Bandages":3,"Lizard Tail":72,"HornCleat":38,"DollysMirror":9,"Mummified Hand":9,"Pantograph":3,"Tiny Chest":9,"InkBottle":72,"Ring of the Snake":0,"Oddly Smooth Stone":34,"PreservedInsect":9,"Pen Nib":87,"War Paint":72,"Medical Kit":72,"Coffee Dripper":22,"Unceasing Top":12,"TungstenRod":26}],"Unceasing Top":[62],"TungstenRod":28,"InkBottle":[18],"Ring of the Snake":[44]},"card_choices":[{"not_picked":["Sucker Punch","Flying Knee"],"picked":"Prepared","floor":1},{"not_picked":["PiercingWail","Prepared"],"picked":"Bane","floor":6},{"not_picked":["TH:ElvenBoots","TH:DeckOfManyThings"],"picked":"SKIP","floor":6},{"not_picked":["TH:ElvenBoots","TH:DeckOfManyThings"],"picked":"SKIP","floor":6},{"not_picked":["TH:TreasureMap","TH:Mimic"],"picked":"SKIP","floor":9},{"not_picked":["Caltrops","Slice"],"picked":"Crippling Poison","floor":11},{"not_picked":["TH:BikiniMail","TH:DeckOfManyThings"],"picked":"SKIP","floor":11},{"not_picked":["Deadly Poison","Deflect"],"picked":"Dagger Spray","floor":14},{"not_picked":["Venomology","Unload"],"picked":"Tools of the Trade","floor":16},{"not_picked":["Eviscerate","Riddle With Holes+1","Outmaneuver"],"picked":"SKIP","floor":18},{"not_picked":["TH:BikiniMail","TH:TreasureMap"],"picked":"SKIP","floor":20},{"not_picked":["Well Laid Plans","PiercingWail"],"picked":"Escape Plan+1","floor":24},{"not_picked":["TH:ElvenBoots","TH:EnergyPotion"],"picked":"SKIP","floor":25},{"not_picked":["Quick Slash+1","Flechettes","Masterful Stab"],"picked":"SKIP","floor":25},{"not_picked":["TH:Mimic","TH:TreasureMap"],"picked":"SKIP","floor":26},{"not_picked":["Escape Plan","Dodge and Roll","Dash"],"picked":"SKIP","floor":28},{"not_picked":["TH:PixieDust","TH:CursedSword"],"picked":"SKIP","floor":29},{"not_picked":["TH:PixieDust","TH:CopperCoins"],"picked":"SKIP","floor":30},{"not_picked":["Leg Sweep","PiercingWail+1","Prepared+1"],"picked":"SKIP","floor":30},{"not_picked":["Outmaneuver+1","Leg Sweep+1"],"picked":"Caltrops","floor":31},{"not_picked":["Glass Knife","Malaise"],"picked":"Corpse Explosion","floor":33},{"not_picked":["Deadly Poison","Outmaneuver","Leg Sweep+1"],"picked":"SKIP","floor":35},{"not_picked":["Dagger Throw+1","PiercingWail","Acrobatics"],"picked":"SKIP","floor":37},{"not_picked":["Noxious Fumes","Finisher"],"picked":"Accuracy+1","floor":38},{"not_picked":["Deflect+1","Cloak And Dagger+1","Dodge and Roll+1"],"picked":"SKIP","floor":39},{"not_picked":["PiercingWail+1","Prepared"],"picked":"Dash+1","floor":41},{"not_picked":["TH:EnergyPotion","TH:Mimic"],"picked":"SKIP","floor":41},{"not_picked":["TH:Mimic","TH:EnergyPotion"],"picked":"SKIP","floor":43},{"not_picked":["Concentrate+1","Well Laid Plans"],"picked":"Acrobatics+1","floor":47},{"not_picked":["TH:ArmorSpikes","TH:CopperCoins"],"picked":"SKIP","floor":47},{"not_picked":["Infinite Blades+1","Finisher+1"],"picked":"After Image","floor":48},{"not_picked":["TH:BikiniMail","TH:ElvenBoots"],"picked":"SKIP","floor":54},{"not_picked":["Accuracy","Choke+1","Dodge and Roll"],"picked":"SKIP","floor":54}],"player_experience":286533,"relics_obtained":[{"floor":6,"key":"PreservedInsect"},{"floor":9,"key":"Mummified Hand"},{"floor":11,"key":"Unceasing Top"},{"floor":25,"key":"Bag of Preparation"},{"floor":26,"key":"Oddly Smooth Stone"},{"floor":29,"key":"HornCleat"},{"floor":30,"key":"Ginger"},{"floor":41,"key":"War Paint"},{"floor":43,"key":"InkBottle"},{"floor":47,"key":"Lantern"},{"floor":54,"key":"Pen Nib"}],"event_choices":[{"damage_healed":0,"gold_gain":0,"player_choice":"Success","damage_taken":12,"relics_obtained":["Pantograph"],"max_hp_gain":0,"max_hp_loss":0,"event_name":"Scrap Ooze","floor":2,"gold_loss":0},{"cards_removed":["Dodge and Roll"],"damage_healed":0,"gold_gain":0,"player_choice":"Card Removal","damage_taken":7,"max_hp_gain":0,"max_hp_loss":0,"event_name":"Golden Wing","floor":3,"gold_loss":0},{"damage_healed":0,"gold_gain":75,"player_choice":"Gather Gold","damage_taken":11,"max_hp_gain":0,"max_hp_loss":0,"event_name":"World of Goop","floor":5,"gold_loss":0},{"damage_healed":0,"gold_gain":0,"player_choice":"Donut","damage_taken":0,"max_hp_gain":5,"max_hp_loss":0,"event_name":"Big Fish","floor":12,"gold_loss":0},{"damage_healed":0,"gold_gain":0,"player_choice":"Ignored","damage_taken":0,"max_hp_gain":0,"max_hp_loss":0,"event_name":"Liars Game","floor":13,"gold_loss":0},{"damage_healed":0,"gold_gain":0,"player_choice":"Ignored","damage_taken":0,"max_hp_gain":0,"max_hp_loss":0,"event_name":"Beggar","floor":19,"gold_loss":0},{"damage_healed":0,"gold_gain":0,"player_choice":"Opened","damage_taken":0,"relics_obtained":["TungstenRod"],"max_hp_gain":0,"max_hp_loss":0,"event_name":"The Mausoleum","floor":21,"gold_loss":0,"cards_obtained":["Writhe"]},{"damage_healed":0,"gold_gain":0,"player_choice":"Ignored","damage_taken":0,"max_hp_gain":0,"max_hp_loss":0,"event_name":"Vampires","floor":22,"gold_loss":0},{"damage_healed":0,"gold_gain":100,"player_choice":"Pray","damage_taken":0,"max_hp_gain":0,"max_hp_loss":0,"event_name":"Golden Shrine","floor":36,"gold_loss":0},{"cards_removed":["Caltrops"],"damage_healed":0,"gold_gain":0,"player_choice":"Removed Power","damage_taken":0,"max_hp_gain":0,"max_hp_loss":0,"event_name":"Falling","floor":46,"gold_loss":0}],"is_beta":false,"boss_relics":[{"not_picked":["Empty Cage","SacredBark"],"picked":"Coffee Dripper"},{"not_picked":["Fusion Hammer","Runesmith:UraniumAnvil"],"picked":"HoveringKite"}],"items_purged_floors":[44],"is_endless":false,"potions_floor_spawned":[6,18,24,25,35,39,54],"ascension_level":0}}