{"host":"3l94tha3a4jgu0q4","time":1613795929,"event":{"mods":["2.2 Compatiblity","AchievementEnabler","BaseMod","Colored Map","Colored Powertips","Highlight Path","Minty Spire (QoL Compilation)","Permanent Neow","StSLib","SuperFastMode","The IronCluck","slay the spire mod where everything is the same but ironclad has a cowboy hat"],"gold_per_floor":[116,17,17,27,27,27,27,27],"floor_reached":7,"language":"ENG","playtime":110,"items_purged":["Strike_P"],"score":76,"play_id":"e0a70a5c-804d-4f58-993f-97456ee92a8a","local_time":"20210219203849","is_ascension_mode":true,"campfire_choices":[{"data":"Eruption","floor":6,"key":"SMITH"}],"circlet_count":0,"master_deck":["AscendersBane","Strike_P","Strike_P","Strike_P","Defend_P","Defend_P","Defend_P","Defend_P","Eruption+1","Vigilance","FlurryOfBlows","EmptyBody","FlurryOfBlows"],"relics":["Cursed Key","Happy Flower"],"acts_visited":["Exordium"],"potions_floor_usage":[7],"damage_taken":[{"damage":1.0,"enemies":"2 Louse","floor":1.0,"turns":2.0},{"damage":0.0,"enemies":"Small Slimes","floor":4.0,"turns":3.0},{"damage":30,"enemies":"3 Sentries","floor":7,"turns":4}],"seed_played":"7026924144148449371","potions_obtained":[{"floor":1.0,"key":"FearPotion"},{"floor":4.0,"key":"CultistPotion"}],"is_trial":false,"path_per_floor":["M","$","?","M","?","R","E"],"character_chosen":"WATCHER","items_purchased":["EmptyBody"],"campfire_rested":0,"item_purchase_floors":[2],"current_hp_per_floor":[60,60,65,65,30,30,0,0],"gold":27,"neow_bonus":"BOSS_RELIC","is_daily":false,"chose_seed":false,"campfire_upgraded":1,"win_rate":0.0,"timestamp":1613795929,"path_taken":["M","$","?","M","?","R","E"],"items_purchased_type":["Card"],"build_version":"2020-12-22","purchased_purges":1,"victory":false,"max_hp_per_floor":[68,68,73,73,73,73,73,73],"card_choices":[{"not_picked":["Adaptation","Protect"],"picked":"FlurryOfBlows","floor":1.0},{"not_picked":["JustLucky","PathToVictory"],"picked":"FlurryOfBlows","floor":4.0}],"player_experience":1962952,"relics_obtained":[],"event_choices":[{"damage_healed":0.0,"max_hp_gain":5.0,"max_hp_loss":0.0,"gold_gain":0.0,"event_name":"Big Fish","player_choice":"Donut","floor":3.0,"gold_loss":0.0,"damage_taken":0.0},{"damage_healed":0,"gold_gain":0,"player_choice":"Success","damage_taken":35,"relics_obtained":["Happy Flower"],"max_hp_gain":0,"max_hp_loss":0,"event_name":"Scrap Ooze","floor":5,"gold_loss":0}],"is_beta":false,"boss_relics":[],"items_purged_floors":[2],"is_endless":false,"potions_floor_spawned":[1,4],"killed_by":"3 Sentries","ascension_level":19}}