{"host":"c9m2z2wmcavfgdp8","time":1613846028,"event":{"mods":["2.2 Compatiblity","Act Like it!","Aspiration","BaseMod","Better Third Choice","Conspire","Downfall","Ekko","Elementarium","Energized Spire","Friendly Minions","GifTheSpireLib","Hallownest","Hermit","Hubris","Infinite Spire","Jorbs\u0027s Wanderer Trilogy","Koishi","Luminous","Marisa????????","Menagerie","Minty Spire (QoL Compilation)","Pale of the Ancients","Permanent Neow","Potionbrewer","Prisma Mod","READ ME - Guardian Mod","Remilia??????","Replay The Spire","SCP261 Mod","Shop Mod","StSLib","The Animator","The Blackbeard","The Bug Knight","The Cursed","The Death Knight","The Disciple","The Exalted","The Hierophant","The Necromancer","The Servant 0.9.4","TheBandit","TheFirefly"],"gold_per_floor":[119,131,131,148,148,148,163,163,163,180,180,180,180,202,202,306,306,327,327,327,327,15,45,75,101,125,149,149,22,69,95,95,200,150,173,246,271,296,296,324,347,347,347,347,347,383,426,426,426,426,426,426,43,83,83],"floor_reached":56,"language":"ENG","playtime":5783,"items_purged":["Pain"],"score":1515,"play_id":"b3958653-ceda-4cb0-9a88-0b4d72a2898e","local_time":"20210220193348","is_ascension_mode":false,"campfire_choices":[{"data":"ReplayTheSpireMod:Brewmster","floor":6,"key":"SMITH"},{"data":"BloodRain","floor":8,"key":"SMITH"},{"data":"TheCursedMod:DemonicPact","floor":11,"key":"SMITH"},{"floor":13,"key":"RECALL"},{"data":"TheCursedMod:ReleasedStrength","floor":15,"key":"SMITH"},{"data":"ReplayTheSpireMod:Black Plague","floor":28,"key":"SMITH"},{"data":"TheCursedMod:CircleOfAbyss","floor":42,"key":"SMITH"},{"data":"TheCursedMod:ForbiddenAlchemy","floor":42,"key":"SMITH"},{"data":"hubris:EnhanceAbility","floor":44,"key":"SMITH"},{"data":"TheCursedMod:EmpowerCircles","floor":44,"key":"SMITH"},{"data":"TheCursedMod:ManaCirculation","floor":49,"key":"SMITH"},{"data":"TheCursedMod:HellsGateOpen","floor":49,"key":"SMITH"},{"data":"Pot Of Greed","floor":52,"key":"SMITH"},{"data":"Pot Of Greed","floor":52,"key":"SMITH"}],"circlet_count":0,"master_deck":["TheCursedMod:Strike_TheCursed","TheCursedMod:Strike_TheCursed","TheCursedMod:Strike_TheCursed","TheCursedMod:Strike_TheCursed","TheCursedMod:Defend_TheCursed","TheCursedMod:Defend_TheCursed","TheCursedMod:Defend_TheCursed","TheCursedMod:Defend_TheCursed","TheCursedMod:CursedWand","TheCursedMod:CleanUpWorkshop","TheCursedMod:Dregs","Slimebound:Defend_Slimebound","ReplayTheSpireMod:Brewmster+1","TheCursedMod:CursedShiv","TheCursedMod:Stigma","TheCursedMod:CircleOfFlame","BloodRain+1","TheCursedMod:ReleasedStrength+1","TheCursedMod:DemonicPact+1","TheCursedMod:ReleasedKnowledge","TheCursedMod:CircleOfAbyss+1","AbeCurse","ReplayTheSpireMod:Black Plague+1","Voices","TheCursedMod:HellsGateOpen","TheCursedMod:HellsGateOpen+1","TheCursedMod:CursedShiv+1","Pot Of Greed","Pot Of Greed+1","Pot Of Greed+1","TheCursedMod:Evocation+1","hubris:EnhanceAbility+1","Finesse","TheCursedMod:Grudge","TheCursedMod:WearCloak+1","Pot Of Greed+1","TheCursedMod:ForbiddenAlchemy+1","TheCursedMod:Strike_TheCursed","Master of Strategy","TheCursedMod:EmpowerCircles+1","TheCursedMod:Stretching","TheCursedMod:Stigma+1","TheCursedMod:EmpowerCircles+1","TheCursedMod:CircleOfFlame","TheCursedMod:CircleOfFlame","TheCursedMod:CircleOfFlame+1","TheCursedMod:ManaCirculation+1","TheCursedMod:FleshFromBone+1","Pot Of Greed","stsjorbsmod:Amnesia","TheCursedMod:SpitefulPlan+1"],"relics":["TheCursedMod:BlackMagic101","WarpedTongs","potionbrewer:ToyAutogyro","Menagerie:HuntersKnife","Abe\u0027s Treasure","Centennial Puzzle","hubris:Potato","Ring of Misfortune","Ring of Hypnosis","infinitespire:EmpoweringShard","Blue Candle","Grinning Jar","ReplayTheSpireMod:ShopPack","Elementarium:GoldenMirage","Elementarium:ElementariumTrophy","energizedSpire:HugeHouse","hubris:GlazedTorus","Replay:Arrowhead","conspire:Flyswatter","Hallownest:KingsIdolRelic","CeramicFish","Dream Catcher","ReplayTheSpireMod:CursedCoin","StoneCalendar","conspire:BottledYoYo","ScarletDevilRocket"],"acts_visited":["Exordium","Menagerie:Menagerie","Elementarium:Elementarium","TheEnding"],"potions_floor_usage":[1,2,2,2,4,4,7,10,10,14,14,16,16,16,18,18,18,23,23,23,23,23,24,27,30,30,31,31,33,33,33,33,33,33,35,36,36,36,36,36,36,36,36,36,37,38,38,38,40,40,40,40,41,46,46,46,46,46,47,47,47,47,47,50,50,50,50,50,50,50,50,50,54,54,55,55,55,55,55],"damage_taken":[{"damage":4,"enemies":"Menagerie:StygianBoar","floor":1,"turns":5},{"damage":0,"enemies":"Menagerie:2_RABBITS","floor":2,"turns":5},{"damage":8,"enemies":"Menagerie:WhisperingWraith","floor":4,"turns":3},{"damage":7,"enemies":"Menagerie:MENAGERIE_WILDLIFE","floor":7,"turns":5},{"damage":21,"enemies":"Menagerie:STYGIAN_BOAR_AND_RABBIT","floor":10,"turns":3},{"damage":0,"enemies":"Menagerie:EntropyWarlock","floor":14,"turns":3},{"damage":25,"enemies":"Menagerie:Suneater","floor":16,"turns":5},{"damage":2,"enemies":"Elementarium:Cyclone","floor":18,"turns":5},{"damage":6,"enemies":"Elementarium:ElementalPortal","floor":23,"turns":5},{"damage":9,"enemies":"Elementarium:2_ELEMENTALS","floor":24,"turns":4},{"damage":0,"enemies":"Elementarium:STONE_GOLEMS","floor":27,"turns":4},{"damage":6,"enemies":"Elementarium:GOLDEN_STATUES","floor":30,"turns":3},{"damage":0,"enemies":"Elementarium:VOID_CORRUPTION_AND_TAR_GOLEM","floor":31,"turns":5},{"damage":0,"enemies":"Elementarium:PHOENIXES","floor":33,"turns":7},{"damage":4,"enemies":"Hallownest:Shield_Heavy","floor":35,"turns":5},{"damage":29,"enemies":"Hallownest:2_Primals","floor":36,"turns":5},{"damage":0,"enemies":"Hallownest:3_Siblings","floor":37,"turns":1},{"damage":0,"enemies":"Hallownest:2_Wandering_and_1_Horned","floor":38,"turns":4},{"damage":0,"enemies":"Hallownest:eliteCollector","floor":40,"turns":5},{"damage":0,"enemies":"Hallownest:Shield_Sturdy","floor":41,"turns":4},{"damage":0,"enemies":"Hallownest:eliteHiveKnight","floor":46,"turns":5},{"damage":0,"enemies":"Hallownest:2_Soldiers_and_1_Guardian","floor":47,"turns":7},{"damage":0,"enemies":"Hallownest:BossGreyPrinceZote","floor":50,"turns":8},{"damage":15,"enemies":"Shield and Spear","floor":54,"turns":5},{"damage":46,"enemies":"The Heart","floor":55,"turns":6}],"seed_played":"8224901716948481707","potions_obtained":[{"floor":2,"key":"AttackPotion"},{"floor":7,"key":"Dexterity Potion"},{"floor":14,"key":"FairyPotion"},{"floor":24,"key":"Swift Potion"},{"floor":30,"key":"potionbrewer:HastePotion"},{"floor":37,"key":"potionbrewer:ToxicPotion"},{"floor":38,"key":"Weak Potion"},{"floor":46,"key":"hexamod:SoulburnPotion"},{"floor":47,"key":"champ:CounterPotion"}],"is_trial":false,"path_per_floor":["M","M","?","M","?","R","M","R","T","M","R","?","R","M","R","B",null,"M","AVR","?","?","$","E","M","T","T","M","R","$","?","M","R","B",null,"M","?","M","M","?","E","M","R","T","R","?","E","M","AVR","R","B",null,"R","$","E","B",null],"character_chosen":"THE_CURSED","items_purchased":["infinitespire:EmpoweringShard","TheCursedMod:HellsGateOpen","ReplayTheSpireMod:ShopPack","ReplayTheSpireMod:CursedCoin","StoneCalendar","conspire:BottledYoYo"],"campfire_rested":0,"item_purchase_floors":[22,22,29,53,53,53],"current_hp_per_floor":[71,71,71,63,63,63,56,56,56,43,43,43,43,43,43,18,77,75,75,60,60,60,54,45,45,45,45,45,45,39,39,62,70,80,80,51,51,51,51,51,51,51,51,51,51,51,51,51,51,51,80,80,80,65,19],"gold":83,"neow_bonus":"RANDOM_COLORLESS_2","is_daily":false,"chose_seed":false,"campfire_upgraded":13,"win_rate":0.0,"timestamp":1613846028,"path_taken":["M","M","?","?","?","R","M","R","T","M","R","?","R","M","R","BOSS","M","AVR","?","?","$","E","M","?","T","?","R","?","?","M","R","BOSS","M","?","M","M","?","E","M","R","T","R","?","E","M","AVR","R","BOSS","R","$","E","BOSS"],"items_purchased_type":["Relic","Card","Relic","Relic","Relic","Relic"],"build_version":"2020-12-22","purchased_purges":1,"victory":true,"max_hp_per_floor":[75,75,75,75,75,75,75,75,75,83,83,77,77,77,77,77,77,77,77,77,77,77,77,77,77,77,77,77,77,77,77,77,85,80,80,80,80,80,80,80,80,80,80,80,80,80,80,80,80,80,80,80,80,80,80],"card_choices":[{"not_picked":["Sadistic Nature","HandOfGreed"],"picked":"ReplayTheSpireMod:Brewmster","floor":0},{"not_picked":["TheCursedMod:SoulCrush","TheCursedMod:Wield"],"picked":"TheCursedMod:CursedShiv","floor":1},{"not_picked":["TheCursedMod:TacticalStrike","TheCursedMod:CursedBlade"],"picked":"TheCursedMod:Stigma","floor":2},{"not_picked":["TheCursedMod:WearCloak","TheCursedMod:CursedAmulet"],"picked":"TheCursedMod:CircleOfFlame","floor":4},{"not_picked":["animator:Priestess","ekkoTheBoyWhoShatteredTime:WaitForKeyTiming"],"picked":"BloodRain","floor":5},{"not_picked":["TheCursedMod:Wield","TheCursedMod:CircleOfFlame"],"picked":"TheCursedMod:ReleasedStrength","floor":7},{"not_picked":["TheCursedMod:CursedArmor","TheCursedMod:SmokeScreen"],"picked":"TheCursedMod:DemonicPact","floor":10},{"not_picked":["TheCursedMod:TacticalStrike","TheCursedMod:CircleOfFlame"],"picked":"TheCursedMod:ReleasedKnowledge","floor":14},{"not_picked":["TheCursedMod:UltimatePain","TheCursedMod:ParallelWorld"],"picked":"TheCursedMod:CircleOfAbyss","floor":16},{"not_picked":["TheCursedMod:CircleOfFlame","TheCursedMod:TacticalStrike+1"],"picked":"TheCursedMod:Torture","floor":18},{"not_picked":["TheCursedMod:SpitefulPray","TheCursedMod:ManaBullet"],"picked":"TheCursedMod:HellsGateOpen","floor":23},{"not_picked":["TheCursedMod:SurpriseAttack+1","TheCursedMod:CircleOfWindfury+1"],"picked":"TheCursedMod:CursedShiv+1","floor":24},{"not_picked":["TheCursedMod:CursedStaff","TheCursedMod:CursedSpellbook+1"],"picked":"TheCursedMod:Evocation+1","floor":27},{"not_picked":["ReplayTheSpireMod:Necrogeddon","HandOfGreed"],"picked":"hubris:EnhanceAbility","floor":29},{"not_picked":["Madness","Purity"],"picked":"ReplayTheSpireMod:Uncanny Aura","floor":29},{"not_picked":["Impatience","Deep Breath"],"picked":"Finesse","floor":29},{"not_picked":["TheCursedMod:CursedBoomerang","TheCursedMod:Mangle"],"picked":"TheCursedMod:Grudge","floor":30},{"not_picked":["TheCursedMod:ManaBullet","TheCursedMod:SpitefulStrike+1"],"picked":"TheCursedMod:WearCloak+1","floor":31},{"not_picked":["TheCursedMod:CursedRelics","TheCursedMod:Neurasthenia"],"picked":"TheCursedMod:ForbiddenAlchemy","floor":33},{"not_picked":["TheCursedMod:CircleOfCorruption","TheCursedMod:Stretching"],"picked":"TheCursedMod:EmpowerCircles+1","floor":35},{"not_picked":["TheCursedMod:Stigma+1","TheCursedMod:SoulReap"],"picked":"TheCursedMod:Stretching","floor":36},{"not_picked":["TheCursedMod:CursedStaff+1","TheCursedMod:RavingStaff"],"picked":"TheCursedMod:Stigma+1","floor":37},{"not_picked":["TheCursedMod:Evocation+1","TheCursedMod:RavingStaff"],"picked":"TheCursedMod:EmpowerCircles","floor":38},{"not_picked":["TheCursedMod:FuryStrike+1","TheCursedMod:RapidMovement+1"],"picked":"TheCursedMod:CircleOfFlame+1","floor":40},{"not_picked":["TheCursedMod:Mangle","TheCursedMod:DoubleShield","TheCursedMod:TacticalStrike+1"],"picked":"SKIP","floor":41},{"not_picked":["TheCursedMod:Torture","TheCursedMod:CursedRelics"],"picked":"TheCursedMod:ManaCirculation","floor":46},{"not_picked":["TheCursedMod:WearCloak+1","TheCursedMod:TacticalStrike+1"],"picked":"TheCursedMod:FleshFromBone+1","floor":47},{"not_picked":["TheCursedMod:RapidMovement","TheCursedMod:Wield+1"],"picked":"TheCursedMod:SpitefulPlan+1","floor":54}],"player_experience":1668998,"relics_obtained":[{"floor":9,"key":"potionbrewer:ToyAutogyro"},{"floor":21,"key":"Ring of Misfortune"},{"floor":21,"key":"Ring of Hypnosis"},{"floor":23,"key":"Blue Candle"},{"floor":26,"key":"Grinning Jar"},{"floor":30,"key":"Elementarium:GoldenMirage"},{"floor":36,"key":"hubris:GlazedTorus"},{"floor":40,"key":"Replay:Arrowhead"},{"floor":43,"key":"conspire:Flyswatter"},{"floor":46,"key":"CeramicFish"},{"floor":54,"key":"ScarletDevilRocket"}],"event_choices":[{"damage_healed":0,"gold_gain":0,"player_choice":"Rummage","damage_taken":0,"relics_obtained":["WarpedTongs"],"max_hp_gain":0,"max_hp_loss":0,"event_name":"Accursed Blacksmith","floor":3,"gold_loss":0,"cards_obtained":["Pain"]},{"damage_healed":0,"gold_gain":0,"player_choice":"Lion","damage_taken":0,"max_hp_gain":0,"max_hp_loss":0,"event_name":"Menagerie:ThreeAnimals","floor":5,"gold_loss":0},{"damage_healed":0,"gold_gain":0,"player_choice":"Take","damage_taken":0,"relics_obtained":["Menagerie:HuntersKnife"],"max_hp_gain":0,"max_hp_loss":6,"event_name":"Menagerie:BigGameHunter","floor":12,"gold_loss":0},{"damage_healed":0,"gold_gain":0,"player_choice":"Blood","damage_taken":15,"relics_obtained":["hubris:Potato"],"max_hp_gain":0,"max_hp_loss":0,"event_name":"Elementarium:ShatteredPortal","floor":20,"gold_loss":0},{"damage_healed":0,"gold_gain":0,"player_choice":"Fight","damage_taken":0,"max_hp_gain":0,"max_hp_loss":0,"event_name":"Elementarium:GoldenStatues","floor":30,"gold_loss":0}],"is_beta":false,"boss_relics":[{"not_picked":["aspiration:WatcherSkillbook","hubris:HollowSoul"],"picked":"Abe\u0027s Treasure"},{"not_picked":["energizedSpire:DeadBattery","Replay:Drink Me"],"picked":"energizedSpire:HugeHouse"}],"items_purged_floors":[19],"is_endless":false,"potions_floor_spawned":[2,7,14,16,24,30,37,38,46,47],"ascension_level":0}}