{"host":"3jpcvpprzj9sjffh","time":1613810871,"event":{"mods":["AchievementEnabler","BaseMod","Colored Map","Minty Spire (QoL Compilation)","Rare Cards Sparkle","SuperFastMode","everything is the same but u backflip on backflip"],"gold_per_floor":[110,22,22,22,35,68,83,113,113,128,142,167,185,216,216,318,318,318,318,57,57,57],"floor_reached":21,"language":"KOR","playtime":969,"items_purged":[],"score":236,"play_id":"7692fd93-d3bd-4415-8267-202351d1d05f","local_time":"20210220174751","is_ascension_mode":false,"campfire_choices":[{"floor":15,"key":"REST"}],"circlet_count":0,"master_deck":["Strike_R","Strike_R","Strike_R","Strike_R","Strike_R","Defend_R","Defend_R","Defend_R","Defend_R","Bash","Armaments+1","Evolve","Clothesline","Wild Strike","Rage","Pommel Strike","Second Wind","Cleave","True Grit","Bloodletting","Entrench","Juggernaut","Body Slam","Sentinel"],"relics":["Burning Blood","NeowsBlessing","Torii","The Courier","Pantograph","Mummified Hand","Bag of Marbles","Darkstone Periapt","Ectoplasm","Ornamental Fan"],"acts_visited":["Exordium","TheCity"],"potions_floor_usage":[12,14,14],"damage_taken":[{"damage":0,"enemies":"Jaw Worm","floor":1,"turns":1},{"damage":0,"enemies":"2 Louse","floor":5,"turns":1},{"damage":0,"enemies":"Gremlin Nob","floor":6,"turns":1},{"damage":1,"enemies":"Small Slimes","floor":7,"turns":4},{"damage":35,"enemies":"3 Sentries","floor":8,"turns":8},{"damage":13,"enemies":"3 Louse","floor":10,"turns":3},{"damage":7,"enemies":"Looter","floor":11,"turns":3},{"damage":28,"enemies":"Lagavulin","floor":12,"turns":9},{"damage":14,"enemies":"Large Slime","floor":13,"turns":6},{"damage":1,"enemies":"3 Sentries","floor":14,"turns":6},{"damage":60,"enemies":"Hexaghost","floor":16,"turns":13},{"damage":38,"enemies":"3 Byrds","floor":18,"turns":6},{"damage":20,"enemies":"Spheric Guardian","floor":19,"turns":4},{"damage":37,"enemies":"Snake Plant","floor":21,"turns":4}],"seed_played":"-7580757920362646920","potions_obtained":[{"floor":5,"key":"GamblersBrew"},{"floor":7,"key":"EssenceOfSteel"},{"floor":11,"key":"Dexterity Potion"},{"floor":12,"key":"Dexterity Potion"},{"floor":18,"key":"Weak Potion"}],"is_trial":false,"path_per_floor":["M","$","?","?","M","E","M","E","T","M","M","E","M","E","R","B",null,"M","M","$","M"],"character_chosen":"IRONCLAD","items_purchased":["Evolve","Clothesline","Sentinel","Ornamental Fan"],"campfire_rested":1,"item_purchase_floors":[2,2,20,20],"current_hp_per_floor":[80,80,68,68,74,80,80,51,51,44,43,21,13,18,42,13,80,48,34,34,0,0],"gold":57,"neow_bonus":"THREE_ENEMY_KILL","is_daily":false,"chose_seed":false,"campfire_upgraded":0,"win_rate":0.0,"timestamp":1613810871,"path_taken":["M","$","?","?","M","E","M","E","T","M","M","E","M","E","R","BOSS","M","M","$","M"],"items_purchased_type":["Card","Card","Card","Relic"],"build_version":"2020-12-22","purchased_purges":0,"victory":false,"max_hp_per_floor":[80,80,80,80,80,80,80,80,80,80,80,80,80,80,80,80,80,80,80,80,80,80],"card_choices":[{"not_picked":["Rage","Twin Strike"],"picked":"Armaments","floor":1},{"not_picked":["Clash","Perfected Strike"],"picked":"Wild Strike","floor":5},{"not_picked":["Limit Break","Heavy Blade"],"picked":"Rage","floor":6},{"not_picked":["Iron Wave","Anger"],"picked":"Pommel Strike","floor":7},{"not_picked":["Armaments","Metallicize"],"picked":"Second Wind","floor":8},{"not_picked":["Armaments","Bludgeon"],"picked":"Cleave","floor":10},{"not_picked":["Uppercut","Pummel"],"picked":"True Grit","floor":11},{"not_picked":["Clothesline","Dual Wield"],"picked":"Bloodletting","floor":12},{"not_picked":["Flex","Iron Wave","Heavy Blade"],"picked":"SKIP","floor":13},{"not_picked":["Clash","Twin Strike"],"picked":"Entrench","floor":14},{"not_picked":["Immolate","Fiend Fire"],"picked":"Juggernaut","floor":16},{"not_picked":["Flex","Clash"],"picked":"Body Slam","floor":18},{"not_picked":["Warcry","Sword Boomerang","Twin Strike"],"picked":"SKIP","floor":19}],"player_experience":342116,"relics_obtained":[{"floor":6,"key":"The Courier"},{"floor":8,"key":"Pantograph"},{"floor":9,"key":"Mummified Hand"},{"floor":12,"key":"Bag of Marbles"},{"floor":14,"key":"Darkstone Periapt"}],"event_choices":[{"damage_healed":0,"gold_gain":0,"player_choice":"Success","damage_taken":12,"relics_obtained":["Torii"],"max_hp_gain":0,"max_hp_loss":0,"event_name":"Scrap Ooze","floor":3,"gold_loss":0},{"damage_healed":0,"gold_gain":0,"player_choice":"Grow","damage_taken":0,"max_hp_gain":0,"max_hp_loss":0,"event_name":"Living Wall","floor":4,"gold_loss":0,"cards_upgraded":["Armaments"]}],"is_beta":false,"boss_relics":[{"not_picked":["SacredBark","Snecko Eye"],"picked":"Ectoplasm"}],"items_purged_floors":[],"is_endless":false,"potions_floor_spawned":[5,7,11,12,13,18],"killed_by":"Snake Plant","ascension_level":0}}