{"host":"spd19cimorv47raq","time":1613832715,"event":{"mods":["AchievementEnabler","BaseMod","Colored Map","DeckTracker","Keyboard Shortcuts","Minty Spire (QoL Compilation)","Quick Restart","StSLib","SuperFastMode"],"gold_per_floor":[118,137,137,237,248,248,248,248,271,283,294,304,335,352,352,352,352],"floor_reached":16,"language":"KOR","playtime":367,"items_purged":[],"score":208,"play_id":"a7813587-78da-4bb6-9ea0-0ec86d19fef7","local_time":"20210220235155","is_ascension_mode":true,"campfire_choices":[{"data":"Body Slam","floor":6,"key":"SMITH"},{"data":"Whirlwind","floor":8,"key":"SMITH"},{"data":"Shockwave","floor":15,"key":"SMITH"}],"circlet_count":0,"master_deck":["AscendersBane","Strike_R","Strike_R","Strike_R","Strike_R","Strike_R","Defend_R","Defend_R","Defend_R","Defend_R","Bash","Whirlwind+1","Body Slam+1","Headbutt","Pain","Shockwave+1","Feel No Pain","Seeing Red","Feed"],"relics":["Burning Blood","NeowsBlessing","WarpedTongs","Akabeko","Oddly Smooth Stone"],"acts_visited":["Exordium"],"potions_floor_usage":[13,16,16],"damage_taken":[{"damage":0,"enemies":"Jaw Worm","floor":1,"turns":1},{"damage":0,"enemies":"Small Slimes","floor":2,"turns":1},{"damage":0,"enemies":"Cultist","floor":5,"turns":1},{"damage":11,"enemies":"Blue Slaver","floor":10,"turns":3},{"damage":8,"enemies":"Exordium Thugs","floor":11,"turns":4},{"damage":14,"enemies":"Gremlin Gang","floor":12,"turns":2},{"damage":17,"enemies":"3 Sentries","floor":13,"turns":3},{"damage":7,"enemies":"Large Slime","floor":14,"turns":3},{"damage":48,"enemies":"Hexaghost","floor":16,"turns":10}],"seed_played":"5047346706477861219","potions_obtained":[{"floor":2,"key":"SteroidPotion"},{"floor":10,"key":"Weak Potion"},{"floor":14,"key":"DistilledChaos"}],"is_trial":false,"path_per_floor":["M","M","?","?","M","R","?","R","T","M","M","M","E","M","R","B"],"character_chosen":"IRONCLAD","items_purchased":[],"campfire_rested":0,"item_purchase_floors":[],"current_hp_per_floor":[74,75,75,75,75,75,75,75,75,70,68,60,49,48,48,0,0],"gold":352,"neow_bonus":"THREE_ENEMY_KILL","is_daily":false,"chose_seed":false,"campfire_upgraded":3,"win_rate":0.0,"timestamp":1613832715,"path_taken":["M","M","?","?","?","R","?","R","T","?","M","M","E","M","R","BOSS"],"items_purchased_type":[],"build_version":"2020-12-22","purchased_purges":0,"victory":false,"max_hp_per_floor":[75,75,75,75,75,75,75,75,75,75,75,75,75,75,75,75,75],"card_choices":[{"not_picked":["Warcry","Reckless Charge"],"picked":"Whirlwind","floor":1},{"not_picked":["Flex","Sever Soul"],"picked":"Body Slam","floor":2},{"not_picked":["Body Slam","Iron Wave"],"picked":"Headbutt","floor":5},{"not_picked":["Warcry","Uppercut"],"picked":"Shockwave","floor":10},{"not_picked":["Heavy Blade","Clothesline"],"picked":"Feel No Pain","floor":11},{"not_picked":["Pommel Strike","Thunderclap"],"picked":"Seeing Red","floor":12},{"not_picked":["Shrug It Off","Perfected Strike"],"picked":"Feed","floor":13},{"not_picked":["Clash","Shockwave","Havoc"],"picked":"SKIP","floor":14}],"player_experience":884981,"relics_obtained":[{"floor":9,"key":"Akabeko"},{"floor":13,"key":"Oddly Smooth Stone"}],"event_choices":[{"damage_healed":0,"gold_gain":0,"player_choice":"Ignored","damage_taken":0,"max_hp_gain":0,"max_hp_loss":0,"event_name":"Liars Game","floor":3,"gold_loss":0},{"damage_healed":0,"gold_gain":100,"player_choice":"Gold","damage_taken":0,"max_hp_gain":0,"max_hp_loss":0,"event_name":"Wheel of Change","floor":4,"gold_loss":0},{"damage_healed":0,"gold_gain":0,"player_choice":"Rummage","damage_taken":0,"relics_obtained":["WarpedTongs"],"max_hp_gain":0,"max_hp_loss":0,"event_name":"Accursed Blacksmith","floor":7,"gold_loss":0,"cards_obtained":["Pain"]}],"is_beta":false,"boss_relics":[],"items_purged_floors":[],"is_endless":false,"potions_floor_spawned":[2,10,12,14],"killed_by":"Hexaghost","ascension_level":20}}