{"host":"1vy6j31128f61x2z","time":1613794274,"event":{"mods":["AchievementEnabler","BaseMod","Colored Powertips","Minty Spire (QoL Compilation)","Permanent Neow"],"gold_per_floor":[111,69,86,86,104,137,137,167,167,187,205,223,243,263,263,361,361,373,388,388,388,402,427,445,445,445,445,460,460,491,54,54,156,156,166,166,179,192,210,241,241,253,253,101,111,111,141,157,157,157],"floor_reached":51,"language":"ENG","playtime":3832,"items_purged":["Strike_G"],"score":1106,"play_id":"3d2e3d78-a4cd-4d47-ad65-1f778b672f4f","local_time":"20210219231114","is_ascension_mode":true,"campfire_choices":[{"data":"Bouncing Flask","floor":7.0,"key":"SMITH"},{"data":"Crippling Poison","floor":15.0,"key":"SMITH"},{"data":"Backflip","floor":25.0,"key":"SMITH"},{"data":"Noxious Fumes","floor":27.0,"key":"SMITH"},{"data":"Catalyst","floor":32,"key":"SMITH"},{"data":"Tools of the Trade","floor":41,"key":"SMITH"},{"data":"Footwork","floor":46,"key":"SMITH"},{"floor":49,"key":"REST"}],"circlet_count":0,"master_deck":["Strike_G","Strike_G","Strike_G","Strike_G","Defend_G","Defend_G","Defend_G","Defend_G","Defend_G","Survivor","Neutralize","Quick Slash","Bouncing Flask+1","Backflip+1","Crippling Poison+1","PiercingWail","Noxious Fumes+1","Well Laid Plans","Venomology","Bane","Deadly Poison+1","Deflect","Tools of the Trade+1","Blade Dance+1","Noxious Fumes+1","Backflip+1","Flying Knee+1","Catalyst+1","Adrenaline+1","CurseOfTheBell","Footwork+1","Leg Sweep+1"],"relics":["Ring of the Snake","Nunchaku","Mercury Hourglass","PreservedInsect","HornCleat","HoveringKite","Paper Crane","Matryoshka","Happy Flower","Molten Egg 2","Singing Bowl","Incense Burner","Ancient Tea Set","Calling Bell","Akabeko","Gremlin Horn","StoneCalendar","War Paint","Snake Skull","Blood Vial","Darkstone Periapt","Bottled Lightning"],"acts_visited":["Exordium","TheCity","TheBeyond"],"potions_floor_usage":[33,33,33,37,37,39,39,45,45,45,47,48,50,50,50],"damage_taken":[{"damage":4.0,"enemies":"Small Slimes","floor":1.0,"turns":4.0},{"damage":0.0,"enemies":"Cultist","floor":3.0,"turns":3.0},{"damage":2.0,"enemies":"Jaw Worm","floor":5.0,"turns":5.0},{"damage":9.0,"enemies":"Gremlin Nob","floor":6.0,"turns":4.0},{"damage":5.0,"enemies":"3 Sentries","floor":8.0,"turns":7.0},{"damage":0.0,"enemies":"2 Fungi Beasts","floor":10.0,"turns":2.0},{"damage":3.0,"enemies":"Exordium Thugs","floor":11.0,"turns":5.0},{"damage":0.0,"enemies":"Large Slime","floor":12.0,"turns":4.0},{"damage":0.0,"enemies":"Red Slaver","floor":13.0,"turns":2.0},{"damage":0.0,"enemies":"2 Fungi Beasts","floor":14.0,"turns":4.0},{"damage":0.0,"enemies":"The Guardian","floor":16.0,"turns":8.0},{"damage":0.0,"enemies":"3 Byrds","floor":18.0,"turns":3.0},{"damage":0.0,"enemies":"Spheric Guardian","floor":19.0,"turns":4.0},{"damage":2.0,"enemies":"Snecko","floor":22.0,"turns":4.0},{"damage":1.0,"enemies":"Gremlin Leader","floor":23.0,"turns":5.0},{"damage":13.0,"enemies":"3 Cultists","floor":24.0,"turns":5.0},{"damage":0.0,"enemies":"Centurion and Healer","floor":28.0,"turns":6.0},{"damage":16,"enemies":"Slavers","floor":30,"turns":3},{"damage":0,"enemies":"Automaton","floor":33,"turns":7},{"damage":4,"enemies":"Orb Walker","floor":35,"turns":4},{"damage":4,"enemies":"3 Darklings","floor":37,"turns":4},{"damage":0,"enemies":"Jaw Worm Horde","floor":38,"turns":4},{"damage":9,"enemies":"Maw","floor":39,"turns":5},{"damage":17,"enemies":"Nemesis","floor":40,"turns":5},{"damage":0,"enemies":"4 Shapes","floor":42,"turns":3},{"damage":12,"enemies":"Spire Growth","floor":45,"turns":4},{"damage":0,"enemies":"Giant Head","floor":47,"turns":7},{"damage":2,"enemies":"3 Darklings","floor":48,"turns":3},{"damage":22,"enemies":"Awakened One","floor":50,"turns":12}],"seed_played":"6104652955133415467","potions_obtained":[{"floor":5.0,"key":"Weak Potion"},{"floor":6.0,"key":"Energy Potion"},{"floor":8.0,"key":"DistilledChaos"},{"floor":12.0,"key":"Regen Potion"},{"floor":23.0,"key":"EssenceOfSteel"},{"floor":30,"key":"Poison Potion"},{"floor":35,"key":"DistilledChaos"},{"floor":40,"key":"SpeedPotion"},{"floor":42,"key":"PowerPotion"},{"floor":47,"key":"Explosive Potion"}],"is_trial":false,"path_per_floor":["M","?","M","?","M","E","R","E","T","M","M","M","M","M","R","B",null,"M","M","T","?","M","E","M","R","T","R","M","?","E","$","R","B",null,"M","?","M","M","M","E","R","M","T","$","M","R","E","M","R","B",null],"character_chosen":"THE_SILENT","items_purchased":["Incense Burner","Ancient Tea Set","Footwork"],"campfire_rested":1,"item_purchase_floors":[31,31,44],"current_hp_per_floor":[66,66,66,66,64,55,55,50,50,50,47,47,47,59,59,59,67,67,67,67,67,65,64,51,51,51,51,51,51,37,37,37,37,63,61,61,73,75,68,53,53,55,55,55,57,57,61,63,88,66],"gold":157,"neow_bonus":"RANDOM_COMMON_RELIC","is_daily":false,"chose_seed":false,"campfire_upgraded":7,"win_rate":0.0,"timestamp":1613794274,"path_taken":["M","?","M","?","M","E","R","E","T","?","M","M","M","M","R","BOSS","M","M","?","?","?","E","M","R","T","R","M","?","E","?","R","BOSS","M","?","M","?","M","E","R","M","T","$","M","R","E","M","R","BOSS"],"items_purchased_type":["Relic","Relic","Card"],"build_version":"2020-12-22","purchased_purges":1,"victory":true,"max_hp_per_floor":[70,70,70,70,70,70,70,70,70,70,70,70,70,70,70,70,70,70,70,70,70,70,70,70,70,70,70,70,70,72,72,72,72,72,74,74,76,78,80,82,82,84,84,84,84,84,86,88,88,88],"card_choices":[{"not_picked":["Underhanded Strike","Catalyst"],"picked":"Quick Slash","floor":1.0},{"not_picked":["Acrobatics","Deadly Poison"],"picked":"Bouncing Flask","floor":3.0},{"not_picked":["Concentrate","Bane"],"picked":"PiercingWail","floor":5.0},{"not_picked":["Terror","Underhanded Strike","Reflex"],"picked":"SKIP","floor":6.0},{"not_picked":["Riddle With Holes","Endless Agony"],"picked":"Noxious Fumes","floor":8.0},{"not_picked":["Underhanded Strike","Slice"],"picked":"Well Laid Plans","floor":10.0},{"not_picked":["Outmaneuver","Concentrate"],"picked":"Venomology","floor":11.0},{"not_picked":["Eviscerate","Endless Agony"],"picked":"Bane","floor":12.0},{"not_picked":["Outmaneuver","Reflex"],"picked":"Deadly Poison","floor":13.0},{"not_picked":["Acrobatics","Underhanded Strike"],"picked":"Deflect","floor":14.0},{"not_picked":["Envenom","A Thousand Cuts"],"picked":"Tools of the Trade","floor":16.0},{"not_picked":["Accuracy","Dagger Throw+1"],"picked":"Blade Dance+1","floor":18.0},{"not_picked":["Skewer","Deflect"],"picked":"Noxious Fumes+1","floor":19.0},{"not_picked":["Cloak And Dagger","Flechettes"],"picked":"Backflip+1","floor":22.0},{"not_picked":["Choke+1","Leg Sweep"],"picked":"Flying Knee+1","floor":23.0},{"not_picked":["Flying Knee","Dagger Throw","Cloak And Dagger"],"picked":"SKIP","floor":24.0},{"not_picked":["Poisoned Stab+1","Skewer+1"],"picked":"Catalyst","floor":28.0},{"not_picked":["Backflip","Poisoned Stab+1","Infinite Blades"],"picked":"Singing Bowl","floor":30},{"not_picked":["Envenom","Die Die Die+1"],"picked":"Adrenaline","floor":33},{"not_picked":["Finisher+1","Accuracy","Flechettes+1"],"picked":"Singing Bowl","floor":35},{"not_picked":["Dodge and Roll+1","Bane+1","Backflip"],"picked":"Singing Bowl","floor":37},{"not_picked":["Dodge and Roll","Prepared","Bane+1"],"picked":"Singing Bowl","floor":38},{"not_picked":["Bane+1","PiercingWail","Caltrops+1"],"picked":"Singing Bowl","floor":39},{"not_picked":["Accuracy+1","Tactician","Cloak And Dagger"],"picked":"Singing Bowl","floor":40},{"not_picked":["Slice+1","Deadly Poison","Dodge and Roll"],"picked":"Singing Bowl","floor":42},{"not_picked":["PiercingWail+1","Underhanded Strike+1"],"picked":"Leg Sweep+1","floor":45},{"not_picked":["Heel Hook+1","Phantasmal Killer","Eviscerate+1"],"picked":"Singing Bowl","floor":47},{"not_picked":["Sucker Punch+1","PiercingWail","Blade Dance+1"],"picked":"Singing Bowl","floor":48}],"player_experience":90448,"relics_obtained":[{"floor":6.0,"key":"Mercury Hourglass"},{"floor":8.0,"key":"PreservedInsect"},{"floor":9.0,"key":"HornCleat"},{"floor":20.0,"key":"Paper Crane"},{"floor":23.0,"key":"Matryoshka"},{"floor":26.0,"key":"Happy Flower"},{"floor":26.0,"key":"Molten Egg 2"},{"floor":30,"key":"Singing Bowl"},{"floor":34,"key":"Akabeko"},{"floor":34,"key":"Gremlin Horn"},{"floor":34,"key":"StoneCalendar"},{"floor":36,"key":"War Paint"},{"floor":40,"key":"Snake Skull"},{"floor":43,"key":"Blood Vial"},{"floor":43,"key":"Darkstone Periapt"},{"floor":47,"key":"Bottled Lightning"}],"event_choices":[{"damage_healed":0.0,"max_hp_gain":0.0,"max_hp_loss":0.0,"gold_gain":0.0,"event_name":"World of Goop","player_choice":"Left Gold","floor":2.0,"gold_loss":42.0,"damage_taken":0.0},{"damage_healed":0.0,"max_hp_gain":0.0,"max_hp_loss":0.0,"gold_gain":0.0,"event_name":"Match and Keep!","player_choice":"2 cards matched","floor":4.0,"gold_loss":0.0,"damage_taken":0.0,"cards_obtained":["Backflip","Crippling Poison"]},{"damage_healed":0.0,"max_hp_gain":0.0,"max_hp_loss":0.0,"gold_gain":0.0,"event_name":"Vampires","player_choice":"Ignored","floor":21.0,"gold_loss":0.0,"damage_taken":0.0},{"damage_healed":0.0,"max_hp_gain":0.0,"max_hp_loss":0.0,"gold_gain":0.0,"event_name":"N\u0027loth","player_choice":"Ignored","floor":29.0,"gold_loss":0.0,"damage_taken":0.0},{"damage_healed":0,"gold_gain":0,"player_choice":"Relic","damage_taken":0,"max_hp_gain":0,"max_hp_loss":0,"event_name":"Wheel of Change","floor":36,"gold_loss":0}],"is_beta":false,"boss_relics":[{"not_picked":["Busted Crown","SacredBark"],"picked":"HoveringKite"},{"not_picked":["Velvet Choker","Snecko Eye"],"picked":"Calling Bell"}],"items_purged_floors":[44],"is_endless":false,"potions_floor_spawned":[5,6,8,12,13,19,23,30,35,40,42,47],"ascension_level":5}}