{"host":"ju1b3c4x8n2jtjm7","time":1613845384,"event":{"mods":["AchievementEnabler","BaseMod","Colored Map","Colored Powertips","Highlight Path","Minty Spire (QoL Compilation)","Quick Restart","Rare Cards Sparkle","Relic Stats"],"gold_per_floor":[111,121,46,63,81,81,113,113,113,141,141,160,183,196,196,296,296,308,351,368,387,302,302,339,399,399,399,439,111,111,111,111,215,215,256,306,306,5,5,31,78,124,124,124,165,165,165,165],"floor_reached":47,"language":"ENG","playtime":4441,"items_purged":["Defend_P","Strike_P","DeceiveReality"],"score":779,"play_id":"4c967267-2216-4ae9-a9c1-54cfb286ed3f","local_time":"20210220192304","is_ascension_mode":true,"campfire_choices":[{"data":"ReachHeaven","floor":6.0,"key":"SMITH"},{"data":"Vault","floor":8.0,"key":"SMITH"},{"data":"WheelKick","floor":11.0,"key":"SMITH"},{"data":"Wallop","floor":15.0,"key":"SMITH"},{"data":"Worship","floor":23.0,"key":"SMITH"},{"data":"Wish","floor":27.0,"key":"SMITH"},{"data":"Wireheading","floor":32.0,"key":"SMITH"},{"data":"Blasphemy","floor":44.0,"key":"SMITH"},{"data":"Chrysalis","floor":46.0,"key":"SMITH"}],"circlet_count":0,"master_deck":["Defend_P+1","Defend_P+1","Eruption+1","Vigilance","ReachHeaven+1","Crescendo","Vault+1","WheelKick+1","Worship+1","Wallop+1","Wish+1","EmptyFist+1","ClearTheMind+1","CrushJoints+1","Consecrate+1","Wireheading+1","Blasphemy+1","Nirvana+1","Swivel+1","Halt+1","Chrysalis+1","Ragnarok","TalkToTheHand+1","Prostrate+1","Vault"],"relics":["Sozu","PreservedInsect","Bottled Lightning","Mango","Odd Mushroom","SlaversCollar","Ice Cream","Shovel","Toolbox","Singing Bowl","Astrolabe","Turnip","Whetstone","GoldenEye"],"acts_visited":["Exordium","TheCity","TheBeyond"],"potions_floor_usage":[],"damage_taken":[{"damage":0.0,"enemies":"Cultist","floor":1.0,"turns":2.0},{"damage":0.0,"enemies":"Small Slimes","floor":2.0,"turns":2.0},{"damage":0.0,"enemies":"Jaw Worm","floor":4.0,"turns":4.0},{"damage":0.0,"enemies":"Red Slaver","floor":5.0,"turns":4.0},{"damage":6.0,"enemies":"Gremlin Nob","floor":7.0,"turns":3.0},{"damage":0.0,"enemies":"Lagavulin","floor":10.0,"turns":3.0},{"damage":0.0,"enemies":"Exordium Wildlife","floor":12.0,"turns":3.0},{"damage":0.0,"enemies":"The Mushroom Lair","floor":13.0,"turns":3.0},{"damage":0.0,"enemies":"Large Slime","floor":14.0,"turns":3.0},{"damage":13.0,"enemies":"The Guardian","floor":16.0,"turns":8.0},{"damage":2.0,"enemies":"2 Thieves","floor":18.0,"turns":4.0},{"damage":0.0,"enemies":"Chosen","floor":19.0,"turns":4.0},{"damage":14.0,"enemies":"3 Cultists","floor":20.0,"turns":4.0},{"damage":10.0,"enemies":"Shelled Parasite and Fungi","floor":21.0,"turns":7.0},{"damage":5.0,"enemies":"Centurion and Healer","floor":24.0,"turns":6.0},{"damage":7.0,"enemies":"Slavers","floor":25.0,"turns":4.0},{"damage":0.0,"enemies":"Chosen and Byrds","floor":28.0,"turns":4.0},{"damage":16.0,"enemies":"Champ","floor":33.0,"turns":7.0},{"damage":0.0,"enemies":"3 Shapes","floor":35.0,"turns":6.0},{"damage":0.0,"enemies":"Mind Bloom Boss Battle","floor":36.0,"turns":2.0},{"damage":12.0,"enemies":"Giant Head","floor":40.0,"turns":5.0},{"damage":1.0,"enemies":"Orb Walker","floor":41.0,"turns":5.0},{"damage":5.0,"enemies":"4 Shapes","floor":42.0,"turns":8.0},{"damage":10.0,"enemies":"Sphere and 2 Shapes","floor":45.0,"turns":6.0},{"damage":63,"enemies":"Nemesis","floor":47,"turns":4}],"seed_played":"-5691705870470824000","potions_obtained":[],"is_trial":false,"path_per_floor":["M","M","$","M","M","R","E","R","T","E","R","M","?","M","R","B",null,"M","M","M","M","?","R","M","E","T","R","M","$","?","T","R","B",null,"M","?","?","$","?","E","M","M","T","R","M","R","E"],"character_chosen":"WATCHER","items_purchased":["Toolbox","Wireheading","Chrysalis"],"campfire_rested":0,"item_purchase_floors":[29,29,38],"current_hp_per_floor":[65,65,65,65,65,65,59,59,59,73,73,73,73,73,73,60,80,78,78,64,54,54,54,49,42,42,42,42,42,42,42,42,26,71,73,75,75,75,75,63,62,57,57,57,47,47,0,0],"gold":165,"neow_bonus":"BOSS_RELIC","is_daily":false,"chose_seed":false,"campfire_upgraded":9,"win_rate":0.0,"timestamp":1613845384,"path_taken":["M","M","?","M","M","R","E","R","T","E","R","M","?","M","R","BOSS","M","M","M","M","?","R","M","E","T","R","M","$","?","?","R","BOSS","M","?","?","$","?","E","M","?","T","R","M","R","E"],"items_purchased_type":["Relic","Card","Card"],"build_version":"2020-12-22","purchased_purges":3,"victory":false,"max_hp_per_floor":[72,72,72,72,72,72,72,72,72,86,86,86,86,86,86,86,86,86,86,86,86,86,86,86,86,86,86,86,86,86,86,86,86,86,88,90,85,85,85,85,85,85,85,85,85,85,85,85],"relic_stats":{"Sozu":13,"Shovel":0,"Singing Bowl":4,"counters":[25,111],"Astrolabe":["Nirvana","Swivel","Halt"],"PreservedInsect":249,"Turnip":[5],"Whetstone":["CrushJoints","Eruption"],"GoldenEye":[8],"obtain_stats":[{"Ice Cream":22,"Singing Bowl":31,"Astrolabe":34,"Mango":10,"PreservedInsect":7,"Whetstone":40,"Odd Mushroom":13,"GoldenEye":43,"Sozu":0,"SlaversCollar":17,"Shovel":25,"Toolbox":29,"Turnip":36,"Bottled Lightning":9,"PureWater":0},{"Ice Cream":14,"Singing Bowl":17,"Astrolabe":18,"Mango":6,"PreservedInsect":5,"Whetstone":21,"Odd Mushroom":8,"GoldenEye":23,"Sozu":0,"SlaversCollar":10,"Shovel":16,"Toolbox":17,"Turnip":20,"Bottled Lightning":5,"PureWater":0},{"Ice Cream":54,"Singing Bowl":68,"Astrolabe":75,"Mango":18,"PreservedInsect":15,"Whetstone":88,"Odd Mushroom":24,"GoldenEye":101,"Sozu":0,"SlaversCollar":35,"Shovel":64,"Toolbox":68,"Turnip":83,"Bottled Lightning":15,"PureWater":0}]},"card_choices":[{"not_picked":["Evaluate","Wireheading"],"picked":"ReachHeaven","floor":1.0},{"not_picked":["SignatureMove","WindmillStrike"],"picked":"DeceiveReality","floor":2.0},{"not_picked":["Prostrate","Consecrate","WindmillStrike"],"picked":"SKIP","floor":4.0},{"not_picked":["Prostrate","Consecrate","WindmillStrike"],"picked":"SKIP","floor":4.0},{"not_picked":["Sanctity","Meditate"],"picked":"Crescendo","floor":5.0},{"not_picked":["Evaluate","PathToVictory"],"picked":"Vault","floor":7.0},{"not_picked":["Pray","Consecrate"],"picked":"WheelKick","floor":10.0},{"not_picked":["CrushJoints","FlurryOfBlows"],"picked":"Worship","floor":12.0},{"not_picked":["EmptyMind","Fasting2"],"picked":"Wallop","floor":14.0},{"not_picked":["SpiritShield","Judgement"],"picked":"Wish","floor":16.0},{"not_picked":["ForeignInfluence","WindmillStrike"],"picked":"EmptyFist+1","floor":18.0},{"not_picked":["Tantrum","ReachHeaven"],"picked":"ClearTheMind+1","floor":19.0},{"not_picked":["Crescendo","SashWhip","PathToVictory+1"],"picked":"SKIP","floor":20.0},{"not_picked":["Perseverance","EmptyBody","Prostrate"],"picked":"SKIP","floor":21.0},{"not_picked":["Halt","JustLucky"],"picked":"CrushJoints","floor":24.0},{"not_picked":["ClearTheMind","WheelKick"],"picked":"Consecrate+1","floor":25.0},{"not_picked":["Collect","Tantrum","CutThroughFate"],"picked":"SKIP","floor":28.0},{"not_picked":["ConjureBlade","SpiritShield"],"picked":"Blasphemy","floor":33.0},{"not_picked":["Study","Pray","Evaluate+1"],"picked":"Singing Bowl","floor":35.0},{"not_picked":["FearNoEvil","JustLucky","CutThroughFate+1"],"picked":"Singing Bowl","floor":36.0},{"not_picked":["LessonLearned","Consecrate"],"picked":"Ragnarok","floor":40.0},{"not_picked":["JustLucky+1","BattleHymn+1"],"picked":"TalkToTheHand+1","floor":41.0},{"not_picked":["EmptyFist+1","InnerPeace+1"],"picked":"Prostrate+1","floor":42.0},{"not_picked":["Prostrate+1","Consecrate"],"picked":"Vault","floor":45.0}],"player_experience":429259,"relics_obtained":[{"floor":7.0,"key":"PreservedInsect"},{"floor":9.0,"key":"Bottled Lightning"},{"floor":10.0,"key":"Mango"},{"floor":13.0,"key":"Odd Mushroom"},{"floor":25.0,"key":"Shovel"},{"floor":31.0,"key":"Singing Bowl"},{"floor":36.0,"key":"Turnip"},{"floor":40.0,"key":"Whetstone"},{"floor":43.0,"key":"GoldenEye"}],"event_choices":[{"damage_healed":0.0,"max_hp_gain":0.0,"max_hp_loss":0.0,"gold_gain":0.0,"event_name":"Mushrooms","player_choice":"Fought Mushrooms","floor":13.0,"gold_loss":0.0,"damage_taken":0.0},{"damage_healed":0.0,"max_hp_gain":0.0,"max_hp_loss":0.0,"gold_gain":0.0,"event_name":"Addict","player_choice":"Obtained Relic","floor":22.0,"gold_loss":85.0,"damage_taken":0.0,"relics_obtained":["Ice Cream"]},{"damage_healed":0.0,"max_hp_gain":0.0,"max_hp_loss":0.0,"gold_gain":0.0,"event_name":"Back to Basics","player_choice":"Simplicity","floor":30.0,"gold_loss":0.0,"damage_taken":0.0,"cards_upgraded":["Strike_P","Strike_P","Strike_P","Defend_P","Defend_P","Defend_P"]},{"damage_healed":0.0,"max_hp_gain":0.0,"max_hp_loss":0.0,"gold_gain":0.0,"event_name":"MindBloom","player_choice":"Fight","floor":36.0,"gold_loss":0.0,"damage_taken":0.0},{"damage_healed":0.0,"max_hp_gain":0.0,"max_hp_loss":5.0,"gold_gain":0.0,"event_name":"Winding Halls","player_choice":"Max HP","floor":37.0,"gold_loss":0.0,"damage_taken":0.0},{"cards_removed":["Defend_P"],"damage_healed":0.0,"max_hp_gain":0.0,"max_hp_loss":0.0,"gold_gain":0.0,"event_name":"Falling","player_choice":"Removed Skill","floor":39.0,"gold_loss":0.0,"damage_taken":0.0}],"is_beta":false,"boss_relics":[{"not_picked":["Calling Bell","Runic Dome"],"picked":"SlaversCollar"},{"not_picked":["Tiny House","Pandora\u0027s Box"],"picked":"Astrolabe"}],"items_purged_floors":[3,29,38],"is_endless":false,"potions_floor_spawned":[5,7,12,14,16,18,19,20,25,36,40,41,45],"killed_by":"Nemesis","ascension_level":9}}