{"host":"6406jj8da6015sxr","time":1613817901,"event":{"mods":["AchievementEnabler","BaseMod","Colored Map","DeckTracker","Keyboard Shortcuts","Minty Spire (QoL Compilation)","Permanent Neow","Relic Stats","SuperFastMode","everything is the same but u backflip on backflip"],"gold_per_floor":[119,136,149,21,36,36,55,55,80,80,80,124,137,37,37,136,136,161,161,161,76,22,22,56,75,75,75,93,93,16,39,39,132,132,155,155,179,179,26,359,359,397,470,483,46,65,65,80,80,80,80],"floor_reached":50,"language":"KOR","playtime":2420,"items_purged":["Defend_G","Strike_G","Strike_G","Strike_G"],"score":1096,"play_id":"898c1a78-5c9d-4411-a387-62c3905afaad","local_time":"20210220194501","is_ascension_mode":true,"campfire_choices":[{"data":"Noxious Fumes","floor":6.0,"key":"SMITH"},{"data":"Neutralize","floor":8.0,"key":"SMITH"},{"floor":10.0,"key":"REST"},{"data":"Malaise","floor":15.0,"key":"SMITH"},{"data":"Blade Dance","floor":23.0,"key":"SMITH"},{"data":"Blade Dance","floor":27.0,"key":"SMITH"},{"data":"Adrenaline","floor":29.0,"key":"SMITH"},{"data":"Calculated Gamble","floor":32.0,"key":"SMITH"},{"data":"Tactician","floor":47,"key":"SMITH"},{"floor":49,"key":"REST"}],"circlet_count":0,"master_deck":["AscendersBane","Defend_G","Defend_G","Defend_G","Defend_G","Survivor","Neutralize+1","Crippling Poison","Backflip","Noxious Fumes+1","PiercingWail","Blade Dance+1","Finisher","Malaise+1","Escape Plan","Adrenaline+1","Calculated Gamble+1","Blade Dance+1","Tactician","Blur","Prepared","Leg Sweep","Cloak And Dagger","Storm of Steel","Impatience","Accuracy+1","Acrobatics","Tactician+1"],"relics":["Ring of the Snake","Centennial Puzzle","Golden Idol","Toy Ornithopter","WristBlade","Potion Belt","Dream Catcher","Bag of Preparation","Busted Crown","Old Coin","Akabeko","Pantograph"],"acts_visited":["Exordium","TheCity","TheBeyond"],"potions_floor_usage":[42,50],"damage_taken":[{"damage":2.0,"enemies":"Cultist","floor":1.0,"turns":5.0},{"damage":2.0,"enemies":"Jaw Worm","floor":2.0,"turns":5.0},{"damage":4.0,"enemies":"2 Louse","floor":3.0,"turns":3.0},{"damage":0.0,"enemies":"Looter","floor":5.0,"turns":3.0},{"damage":14.0,"enemies":"Exordium Wildlife","floor":7.0,"turns":5.0},{"damage":7.0,"enemies":"Lagavulin","floor":12.0,"turns":6.0},{"damage":7.0,"enemies":"Blue Slaver","floor":13.0,"turns":3.0},{"damage":0.0,"enemies":"The Guardian","floor":16.0,"turns":12.0},{"damage":2.0,"enemies":"Shell Parasite","floor":18.0,"turns":6.0},{"damage":12.0,"enemies":"Slavers","floor":24.0,"turns":4.0},{"damage":1.0,"enemies":"3 Byrds","floor":25.0,"turns":3.0},{"damage":0.0,"enemies":"Cultist and Chosen","floor":28.0,"turns":3.0},{"damage":0.0,"enemies":"Shelled Parasite and Fungi","floor":31.0,"turns":3.0},{"damage":43.0,"enemies":"Automaton","floor":33.0,"turns":10.0},{"damage":0.0,"enemies":"Orb Walker","floor":35.0,"turns":2.0},{"damage":0,"enemies":"3 Shapes","floor":37,"turns":4},{"damage":29,"enemies":"Nemesis","floor":40,"turns":7},{"damage":5,"enemies":"Reptomancer","floor":42,"turns":5},{"damage":2,"enemies":"Writhing Mass","floor":44,"turns":7},{"damage":2,"enemies":"Maw","floor":46,"turns":4},{"damage":13,"enemies":"Sphere and 2 Shapes","floor":48,"turns":4},{"damage":56,"enemies":"Time Eater","floor":50,"turns":12}],"seed_played":"-2563914882899619623","potions_obtained":[{"floor":1.0,"key":"Block Potion"},{"floor":2.0,"key":"LiquidBronze"},{"floor":3.0,"key":"Poison Potion"},{"floor":16.0,"key":"PowerPotion"},{"floor":25.0,"key":"AttackPotion"},{"floor":28.0,"key":"SkillPotion"},{"floor":33.0,"key":"AttackPotion"},{"floor":40,"key":"Fire Potion"},{"floor":44,"key":"SpeedPotion"},{"floor":48,"key":"Explosive Potion"}],"is_trial":false,"path_per_floor":["M","M","M","$","M","R","M","R","T","R","?","E","M","$","R","B",null,"M","?","?","?","$","R","E","M","T","R","M","R","$","M","R","B",null,"M","?","M","?","$","E","T","E","T","M","$","M","R","M","R","B"],"character_chosen":"THE_SILENT","items_purchased":["Blade Dance","Energy Potion","Leg Sweep","Acrobatics","Pantograph"],"campfire_rested":2,"item_purchase_floors":[4,22,30,39,45],"current_hp_per_floor":[42,40,36,36,36,36,22,22,22,41,41,34,27,27,27,27,52,50,50,50,50,50,50,43,42,42,42,47,47,47,47,47,14,49,54,54,54,54,54,25,25,25,25,23,23,21,21,8,26,0,0],"gold":80,"neow_bonus":"TRANSFORM_TWO_CARDS","is_daily":false,"chose_seed":false,"campfire_upgraded":8,"win_rate":0.0,"timestamp":1613817901,"path_taken":["M","M","M","$","M","R","M","R","T","R","?","E","M","$","R","BOSS","M","?","?","?","$","R","E","M","T","R","M","R","$","M","R","BOSS","M","?","M","?","?","E","?","E","T","M","?","M","R","M","R","BOSS"],"items_purchased_type":["Card","Potion","Card","Card","Relic"],"build_version":"2020-12-22","purchased_purges":4,"victory":false,"max_hp_per_floor":[66,66,66,66,66,66,66,66,66,66,60,60,60,60,60,60,60,60,60,60,60,60,60,60,60,60,60,60,60,60,60,60,60,60,60,60,60,60,60,60,60,60,60,60,60,60,60,60,60,60,60],"relic_stats":{"Centennial Puzzle":[36],"Dream Catcher":1,"Busted Crown":18,"counters":[22,116],"Golden Idol":111,"Pantograph":25,"Bag of Preparation":[22],"obtain_stats":[{"Potion Belt":21,"Centennial Puzzle":9,"Dream Catcher":24,"Busted Crown":34,"WristBlade":17,"Golden Idol":11,"Pantograph":45,"Bag of Preparation":26,"Toy Ornithopter":12,"Akabeko":41,"Ring of the Snake":0,"Old Coin":40},{"Potion Belt":9,"Centennial Puzzle":5,"Dream Catcher":10,"Busted Crown":14,"WristBlade":8,"Golden Idol":5,"Pantograph":19,"Bag of Preparation":11,"Toy Ornithopter":6,"Akabeko":17,"Ring of the Snake":0,"Old Coin":17},{"Potion Belt":48,"Centennial Puzzle":21,"Dream Catcher":52,"Busted Crown":71,"WristBlade":42,"Golden Idol":21,"Pantograph":96,"Bag of Preparation":55,"Toy Ornithopter":27,"Akabeko":84,"Ring of the Snake":0,"Old Coin":84}],"Toy Ornithopter":35,"Ring of the Snake":[44]},"card_choices":[{"not_picked":["Deflect","Outmaneuver"],"picked":"Noxious Fumes","floor":1.0},{"not_picked":["PiercingWail","Outmaneuver"],"picked":"Quick Slash","floor":2.0},{"not_picked":["Riddle With Holes","Sucker Punch"],"picked":"PiercingWail","floor":3.0},{"not_picked":["Deflect","Sucker Punch","Prepared"],"picked":"SKIP","floor":5.0},{"not_picked":["Burst","Riddle With Holes"],"picked":"Finisher","floor":7.0},{"not_picked":["Underhanded Strike","Slice"],"picked":"Malaise","floor":12.0},{"not_picked":["Flying Knee","Deadly Poison"],"picked":"Escape Plan","floor":13.0},{"not_picked":["Bullet Time","Phantasmal Killer"],"picked":"Adrenaline","floor":16.0},{"not_picked":["Riddle With Holes","Quick Slash"],"picked":"Calculated Gamble","floor":18.0},{"not_picked":["Poisoned Stab","Bullet Time"],"picked":"Tactician","floor":24.0},{"not_picked":["Poisoned Stab","Leg Sweep"],"picked":"Blur","floor":25.0},{"not_picked":["Quick Slash","Backflip"],"picked":"Prepared","floor":28.0},{"not_picked":["Flying Knee","Deadly Poison"],"picked":"Cloak And Dagger","floor":31.0},{"not_picked":["Night Terror","Doppelganger"],"picked":"Storm of Steel","floor":33.0},{"not_picked":["Dagger Throw"],"picked":"SKIP","floor":35.0},{"not_picked":[],"picked":"Impatience","floor":36},{"not_picked":[],"picked":"Accuracy+1","floor":37},{"not_picked":["Setup+1"],"picked":"SKIP","floor":40},{"not_picked":["Dagger Throw+1"],"picked":"SKIP","floor":42},{"not_picked":["Deflect"],"picked":"SKIP","floor":44},{"not_picked":[],"picked":"Tactician","floor":46},{"not_picked":["Underhanded Strike"],"picked":"SKIP","floor":48}],"player_experience":59837,"relics_obtained":[{"floor":9.0,"key":"Centennial Puzzle"},{"floor":12.0,"key":"Toy Ornithopter"},{"floor":24.0,"key":"Dream Catcher"},{"floor":26.0,"key":"Bag of Preparation"},{"floor":40,"key":"Old Coin"},{"floor":41,"key":"Akabeko"}],"event_choices":[{"damage_healed":0.0,"max_hp_gain":0.0,"max_hp_loss":6.0,"gold_gain":0.0,"event_name":"Golden Idol","player_choice":"Lose Max HP","floor":11.0,"gold_loss":0.0,"damage_taken":0.0,"relics_obtained":["Golden Idol"]},{"damage_healed":0.0,"max_hp_gain":0.0,"max_hp_loss":0.0,"gold_gain":0.0,"event_name":"The Mausoleum","player_choice":"Ignored","floor":19.0,"gold_loss":0.0,"damage_taken":0.0},{"damage_healed":0.0,"max_hp_gain":0.0,"max_hp_loss":0.0,"gold_gain":0.0,"event_name":"The Library","player_choice":"Read","floor":20.0,"gold_loss":0.0,"damage_taken":0.0,"cards_obtained":["Blade Dance"]},{"damage_healed":0.0,"max_hp_gain":0.0,"max_hp_loss":0.0,"gold_gain":0.0,"event_name":"Addict","player_choice":"Obtained Relic","floor":21.0,"gold_loss":85.0,"damage_taken":0.0,"relics_obtained":["Potion Belt"]},{"damage_healed":0,"gold_gain":0,"player_choice":"Memory 1","damage_taken":0,"max_hp_gain":0,"max_hp_loss":0,"event_name":"SensoryStone","floor":36,"gold_loss":0},{"cards_removed":["Quick Slash"],"damage_healed":0,"gold_gain":0,"player_choice":"Removed Attack","damage_taken":0,"max_hp_gain":0,"max_hp_loss":0,"event_name":"Falling","floor":38,"gold_loss":0}],"is_beta":false,"boss_relics":[{"not_picked":["Black Star","SlaversCollar"],"picked":"WristBlade"},{"not_picked":["Sozu","Fusion Hammer"],"picked":"Busted Crown"}],"items_purged_floors":[4,14,39,45],"is_endless":false,"potions_floor_spawned":[1,2,3,16,25,28,33,40,44,48],"killed_by":"Time Eater","ascension_level":16}}