{"host":"bxn2em57qlx5u4i0","time":1613779981,"event":{"mods":["BaseMod","Colored Map","Colored Powertips","Highlight Path","Minty Spire (QoL Compilation)","Random Character Button","Relic Sorter","Relic Stats","StSLib","SuperFastMode"],"gold_per_floor":[116,31,31,44,119,162,181,24,47,47,88,88,88,106,106,205,205,228,41,54,4,27,27,58,58,81,81,117,117,133,133,133,223,223,243,24,24,49,382,382,402,437,461,472,70,0,0,39,51,63,75,75],"floor_reached":51,"language":"ENG","playtime":1283,"items_purged":["Strike_G","Strike_G","Poisoned Stab"],"score":1523,"play_id":"1b74c61a-7c78-4615-b666-51f7d0739f21","local_time":"20210219191301","is_ascension_mode":true,"campfire_choices":[{"data":"Catalyst","floor":10.0,"key":"SMITH"},{"data":"Catalyst","floor":13.0,"key":"SMITH"},{"data":"Crippling Poison","floor":15.0,"key":"SMITH"},{"floor":23.0,"key":"REST"},{"data":"Catalyst","floor":27.0,"key":"SMITH"},{"data":"Tools of the Trade","floor":29.0,"key":"SMITH"},{"floor":32.0,"key":"REST"},{"data":"Bullet Time","floor":40.0,"key":"SMITH"},{"floor":49.0,"key":"RECALL"}],"circlet_count":0,"master_deck":["AscendersBane","Defend_G","Defend_G","Defend_G","Defend_G","Defend_G","Survivor","Neutralize","Catalyst+1","Escape Plan","Envenom","Crippling Poison+1","Catalyst+1","After Image","Reflex","Tools of the Trade+1","Catalyst+1","PiercingWail","Reflex","Venomology","Deflect","Bullet Time+1","Acrobatics","Tactician+1","Noxious Fumes","Apotheosis+1","Footwork","Bullet Time+1","Malaise+1","Reflex+1","Concentrate+1","Bandage Up+1","Doppelganger+1"],"relics":["Ring of the Snake","NeowsBlessing","Ancient Tea Set","Membership Card","Art of War","Pen Nib","Dream Catcher","Empty Cage","Happy Flower","Potion Belt","SacredBark","Toxic Egg 2","CeramicFish","Regal Pillow","Bag of Marbles","Orrery","Red Mask","MawBank"],"acts_visited":["Exordium","TheCity","TheBeyond"],"potions_floor_usage":[51],"damage_taken":[{"damage":0.0,"enemies":"Small Slimes","floor":1.0,"turns":1.0},{"damage":0.0,"enemies":"2 Louse","floor":4.0,"turns":1.0},{"damage":0.0,"enemies":"Lagavulin","floor":6.0,"turns":1.0},{"damage":9.0,"enemies":"Jaw Worm","floor":7.0,"turns":5.0},{"damage":23.0,"enemies":"3 Sentries","floor":11.0,"turns":9.0},{"damage":0.0,"enemies":"Red Slaver","floor":14.0,"turns":3.0},{"damage":6.0,"enemies":"Hexaghost","floor":16.0,"turns":8.0},{"damage":0.0,"enemies":"Chosen","floor":18.0,"turns":4.0},{"damage":7.0,"enemies":"3 Byrds","floor":20.0,"turns":5.0},{"damage":24.0,"enemies":"Shelled Parasite and Fungi","floor":22.0,"turns":4.0},{"damage":4.0,"enemies":"Book of Stabbing","floor":24.0,"turns":5.0},{"damage":15.0,"enemies":"Slavers","floor":28.0,"turns":5.0},{"damage":10.0,"enemies":"Chosen and Byrds","floor":30.0,"turns":5.0},{"damage":9.0,"enemies":"Champ","floor":33.0,"turns":4.0},{"damage":19.0,"enemies":"3 Darklings","floor":35.0,"turns":4.0},{"damage":0.0,"enemies":"Orb Walker","floor":38.0,"turns":4.0},{"damage":7.0,"enemies":"Maw","floor":41.0,"turns":7.0},{"damage":15.0,"enemies":"Giant Head","floor":42.0,"turns":5.0},{"damage":0.0,"enemies":"Writhing Mass","floor":44.0,"turns":5.0},{"damage":12.0,"enemies":"Nemesis","floor":48.0,"turns":3.0},{"damage":3.0,"enemies":"Time Eater","floor":50.0,"turns":4.0},{"damage":10,"enemies":"Donu and Deca","floor":51,"turns":2}],"seed_played":"7745617643640647666","potions_obtained":[{"floor":4.0,"key":"Poison Potion"},{"floor":6.0,"key":"Explosive Potion"},{"floor":18.0,"key":"Strength Potion"},{"floor":24.0,"key":"LiquidMemories"},{"floor":28.0,"key":"Fire Potion"},{"floor":42.0,"key":"PowerPotion"},{"floor":44.0,"key":"CunningPotion"},{"floor":48.0,"key":"CultistPotion"}],"is_trial":false,"path_per_floor":["M","$","?","M","?","E","M","$","T","R","E","?","R","M","R","B",null,"M","$","M","$","M","R","E","?","T","R","E","R","M","?","R","B",null,"M","$","?","M","?","R","M","E","T","M","$","?","$","E","R","B","B"],"character_chosen":"THE_SILENT","items_purchased":["Catalyst","Membership Card","Reflex","Tools of the Trade","Catalyst","Toxic Egg 2","Tactician+1","Noxious Fumes","Bag of Marbles","Apotheosis+1","Footwork","Orrery","Concentrate+1","PowerPotion","Bandage Up+1"],"campfire_rested":2,"item_purchase_floors":[2,8,19,19,19,36,36,36,45,45,45,45,45,45,45],"current_hp_per_floor":[59,59,59,59,48,48,39,39,39,39,16,16,16,16,16,10,48,48,48,41,41,17,35,31,43,43,43,28,28,18,6,24,15,49,30,30,30,30,30,30,23,8,8,8,8,8,8,2,2,5,0,0],"gold":75,"neow_bonus":"THREE_ENEMY_KILL","is_daily":false,"chose_seed":false,"campfire_upgraded":6,"win_rate":0.0,"timestamp":1613779981,"path_taken":["M","$","?","M","?","E","M","$","T","R","E","?","R","M","R","BOSS","M","$","M","$","M","R","E","?","T","R","E","R","M","?","R","BOSS","M","$","?","?","?","R","M","E","T","M","$","?","?","E","R","BOSS","BOSS"],"items_purchased_type":["Card","Relic","Card","Card","Card","Relic","Card","Card","Relic","Card","Card","Relic","Card","Potion","Card"],"build_version":"2020-12-22","purchased_purges":3,"victory":false,"max_hp_per_floor":[66,66,60,60,60,60,60,60,60,60,60,60,60,60,60,60,60,60,60,60,60,60,60,60,60,60,60,60,60,60,60,60,60,60,60,60,60,60,60,60,60,60,60,60,60,60,60,60,60,60,60,60],"relic_stats":{"Dream Catcher":2,"Regal Pillow":0,"Happy Flower":[16],"counters":[22,94],"CeramicFish":72,"Pen Nib":[6],"Art of War":[28],"MawBank":36,"obtain_stats":[{"Potion Belt":28,"Regal Pillow":43,"NeowsBlessing":0,"Happy Flower":24,"Golden Idol":3,"SacredBark":34,"CeramicFish":42,"Pen Nib":11,"Ancient Tea Set":6,"Empty Cage":17,"MawBank":48,"Dream Catcher":12,"Orrery":45,"Art of War":9,"Bag of Marbles":45,"Red Mask":46,"Membership Card":8,"Toxic Egg 2":36,"Ring of the Snake":0},{"Potion Belt":12,"Regal Pillow":18,"NeowsBlessing":0,"Happy Flower":11,"Golden Idol":1,"SacredBark":14,"CeramicFish":18,"Pen Nib":5,"Ancient Tea Set":3,"Empty Cage":7,"MawBank":20,"Dream Catcher":5,"Orrery":19,"Art of War":4,"Bag of Marbles":19,"Red Mask":19,"Membership Card":4,"Toxic Egg 2":15,"Ring of the Snake":0},{"Potion Belt":51,"Regal Pillow":80,"NeowsBlessing":0,"Happy Flower":46,"Golden Idol":1,"SacredBark":60,"CeramicFish":80,"Pen Nib":17,"Ancient Tea Set":3,"Empty Cage":28,"MawBank":88,"Dream Catcher":17,"Orrery":85,"Art of War":8,"Bag of Marbles":85,"Red Mask":85,"Membership Card":8,"Toxic Egg 2":64,"Ring of the Snake":0}],"Ring of the Snake":[44]},"card_choices":[{"not_picked":["Cloak And Dagger","Setup"],"picked":"Poisoned Stab","floor":1.0},{"not_picked":["Dodge and Roll","Prepared"],"picked":"Escape Plan","floor":4.0},{"not_picked":["All Out Attack","Acrobatics"],"picked":"Envenom","floor":6.0},{"not_picked":["Deadly Poison","Dagger Throw"],"picked":"Crippling Poison","floor":7.0},{"not_picked":["Bane","Prepared"],"picked":"Catalyst","floor":11.0},{"not_picked":["Setup","Dash","Outmaneuver"],"picked":"SKIP","floor":14.0},{"not_picked":["Grand Finale","Malaise"],"picked":"After Image","floor":16.0},{"not_picked":["Outmaneuver","Slice","Riddle With Holes"],"picked":"SKIP","floor":18.0},{"not_picked":["Outmaneuver","Finisher+1","Slice"],"picked":"SKIP","floor":20.0},{"not_picked":["Poisoned Stab","Caltrops"],"picked":"PiercingWail","floor":22.0},{"not_picked":["Bane","Poisoned Stab"],"picked":"Reflex","floor":24.0},{"not_picked":["Outmaneuver+1","Cloak And Dagger","Backstab"],"picked":"SKIP","floor":28.0},{"not_picked":["PiercingWail","Acrobatics"],"picked":"Venomology","floor":30.0},{"not_picked":["Underhanded Strike","Quick Slash"],"picked":"Deflect","floor":32.0},{"not_picked":["Night Terror","Glass Knife"],"picked":"Bullet Time","floor":33.0},{"not_picked":["All Out Attack","Dagger Spray+1"],"picked":"Acrobatics","floor":35.0},{"not_picked":["Terror+1","Deadly Poison+1","Cloak And Dagger+1"],"picked":"SKIP","floor":38.0},{"not_picked":["Accuracy+1","PiercingWail+1","All Out Attack"],"picked":"SKIP","floor":41.0},{"not_picked":["Deadly Poison+1","Infinite Blades","PiercingWail+1"],"picked":"SKIP","floor":42.0},{"not_picked":["Deflect+1","Sucker Punch","Finisher"],"picked":"SKIP","floor":44.0},{"not_picked":["Acrobatics+1","Poisoned Stab"],"picked":"Bullet Time+1","floor":45.0},{"not_picked":["Heel Hook+1","Underhanded Strike"],"picked":"Malaise+1","floor":45.0},{"not_picked":["Flying Knee+1","Bane"],"picked":"Reflex+1","floor":45.0},{"not_picked":["Bane","Underhanded Strike"],"picked":"Doppelganger+1","floor":48.0}],"player_experience":3046903,"relics_obtained":[{"floor":6.0,"key":"Ancient Tea Set"},{"floor":9.0,"key":"Art of War"},{"floor":11.0,"key":"Pen Nib"},{"floor":24.0,"key":"Happy Flower"},{"floor":28.0,"key":"Potion Belt"},{"floor":42.0,"key":"CeramicFish"},{"floor":43.0,"key":"Regal Pillow"},{"floor":48.0,"key":"MawBank"}],"event_choices":[{"damage_healed":0.0,"max_hp_gain":0.0,"max_hp_loss":6.0,"gold_gain":0.0,"event_name":"Golden Idol","player_choice":"Lose Max HP","floor":3.0,"gold_loss":0.0,"damage_taken":0.0,"relics_obtained":["Golden Idol"]},{"damage_healed":0.0,"max_hp_gain":0.0,"max_hp_loss":0.0,"gold_gain":75.0,"event_name":"World of Goop","player_choice":"Gather Gold","floor":5.0,"gold_loss":0.0,"damage_taken":11.0},{"damage_healed":0.0,"max_hp_gain":0.0,"max_hp_loss":0.0,"gold_gain":0.0,"event_name":"Dead Adventurer","player_choice":"Searched \u00271\u0027 times","floor":12.0,"gold_loss":0.0,"damage_taken":0.0,"relics_obtained":["Dream Catcher"]},{"damage_healed":0.0,"max_hp_gain":0.0,"max_hp_loss":0.0,"gold_gain":0.0,"event_name":"Dead Adventurer","player_choice":"Searched \u00271\u0027 times","floor":12.0,"gold_loss":0.0,"damage_taken":0.0,"relics_obtained":["Dream Catcher"]},{"damage_healed":12.0,"max_hp_gain":0.0,"max_hp_loss":0.0,"gold_gain":0.0,"event_name":"The Library","player_choice":"Heal","floor":25.0,"gold_loss":0.0,"damage_taken":0.0},{"damage_healed":0.0,"max_hp_gain":0.0,"max_hp_loss":0.0,"gold_gain":0.0,"event_name":"Knowing Skull","player_choice":"POTION ","floor":31.0,"potions_obtained":["BlessingOfTheForge"],"gold_loss":0.0,"damage_taken":12.0,"cards_obtained":[]},{"cards_removed":["Strike_G"],"damage_healed":0.0,"max_hp_gain":0.0,"max_hp_loss":0.0,"gold_gain":0.0,"event_name":"Purifier","player_choice":"Purged","floor":37.0,"gold_loss":0.0,"damage_taken":0.0},{"damage_healed":0.0,"max_hp_gain":0.0,"max_hp_loss":0.0,"gold_gain":333.0,"event_name":"The Moai Head","player_choice":"Gave Idol","floor":39.0,"relics_lost":["Golden Idol"],"gold_loss":0.0,"damage_taken":0.0},{"damage_healed":0.0,"max_hp_gain":0.0,"max_hp_loss":0.0,"gold_gain":0.0,"event_name":"Tomb of Lord Red Mask","player_choice":"Paid","floor":46.0,"gold_loss":70.0,"damage_taken":0.0,"relics_obtained":["Red Mask"]}],"is_beta":false,"boss_relics":[{"not_picked":["Calling Bell","Tiny House"],"picked":"Empty Cage"},{"not_picked":["Sozu","Velvet Choker"],"picked":"SacredBark"}],"items_purged_floors":[19,21,45],"is_endless":false,"potions_floor_spawned":[4,6,18,24,28,33,42,44,48],"killed_by":"Donu and Deca","ascension_level":20}}