{"host":"ndpbn7fqb3wjbd7p","time":1613806139,"event":{"mods":["AchievementEnabler","Act Like it!","AlwaysNeverKeys","BaseMod","Better Vampires","Block Reminder","Colored Powertips","DeckTracker","Defuse TimeMaze Blight","Friendly Minions","Highlight Path","MarisaÅiñ∂âJÅ@ñÇóùçπÅj","Minty Spire (QoL Compilation)","Permanent Neow","StSLib","SuperFastMode","Synergy Search","Unceasing Turn Reminder","Wandering Minibosses"],"gold_per_floor":[115,115,40,40,52,52,52,52,77,111,134,134,134],"floor_reached":12,"language":"ENG","playtime":479,"items_purged":["Strike_P"],"score":91,"play_id":"318bff43-1fdd-414b-b14e-0521939c1c4f","local_time":"20210220082859","is_ascension_mode":true,"campfire_choices":[{"data":"Secret Weapon","floor":6,"key":"SMITH"},{"data":"Eruption","floor":8,"key":"SMITH"}],"circlet_count":0,"master_deck":["Strike_P","Strike_P","Strike_P","Defend_P","Defend_P","Defend_P","Defend_P","Eruption+1","Vigilance","Secret Weapon+1","Swivel","Wireheading","Prostrate","WindmillStrike"],"relics":["PureWater","Calipers","Golden Idol","Strawberry","Potion Belt"],"acts_visited":["Exordium"],"potions_floor_usage":[12],"damage_taken":[{"damage":0,"enemies":"Cultist","floor":1,"turns":2},{"damage":0,"enemies":"Jaw Worm","floor":5,"turns":3},{"damage":43,"enemies":"3 Sentries","floor":10,"turns":9},{"damage":2,"enemies":"Small Slimes","floor":11,"turns":3},{"damage":30,"enemies":"Gremlin Nob","floor":12,"turns":2}],"seed_played":"-1898692385030149115","potions_obtained":[{"floor":11,"key":"ColorlessPotion"}],"is_trial":false,"path_per_floor":["M","?","$","?","M","R","?","R","T","E","M","E"],"character_chosen":"WATCHER","items_purchased":[],"campfire_rested":0,"item_purchase_floors":[],"current_hp_per_floor":[51,56,56,49,49,49,49,49,56,13,11,0,0],"gold":134,"neow_bonus":"RANDOM_COLORLESS_2","is_daily":false,"chose_seed":false,"campfire_upgraded":2,"win_rate":0.0,"timestamp":1613806139,"path_taken":["M","?","$","?","M","R","?","R","T","E","?","E"],"items_purchased_type":[],"build_version":"2020-12-22","purchased_purges":1,"victory":false,"max_hp_per_floor":[72,77,77,77,77,77,71,71,78,78,78,78,78],"card_choices":[{"not_picked":["Master of Strategy","Magnetism"],"picked":"Secret Weapon","floor":0},{"not_picked":["SandsOfTime","EmptyFist"],"picked":"Swivel","floor":1},{"not_picked":["PathToVictory","JustLucky"],"picked":"Wireheading","floor":5},{"not_picked":["Halt","Crescendo"],"picked":"Prostrate","floor":10},{"not_picked":["BowlingBash","WheelKick"],"picked":"WindmillStrike","floor":11}],"player_experience":1191594,"relics_obtained":[{"floor":9,"key":"Strawberry"},{"floor":10,"key":"Potion Belt"}],"event_choices":[{"damage_healed":0,"gold_gain":0,"player_choice":"Donut","damage_taken":0,"max_hp_gain":5,"max_hp_loss":0,"event_name":"Big Fish","floor":2,"gold_loss":0},{"damage_healed":0,"gold_gain":0,"player_choice":"Success","damage_taken":7,"relics_obtained":["Calipers"],"max_hp_gain":0,"max_hp_loss":0,"event_name":"Scrap Ooze","floor":4,"gold_loss":0},{"damage_healed":0,"gold_gain":0,"player_choice":"Lose Max HP","damage_taken":0,"relics_obtained":["Golden Idol"],"max_hp_gain":0,"max_hp_loss":6,"event_name":"Golden Idol","floor":7,"gold_loss":0}],"is_beta":false,"boss_relics":[],"items_purged_floors":[3],"is_endless":false,"potions_floor_spawned":[11],"killed_by":"Gremlin Nob","ascension_level":4}}