{"host":"oigynbtg272c19pw","time":1613815721,"event":{"mods":["BaseMod","Colored Map","Minty Spire (QoL Compilation)","Relic Stats","Slay the Relics Exporter","StSLib"],"gold_per_floor":[15,15,88,106,121,148,148,160,160,160,176,176,207,226,226,303,303,320,235,235,235,235],"floor_reached":21,"playtime":693,"items_purged":[],"score":478,"play_id":"13ecd15e-8510-4366-8095-45d238436c6d","local_time":"20210220110841","is_ascension_mode":true,"campfire_choices":[{"floor":10,"key":"REST"},{"data":"Heavy Blade","floor":12,"key":"SMITH"},{"data":"Fire Breathing","floor":15,"key":"SMITH"}],"circlet_count":0,"master_deck":["AscendersBane","Strike_R","Strike_R","Strike_R","Strike_R","Defend_R","Defend_R","Defend_R","Defend_R","Bash","Demon Form","Spot Weakness","Fire Breathing+1","Feed","Sword Boomerang","Fire Breathing","Heavy Blade+1","Shrug It Off","Dark Embrace","Impervious","Shockwave","Necronomicurse"],"relics":["Burning Blood","Ornamental Fan","FossilizedHelix","Strawberry","Runic Pyramid","Singing Bowl","Necronomicon"],"acts_visited":["Exordium","TheCity"],"potions_floor_usage":[13,18,21,21],"damage_taken":[{"damage":7,"enemies":"Cultist","floor":1,"turns":4},{"damage":11,"enemies":"2 Louse","floor":4,"turns":5},{"damage":14,"enemies":"Jaw Worm","floor":5,"turns":4},{"damage":40,"enemies":"3 Sentries","floor":6,"turns":6},{"damage":18,"enemies":"Large Slime","floor":8,"turns":5},{"damage":8,"enemies":"Blue Slaver","floor":11,"turns":4},{"damage":5,"enemies":"Lagavulin","floor":13,"turns":7},{"damage":27,"enemies":"Lots of Slimes","floor":14,"turns":6},{"damage":0,"enemies":"Slime Boss","floor":16,"turns":7},{"damage":57,"enemies":"Shell Parasite","floor":18,"turns":9},{"damage":8,"enemies":"Spheric Guardian","floor":21,"turns":3}],"seed_played":"-996989534067107813","potions_obtained":[{"floor":4,"key":"BlessingOfTheForge"},{"floor":5,"key":"Strength Potion"},{"floor":11,"key":"GamblersBrew"},{"floor":16,"key":"LiquidMemories"},{"floor":18,"key":"FearPotion"}],"is_trial":false,"path_per_floor":["M","$","T","M","M","E","?","M","T","R","M","R","E","M","R","B",null,"M","?","?","M"],"character_chosen":"IRONCLAD","items_purchased":[],"campfire_rested":1,"item_purchase_floors":[],"current_hp_per_floor":[67,67,67,62,54,20,20,8,8,30,31,31,39,21,21,27,73,25,25,4,0,0],"gold":235,"neow_bonus":"THREE_RARE_CARDS","is_daily":false,"chose_seed":false,"campfire_upgraded":2,"win_rate":0.0,"timestamp":1613815721,"path_taken":["M","$","?","M","M","E","?","M","T","R","?","R","E","M","R","BOSS","M","?","?","M"],"items_purchased_type":[],"build_version":"2020-12-13","purchased_purges":0,"victory":false,"max_hp_per_floor":[75,75,75,75,75,75,75,75,75,75,78,78,85,88,88,88,88,91,91,91,91,91],"relic_stats":{"Singing Bowl":0,"counters":[11,60],"Ornamental Fan":[8],"Necronomicon":[1],"obtain_stats":[{"Singing Bowl":19,"Ornamental Fan":3,"Strawberry":13,"Necronomicon":20,"Burning Blood":0,"FossilizedHelix":6,"Runic Pyramid":17},{"Singing Bowl":10,"Ornamental Fan":1,"Strawberry":7,"Necronomicon":10,"Burning Blood":0,"FossilizedHelix":4,"Runic Pyramid":9},{"Singing Bowl":57,"Ornamental Fan":4,"Strawberry":35,"Necronomicon":57,"Burning Blood":0,"FossilizedHelix":19,"Runic Pyramid":48}],"Burning Blood":60},"card_choices":[{"not_picked":["Juggernaut","Brutality"],"picked":"Demon Form","floor":0},{"not_picked":["Iron Wave","Flex"],"picked":"Spot Weakness","floor":1},{"not_picked":["Inflame","True Grit"],"picked":"Fire Breathing","floor":4},{"not_picked":["True Grit","Perfected Strike"],"picked":"Feed","floor":5},{"not_picked":["Carnage","Sever Soul"],"picked":"Sword Boomerang","floor":6},{"not_picked":["Headbutt","True Grit"],"picked":"Fire Breathing","floor":8},{"not_picked":["Shockwave","Wild Strike"],"picked":"Heavy Blade","floor":11},{"not_picked":["Bludgeon","Combust"],"picked":"Shrug It Off","floor":13},{"not_picked":["Twin Strike","Burning Pact"],"picked":"Dark Embrace","floor":14},{"not_picked":["Feed","Juggernaut"],"picked":"Impervious","floor":16},{"not_picked":["Havoc","Spot Weakness+1"],"picked":"Shockwave","floor":18}],"player_experience":1631489,"relics_obtained":[{"floor":3,"key":"Ornamental Fan"},{"floor":6,"key":"FossilizedHelix"},{"floor":13,"key":"Strawberry"},{"floor":20,"key":"Necronomicon"}],"event_choices":[{"cards_removed":["Strike_R"],"damage_healed":0,"gold_gain":0,"player_choice":"Purged","damage_taken":0,"max_hp_gain":0,"max_hp_loss":0,"event_name":"Purifier","floor":7,"gold_loss":0},{"damage_healed":0,"gold_gain":0,"player_choice":"Obtained Relic","damage_taken":0,"relics_obtained":["Singing Bowl"],"max_hp_gain":0,"max_hp_loss":0,"event_name":"Addict","floor":19,"gold_loss":85},{"damage_healed":0,"gold_gain":0,"player_choice":"Obtained Book","damage_taken":21,"max_hp_gain":0,"max_hp_loss":0,"event_name":"Cursed Tome","floor":20,"gold_loss":0}],"is_beta":false,"boss_relics":[{"not_picked":["Sozu","SlaversCollar"],"picked":"Runic Pyramid"}],"items_purged_floors":[],"is_endless":false,"potions_floor_spawned":[4,5,11,16,18],"killed_by":"Spheric Guardian","ascension_level":20}}