{"host":"szp1d6dso4pv7ddl","time":1613791569,"event":{"mods":["AchievementEnabler","Alarm Clock","BaseMod","Bestiary","Block Reminder","Colored Map","Colored Powertips","Curses Come First","Dark Map","Displayed Cursed Tome","Highlight Path","Minty Spire (QoL Compilation)","Permanent Neow","Quick Restart","Relic Sorter","Relic Stats","StSLib","Synergy Search"],"gold_per_floor":[111,111,111,123,136,136,153,153,200,200,213,247,265,279,279,353,353,366,377,119,136,336,336,347,347,347,347,347],"floor_reached":27,"language":"ENG","playtime":1196,"items_purged":["Writhe"],"score":434,"play_id":"740f16cc-73e2-4a81-9654-db185eb26c1a","local_time":"20210219192609","is_ascension_mode":true,"campfire_choices":[{"floor":6,"key":"REST"},{"data":"All Out Attack","floor":8,"key":"SMITH"},{"floor":15,"key":"REST"},{"floor":23,"key":"REST"},{"data":"Glass Knife","floor":25,"key":"SMITH"}],"circlet_count":0,"master_deck":["AscendersBane","Strike_G+1","Strike_G","Strike_G","Strike_G","Strike_G","Defend_G","Defend_G","Defend_G","Defend_G","Survivor","Neutralize","Quick Slash+1","All Out Attack+1","Dash","Malaise","Injury","Quick Slash","Dagger Throw","Underhanded Strike","Tactician","Glass Knife+1","Predator","Caltrops","Terror","Blade Dance","Dagger Spray","Acrobatics"],"relics":["Cursed Key","Boot","Bag of Marbles","Nunchaku","Sozu"],"acts_visited":["Exordium","TheCity"],"potions_floor_usage":[12,16,24],"damage_taken":[{"damage":1,"enemies":"Small Slimes","floor":1,"turns":4},{"damage":7,"enemies":"Jaw Worm","floor":4,"turns":4},{"damage":6,"enemies":"Cultist","floor":5,"turns":3},{"damage":1,"enemies":"Exordium Thugs","floor":7,"turns":4},{"damage":0,"enemies":"Lots of Slimes","floor":11,"turns":2},{"damage":8,"enemies":"Gremlin Nob","floor":12,"turns":3},{"damage":4,"enemies":"2 Fungi Beasts","floor":13,"turns":2},{"damage":0,"enemies":"Red Slaver","floor":14,"turns":2},{"damage":16,"enemies":"The Guardian","floor":16,"turns":14},{"damage":18,"enemies":"Shell Parasite","floor":18,"turns":4},{"damage":6,"enemies":"2 Thieves","floor":19,"turns":2},{"damage":6,"enemies":"Sentry and Sphere","floor":21,"turns":5},{"damage":15,"enemies":"Shelled Parasite and Fungi","floor":24,"turns":3},{"damage":48,"enemies":"Chosen and Byrds","floor":27,"turns":5}],"seed_played":"6951300351513056875","potions_obtained":[{"floor":4,"key":"Fire Potion"},{"floor":7,"key":"SpeedPotion"},{"floor":12,"key":"Strength Potion"},{"floor":13,"key":"EssenceOfSteel"}],"is_trial":false,"path_per_floor":["M","?","?","M","M","R","M","R","T","T","M","E","M","M","R","B",null,"M","M","$","M","?","R","M","R","T","M"],"character_chosen":"THE_SILENT","items_purchased":["Terror","Blade Dance","Dagger Spray"],"campfire_rested":3,"item_purchase_floors":[20,20,20],"current_hp_per_floor":[58,38,38,31,25,44,43,43,43,43,43,35,31,31,50,34,58,40,34,34,28,28,47,32,32,32,0,0],"gold":347,"neow_bonus":"BOSS_RELIC","is_daily":false,"chose_seed":false,"campfire_upgraded":2,"win_rate":0.0,"timestamp":1613791569,"path_taken":["M","?","?","M","M","R","?","R","T","?","?","E","M","M","R","BOSS","M","M","$","M","?","R","M","R","T","M"],"items_purchased_type":["Card","Card","Card"],"build_version":"2020-12-22","purchased_purges":1,"victory":false,"max_hp_per_floor":[66,66,66,66,66,66,66,66,66,66,66,66,66,66,66,66,66,66,66,66,66,66,66,66,66,66,66,66],"relic_stats":{"Sozu":2,"Nunchaku":[9],"counters":[14,57],"Cursed Key":2,"Boot":[36],"obtain_stats":[{"Sozu":17,"Nunchaku":12,"Bag of Marbles":10,"Cursed Key":0,"Boot":9,"Ring of the Snake":0},{"Sozu":9,"Nunchaku":6,"Bag of Marbles":4,"Cursed Key":0,"Boot":4,"Ring of the Snake":0},{"Sozu":38,"Nunchaku":20,"Bag of Marbles":15,"Cursed Key":0,"Boot":15,"Ring of the Snake":0}]},"card_choices":[{"not_picked":["Blur","Acrobatics"],"picked":"Quick Slash","floor":1},{"not_picked":["Flechettes","Acrobatics"],"picked":"All Out Attack","floor":4},{"not_picked":["Bane","Poisoned Stab"],"picked":"Dash","floor":5},{"not_picked":["Deadly Poison","Finisher"],"picked":"Malaise","floor":7},{"not_picked":["Blade Dance","Concentrate"],"picked":"Quick Slash","floor":11},{"not_picked":["Bane","Flechettes"],"picked":"Dagger Throw","floor":12},{"not_picked":["Blade Dance","Backstab"],"picked":"Underhanded Strike","floor":13},{"not_picked":["Outmaneuver","Setup"],"picked":"Tactician","floor":14},{"not_picked":["Envenom","Wraith Form v2"],"picked":"Glass Knife","floor":16},{"not_picked":["PiercingWail","Outmaneuver"],"picked":"Predator","floor":18},{"not_picked":["Outmaneuver","Bane"],"picked":"Caltrops","floor":19},{"not_picked":["Deflect","Poisoned Stab+1","Outmaneuver"],"picked":"SKIP","floor":21},{"not_picked":["Outmaneuver","Deflect"],"picked":"Acrobatics","floor":24}],"player_experience":1601598,"relics_obtained":[{"floor":9,"key":"Boot"},{"floor":10,"key":"Bag of Marbles"},{"floor":12,"key":"Nunchaku"}],"event_choices":[{"damage_healed":0,"gold_gain":0,"player_choice":"Entered Light","damage_taken":20,"max_hp_gain":0,"max_hp_loss":0,"event_name":"Shining Light","floor":2,"gold_loss":0,"cards_upgraded":["Quick Slash","Strike_G"]},{"cards_removed":["Defend_G"],"damage_healed":0,"gold_gain":0,"player_choice":"Offered Basic","damage_taken":0,"max_hp_gain":0,"max_hp_loss":0,"event_name":"Bonfire Elementals","floor":3,"gold_loss":0},{"damage_healed":0,"gold_gain":250,"player_choice":"Bet on Owner","damage_taken":0,"max_hp_gain":0,"max_hp_loss":0,"event_name":"The Joust","floor":22,"gold_loss":50}],"is_beta":false,"boss_relics":[{"not_picked":["Tiny House","Black Star"],"picked":"Sozu"}],"items_purged_floors":[20],"is_endless":false,"potions_floor_spawned":[4,7,12,13,18,21],"killed_by":"Chosen and Byrds","ascension_level":20}}