{"host":"s9znsjs818tlhh47","time":1613799335,"event":{"mods":["2.2 Compatiblity","ATMod(°¢èªMod)","AchievementEnabler","Act Like it!","Arknights","BaseMod","Better Note","Better Skull","Better Third Choice","Better Vampires","Bossed Relics","Card Forge","Colored Powertips","Force Act Four","Minty Spire (QoL Compilation)","Permanent Neow","Quick Restart","StSLib","¡¾¹¦ÄÜMod¡¿»ìãçÖ®»·ÐÞ¸´²¹¶¡","¡¾ÒÅÎï¿¨ÅÆ¡¿REMEMod"],"gold_per_floor":[114,114,129,129,142,142,167,167,239,34,49,49,49,74,74,153,153,171,184,4,20,20,47,47,47],"floor_reached":24,"language":"ZHS","playtime":984,"items_purged":["Parasite","Strike_B"],"score":448,"play_id":"9f2ad129-c866-42b6-b971-6a7d6e0cf0a8","local_time":"20210220003535","is_ascension_mode":true,"campfire_choices":[{"data":"Zap","floor":6.0,"key":"SMITH"},{"floor":12.0,"key":"REST"},{"floor":15.0,"key":"REST"}],"circlet_count":0,"master_deck":["AscendersBane","Defend_B","Defend_B","Defend_B","Defend_B","Zap+1","Dualcast+1","Sunder+1","Coolheaded+1","Turbo+1","Coolheaded+1","Blizzard+1","Cold Snap+1","AT_DarkMatter+1","Hologram+1","Buffer","AT_WarpDrive","REME_SelfUpgrade","Capacitor","BootSequence+1","Glacier"],"relics":["Hammer of Thor","Seething Fire","Anvil of the Gods","REME_ComplimentaryCards","AT_ATBox","Cursed Key","AT_Kusabimaru","White Beast Statue","Ice Cream","SacredBark","AT_EbonyIvory"],"acts_visited":["Exordium","TheCity"],"potions_floor_usage":[],"damage_taken":[{"damage":1.0,"enemies":"Cultist","floor":1.0,"turns":3.0},{"damage":0.0,"enemies":"Jaw Worm","floor":3.0,"turns":3.0},{"damage":0.0,"enemies":"2 Louse","floor":5.0,"turns":1.0},{"damage":49.0,"enemies":"Gremlin Nob","floor":7.0,"turns":6.0},{"damage":0.0,"enemies":"Large Slime","floor":11.0,"turns":2.0},{"damage":6.0,"enemies":"Lagavulin","floor":14.0,"turns":4.0},{"damage":2.0,"enemies":"The Guardian","floor":16.0,"turns":8.0},{"damage":0.0,"enemies":"Chosen","floor":18.0,"turns":5.0},{"damage":0.0,"enemies":"Spheric Guardian","floor":19.0,"turns":1.0},{"damage":20.0,"enemies":"Centurion and Healer","floor":21.0,"turns":7.0},{"damage":2.0,"enemies":"REME_1_Revenger","floor":23.0,"turns":8.0},{"damage":32,"enemies":"Cultist and Chosen","floor":24,"turns":5}],"seed_played":"-2829124045224058351","potions_obtained":[{"floor":1.0,"key":"Weak Potion"},{"floor":11.0,"key":"SpeedPotion"},{"floor":14.0,"key":"PowerPotion"},{"floor":16.0,"key":"BlessingOfTheForge"},{"floor":18.0,"key":"EssenceOfDarkness"},{"floor":19.0,"key":"ColorlessPotion"},{"floor":21.0,"key":"DistilledChaos"},{"floor":23.0,"key":"SteroidPotion"}],"is_trial":false,"path_per_floor":["M","?","M","T","M","R","E","?","T","$","M","R","$","E","R","B",null,"M","M","$","M","?","E","M"],"character_chosen":"DEFECT","items_purchased":["Blizzard","Cold Snap","Capacitor"],"campfire_rested":2,"item_purchase_floors":[10,10,20],"current_hp_per_floor":[63,63,63,63,63,63,14,7,7,7,7,27,27,21,41,39,61,61,61,61,41,41,39,7,7],"gold":47,"neow_bonus":"BOSS_RELIC","is_daily":false,"chose_seed":false,"campfire_upgraded":1,"win_rate":0.0,"timestamp":1613799335,"path_taken":["M","?","M","?","?","R","E","?","T","$","M","R","?","E","R","BOSS","M","M","$","M","?","E","M"],"items_purchased_type":["Card","Card","Card"],"build_version":"2020-12-22","purchased_purges":2,"victory":false,"max_hp_per_floor":[71,71,71,71,71,71,71,71,71,68,68,68,68,68,68,68,68,68,68,68,68,68,68,68,68],"card_choices":[{"not_picked":["Gash","Heatsinks"],"picked":"Coolheaded","floor":1.0},{"not_picked":["AT_HeatAcrobatics","Coolheaded","Rebound"],"picked":"SKIP","floor":3.0},{"not_picked":["AT_HeatAcrobatics","Rebound"],"picked":"Coolheaded","floor":3.0},{"not_picked":["Compile Driver","Barrage"],"picked":"Storm","floor":5.0},{"not_picked":["AT_EMC2","Rebound","Steam"],"picked":"SKIP","floor":7.0},{"not_picked":["Ball Lightning","Conserve Battery"],"picked":"AT_DarkMatter","floor":11.0},{"not_picked":["Ball Lightning","Lockon"],"picked":"Hologram","floor":14.0},{"not_picked":["Thunder Strike","Reboot"],"picked":"Buffer","floor":16.0},{"not_picked":["Barrage","Leap+1"],"picked":"AT_WarpDrive","floor":18.0},{"not_picked":["Steam","Echo Form"],"picked":"REME_SelfUpgrade","floor":19.0},{"not_picked":["Beam Cell","Steam","Turbo"],"picked":"BootSequence+1","floor":21.0},{"not_picked":["Redo","AT_HeatAcrobatics","Streamline","Creative AI"],"picked":"Glacier","floor":23.0}],"player_experience":338413,"relics_obtained":[{"floor":7.0,"key":"AT_Kusabimaru"},{"floor":9.0,"key":"White Beast Statue"},{"floor":14.0,"key":"Ice Cream"},{"floor":23.0,"key":"AT_EbonyIvory"}],"event_choices":[{"damage_healed":0.0,"max_hp_gain":0.0,"max_hp_loss":0.0,"gold_gain":0.0,"cards_transformed":["Strike_B"],"event_name":"Living Wall","player_choice":"Change","floor":2.0,"gold_loss":0.0,"damage_taken":0.0,"cards_obtained":["Turbo"]},{"cards_removed":["Shame"],"damage_healed":0.0,"max_hp_gain":0.0,"max_hp_loss":0.0,"gold_gain":0.0,"event_name":"Golden Wing","player_choice":"Card Removal","floor":8.0,"gold_loss":0.0,"damage_taken":7.0},{"damage_healed":0.0,"max_hp_gain":0.0,"max_hp_loss":0.0,"gold_gain":0.0,"event_name":"betterNote:BetterNote","player_choice":"Ignored","floor":22.0,"gold_loss":0.0,"damage_taken":0.0,"cards_obtained":["AT_EmpoweredMortalDraw"]}],"is_beta":false,"boss_relics":[{"not_picked":["Coffee Dripper","Snecko Eye"],"picked":"SacredBark"}],"items_purged_floors":[10,20],"is_endless":false,"potions_floor_spawned":[1,11,14,16,18,19,21,23],"killed_by":"Cultist and Chosen","ascension_level":20}}