{"host":"1a3cjta80tad0aqj","time":1613831502,"event":{"mods":["2.2 Compatiblity","AchievementEnabler","BaseMod","Colored Map","DeckTracker","KOR Keyword Fix","Keyboard Shortcuts","Minty Spire (QoL Compilation)","Permanent Neow","Quick Restart","Random Character Button","StSLib","SuperFastMode","everything is the same but u backflip on backflip"],"gold_per_floor":[219,18,18,18,35,35,67,77,77,77,94,124,74,96,96,96,96],"floor_reached":16,"language":"KOR","playtime":712,"items_purged":["Strike_B"],"score":135,"play_id":"6896bd0e-4166-4b48-9cf8-ebccae68dfc5","local_time":"20210220233142","is_ascension_mode":true,"campfire_choices":[{"data":"Dualcast","floor":6.0,"key":"SMITH"},{"data":"Beam Cell","floor":10.0,"key":"SMITH"},{"floor":15.0,"key":"REST"}],"circlet_count":0,"master_deck":["Strike_B","Strike_B","Strike_B","Defend_B","Defend_B","Defend_B","Defend_B","Zap","Dualcast+1","Glacier","Skim","Consume","Go for the Eyes","FTL","Beam Cell+1","Conserve Battery","Aggregate","Turbo","Hologram"],"relics":["Cracked Core","Dead Branch","Centennial Puzzle","Odd Mushroom"],"acts_visited":["Exordium"],"potions_floor_usage":[16],"damage_taken":[{"damage":1.0,"enemies":"Cultist","floor":1.0,"turns":3.0},{"damage":13.0,"enemies":"Jaw Worm","floor":5.0,"turns":4.0},{"damage":19.0,"enemies":"Lagavulin","floor":7.0,"turns":7.0},{"damage":0.0,"enemies":"2 Louse","floor":8.0,"turns":2.0},{"damage":2.0,"enemies":"2 Fungi Beasts","floor":11.0,"turns":3.0},{"damage":7.0,"enemies":"Gremlin Nob","floor":12.0,"turns":4.0},{"damage":16.0,"enemies":"The Mushroom Lair","floor":14.0,"turns":5.0},{"damage":28,"enemies":"Slime Boss","floor":16,"turns":7}],"seed_played":"-5701188312631247950","potions_obtained":[{"floor":1.0,"key":"BlessingOfTheForge"},{"floor":5.0,"key":"PowerPotion"},{"floor":11.0,"key":"Block Potion"},{"floor":14.0,"key":"Regen Potion"}],"is_trial":false,"path_per_floor":["M","$","?","?","M","R","E","M","T","R","M","E","$","?","R","B"],"character_chosen":"DEFECT","items_purchased":["Skim","Explosive Potion","Turbo"],"campfire_rested":1,"item_purchase_floors":[2,2,13],"current_hp_per_floor":[74,74,79,79,66,66,47,47,47,47,45,38,38,22,46,18,18],"gold":96,"neow_bonus":"HUNDRED_GOLD","is_daily":false,"chose_seed":false,"campfire_upgraded":2,"win_rate":0.0,"timestamp":1613831502,"path_taken":["M","$","?","?","M","R","E","?","T","R","M","E","$","?","R","BOSS"],"items_purchased_type":["Card","Potion","Card"],"build_version":"2020-12-22","purchased_purges":1,"victory":false,"max_hp_per_floor":[75,75,80,80,80,80,80,80,80,80,80,80,80,80,80,80,80],"card_choices":[{"not_picked":["Storm","Steam"],"picked":"Glacier","floor":1.0},{"not_picked":["Doom and Gloom","Melter"],"picked":"Go for the Eyes","floor":5.0},{"not_picked":["Steam Power","Undo"],"picked":"FTL","floor":7.0},{"not_picked":["Darkness","Conserve Battery"],"picked":"Beam Cell","floor":8.0},{"not_picked":["Storm","Go for the Eyes"],"picked":"Conserve Battery","floor":11.0},{"not_picked":["Hello World","Steam"],"picked":"Aggregate","floor":12.0},{"not_picked":["Coolheaded","Stack"],"picked":"Hologram","floor":14.0}],"player_experience":883601,"relics_obtained":[{"floor":7.0,"key":"Dead Branch"},{"floor":12.0,"key":"Centennial Puzzle"},{"floor":14.0,"key":"Odd Mushroom"}],"event_choices":[{"damage_healed":0.0,"max_hp_gain":5.0,"max_hp_loss":0.0,"gold_gain":0.0,"event_name":"Big Fish","player_choice":"Donut","floor":3.0,"gold_loss":0.0,"damage_taken":0.0},{"damage_healed":0.0,"max_hp_gain":0.0,"max_hp_loss":0.0,"gold_gain":0.0,"event_name":"Match and Keep!","player_choice":"1 cards matched","floor":4.0,"gold_loss":0.0,"damage_taken":0.0,"cards_obtained":["Consume"]},{"damage_healed":0.0,"max_hp_gain":0.0,"max_hp_loss":0.0,"gold_gain":0.0,"event_name":"Mushrooms","player_choice":"Fought Mushrooms","floor":14.0,"gold_loss":0.0,"damage_taken":0.0}],"is_beta":false,"boss_relics":[],"items_purged_floors":[2],"is_endless":false,"potions_floor_spawned":[1,5,11,14],"killed_by":"Slime Boss","ascension_level":5}}