{"host":"enpah696raxjhbxd","time":1613826379,"event":{"mods":["ATMod(°¢èªMod)","BaseMod","Challenge The Spire","Colored Powertips","Friendly Minions","Good Game Mod","Minty Spire (QoL Compilation)","Replay The Spire","StSLib","TestMod","The Bladedancer","UnlockEverythingMod"],"gold_per_floor":[111,186,186,186,186,219,219,219,219],"floor_reached":8,"language":"ZHS","playtime":184,"items_purged":[],"score":100,"play_id":"0ed09850-aefb-4a32-ac4d-fb547b6b1666","local_time":"20210220210619","is_ascension_mode":true,"campfire_choices":[{"data":"AT_EssenceShift","floor":7,"key":"SMITH"}],"circlet_count":0,"master_deck":["blademaster:Strike","blademaster:Strike","blademaster:Strike","blademaster:Strike","blademaster:Defend","blademaster:Defend","blademaster:Defend","blademaster:Defend","blademaster:RagingBlow","blademaster:HighVoltage","AT_EssenceShift+1","Phantasmal Killer+1","blademaster:LeechingStrike+1","Regret"],"relics":["blademaster:DancersAmulet","testmod-TestBox","AT_ATBox","REME:ComplimentaryCards","testmod-EqualTreatment","Replay:Mystery Machine","PrismaticShard","Simple Rune"],"acts_visited":["Exordium"],"potions_floor_usage":[],"damage_taken":[{"damage":4,"enemies":"Small Slimes","floor":1,"turns":3},{"damage":1,"enemies":"3 Sentries","floor":6,"turns":3},{"damage":0,"enemies":"Lagavulin","floor":8,"turns":1}],"seed_played":"-7174902714957304967","potions_obtained":[],"is_trial":false,"path_per_floor":["M","?","?","?","?","E","R","E"],"character_chosen":"THE_BLADEMASTER","items_purchased":[],"campfire_rested":0,"item_purchase_floors":[],"current_hp_per_floor":[64,53,58,42,42,41,41,41,41],"gold":219,"neow_bonus":"RANDOM_COMMON_RELIC","is_daily":false,"chose_seed":false,"campfire_upgraded":1,"win_rate":0.0,"timestamp":1613826379,"path_taken":["M","?","?","?","?","E","R","E"],"items_purchased_type":[],"build_version":"2020-12-22","purchased_purges":0,"victory":false,"max_hp_per_floor":[75,75,80,80,80,80,80,80,80],"card_choices":[{"not_picked":["blademaster:BloodyBlow","blademaster:Frontflip"],"picked":"blademaster:LeechingStrike","floor":1},{"not_picked":["Venomology","Crippling Poison","Replay:ManipulateFuture"],"picked":"SKIP","floor":6}],"player_experience":230867,"relics_obtained":[{"floor":6,"key":"Simple Rune"},{"floor":6,"key":"blademaster:RandomBladePerk"}],"event_choices":[{"damage_healed":0,"gold_gain":75,"player_choice":"Gather Gold","damage_taken":11,"max_hp_gain":0,"max_hp_loss":0,"event_name":"World of Goop","floor":2,"gold_loss":0},{"damage_healed":0,"gold_gain":0,"player_choice":"Donut","damage_taken":0,"max_hp_gain":5,"max_hp_loss":0,"event_name":"Big Fish","floor":3,"gold_loss":0},{"damage_healed":0,"gold_gain":0,"player_choice":"Entered Light","damage_taken":16,"max_hp_gain":0,"max_hp_loss":0,"event_name":"Shining Light","floor":4,"gold_loss":0,"cards_upgraded":["Phantasmal Killer","blademaster:LeechingStrike"]}],"is_beta":false,"boss_relics":[],"items_purged_floors":[],"is_endless":false,"potions_floor_spawned":[],"killed_by":"Lagavulin","ascension_level":6}}