{"host":"fauqrvll5t0ss0vm","time":1613823843,"event":{"mods":["2.2 Compatiblity","Act Like it!","Aspiration","Bard","BaseMod","Beaked The Cultist","Better Altar","Better Match","Better Note","Better Sensory Stone","Better Skull","Better Third Choice","Better Vampires","Card Filter","Clockwork Mod","Colored Map","Conspire","Displayed Cursed Tome","Downfall","Emptier Cage","Energized Spire","Friendly Minions","GifTheSpireLib","Glutton Mod","Gremlin Mod","Gremlin Skip","Halation","Hermit","Highlight Path","Hubris","Jorbs\u0027s Wanderer Trilogy","Mad Scientist","Marked Mod","Minty Spire (QoL Compilation)","Permanent Neow","Random Character Button","Relic Filter","Reorder Act Four","Replay The Spire","Shop Mod","Somnambulant","Spikes Relics","StSLib","Stuff the Spire","SuperFastMode","The Construct","The Cursed","The Disciple","The Elementalist","The Judge","The Juggle","The Mystic","The Runesmith","The Sage","The Servant 0.9.4","The Valiant","Trackpad","Uncapped"],"gold_per_floor":[118,6,17,27,27,27,27,27,27,43,43,73,34,54,54,152,152,171,171,17,17,29,29,55,55,55,55,71,71,104,123,123,224,224,244,1,21,35,35,35,35,35,62,62,62,62,76,93,93,103,103,103,103,103,103,132,132],"floor_reached":58,"language":"ENG","playtime":3788,"items_purged":["Strike_B"],"score":1311,"play_id":"b8c3005a-96c2-4ebd-8c04-ae604f33e4b8","local_time":"20210220132403","is_ascension_mode":true,"campfire_choices":[{"floor":6.0,"key":"DIG"},{"data":"Strike_B","floor":11.0,"key":"PURGE"},{"floor":15.0,"key":"DIG"},{"data":"Self Repair","floor":23,"key":"SMITH"},{"data":"Defend_B","floor":25,"key":"PURGE"},{"data":"White Noise","floor":27,"key":"SMITH"},{"data":"Dualcast","floor":32,"key":"SMITH"},{"data":"Seek","floor":42,"key":"SMITH"},{"floor":44,"key":"RECALL"},{"data":"Capacitor","floor":46,"key":"SMITH"},{"floor":49,"key":"DIG"},{"floor":51,"key":"DIG"},{"data":"Capacitor","floor":55,"key":"SMITH"}],"circlet_count":0,"master_deck":["hubris:Counter+1","Zap+1","Dualcast+1","Streamline","Sweeping Beam+1","Beam Cell","BootSequence+1","Cold Snap","Go for the Eyes","White Noise+1","Coolheaded","Core Surge","Core Surge+1","Gash+1","Leap+1","Leap","Core Surge+1","Leap","Self Repair+1","Reboot","Skim","Capacitor+1","Seek+1","Leap","Good Instincts","StuffTheSpire:Synthwave+1","hubris:Counter+1","Zap+1","Dualcast+1","Streamline","Sweeping Beam+1","Beam Cell","BootSequence+1","Cold Snap","Go for the Eyes","White Noise+1","Coolheaded","Core Surge","Core Surge+1","Gash+1","Leap+1","Leap","Core Surge+1","Leap","Self Repair+1","Reboot","Skim","Capacitor+1","Seek","Leap","Good Instincts","StuffTheSpire:Synthwave+1","Hologram+1","Conserve Battery+1","Steam+1","conspire:Rain+1","White Noise+1"],"relics":["Cracked Core","trackpad:PetRock","Replay:Multitool","Ginger","White Beast Statue","aspiration:Nostalgia","Replay:Kaleidoscope","Astrolabe","DollysMirror","Replay:Mystery Machine","Quantum Egg","Nloth\u0027s Gift","trackpad:Mousetrap","Sandwich","Happy Flower","trackpad:FieryHotPepper","StuffTheSpire:MayFlowers","ShockBauble","Strawberry"],"acts_visited":["Exordium","TheCity","TheBeyond","TheEnding"],"potions_floor_usage":[24,24,24,30,31,33,57,57,57],"damage_taken":[{"damage":4.0,"enemies":"2 Louse","floor":1.0,"turns":2.0},{"damage":0.0,"enemies":"Small Slimes","floor":3.0,"turns":2.0},{"damage":11.0,"enemies":"Jaw Worm","floor":4.0,"turns":2.0},{"damage":0.0,"enemies":"Looter","floor":10.0,"turns":2.0},{"damage":12.0,"enemies":"conspire:MimicChest","floor":12.0,"turns":4.0},{"damage":0.0,"enemies":"Blue Slaver","floor":14.0,"turns":2.0},{"damage":24.0,"enemies":"Fading Forest","floor":16.0,"turns":11.0},{"damage":6,"enemies":"2 Thieves","floor":18,"turns":4},{"damage":0,"enemies":"Shell Parasite","floor":22,"turns":3},{"damage":0,"enemies":"Gremlin Leader","floor":24,"turns":3},{"damage":0,"enemies":"3 Cultists","floor":28,"turns":5},{"damage":7,"enemies":"Slavers","floor":30,"turns":4},{"damage":0,"enemies":"Sentry and Sphere","floor":31,"turns":3},{"damage":9,"enemies":"Collector","floor":33,"turns":10},{"damage":0,"enemies":"Orb Walker","floor":35,"turns":2},{"damage":0,"enemies":"3 Darklings","floor":37,"turns":3},{"damage":11,"enemies":"Jaw Worm Horde","floor":38,"turns":4},{"damage":32,"enemies":"Giant Head","floor":43,"turns":7},{"damage":0,"enemies":"Spire Growth","floor":47,"turns":3},{"damage":0,"enemies":"4 Shapes","floor":48,"turns":3},{"damage":10,"enemies":"Sphere and 2 Shapes","floor":50,"turns":3},{"damage":15,"enemies":"Time Eater","floor":52,"turns":8},{"damage":53,"enemies":"Shield and Spear","floor":56,"turns":6},{"damage":28,"enemies":"The Heart","floor":57,"turns":9}],"seed_played":"7992662869915265935","potions_obtained":[{"floor":4.0,"key":"Explosive Potion"},{"floor":10.0,"key":"Guardian:BlockOnCardUsePotion"},{"floor":12.0,"key":"conspire:TimeTravelPotion"},{"floor":18,"key":"DistilledChaos"},{"floor":22,"key":"LiquidMemories"},{"floor":24,"key":"SpeedPotion"},{"floor":28,"key":"AttackPotion"},{"floor":30,"key":"Energy Potion"},{"floor":31,"key":"DuplicationPotion"},{"floor":33,"key":"Dexterity Potion"},{"floor":35,"key":"SmokeBomb"},{"floor":37,"key":"Elixir"},{"floor":38,"key":"Strength Potion"},{"floor":43,"key":"LifebloodPotion"},{"floor":48,"key":"Strength Potion"},{"floor":56,"key":"CultistPotion"}],"is_trial":false,"path_per_floor":["M","$","M","M","?","R","?","R","T","M","R","?","$","M","R_BF","B",null,"M","$","$","?","M","R","E","R","T","R","M","?","E","M","R","B",null,"M","$","M","M","PTL","PTL","?","R","E","R","T","R","M","M","R","M","R","B",null,"$","R","E","B",null],"character_chosen":"DEFECT","items_purchased":["Sweeping Beam+1","White Noise","DollysMirror","Happy Flower","Good Instincts"],"campfire_rested":0,"item_purchase_floors":[2,13,20,36,36],"current_hp_per_floor":[71,71,71,60,21,21,21,43,43,43,43,31,31,31,31,29,80,74,74,74,74,74,74,80,80,80,80,80,80,80,80,80,80,80,80,80,80,79,79,79,79,79,67,67,67,67,67,67,67,77,77,78,80,80,80,49,37],"gold":132,"neow_bonus":"UPGRADE_CARD","is_daily":false,"chose_seed":false,"campfire_upgraded":6,"win_rate":0.0,"timestamp":1613823843,"path_taken":["M","$","M","M","?","R","?","R","T","M","R","?","?","M","R_BF","BOSS","M","?","$","?","M","R","E","R","T","R","M","?","E","?","R","BOSS","M","$","M","M","PTL","PTL","?","R","E","R","T","R","M","?","R","?","R","BOSS","$","R","E","BOSS"],"items_purchased_type":["Card","Card","Relic","Relic","Card"],"build_version":"2020-12-22","purchased_purges":1,"victory":true,"max_hp_per_floor":[75,75,75,75,75,75,75,75,75,75,75,75,75,75,75,75,80,80,80,80,80,80,80,80,80,80,80,80,80,80,80,80,80,80,80,80,80,80,80,80,80,80,80,80,80,80,80,80,80,80,80,80,80,80,80,87,87],"card_choices":[{"not_picked":["Rebound","ReplayTheSpireMod:GoodbyeWorld"],"picked":"Streamline","floor":1.0},{"not_picked":["StuffTheSpire:Synthwave","Turbo"],"picked":"Beam Cell","floor":3.0},{"not_picked":["Tempest","Steam Power"],"picked":"BootSequence","floor":4.0},{"not_picked":["conspire:Rain","Gash"],"picked":"Cold Snap","floor":10.0},{"not_picked":["Cold Snap","Doom and Gloom"],"picked":"Go for the Eyes","floor":12.0},{"not_picked":["Time Bomb","Compile Driver"],"picked":"Coolheaded","floor":14.0},{"not_picked":["Meteor Strike","StuffTheSpire:Purify"],"picked":"Core Surge","floor":16.0},{"not_picked":["Reprogram","Streamline"],"picked":"Leap","floor":18},{"not_picked":["Defragment","Rebound"],"picked":"Self Repair","floor":22},{"not_picked":["Stack","Ball Lightning"],"picked":"Reboot","floor":24},{"not_picked":["FTL","ReplayTheSpireMod:GoodbyeWorld","Compile Driver"],"picked":"SKIP","floor":28},{"not_picked":["DiskWipe","Panic Button"],"picked":"Skim","floor":30},{"not_picked":["StuffTheSpire:LoadUp","Steam"],"picked":"Capacitor","floor":31},{"not_picked":["Hyperbeam","StuffTheSpire:EventHorizon"],"picked":"Seek","floor":33},{"not_picked":["StuffTheSpire:Plugnplay+1","DiskWipe"],"picked":"Leap","floor":35},{"not_picked":["Crystallizer+1","Panic Button+1","Rebound+1"],"picked":"SKIP","floor":37},{"not_picked":["Compile Driver","DiskWipe"],"picked":"StuffTheSpire:Synthwave+1","floor":38},{"not_picked":["Melter","Rainbow"],"picked":"Hologram+1","floor":43},{"not_picked":["ReplayTheSpireMod:Reroute Power+1","Cold Snap"],"picked":"Conserve Battery+1","floor":47},{"not_picked":["Sweeping Beam","Panic Button"],"picked":"Steam+1","floor":48},{"not_picked":["FTL","RefreshScreen"],"picked":"conspire:Rain+1","floor":50},{"not_picked":["ReplayTheSpireMod:Reroute Power","Consume+1"],"picked":"White Noise+1","floor":56}],"player_experience":7571921,"relics_obtained":[{"floor":6.0,"key":"Ginger"},{"floor":9.0,"key":"White Beast Statue"},{"floor":12.0,"key":"aspiration:Nostalgia"},{"floor":15.0,"key":"Replay:Kaleidoscope"},{"floor":24,"key":"Replay:Mystery Machine"},{"floor":26,"key":"Quantum Egg"},{"floor":30,"key":"trackpad:Mousetrap"},{"floor":43,"key":"trackpad:FieryHotPepper"},{"floor":49,"key":"StuffTheSpire:MayFlowers"},{"floor":51,"key":"ShockBauble"},{"floor":56,"key":"Strawberry"}],"event_choices":[{"damage_healed":0.0,"max_hp_gain":0.0,"max_hp_loss":0.0,"gold_gain":1.0,"event_name":"betterThird:BetterScrap","player_choice":"Relic Relic ","floor":5.0,"gold_loss":0.0,"damage_taken":39.0,"cards_obtained":["Fasting2"]},{"damage_healed":0,"gold_gain":0,"cards_transformed":["Defend_B"],"player_choice":"Transformed","damage_taken":0,"max_hp_gain":0,"max_hp_loss":0,"event_name":"Transmorgrifier","floor":21,"gold_loss":0,"cards_obtained":["Leap"]},{"damage_healed":0,"gold_gain":0,"player_choice":"Traded Relic","damage_taken":0,"relics_obtained":["Nloth\u0027s Gift"],"max_hp_gain":0,"max_hp_loss":0,"event_name":"N\u0027loth","floor":29,"relics_lost":["hermit:Momento"],"gold_loss":0}],"is_beta":false,"boss_relics":[{"not_picked":["Runic Dome","aspiration:WatcherSkillbook"],"picked":"Astrolabe"},{"not_picked":["energizedSpire:HugeHouse","ReplayTheSpireMod:DimensionalGlitch"],"picked":"Sandwich"}],"items_purged_floors":[2],"is_endless":false,"potions_floor_spawned":[4,10,12,14,16,18,22,24,28,30,31,33,35,37,38,43,47,48,50,56],"ascension_level":1}}