{"host":"u7lm8z2rvb4dg2oo","time":1613799713,"event":{"mods":["AchievementEnabler","BaseMod","Bestiary","Block Reminder","Colored Map","Colored Powertips","Curses Come First","DeckTracker","Googly Eyes","Highlight Path","Minty Spire (QoL Compilation)","Quick Restart","StSLib"],"gold_per_floor":[119,137,3,13,29,64,78,96,96,110,110,122,122,122,122,199,199,217,217,227,100,115,148,148,183,183,183,198,198,23,43,43,43,43],"floor_reached":33,"language":"ENG","playtime":1761,"items_purged":["Strike_G","Decay"],"score":557,"play_id":"f55d0d61-6ee0-46cb-90b2-ddb3128c0752","local_time":"20210220004153","is_ascension_mode":true,"campfire_choices":[{"floor":11.0,"key":"REST"},{"data":"Blade Dance","floor":15.0,"key":"SMITH"},{"floor":24.0,"key":"REST"},{"floor":29,"key":"REST"},{"floor":32,"key":"REST"}],"circlet_count":0,"master_deck":["AscendersBane","Strike_G","Strike_G","Strike_G","Strike_G","Defend_G","Defend_G","Defend_G","Defend_G","Defend_G","Survivor","Neutralize","Well Laid Plans","Masterful Stab","Blade Dance+1","Backstab","Backflip","PiercingWail","Backstab","Flechettes","Venomology","Footwork","Cloak And Dagger","Finisher","Choke","Caltrops","Skewer+1"],"relics":["Ring of the Snake","NeowsBlessing","StoneCalendar","Bottled Tornado","Philosopher\u0027s Stone","Meat on the Bone","Ninja Scroll","Shuriken"],"acts_visited":["Exordium","TheCity"],"potions_floor_usage":[25,28,31,33],"damage_taken":[{"damage":0.0,"enemies":"Cultist","floor":1.0,"turns":1.0},{"damage":0.0,"enemies":"2 Louse","floor":2.0,"turns":1.0},{"damage":0.0,"enemies":"Jaw Worm","floor":4.0,"turns":1.0},{"damage":6.0,"enemies":"Exordium Thugs","floor":5.0,"turns":4.0},{"damage":23.0,"enemies":"Gremlin Nob","floor":6.0,"turns":4.0},{"damage":8.0,"enemies":"Exordium Wildlife","floor":7.0,"turns":7.0},{"damage":0.0,"enemies":"Blue Slaver","floor":8.0,"turns":2.0},{"damage":9.0,"enemies":"Red Slaver","floor":10.0,"turns":3.0},{"damage":4.0,"enemies":"Large Slime","floor":12.0,"turns":5.0},{"damage":0.0,"enemies":"Lagavulin","floor":13.0,"turns":2.0},{"damage":19.0,"enemies":"Slime Boss","floor":16.0,"turns":9.0},{"damage":31.0,"enemies":"Shell Parasite","floor":18.0,"turns":6.0},{"damage":2.0,"enemies":"Spheric Guardian","floor":20.0,"turns":3.0},{"damage":7.0,"enemies":"Snake Plant","floor":22.0,"turns":2.0},{"damage":19.0,"enemies":"Gremlin Leader","floor":23.0,"turns":8.0},{"damage":32,"enemies":"Slavers","floor":25,"turns":7},{"damage":0,"enemies":"Shelled Parasite and Fungi","floor":28,"turns":2},{"damage":0,"enemies":"Chosen and Byrds","floor":31,"turns":3},{"damage":78,"enemies":"Champ","floor":33,"turns":9}],"seed_played":"-3144622725484462015","potions_obtained":[{"floor":2.0,"key":"SpeedPotion"},{"floor":4.0,"key":"AttackPotion"},{"floor":6.0,"key":"SmokeBomb"},{"floor":12.0,"key":"Energy Potion"},{"floor":16.0,"key":"LiquidBronze"},{"floor":20.0,"key":"FearPotion"},{"floor":22.0,"key":"CunningPotion"},{"floor":25,"key":"Explosive Potion"}],"is_trial":false,"path_per_floor":["M","M","$","M","M","E","M","M","T","M","R","M","E","?","R","B",null,"M","?","M","$","M","E","R","E","T","?","M","R","$","M","R","B"],"character_chosen":"THE_SILENT","items_purchased":["Blade Dance","Backstab","Cloak And Dagger","Caltrops"],"campfire_rested":4,"item_purchase_floors":[3,3,21,30],"current_hp_per_floor":[59,59,59,59,53,30,22,22,22,13,32,28,28,66,66,47,61,30,43,41,41,34,15,34,14,14,14,26,45,45,45,64,0,0],"gold":43,"neow_bonus":"THREE_ENEMY_KILL","is_daily":false,"chose_seed":false,"campfire_upgraded":1,"win_rate":0.0,"timestamp":1613799713,"path_taken":["M","?","$","M","M","E","M","M","T","M","R","M","E","?","R","BOSS","M","?","M","$","M","E","R","E","T","?","?","R","$","M","R","BOSS"],"items_purchased_type":["Card","Card","Card","Card"],"build_version":"2020-12-22","purchased_purges":2,"victory":false,"max_hp_per_floor":[66,66,66,66,66,66,66,66,66,66,66,66,66,66,66,66,66,66,66,66,66,66,66,66,66,66,66,66,66,66,66,66,66,66],"card_choices":[{"not_picked":["Outmaneuver","Dagger Throw"],"picked":"Well Laid Plans","floor":1.0},{"not_picked":["Slice","Infinite Blades"],"picked":"Masterful Stab","floor":2.0},{"not_picked":["Prepared","Riddle With Holes","Escape Plan"],"picked":"SKIP","floor":4.0},{"not_picked":["Dagger Throw","Unload"],"picked":"Backflip","floor":5.0},{"not_picked":["Tactician","Dagger Spray"],"picked":"PiercingWail","floor":6.0},{"not_picked":["Bane","Sucker Punch"],"picked":"Backstab","floor":7.0},{"not_picked":["Dagger Throw","Acrobatics","Skewer"],"picked":"SKIP","floor":8.0},{"not_picked":["Finisher","Deflect"],"picked":"Flechettes","floor":10.0},{"not_picked":["Slice","Bouncing Flask","Sucker Punch"],"picked":"SKIP","floor":12.0},{"not_picked":["A Thousand Cuts","Corpse Explosion"],"picked":"Venomology","floor":16.0},{"not_picked":["Outmaneuver","Bane+1","Acrobatics+1"],"picked":"SKIP","floor":18.0},{"not_picked":["Bouncing Flask","Noxious Fumes"],"picked":"Footwork","floor":20.0},{"not_picked":["Dodge and Roll","Blur"],"picked":"Finisher","floor":22.0},{"not_picked":["Eviscerate","Dodge and Roll+1","Flying Knee"],"picked":"SKIP","floor":23.0},{"not_picked":["Riddle With Holes","Sucker Punch"],"picked":"Choke","floor":25},{"not_picked":["Bane","Poisoned Stab","Quick Slash"],"picked":"SKIP","floor":28},{"not_picked":["Escape Plan","Backflip"],"picked":"Skewer+1","floor":31}],"player_experience":759828,"relics_obtained":[{"floor":6.0,"key":"StoneCalendar"},{"floor":9.0,"key":"Bottled Tornado"},{"floor":23.0,"key":"Meat on the Bone"},{"floor":25,"key":"Ninja Scroll"},{"floor":26,"key":"Shuriken"}],"event_choices":[{"damage_healed":38.0,"max_hp_gain":0.0,"max_hp_loss":0.0,"gold_gain":0.0,"event_name":"Wheel of Change","player_choice":"Full Heal","floor":14.0,"gold_loss":0.0,"damage_taken":0.0},{"damage_healed":13.0,"max_hp_gain":0.0,"max_hp_loss":0.0,"gold_gain":0.0,"event_name":"The Library","player_choice":"Heal","floor":19.0,"gold_loss":0.0,"damage_taken":0.0},{"damage_healed":0,"gold_gain":0,"player_choice":"Smashed Altar","damage_taken":0,"max_hp_gain":0,"max_hp_loss":0,"event_name":"Forgotten Altar","floor":27,"gold_loss":0,"cards_obtained":["Decay"]}],"is_beta":false,"boss_relics":[{"not_picked":["Sozu","HoveringKite"],"picked":"Philosopher\u0027s Stone"}],"items_purged_floors":[21,30],"is_endless":false,"potions_floor_spawned":[2,4,6,10,12,16,20,22,25],"killed_by":"Champ","ascension_level":17}}