{"host":"p9t7qd83igtcp2bh","time":1613816476,"event":{"mods":["2.2 Compatiblity","AchievementEnabler","BaseMod","Colored Map","Colored Powertips","Custom Start","DeckTracker","Keyboard Shortcuts","Minty Spire (QoL Compilation)","Permanent Neow","StSLib","SuperFastMode","everything is the same but u backflip on backflip"],"gold_per_floor":[111,111,130,143,13,13,13,13,36,85,85,11,68,218,218,326,326,372,386,386,432,475,35,50,50,124,134,159,159,190,190,190,190,190],"floor_reached":33,"language":"KOR","playtime":886,"items_purged":["Defend_P","Doubt"],"score":702,"play_id":"d1b63b27-f7f6-4ea5-8a63-5937cc031bdf","local_time":"20210220192116","is_ascension_mode":true,"campfire_choices":[{"data":"Eruption","floor":6.0,"key":"SMITH"},{"data":"EmptyBody","floor":8.0,"key":"SMITH"},{"floor":11.0,"key":"REST"},{"data":"SignatureMove","floor":15.0,"key":"SMITH"},{"floor":25.0,"key":"REST"},{"floor":29.0,"key":"REST"},{"data":"Devotion","floor":32,"key":"SMITH"}],"circlet_count":0,"master_deck":["AscendersBane","Strike_P","Strike_P","Strike_P","Strike_P","Defend_P","Defend_P","Defend_P","Eruption+1","Vigilance","BowlingBash","EmptyBody+1","FollowUp","SignatureMove+1","Scrawl","FlurryOfBlows","Devotion+1","FearNoEvil","Tantrum","TalkToTheHand","Decay","EmptyFist","Adaptation+1"],"relics":["PureWater","Art of War","Singing Bowl","Bronze Scales","Juzu Bracelet","Cursed Key","OrangePellets","Nunchaku","Frozen Egg 2","Anchor","Darkstone Periapt"],"acts_visited":["Exordium","TheCity"],"potions_floor_usage":[33],"damage_taken":[{"damage":0.0,"enemies":"2 Louse","floor":1.0,"turns":3.0},{"damage":2.0,"enemies":"Cultist","floor":3.0,"turns":3.0},{"damage":4.0,"enemies":"Small Slimes","floor":4.0,"turns":5.0},{"damage":3.0,"enemies":"2 Fungi Beasts","floor":10.0,"turns":4.0},{"damage":0.0,"enemies":"Gremlin Nob","floor":13.0,"turns":2.0},{"damage":0.0,"enemies":"Slime Boss","floor":16.0,"turns":5.0},{"damage":3.0,"enemies":"2 Thieves","floor":18.0,"turns":3.0},{"damage":0.0,"enemies":"Chosen","floor":19.0,"turns":2.0},{"damage":25.0,"enemies":"Snake Plant","floor":21.0,"turns":4.0},{"damage":10.0,"enemies":"Chosen and Byrds","floor":22.0,"turns":5.0},{"damage":13.0,"enemies":"Shelled Parasite and Fungi","floor":24.0,"turns":3.0},{"damage":13.0,"enemies":"Snake Plant","floor":27.0,"turns":3.0},{"damage":12.0,"enemies":"Gremlin Leader","floor":28.0,"turns":4.0},{"damage":17,"enemies":"Book of Stabbing","floor":30,"turns":4},{"damage":81,"enemies":"Automaton","floor":33,"turns":10}],"seed_played":"-873592155890529943","potions_obtained":[{"floor":1.0,"key":"DistilledChaos"},{"floor":3.0,"key":"ColorlessPotion"},{"floor":10.0,"key":"Fire Potion"},{"floor":13.0,"key":"Block Potion"},{"floor":21.0,"key":"DistilledChaos"},{"floor":22.0,"key":"SpeedPotion"},{"floor":30,"key":"Dexterity Potion"}],"is_trial":false,"path_per_floor":["M","?","M","M","$","R","?","R","T","M","R","$","E","?","R","B",null,"M","M","?","M","M","$","M","R","T","M","E","R","E","?","R","B"],"character_chosen":"WATCHER","items_purchased":["FollowUp","SignatureMove","OrangePellets","Nunchaku"],"campfire_rested":3,"item_purchase_floors":[5,12,23,23],"current_hp_per_floor":[61,43,41,37,37,37,37,37,37,36,57,57,59,59,59,59,69,66,68,68,43,33,33,20,42,42,29,19,41,24,86,86,5,5],"gold":190,"neow_bonus":"RANDOM_COMMON_RELIC","is_daily":false,"chose_seed":false,"campfire_upgraded":4,"win_rate":0.0,"timestamp":1613816476,"path_taken":["M","?","M","M","$","R","?","R","T","M","R","$","E","?","R","BOSS","M","M","?","M","M","$","M","R","T","M","E","R","E","?","R","BOSS"],"items_purchased_type":["Card","Card","Relic","Relic"],"build_version":"2020-12-22","purchased_purges":2,"victory":false,"max_hp_per_floor":[68,68,68,68,68,68,68,68,68,70,70,70,72,72,72,72,72,72,74,74,74,74,74,74,74,74,74,76,76,76,86,86,86,86],"card_choices":[{"not_picked":["Vengeance","FlyingSleeves"],"picked":"BowlingBash","floor":1.0},{"not_picked":["Halt","Weave"],"picked":"EmptyBody","floor":3.0},{"not_picked":["WaveOfTheHand","SashWhip"],"picked":"Wish","floor":4.0},{"not_picked":["Indignation","Fasting2","Nirvana"],"picked":"Singing Bowl","floor":10.0},{"not_picked":["SashWhip","PathToVictory","Sanctity"],"picked":"Singing Bowl","floor":13.0},{"not_picked":["DeusExMachina","DevaForm"],"picked":"Scrawl","floor":16.0},{"not_picked":["FollowUp","Halt"],"picked":"FlurryOfBlows","floor":18.0},{"not_picked":["JustLucky","SashWhip","EmptyMind"],"picked":"Singing Bowl","floor":19.0},{"not_picked":["SashWhip","LessonLearned"],"picked":"FearNoEvil","floor":21.0},{"not_picked":["ThirdEye","Wireheading"],"picked":"Tantrum","floor":22.0},{"not_picked":["FollowUp+1","JustLucky"],"picked":"TalkToTheHand","floor":24.0},{"not_picked":["Wireheading+1","FlyingSleeves"],"picked":"EmptyFist","floor":27.0},{"not_picked":["FollowUp","BowlingBash","FlyingSleeves+1"],"picked":"Singing Bowl","floor":28.0},{"not_picked":["Fasting2+1","EmptyBody"],"picked":"Adaptation+1","floor":30}],"player_experience":735474,"relics_obtained":[{"floor":9.0,"key":"Bronze Scales"},{"floor":13.0,"key":"Juzu Bracelet"},{"floor":26.0,"key":"Frozen Egg 2"},{"floor":28.0,"key":"Anchor"},{"floor":30,"key":"Darkstone Periapt"}],"event_choices":[{"damage_healed":0.0,"max_hp_gain":0.0,"max_hp_loss":0.0,"gold_gain":0.0,"event_name":"Scrap Ooze","player_choice":"Success","floor":2.0,"gold_loss":0.0,"damage_taken":18.0,"relics_obtained":["Singing Bowl"]},{"damage_healed":0.0,"max_hp_gain":0.0,"max_hp_loss":0.0,"gold_gain":0.0,"event_name":"Upgrade Shrine","player_choice":"Upgraded","floor":7.0,"gold_loss":0.0,"damage_taken":0.0,"cards_upgraded":["Wish"]},{"damage_healed":0.0,"max_hp_gain":0.0,"max_hp_loss":0.0,"gold_gain":150.0,"event_name":"Liars Game","player_choice":"AGREE","floor":14.0,"gold_loss":0.0,"damage_taken":0.0,"cards_obtained":["Doubt"]},{"damage_healed":0.0,"max_hp_gain":0.0,"max_hp_loss":0.0,"gold_gain":0.0,"event_name":"The Library","player_choice":"Read","floor":20.0,"gold_loss":0.0,"damage_taken":0.0,"cards_obtained":["Devotion"]},{"cards_removed":["Wish"],"damage_healed":52,"gold_gain":0,"player_choice":"Offered Rare","damage_taken":0,"max_hp_gain":10,"max_hp_loss":0,"event_name":"Bonfire Elementals","floor":31,"gold_loss":0}],"is_beta":false,"boss_relics":[{"not_picked":["SacredBark","Tiny House"],"picked":"Cursed Key"}],"items_purged_floors":[5,23],"is_endless":false,"potions_floor_spawned":[1,3,10,13,21,22,30],"killed_by":"Automaton","ascension_level":19}}