{"host":"5tzvto3beate6p8b","time":1613845437,"event":{"mods":["BaseMod","Colored Map","Minty Spire (QoL Compilation)","StSLib","SuperFastMode"],"gold_per_floor":[109,126,140,153,17,17,17,47,70,70,70,70,70,89,89,166,166,180,180,180],"floor_reached":19,"language":"JPN","playtime":895,"items_purged":[],"score":326,"play_id":"3e88b3f7-e944-4da3-b485-32cec7c1466a","local_time":"20210221032357","is_ascension_mode":true,"campfire_choices":[{"data":"Sunder","floor":6,"key":"SMITH"},{"data":"Defragment","floor":10,"key":"SMITH"},{"data":"Self Repair","floor":13,"key":"SMITH"},{"data":"Storm","floor":15,"key":"SMITH"}],"circlet_count":0,"master_deck":["AscendersBane","Strike_B","Strike_B","Defend_B+1","Defend_B","Defend_B","Zap+1","Dualcast","Buffer","Sweeping Beam","Glacier","Skim","Sunder+1","Self Repair+1","Defragment+1","Storm+1","Creative AI","Aggregate+1","Barrage+1","Recycle+1","Double Energy"],"relics":["Cracked Core","Nunchaku","Strawberry","Astrolabe"],"acts_visited":["Exordium","TheCity"],"potions_floor_usage":[16,16,18],"damage_taken":[{"damage":0,"enemies":"Small Slimes","floor":1,"turns":3},{"damage":0,"enemies":"2 Louse","floor":2,"turns":5},{"damage":1,"enemies":"Cultist","floor":3,"turns":4},{"damage":9,"enemies":"Exordium Wildlife","floor":4,"turns":10},{"damage":10,"enemies":"3 Sentries","floor":8,"turns":6},{"damage":1,"enemies":"Looter","floor":14,"turns":4},{"damage":50,"enemies":"Hexaghost","floor":16,"turns":14},{"damage":24,"enemies":"Shell Parasite","floor":18,"turns":5},{"damage":48,"enemies":"3 Byrds","floor":19,"turns":4}],"seed_played":"-7739492111811391316","potions_obtained":[{"floor":3,"key":"FearPotion"},{"floor":16,"key":"EssenceOfDarkness"},{"floor":18,"key":"PotionOfCapacity"}],"is_trial":false,"path_per_floor":["M","M","M","M","$","R","?","E","T","R","?","$","R","M","R","B",null,"M","M"],"character_chosen":"DEFECT","items_purchased":["Self Repair","AttackPotion"],"campfire_rested":0,"item_purchase_floors":[5,5],"current_hp_per_floor":[64,64,63,54,54,54,71,61,68,68,45,45,45,54,54,14,62,48,0,0],"gold":180,"neow_bonus":"ONE_RANDOM_RARE_CARD","is_daily":false,"chose_seed":false,"campfire_upgraded":4,"win_rate":0.0,"timestamp":1613845437,"path_taken":["M","M","M","M","$","R","?","E","T","R","?","$","R","M","R","BOSS","M","M"],"items_purchased_type":["Card","Potion"],"build_version":"2020-12-22","purchased_purges":0,"victory":false,"max_hp_per_floor":[71,71,71,71,71,71,71,71,78,78,78,78,78,78,78,78,78,78,78,78],"card_choices":[{"not_picked":["Conserve Battery","Rebound"],"picked":"Sweeping Beam","floor":1},{"not_picked":["Redo","Compile Driver"],"picked":"Glacier","floor":2},{"not_picked":["Leap","Hello World"],"picked":"Skim","floor":3},{"not_picked":["Recycle","Beam Cell"],"picked":"Sunder","floor":4},{"not_picked":["Chaos","Melter"],"picked":"Defragment","floor":8},{"not_picked":["Rebound","Compile Driver"],"picked":"Storm","floor":14},{"not_picked":["Fission","Hyperbeam"],"picked":"Creative AI","floor":16},{"not_picked":["Steam","Streamline"],"picked":"Double Energy","floor":18}],"player_experience":817695,"relics_obtained":[{"floor":8,"key":"Nunchaku"},{"floor":9,"key":"Strawberry"}],"event_choices":[{"damage_healed":23,"gold_gain":0,"player_choice":"Banana","damage_taken":0,"max_hp_gain":0,"max_hp_loss":0,"event_name":"Big Fish","floor":7,"gold_loss":0},{"damage_healed":0,"gold_gain":0,"player_choice":"Entered Light","damage_taken":23,"max_hp_gain":0,"max_hp_loss":0,"event_name":"Shining Light","floor":11,"gold_loss":0,"cards_upgraded":["Defend_B","Zap"]}],"is_beta":false,"boss_relics":[{"not_picked":["Calling Bell","SlaversCollar"],"picked":"Astrolabe"}],"items_purged_floors":[],"is_endless":false,"potions_floor_spawned":[3,8,14,16,18],"killed_by":"3 Byrds","ascension_level":19}}