{"host":"228fa1e80jehsxot","time":1613811774,"event":{"mods":["BaseMod","Koishi","Marisa£®ÏF”Í°°ƒß¿Ì…≥£©","Minty Spire (QoL Compilation)","Remilia£®¿Ÿ√◊¿Ú—«£©","Replay The Spire","Shop Mod","StSLib","The Administrix","The Hierophant"],"gold_per_floor":[118,169,5,5,5,38,12,12,12,29,80,80,180,200,200,200,200],"floor_reached":16,"language":"ZHS","playtime":744,"items_purged":[],"score":121,"play_id":"725e4cc1-e28b-4be2-932a-def803292e95","local_time":"20210220170254","is_ascension_mode":false,"campfire_choices":[{"data":"Koishi:GhostParty","floor":12,"key":"SMITH"},{"data":"Koishi:Provoke","floor":15,"key":"SMITH"}],"circlet_count":0,"master_deck":["Koishi:BasicStrike","Koishi:BasicStrike","Koishi:BasicStrike","Koishi:BasicDefend","Koishi:BasicDefend","Koishi:BasicDefend","Koishi:BasicDefend","Koishi:Provoke+1","Koishi:HauntingSlash","Koishi:SpiritedAway","Koishi:GhostParty+1","Koishi:FreudianInstinct","Koishi:SubterraneanRose","Koishi:RorschachInDanmaku","Koishi:StingingMind","Koishi:CatchAndRose","Koishi:RorschachInDanmaku"],"relics":["Koishi:ImaginaryFriend","NeowsBlessing","Darkstone Periapt","Bag of Preparation"],"acts_visited":["Exordium"],"potions_floor_usage":[],"damage_taken":[{"damage":0,"enemies":"Cultist","floor":1,"turns":1},{"damage":0,"enemies":"Lagavulin","floor":6,"turns":2},{"damage":0,"enemies":"Small Slimes","floor":10,"turns":2},{"damage":0,"enemies":"2 Louse","floor":14,"turns":5},{"damage":73,"enemies":"Slime Boss","floor":16,"turns":20}],"seed_played":"-3039577501973130181","potions_obtained":[{"floor":1,"key":"BlessingOfTheForge"},{"floor":10,"key":"SpeedPotion"}],"is_trial":false,"path_per_floor":["M","?","$","?","?","E","$","?","T","M","T","R","?","M","R","B"],"character_chosen":"KOISHI","items_purchased":["Koishi:GhostParty","Koishi:FreudianInstinct","Koishi:SubterraneanRose","Koishi:StingingMind"],"campfire_rested":0,"item_purchase_floors":[3,3,3,7],"current_hp_per_floor":[60,60,60,60,65,65,65,65,65,65,65,65,65,65,65,0,0],"gold":200,"neow_bonus":"THREE_ENEMY_KILL","is_daily":false,"chose_seed":false,"campfire_upgraded":2,"win_rate":0.0,"timestamp":1613811774,"path_taken":["M","?","$","?","?","E","?","?","T","?","?","R","?","M","R","BOSS"],"items_purchased_type":["Card","Card","Card","Card"],"build_version":"2020-12-22","purchased_purges":0,"victory":false,"max_hp_per_floor":[60,60,60,60,65,65,65,65,65,65,65,65,65,65,65,65,65],"card_choices":[{"not_picked":["Koishi:Whimsy","Koishi:VengefulSpirit"],"picked":"Koishi:SpiritedAway","floor":1},{"not_picked":["Koishi:TraumaticStroke","Koishi:FleetingPhantom"],"picked":"Koishi:RorschachInDanmaku","floor":6},{"not_picked":["Koishi:BloodcurdlingScream","Koishi:SpiritedAway"],"picked":"Koishi:CatchAndRose","floor":10},{"not_picked":["Koishi:UnansweredLove","Koishi:SpiritedAway"],"picked":"Koishi:RorschachInDanmaku","floor":14}],"player_experience":274198,"relics_obtained":[{"floor":6,"key":"Darkstone Periapt"}],"event_choices":[{"damage_healed":0,"gold_gain":51,"player_choice":"Gained Gold","damage_taken":0,"max_hp_gain":0,"max_hp_loss":0,"event_name":"Golden Wing","floor":2,"gold_loss":0},{"damage_healed":0,"gold_gain":0,"player_choice":"Donut","damage_taken":0,"max_hp_gain":5,"max_hp_loss":0,"event_name":"Big Fish","floor":5,"gold_loss":0},{"damage_healed":0,"gold_gain":0,"player_choice":"Gave Potion","damage_taken":0,"relics_obtained":["Bag of Preparation"],"max_hp_gain":0,"max_hp_loss":0,"event_name":"WeMeetAgain","floor":8,"gold_loss":0},{"damage_healed":0,"gold_gain":100,"player_choice":"Pray","damage_taken":0,"max_hp_gain":0,"max_hp_loss":0,"event_name":"Golden Shrine","floor":13,"gold_loss":0}],"is_beta":false,"boss_relics":[],"items_purged_floors":[],"is_endless":false,"potions_floor_spawned":[1,10],"killed_by":"Slime Boss","ascension_level":0}}