{"host":"Charlie","time":1613805960,"event":{"mods":["100% Spire Juice","Act Like it!","Aspiration","BaseMod","Better Match","Better Skull","Better Third Choice","BetterRewards","ChefMod","Colored Map","Colored Powertips","Conspire","Curses Come First","Dota2Spire","Downfall","Ekko","Evolution","Fox Events","Friendly Minions","Halation","Hermit","Hubris","Infinite Spire","Luminous","Melee Mod","Minty Spire (QoL Compilation)","Quick Restart","Rare Cards Sparkle","Relic Stats","Reliquary","Robot Space Explorer","Ruina","Shade Mod","Spicy Shops","Spire Arcade","StSLib","SuperFastMode","Synergy Search","The Animator","The Blue Laboratory","The Caster","The Cursed","The Dragon Tamer","The Gatherer","The Jungle","The Marked","The Necromancer","Unceasing Turn Reminder"],"gold_per_floor":[118,137,137,137,137,171,171,171,197,197,237,76,76,191,191,191,191],"floor_reached":16,"language":"ENG","playtime":753,"items_purged":["Regret"],"score":156,"play_id":"78e4e003-9a80-4a69-a9bf-77e76ce86c88","local_time":"20210219232600","is_ascension_mode":false,"campfire_choices":[{"data":"Study","floor":10,"key":"SMITH"},{"data":"DeusExMachina","floor":15,"key":"SMITH"}],"circlet_count":0,"master_deck":["Strike_P","Strike_P","Strike_P","Defend_P","Defend_P","Defend_P","Defend_P","Eruption","Vigilance","Worship","Chaos","Study","WreathOfFlame","DeusExMachina+1"],"relics":["animator:TheEruzaStone","TheCursedMod:OminousMark","Cracked Core","Coffee Dripper"],"acts_visited":["Exordium"],"potions_floor_usage":[11,11,16],"damage_taken":[{"damage":0,"enemies":"Jaw Worm","floor":1,"turns":1},{"damage":0,"enemies":"2 Louse","floor":2,"turns":2},{"damage":0,"enemies":"Gremlin Nob","floor":6,"turns":1},{"damage":45,"enemies":"3 Sentries","floor":11,"turns":9},{"damage":2,"enemies":"conspire:RoseBush","floor":14,"turns":2},{"damage":93,"enemies":"Hexaghost","floor":16,"turns":9}],"seed_played":"8603413832464112579","potions_obtained":[{"floor":2,"key":"SkillPotion"},{"floor":6,"key":"blueLaboratory:TrueEctoplasm"},{"floor":11,"key":"PowerPotion"},{"floor":14,"key":"animator:FalseLifePotion"}],"is_trial":false,"path_per_floor":["M","M","?","?","?","E","?","?","T","R","E","$","?","M","R","B"],"character_chosen":"WATCHER","items_purchased":["infinitespire:Chaos","infinitespire:Lucky Rock"],"campfire_rested":0,"item_purchase_floors":[12,12],"current_hp_per_floor":[72,72,54,54,36,36,36,36,36,36,1,100,93,91,91,0,0],"gold":191,"neow_bonus":"THREE_ENEMY_KILL","is_daily":false,"chose_seed":false,"campfire_upgraded":2,"win_rate":0.0,"timestamp":1613805960,"path_taken":["M","M","?","?","?","E","?","?","T","R","E","?","?","M","R","BOSS"],"items_purchased_type":["Relic","Relic"],"build_version":"2020-12-18","purchased_purges":1,"victory":false,"max_hp_per_floor":[72,72,72,72,72,72,72,72,72,72,72,100,100,100,100,100,100],"relic_stats":{"counters":[6,24],"obtain_stats":[{"halation:MonkeysPaw":12,"NeowsBlessing":0,"Golden Idol":3,"infinitespire:EmptyRelic":12,"animator:TheEruzaStone":12,"betterThird:NestCultRelic":12,"EVO:Axolotl":0,"infinitespire:Lucky Rock":12,"hubris:Towel":8,"Burning Blood":12,"conspire:TopHat":12,"halation:HeavySnake":12,"Anchor":9,"TheCursedMod:OminousMark":12,"MealTicket":11,"Coffee Dripper":12,"Dota2Spire:ArcaneBoots":6,"PureWater":0,"infinitespire:Chaos":12,"Cracked Core":12,"Toy Ornithopter":7},{"halation:MonkeysPaw":4,"NeowsBlessing":0,"Golden Idol":2,"infinitespire:EmptyRelic":4,"animator:TheEruzaStone":4,"betterThird:NestCultRelic":4,"EVO:Axolotl":0,"infinitespire:Lucky Rock":4,"hubris:Towel":3,"Burning Blood":4,"conspire:TopHat":4,"halation:HeavySnake":4,"Anchor":3,"TheCursedMod:OminousMark":4,"MealTicket":4,"Coffee Dripper":4,"Dota2Spire:ArcaneBoots":3,"PureWater":0,"infinitespire:Chaos":4,"Cracked Core":4,"Toy Ornithopter":3},{"halation:MonkeysPaw":13,"NeowsBlessing":0,"Golden Idol":3,"infinitespire:EmptyRelic":13,"animator:TheEruzaStone":13,"betterThird:NestCultRelic":13,"EVO:Axolotl":0,"infinitespire:Lucky Rock":13,"hubris:Towel":4,"Burning Blood":13,"conspire:TopHat":13,"halation:HeavySnake":13,"Anchor":4,"TheCursedMod:OminousMark":13,"MealTicket":13,"Coffee Dripper":13,"Dota2Spire:ArcaneBoots":4,"PureWater":0,"infinitespire:Chaos":13,"Cracked Core":13,"Toy Ornithopter":4}]},"card_choices":[{"not_picked":["PathToVictory","Weave","Wallop"],"picked":"SKIP","floor":1},{"not_picked":["EmptyFist","Adaptation"],"picked":"Worship","floor":2},{"not_picked":["infinitespire:Collect","infinitespire:UltimateForm"],"picked":"infinitespire:Oblivion","floor":5},{"not_picked":["Protect","JustLucky"],"picked":"Study","floor":6},{"not_picked":["JustLucky","CarveReality"],"picked":"WreathOfFlame","floor":11},{"not_picked":["FlyingSleeves","JustLucky"],"picked":"DeusExMachina","floor":14}],"player_experience":500004,"relics_obtained":[{"floor":6,"key":"Dota2Spire:ArcaneBoots"},{"floor":9,"key":"Anchor"},{"floor":11,"key":"MealTicket"}],"event_choices":[{"damage_healed":0,"gold_gain":0,"player_choice":"Take Damage","damage_taken":18,"relics_obtained":["Golden Idol"],"max_hp_gain":0,"max_hp_loss":0,"event_name":"Golden Idol","floor":3,"gold_loss":0},{"damage_healed":0,"gold_gain":0,"player_choice":"Grow","damage_taken":0,"max_hp_gain":0,"max_hp_loss":0,"event_name":"Living Wall","floor":4,"gold_loss":0,"cards_upgraded":["Eruption"]},{"damage_healed":0,"gold_gain":0,"player_choice":"Box","damage_taken":0,"relics_obtained":["Toy Ornithopter"],"max_hp_gain":0,"max_hp_loss":0,"event_name":"Big Fish","floor":7,"gold_loss":0,"cards_obtained":["Regret"]},{"cards_removed":["Strike_P"],"damage_healed":0,"gold_gain":0,"player_choice":"Card Removal","damage_taken":7,"max_hp_gain":0,"max_hp_loss":0,"event_name":"Golden Wing","floor":13,"gold_loss":0}],"is_beta":true,"boss_relics":[],"items_purged_floors":[12],"is_endless":false,"potions_floor_spawned":[2,6,11],"killed_by":"Hexaghost","ascension_level":0}}