{"host":"kfljnqghcyduj62k","time":1613838272,"event":{"mods":["2.2 Compatiblity","BaseMod","Bestiary","Energized Spire","Hermit","Minty Spire (QoL Compilation)","StSLib","The Servant 0.9.4"],"gold_per_floor":[117,117,182,197,197,230,230,241,265,265,440,440,114,133,133,232,232,245,232,248,263,362,362,110,135,159,159,159],"floor_reached":27,"language":"ENG","playtime":729,"items_purged":["Doubt","hermit:Strike_Hermit"],"score":236,"play_id":"90186dd5-93ee-4666-877e-fa55c12fe21c","local_time":"20210220162432","is_ascension_mode":false,"campfire_choices":[{"floor":10.0,"key":"REST"},{"floor":12.0,"key":"REST"},{"data":"hermit:Quickdraw","floor":15.0,"key":"SMITH"},{"floor":23.0,"key":"REST"}],"circlet_count":0,"master_deck":["hermit:Strike_Hermit","hermit:Strike_Hermit","hermit:Strike_Hermit","hermit:Defend_Hermit+1","hermit:Defend_Hermit","hermit:Defend_Hermit","hermit:Defend_Hermit","hermit:Snapshot+1","hermit:Covet","hermit:LowProfile","hermit:Misfire+1","hermit:Dive","hermit:HighCaliber","hermit:Glare","hermit:PistolWhip","hermit:Quickdraw+1","hermit:Roughhouse","hermit:LoneWolf","hermit:FlashPowder","hermit:HighCaliber+1","hermit:Headshot+1"],"relics":["hermit:Momento","NeowsBlessing","Potion Belt","Art of War","Bronze Scales","Tiny Chest","Sozu","Lee\u0027s Waffle","CeramicFish","Bag of Preparation"],"acts_visited":[],"potions_floor_usage":[],"damage_taken":[{"damage":0.0,"enemies":"2 Louse","floor":1.0,"turns":1.0},{"damage":0.0,"enemies":"Jaw Worm","floor":4.0,"turns":1.0},{"damage":0.0,"enemies":"Lagavulin","floor":6.0,"turns":1.0},{"damage":0.0,"enemies":"Small Slimes","floor":8.0,"turns":3.0},{"damage":4.0,"enemies":"Red Slaver","floor":14.0,"turns":2.0},{"damage":16.0,"enemies":"The Guardian","floor":16.0,"turns":10.0},{"damage":0.0,"enemies":"Spheric Guardian","floor":18.0,"turns":3.0},{"damage":13.0,"enemies":"2 Thieves","floor":19.0,"turns":4.0},{"damage":22.0,"enemies":"3 Cultists","floor":20.0,"turns":5.0},{"damage":9.0,"enemies":"Shelled Parasite and Fungi","floor":21.0,"turns":4.0}],"seed_played":"-8552755431417278515","potions_obtained":[{"floor":1.0,"key":"LiquidBronze"},{"floor":8.0,"key":"FearPotion"},{"floor":16.0,"key":"SpeedPotion"}],"is_trial":false,"path_per_floor":["M","?","?","M","?","E","?","M","T","R","?","R","$","M","R","B",null,"M","M","M","M","?","R","$","T","T","?"],"character_chosen":"HERMIT","items_purchased":["Tiny Chest","hermit:Glare","hermit:PistolWhip","Lee\u0027s Waffle"],"campfire_rested":3,"item_purchase_floors":[13,13,13,24],"current_hp_per_floor":[75,60,60,60,27,27,27,27,27,49,49,71,71,67,67,51,75,75,62,40,31,31,53,82,82,82,82,82],"gold":159,"neow_bonus":"THREE_ENEMY_KILL","is_daily":false,"chose_seed":false,"campfire_upgraded":1,"win_rate":0.0,"timestamp":1613838272,"path_taken":["M","?","?","M","?","E","?","?","T","R","?","R","?","M","R","BOSS","M","M","?","M","?","R","?","?","T","?"],"items_purchased_type":["Relic","Card","Card","Relic"],"build_version":"2020-12-22","purchased_purges":2,"victory":false,"max_hp_per_floor":[75,75,75,75,75,75,75,75,75,75,75,75,75,75,75,75,75,75,75,75,75,75,75,82,82,82,82,82],"card_choices":[{"not_picked":["hermit:Desperado","hermit:Brawl"],"picked":"hermit:LowProfile","floor":1.0},{"not_picked":["hermit:TakeCover","hermit:Spite"],"picked":"hermit:Misfire","floor":4.0},{"not_picked":["hermit:Desperado","hermit:TakeCover"],"picked":"hermit:Dive","floor":6.0},{"not_picked":["hermit:Manifest","hermit:Desperado"],"picked":"hermit:HighCaliber","floor":8.0},{"not_picked":["hermit:Cheat","hermit:Scavenge"],"picked":"hermit:Quickdraw","floor":14.0},{"not_picked":["hermit:Dissolve","hermit:FinalCanter"],"picked":"hermit:Roughhouse","floor":16.0},{"not_picked":["hermit:HoleUp","hermit:Spite"],"picked":"hermit:LoneWolf","floor":18.0},{"not_picked":["hermit:Grudge+1","hermit:HoleUp"],"picked":"hermit:FlashPowder","floor":19.0},{"not_picked":["hermit:Scavenge","hermit:Virtue"],"picked":"hermit:HighCaliber+1","floor":20.0},{"not_picked":["hermit:TrackingShot","hermit:Shortfuse"],"picked":"hermit:Headshot+1","floor":21.0}],"player_experience":232116,"relics_obtained":[{"floor":6.0,"key":"Art of War"},{"floor":9.0,"key":"Bronze Scales"},{"floor":25.0,"key":"CeramicFish"},{"floor":26.0,"key":"Bag of Preparation"}],"event_choices":[{"damage_healed":0.0,"max_hp_gain":0.0,"max_hp_loss":0.0,"gold_gain":0.0,"event_name":"Shining Light","player_choice":"Entered Light","floor":2.0,"gold_loss":0.0,"damage_taken":15.0,"cards_upgraded":["hermit:Defend_Hermit","hermit:Snapshot"]},{"damage_healed":0.0,"max_hp_gain":0.0,"max_hp_loss":0.0,"gold_gain":65.0,"event_name":"Golden Wing","player_choice":"Gained Gold","floor":3.0,"gold_loss":0.0,"damage_taken":0.0},{"damage_healed":0.0,"max_hp_gain":0.0,"max_hp_loss":0.0,"gold_gain":0.0,"event_name":"Scrap Ooze","player_choice":"Success","floor":5.0,"gold_loss":0.0,"damage_taken":33.0,"relics_obtained":["Potion Belt"]},{"damage_healed":0.0,"max_hp_gain":0.0,"max_hp_loss":0.0,"gold_gain":0.0,"event_name":"Upgrade Shrine","player_choice":"Upgraded","floor":7.0,"gold_loss":0.0,"damage_taken":0.0,"cards_upgraded":["hermit:Misfire"]},{"damage_healed":0.0,"max_hp_gain":0.0,"max_hp_loss":0.0,"gold_gain":175.0,"event_name":"Liars Game","player_choice":"AGREE","floor":11.0,"gold_loss":0.0,"damage_taken":0.0,"cards_obtained":["Doubt"]},{"damage_healed":0.0,"max_hp_gain":0.0,"max_hp_loss":0.0,"gold_gain":99.0,"event_name":"Nest","player_choice":"Stole From Cult","floor":22.0,"gold_loss":0.0,"damage_taken":0.0}],"is_beta":false,"boss_relics":[{"not_picked":["hermit:ClaspedLocket","SacredBark"],"picked":"Sozu"}],"items_purged_floors":[13,24],"is_endless":false,"potions_floor_spawned":[1,8,16,18,20,21],"ascension_level":0}}