{"host":"51qmnr9isyv85d0p","time":1613804523,"event":{"mods":["AchievementEnabler","BaseMod","Colored Map","Colored Powertips","Curses Come First","Downfall","Minty Spire (QoL Compilation)","Red Circlet Mod","Relic Stats","Replay The Spire","StSLib","TestMod"],"gold_per_floor":[10900,10900,9832,9854,9872,9901,9924,9961,9961,9978,9978,9994,8801,8825,8825,8951,8951,8973,8996,7900,7927,7950,7985,7166,7091,7091,7134,6328,6328,6355,6380,6380,6497,6497,6522,6522,6584,6607,5717,5717,5751,5751,5751,4879,4896,4896,4931,4477,4477,4488,4488,4488,3746,3785,3804],"floor_reached":56,"language":"ZHS","playtime":2101,"items_purged":["Defend_B","Strike_B","Defend_B+1","Strike_B","Strike_B","Defend_B+1","Bandage Up+1"],"score":1891,"play_id":"0159fce0-c4cc-49df-85c3-d0c300daa61c","local_time":"20210220150203","is_ascension_mode":true,"campfire_choices":[{"data":"Redo","floor":15,"key":"SMITH"},{"floor":29,"key":"RECALL"},{"data":"Storm","floor":32,"key":"SMITH"},{"data":"Scrape","floor":32,"key":"SMITH"},{"data":"Strike_B+1","floor":40,"key":"PURGE"},{"data":"Bandage Up+1","floor":42,"key":"PURGE"},{"floor":49,"key":"REST"},{"floor":52,"key":"REST"}],"circlet_count":0,"master_deck":["Zap+1","Dualcast+1","Time Bomb+1","Violence+1","Rip and Tear+1","BasicCrystalCard+1","FIFO Queue+1","Redo+1","Chill+1","Lockon+1","Undo+1","Darkness+1","Turbo+1","Panic Button+1","FTL+1","Seek+1","Buffer+1","Gash+1","Secret Technique+1","ReplayTheSpireMod:Repulse+1","All For One+1","AbeCurse","Beam Cell+1","Scrape+1","Aggregate+1","Sunder+1","Loop+1","Glacier+1","Storm+1","Rainbow+1","Heatsinks+1","Defragment+1","Fusion+1","ReplayTheSpireMod:Omega Cannon+1","Go for the Eyes+1","Scrape+1","White Noise+1","Thinking Ahead+1","testmod-DeathImprint+1","Gash+1","ReplayTheSpireMod:Calculation Training+1"],"relics":["Cracked Core","testmod-TestBox","testmod-DeterminationOfClimber","Ornamental Fan","War Paint","sneckomod:BlankCard","testmod-DragonStarHat","Golden Egg","InkBottle","Nunchaku","Medical Kit","Abe\u0027s Treasure","testmod-IntensifyImprint","Blue Doll","Cauldron","Mummified Hand","Quantum Egg","Bottled Lightning","Replay:Arrowhead","ReplayFunnel","Pear","Chemical X","Pen Nib","Philosopher\u0027s Stone","Mark of the Bloom","Peace Pipe","Toxic Egg 2","ReplayTheSpireMod:ShopPack","Bottled Flame","Toy Ornithopter","testmod-RandomTest","Chameleon Ring","Singing Bowl","Frozen Eye","ReplayTheSpireMod:Ring of Exchange","Ring of Fury","ReplayTheSpireMod:Ninjato","Dream Catcher","Geode","ClockworkSouvenir","Shuriken","CaptainsWheel","Membership Card","bronze:BronzeIdol"],"acts_visited":["Exordium","TheCity","TheBeyond","TheEnding"],"potions_floor_usage":[6,16],"damage_taken":[{"damage":1,"enemies":"Cultist","floor":1,"turns":4},{"damage":1,"enemies":"2 Louse","floor":4,"turns":2},{"damage":2,"enemies":"Jaw Worm","floor":5,"turns":2},{"damage":0,"enemies":"Gremlin Nob","floor":6,"turns":2},{"damage":0,"enemies":"Red Slaver","floor":7,"turns":1},{"damage":0,"enemies":"Lagavulin","floor":8,"turns":4},{"damage":0,"enemies":"Exordium Thugs","floor":10,"turns":2},{"damage":0,"enemies":"3 Louse","floor":12,"turns":1},{"damage":0,"enemies":"Looter","floor":14,"turns":1},{"damage":0,"enemies":"The Guardian","floor":16,"turns":3},{"damage":0,"enemies":"Spheric Guardian","floor":18,"turns":1},{"damage":0,"enemies":"3 Byrds","floor":19,"turns":2},{"damage":0,"enemies":"Snecko","floor":21,"turns":1},{"damage":0,"enemies":"3 Cultists","floor":22,"turns":1},{"damage":0,"enemies":"Slavers","floor":23,"turns":1},{"damage":0,"enemies":"Book of Stabbing","floor":27,"turns":1},{"damage":0,"enemies":"Snake Plant","floor":30,"turns":1},{"damage":0,"enemies":"Champ","floor":33,"turns":2},{"damage":0,"enemies":"Orb Walker","floor":35,"turns":1},{"damage":0,"enemies":"2 Orb Walkers","floor":37,"turns":1},{"damage":0,"enemies":"3 Darklings","floor":38,"turns":1},{"damage":0,"enemies":"Reptomancer","floor":41,"turns":1},{"damage":0,"enemies":"Sphere and 2 Shapes","floor":45,"turns":1},{"damage":0,"enemies":"Nemesis","floor":47,"turns":1},{"damage":0,"enemies":"Donu and Deca","floor":50,"turns":1},{"damage":0,"enemies":"Shield and Spear","floor":54,"turns":1},{"damage":5,"enemies":"The Heart","floor":55,"turns":2}],"seed_played":"-6066713326732308384","potions_obtained":[{"floor":6,"key":"LiquidBronze"},{"floor":16,"key":"Fire Potion"},{"floor":18,"key":"Strength Potion"},{"floor":20,"key":"EntropicBrew"}],"is_trial":false,"path_per_floor":["M","?","$","M","M","E","M","E","T","M","?","M","$","M","R","B",null,"M","M","$","M","M","E","$","?","T","E","$","R","M","T","R","B",null,"M","?","?","M","$","R","E","R","T","$","M","?","E","$","R","B",null,"R","$","E","B",null],"character_chosen":"DEFECT","items_purchased":["Ornamental Fan","Violence","Rip and Tear","BasicCrystalCard+1","FIFO Queue","Redo","War Paint","Toxic Potion","Fire Potion","SkillPotion","InkBottle","Nunchaku","Medical Kit","Seek","Buffer","Gash","Secret Technique","Elixir","testmod-IntensifyImprint","Blue Doll","Cauldron","Bandage Up","Aggregate","Sunder","Loop","Glacier","Quantum Egg","Rainbow","Bottled Lightning","ReplayFunnel","Pear","Chemical X","Defragment","Fusion+1","Toxic Egg 2","ReplayTheSpireMod:ShopPack","White Noise+1","Bottled Flame","Chameleon Ring","Singing Bowl","Frozen Eye","Dream Catcher","Geode","ClockworkSouvenir","Shuriken","CaptainsWheel","Membership Card","ReplayTheSpireMod:Calculation Training+1"],"campfire_rested":2,"item_purchase_floors":[3,3,3,3,3,3,3,3,3,3,13,13,13,13,13,13,13,13,20,20,20,20,20,20,20,20,24,24,24,28,28,28,28,28,39,39,39,39,44,44,44,48,48,48,53,53,53,53],"current_hp_per_floor":[81,81,81,81,80,82,82,82,82,82,82,82,82,82,82,82,82,82,82,82,82,82,82,82,82,82,82,92,92,92,92,92,92,92,92,92,92,92,92,92,92,92,92,92,92,92,92,92,92,92,92,92,92,92,87],"gold":3804,"neow_bonus":"TEN_PERCENT_HP_BONUS","is_daily":false,"chose_seed":false,"campfire_upgraded":3,"win_rate":0.0,"timestamp":1613804523,"path_taken":["M","?","$","M","M","E","M","E","T","M","?","M","$","M","R","BOSS","M","M","$","M","M","E","$","?","T","E","?","R","?","?","R","BOSS","M","?","?","M","?","R","E","R","T","$","?","?","E","$","R","BOSS","R","$","E","BOSS"],"items_purchased_type":["Relic","Card","Card","Card","Card","Card","Relic","Potion","Potion","Potion","Relic","Relic","Relic","Card","Card","Card","Card","Potion","Relic","Relic","Relic","Card","Card","Card","Card","Card","Relic","Card","Relic","Relic","Relic","Relic","Card","Card","Relic","Relic","Card","Relic","Relic","Relic","Relic","Relic","Relic","Relic","Relic","Relic","Relic","Card"],"build_version":"2020-12-22","purchased_purges":7,"victory":true,"max_hp_per_floor":[82,82,82,82,82,82,82,82,82,82,82,82,82,82,82,82,82,82,82,82,82,82,82,82,82,82,82,92,92,92,92,92,92,92,92,92,92,92,92,92,92,92,92,92,94,94,96,96,98,98,98,98,98,100,100],"relic_stats":{"Mark of the Bloom":242,"Singing Bowl":8,"counters":[27,42],"Pen Nib":[4],"War Paint":["Defend_B","Time Bomb"],"Medical Kit":[0],"Peace Pipe":2,"Nunchaku":[9],"Dream Catcher":2,"Ornamental Fan":[116],"Mummified Hand":[47],"Shuriken":[4],"Chemical X":[1],"obtain_stats":[{"ReplayFunnel":28,"Golden Egg":9,"ReplayTheSpireMod:Ring of Exchange":46,"Mark of the Bloom":36,"Singing Bowl":44,"sneckomod:BlankCard":6,"Blue Doll":20,"testmod-RandomTest":43,"ClockworkSouvenir":48,"Frozen Eye":44,"Nunchaku":13,"Dream Catcher":48,"Chameleon Ring":44,"Mummified Hand":23,"Philosopher\u0027s Stone":34,"testmod-DragonStarHat":8,"testmod-DeterminationOfClimber":0,"Chemical X":28,"Toxic Egg 2":39,"Cracked Core":0,"InkBottle":13,"testmod-IntensifyImprint":20,"testmod-TestBox":0,"Pear":28,"ReplayTheSpireMod:Ninjato":47,"Quantum Egg":24,"Pen Nib":31,"Geode":48,"War Paint":3,"Medical Kit":13,"Replay:Arrowhead":27,"bronze:BronzeIdol":54,"Peace Pipe":37,"Cauldron":20,"Bottled Flame":39,"CaptainsWheel":53,"Ornamental Fan":3,"Shuriken":53,"Ring of Fury":46,"Bottled Lightning":24,"Membership Card":53,"Abe\u0027s Treasure":17,"Toy Ornithopter":41,"ReplayTheSpireMod:ShopPack":39},{"ReplayFunnel":16,"Golden Egg":6,"ReplayTheSpireMod:Ring of Exchange":23,"Mark of the Bloom":19,"Singing Bowl":22,"sneckomod:BlankCard":4,"Blue Doll":12,"testmod-RandomTest":22,"ClockworkSouvenir":24,"Frozen Eye":22,"Nunchaku":8,"Dream Catcher":24,"Chameleon Ring":22,"Mummified Hand":15,"Philosopher\u0027s Stone":18,"testmod-DragonStarHat":6,"testmod-DeterminationOfClimber":0,"Chemical X":16,"Toxic Egg 2":21,"Cracked Core":0,"InkBottle":8,"testmod-IntensifyImprint":12,"testmod-TestBox":0,"Pear":16,"ReplayTheSpireMod:Ninjato":24,"Quantum Egg":15,"Pen Nib":17,"Geode":24,"War Paint":1,"Medical Kit":8,"Replay:Arrowhead":16,"bronze:BronzeIdol":26,"Peace Pipe":20,"Cauldron":12,"Bottled Flame":21,"CaptainsWheel":25,"Ornamental Fan":1,"Shuriken":25,"Ring of Fury":23,"Bottled Lightning":15,"Membership Card":25,"Abe\u0027s Treasure":10,"Toy Ornithopter":22,"ReplayTheSpireMod:ShopPack":21},{"ReplayFunnel":29,"Golden Egg":15,"ReplayTheSpireMod:Ring of Exchange":37,"Mark of the Bloom":33,"Singing Bowl":36,"sneckomod:BlankCard":10,"Blue Doll":25,"testmod-RandomTest":36,"ClockworkSouvenir":38,"Frozen Eye":36,"Nunchaku":18,"Dream Catcher":38,"Chameleon Ring":36,"Mummified Hand":28,"Philosopher\u0027s Stone":32,"testmod-DragonStarHat":15,"testmod-DeterminationOfClimber":0,"Chemical X":29,"Toxic Egg 2":35,"Cracked Core":0,"InkBottle":18,"testmod-IntensifyImprint":25,"testmod-TestBox":0,"Pear":29,"ReplayTheSpireMod:Ninjato":38,"Quantum Egg":28,"Pen Nib":30,"Geode":38,"War Paint":4,"Medical Kit":18,"Replay:Arrowhead":29,"bronze:BronzeIdol":40,"Peace Pipe":34,"Cauldron":25,"Bottled Flame":35,"CaptainsWheel":39,"Ornamental Fan":4,"Shuriken":39,"Ring of Fury":37,"Bottled Lightning":28,"Membership Card":39,"Abe\u0027s Treasure":22,"Toy Ornithopter":36,"ReplayTheSpireMod:ShopPack":35}],"InkBottle":[27],"Toy Ornithopter":0},"card_choices":[{"not_picked":["Leap","Ball Lightning"],"picked":"Time Bomb","floor":1},{"not_picked":["Gash","ReplayTheSpireMod:Calculation Training"],"picked":"Chill","floor":4},{"not_picked":["Time Bomb","Ball Lightning"],"picked":"Lockon","floor":5},{"not_picked":["Coolheaded","Gash"],"picked":"Undo","floor":6},{"not_picked":["Stack","Redo"],"picked":"Darkness","floor":7},{"not_picked":["Crystallizer","Glacier"],"picked":"Turbo","floor":8},{"not_picked":["Stack","Compile Driver"],"picked":"Panic Button","floor":10},{"not_picked":["Stack","Sweeping Beam"],"picked":"FTL","floor":12},{"not_picked":["BasicCrystalCard","Redo"],"picked":"ReplayTheSpireMod:Repulse","floor":14},{"not_picked":["Mirror Shield","Meteor Strike"],"picked":"All For One","floor":16},{"not_picked":["Ball Lightning","Compile Driver"],"picked":"Beam Cell","floor":18},{"not_picked":["Aggregate","Chaos"],"picked":"Scrape","floor":19},{"not_picked":["Steam","Streamline+1","Cold Snap"],"picked":"SKIP","floor":21},{"not_picked":["Panic Button","Turbo","Sweeping Beam"],"picked":"SKIP","floor":22},{"not_picked":["Go for the Eyes","Hologram"],"picked":"Storm","floor":23},{"not_picked":["Cold Snap+1","Redo"],"picked":"Heatsinks+1","floor":27},{"not_picked":["ReplayTheSpireMod:Repulse","Static Discharge","Sweeping Beam"],"picked":"SKIP","floor":30},{"not_picked":["Buffer","Biased Cognition"],"picked":"ReplayTheSpireMod:Omega Cannon","floor":33},{"not_picked":["Double Energy","Panic Button"],"picked":"Go for the Eyes+1","floor":35},{"not_picked":["ReplaySort+1","Lockon+1"],"picked":"Scrape+1","floor":37},{"not_picked":["Turbo+1","Double Energy","BasicCrystalCard"],"picked":"SKIP","floor":38},{"not_picked":["testmod-TradeIn","Violence"],"picked":"Thinking Ahead","floor":39},{"not_picked":["Mind Blast","testmod-SubstituteBySubterfuge"],"picked":"Bandage Up","floor":39},{"not_picked":["Mind Blast","testmod-PerfectCombo"],"picked":"testmod-DeathImprint","floor":39},{"not_picked":["Darkness+1","All For One","Sweeping Beam"],"picked":"SKIP","floor":41},{"not_picked":["Auto Shields+1","Conserve Battery+1","Streamline"],"picked":"Singing Bowl","floor":45},{"not_picked":["Ball Lightning+1","Seek+1","Melter"],"picked":"Singing Bowl","floor":47},{"not_picked":["ReplayGash+1","Beam Cell+1","ReplaySort+1"],"picked":"Singing Bowl","floor":49},{"not_picked":["Double Energy+1","Glacier+1"],"picked":"Gash+1","floor":52},{"not_picked":["Leap+1","Blizzard+1","Doom and Gloom"],"picked":"Singing Bowl","floor":54}],"player_experience":140754,"relics_obtained":[{"floor":6,"key":"sneckomod:BlankCard"},{"floor":8,"key":"testmod-DragonStarHat"},{"floor":9,"key":"Golden Egg"},{"floor":23,"key":"Mummified Hand"},{"floor":27,"key":"Replay:Arrowhead"},{"floor":31,"key":"Pen Nib"},{"floor":37,"key":"Peace Pipe"},{"floor":41,"key":"Toy Ornithopter"},{"floor":43,"key":"testmod-RandomTest"},{"floor":46,"key":"ReplayTheSpireMod:Ring of Exchange"},{"floor":46,"key":"Ring of Fury"},{"floor":47,"key":"ReplayTheSpireMod:Ninjato"},{"floor":54,"key":"bronze:BronzeIdol"}],"event_choices":[{"damage_healed":0,"gold_gain":0,"player_choice":"Grow","damage_taken":0,"max_hp_gain":0,"max_hp_loss":0,"event_name":"Living Wall","floor":2,"gold_loss":0,"cards_upgraded":["Zap"]},{"damage_healed":0,"gold_gain":0,"player_choice":"Upgraded","damage_taken":0,"max_hp_gain":0,"max_hp_loss":0,"event_name":"Upgrade Shrine","floor":11,"gold_loss":0,"cards_upgraded":["Dualcast"]},{"cards_removed":["Defend_B"],"damage_healed":0,"gold_gain":0,"player_choice":"Gave Gold","damage_taken":0,"max_hp_gain":0,"max_hp_loss":0,"event_name":"Beggar","floor":25,"gold_loss":75},{"damage_healed":0,"gold_gain":0,"player_choice":"Upgrade","damage_taken":0,"relics_obtained":["Mark of the Bloom"],"max_hp_gain":0,"max_hp_loss":0,"event_name":"MindBloom","floor":36,"gold_loss":0,"cards_upgraded":["Strike_B","Defend_B","Violence","Rip and Tear","FIFO Queue","Chill","Lockon","Undo","Darkness","Turbo","Panic Button","FTL","ReplayTheSpireMod:Repulse","Beam Cell"]},{"damage_healed":0,"gold_gain":0,"player_choice":"Fight","damage_taken":0,"max_hp_gain":0,"max_hp_loss":0,"event_name":"Mysterious Sphere","floor":37,"gold_loss":0}],"is_beta":false,"boss_relics":[{"not_picked":["testmod-BloodSacrificeSpiritualization","Replay:Drink Me"],"picked":"Abe\u0027s Treasure"},{"not_picked":["Inserter","Cursed Key"],"picked":"Philosopher\u0027s Stone"}],"items_purged_floors":[3,13,20,24,28,39,44],"is_endless":false,"potions_floor_spawned":[4,5,6,8,10,16,18,19,23,30,35,41,45,54],"ascension_level":2}}