{"host":"vnku1wk1rbjf06kf","time":1613800727,"event":{"mods":["BaseMod","Downfall","Minty Spire (QoL Compilation)","StSLib"],"gold_per_floor":[99,114,214,230,241,241,264,264,286,299,313,313,147,178,189,287,287,187,205,39,51,51,62,142,142,157,176,176,191,221,18,29,130,130,130,142,27,47,61,61,113,113,113,163,179,179,179,179],"floor_reached":46,"language":"ENG","playtime":4087,"items_purged":["champ:Defend","downfall:Bewildered"],"score":469,"play_id":"a4c27e19-3d36-436c-a372-0104d614c668","local_time":"20210220005847","is_ascension_mode":false,"campfire_choices":[{"data":"champ:Taunt","floor":1.0,"key":"SMITH"},{"floor":8.0,"key":"RECALL"},{"data":"champ:StanceDance","floor":18.0,"key":"SMITH"},{"data":"expansioncontent:StudyTheSpire","floor":35,"key":"SMITH"}],"circlet_count":0,"master_deck":["champ:Strike","champ:Strike","champ:Defend","champ:Defend","champ:Defend","champ:Execute","champ:Taunt+1","champ:EnGarde","champ:StanceDance+1","champ:IronFortress","champ:Backstep","champ:GutPunch","champ:GutPunch","champ:TripleStrike","champ:GladiatorStyle","champ:ShieldWall","champ:TornadoPunch","champ:BringItOn","champ:LastStand","champ:SetATrap","champ:BringItOn","champ:StanceDance+1","Pride","champ:StanceDance","expansioncontent:StudyTheSpire+1","champ:SkillfulDodge+1","champ:CheapShot","champ:IgnorePain"],"relics":["champ:ChampionCrown","champ:LiftRelic","Juzu Bracelet","Odd Mushroom","Strawberry","Runic Pyramid","downfall:HeartBlessingRed","Bag of Marbles","Lantern","Shuriken","sneckomod:BabySnecko","Pen Nib","Cursed Key","champ:GladiatorsBookOfMartialProwess"],"acts_visited":["Exordium","TheCity","TheBeyond"],"potions_floor_usage":[30,33,33,37,44,46],"damage_taken":[{"damage":20.0,"enemies":"Jaw Worm","floor":2.0,"turns":3.0},{"damage":10.0,"enemies":"Small Slimes","floor":4.0,"turns":3.0},{"damage":25.0,"enemies":"Cultist","floor":5.0,"turns":4.0},{"damage":30.0,"enemies":"The Mushroom Lair","floor":9.0,"turns":5.0},{"damage":20.0,"enemies":"Lots of Slimes","floor":10.0,"turns":5.0},{"damage":5.0,"enemies":"Blue Slaver","floor":11.0,"turns":5.0},{"damage":40.0,"enemies":"downfall:FleeingMerchant","floor":13.0,"turns":4.0},{"damage":35.0,"enemies":"Gremlin Nob","floor":14.0,"turns":4.0},{"damage":22.0,"enemies":"downfall:LooterAlt","floor":15.0,"turns":3.0},{"damage":52.0,"enemies":"WA_ARCHETYPE_RETAIN","floor":16.0,"turns":8.0},{"damage":18.0,"enemies":"3 Byrds","floor":19.0,"turns":5.0},{"damage":25.0,"enemies":"downfall:FleeingMerchant","floor":20.0,"turns":4.0},{"damage":47.0,"enemies":"Shell Parasite","floor":21.0,"turns":4.0},{"damage":1.0,"enemies":"Cultist and Chosen","floor":23.0,"turns":8.0},{"damage":15.0,"enemies":"Shelled Parasite and Fungi","floor":26.0,"turns":4.0},{"damage":10.0,"enemies":"Snecko","floor":27.0,"turns":4.0},{"damage":16,"enemies":"Snake Plant","floor":29,"turns":2},{"damage":28,"enemies":"Slavers","floor":30,"turns":6},{"damage":7,"enemies":"downfall:FleeingMerchant","floor":31,"turns":4},{"damage":41,"enemies":"Centurion and Healer","floor":32,"turns":5},{"damage":49,"enemies":"SI_MIRROR_ARCHETYPE","floor":33,"turns":8},{"damage":11,"enemies":"3 Shapes","floor":36,"turns":4},{"damage":15,"enemies":"downfall:FleeingMerchant","floor":37,"turns":5},{"damage":40,"enemies":"3 Darklings","floor":38,"turns":4},{"damage":20,"enemies":"Jaw Worm Horde","floor":39,"turns":2},{"damage":43,"enemies":"Jaw Worm Horde","floor":44,"turns":6},{"damage":28,"enemies":"Transient","floor":45,"turns":5},{"damage":57,"enemies":"Reptomancer","floor":46,"turns":3}],"seed_played":"7044361226572824820","potions_obtained":[{"floor":4.0,"key":"DistilledChaos"},{"floor":5.0,"key":"bronze:BurnAndBuffPotion"},{"floor":10.0,"key":"DuplicationPotion"},{"floor":14.0,"key":"ColorlessPotion"},{"floor":19.0,"key":"DistilledChaos"},{"floor":23.0,"key":"Regen Potion"},{"floor":29,"key":"Regen Potion"},{"floor":32,"key":"EssenceOfSteel"},{"floor":33,"key":"Weak Potion"},{"floor":38,"key":"sneckomod:MuddlingPotion"},{"floor":45,"key":"Weak Potion"}],"is_trial":false,"path_per_floor":["R","M","?","M","M","?","T","R","?","M","M","?","$","E","M","B",null,"R","M","$","M","?","M","T","?","M","M","?","M","E","$","M","B",null,"R","M","$","M","M","?","T","?","?","?","M","E"],"character_chosen":"THE_CHAMP","items_purchased":["champ:ShieldWall","Bag of Marbles","expansioncontent:StudyTheSpire"],"campfire_rested":0,"item_purchase_floors":[13,20,31],"current_hp_per_floor":[99,99,99,99,94,94,94,94,84,84,84,84,84,71,64,47,106,106,103,103,91,91,90,90,90,90,85,85,69,56,54,43,54,106,106,100,105,95,75,75,75,67,67,54,51,0,0,0],"gold":179,"neow_bonus":"TEN_PERCENT_HP_BONUS","is_daily":false,"chose_seed":false,"campfire_upgraded":3,"win_rate":0.0,"timestamp":1613800727,"path_taken":["R","M","?","M","M","?","T","R","?","M","M","?","?","E","M","BOSS","R","M","$","M","?","M","T","?","M","M","?","M","E","$","M","BOSS","R","M","$","M","M","?","T","?","?","?","M","E"],"items_purchased_type":["Card","Relic","Card"],"build_version":"2020-12-22","purchased_purges":2,"victory":false,"max_hp_per_floor":[99,99,99,99,99,99,99,99,99,99,99,99,99,106,106,106,106,106,106,106,106,106,106,106,106,106,106,106,106,106,106,106,106,106,106,106,106,106,106,106,106,106,106,106,106,106,106,106],"card_choices":[{"not_picked":["champ:PreemptiveStrike","champ:IronFortress"],"picked":"champ:EnGarde","floor":2.0},{"not_picked":["champ:RecklessLeap","champ:FlashCut"],"picked":"champ:StanceDance","floor":4.0},{"not_picked":["champ:RapidStrikes","champ:CrookedStrike"],"picked":"champ:IronFortress","floor":5.0},{"not_picked":["champ:HeavySlash","champ:Shatter"],"picked":"champ:Backstep","floor":9.0},{"not_picked":["champ:Shatter","champ:EnGarde"],"picked":"champ:GutPunch","floor":10.0},{"not_picked":["champ:PerfectedStrike","champ:EnGarde"],"picked":"champ:GutPunch","floor":11.0},{"not_picked":["champ:AdrenalArmor","champ:CalledShot"],"picked":"champ:GladiatorStyle","floor":13.0},{"not_picked":["champ:StanceDance","champ:Circumvent"],"picked":"champ:TornadoPunch","floor":14.0},{"not_picked":["champ:CrownThrow","champ:ShieldWall"],"picked":"champ:BringItOn","floor":15.0},{"not_picked":["champ:ShieldThrow","champ:SwordThrow"],"picked":"champ:LastStand","floor":16.0},{"not_picked":["champ:Haymaker","champ:GutPunch"],"picked":"champ:SetATrap","floor":19.0},{"not_picked":["champ:ShieldWall","champ:GutPunch+1"],"picked":"champ:BringItOn","floor":20.0},{"not_picked":["champ:HeartStrike","champ:BerserkersShout"],"picked":"champ:StanceDance","floor":21.0},{"not_picked":["champ:Shatter","champ:TornadoPunch","champ:BladeFlurry"],"picked":"SKIP","floor":23.0},{"not_picked":["champ:CrownThrow+1","champ:PerfectedStrike"],"picked":"champ:StanceDance","floor":26.0},{"not_picked":["champ:LastStand","champ:FanOfKnives+1","champ:DefensiveShout"],"picked":"SKIP","floor":27.0},{"not_picked":["champ:BerserkersShout","champ:CrownThrow","champ:StanceDance"],"picked":"SKIP","floor":29},{"not_picked":["champ:Endure+1","champ:Backstep","champ:EndlessRage+1"],"picked":"SKIP","floor":30},{"not_picked":["champ:HeartStrike","champ:EnragedBash","champ:SetATrap+1"],"picked":"SKIP","floor":31},{"not_picked":["champ:Shatter","champ:BladeFlurry"],"picked":"champ:SkillfulDodge+1","floor":32},{"not_picked":["champ:TripleStrike","champ:HeavySlash"],"picked":"champ:CheapShot","floor":33},{"not_picked":["champ:Encircle+1","champ:BringItOn+1","champ:PerfectedStrike+1"],"picked":"SKIP","floor":36},{"not_picked":["champ:AdrenalArmor+1","champ:RapidStrikes+1","champ:HeartStrike+1"],"picked":"SKIP","floor":37},{"not_picked":["champ:PerfectedStrike+1","champ:Backstep","champ:BerserkersShout+1"],"picked":"SKIP","floor":38},{"not_picked":["champ:BladeFlurry+1","champ:Circumvent","champ:CrownThrow"],"picked":"SKIP","floor":39},{"not_picked":["champ:Parry+1","champ:Shatter"],"picked":"champ:IgnorePain","floor":44},{"not_picked":["champ:FlashCut+1","champ:GutPunch","champ:PerfectedStrike+1"],"picked":"SKIP","floor":45}],"player_experience":2357919,"relics_obtained":[{"floor":7.0,"key":"Juzu Bracelet"},{"floor":9.0,"key":"Odd Mushroom"},{"floor":14.0,"key":"Strawberry"},{"floor":24.0,"key":"Shuriken"},{"floor":30,"key":"Pen Nib"},{"floor":44,"key":"champ:GladiatorsBookOfMartialProwess"}],"event_choices":[{"damage_healed":0.0,"max_hp_gain":0.0,"max_hp_loss":0.0,"gold_gain":0.0,"event_name":"Mushrooms","player_choice":"Fought Mushrooms","floor":9.0,"gold_loss":0.0,"damage_taken":0.0},{"damage_healed":0.0,"max_hp_gain":0.0,"max_hp_loss":0.0,"gold_gain":0.0,"event_name":"Addict","player_choice":"Stole Relic","floor":22.0,"gold_loss":0.0,"damage_taken":0.0,"relics_obtained":["Lantern"],"cards_obtained":["Pride"]},{"damage_healed":0.0,"max_hp_gain":0.0,"max_hp_loss":0.0,"gold_gain":0.0,"event_name":"Ghosts","player_choice":"Ignored","floor":28.0,"gold_loss":0.0,"damage_taken":0.0},{"cards_removed":["champ:Strike"],"damage_healed":0,"gold_gain":0,"player_choice":"Removed Attack","damage_taken":0,"max_hp_gain":0,"max_hp_loss":0,"event_name":"Falling","floor":43,"gold_loss":0}],"is_beta":false,"boss_relics":[{"not_picked":["Coffee Dripper","Empty Cage"],"picked":"Runic Pyramid"},{"not_picked":["SlaversCollar","bronze:MakeshiftBattery"],"picked":"Cursed Key"}],"items_purged_floors":[13,37],"is_endless":false,"potions_floor_spawned":[4,5,10,11,14,19,23,29,32,33,38,45],"killed_by":"Reptomancer","ascension_level":0}}