{"host":"cgwysqtmt736mr58","time":1613800066,"event":{"mods":["2.2 Compatiblity","Aspiration","BaseMod","Beaked The Cultist","BetterRewards","Colored Map","Colored Powertips","Downfall","Duelist Mod","GifTheSpireLib","Googly Eyes","Halation","Hermit","Hubris","Infinite Spire","Lobotomy","LobotomyExtend","Minty Spire (QoL Compilation)","Relic Stats","Replay The Spire","Shade Mod","Shop Mod","StSLib","The Construct","The Cursed","The Disciple","The Exalted","The Necromancer","The Runesmith","Waifu the Spire","Yuri Mod"],"gold_per_floor":[99,113,127,127,137,150,198,98,118,133,149,249,81,97,109,211,211,211,211,211,311,325,325,351,351,384,329,344,84,84,118,135,230,230,230,241,251,251,251,267,267,267,267,118,118,118,49,49,75,87,102,102,102],"floor_reached":54,"language":"ENG","playtime":1968,"items_purged":[],"score":1199,"play_id":"b79b7f33-8062-4897-8ede-b6c85499d25d","local_time":"20210220164746","is_ascension_mode":true,"campfire_choices":[{"floor":1,"key":"RECALL"},{"floor":8,"key":"REST"},{"data":"bronze:SpaghettiCode","floor":18,"key":"SMITH"},{"data":"LifeForTheDareDevil","floor":25,"key":"SMITH"},{"data":"expansioncontent:DashGenerateEvil","floor":30,"key":"SMITH"},{"data":"bronze:Library","floor":35,"key":"SMITH"},{"floor":43,"key":"REST"}],"circlet_count":0,"master_deck":["AscendersBane","bronze:Strike","bronze:Strike","bronze:Strike","bronze:Strike","bronze:Defend","bronze:Defend","bronze:Defend","bronze:Defend","bronze:Replicate","bronze:CutThrough","bronze:Boost","bronze:Iterate","bronze:Branch","bronze:Flail","bronze:WhirlingStrike","bronze:BronzeOrb","bronze:Iterate","bronze:Verify","bronze:Branch","bronze:SpaghettiCode+1","LifeForTheDareDevil+1","bronze:ChosenStrike","bronze:Branch+1","bronze:FollowUp+1","bronze:Iterate","expansioncontent:DashGenerateEvil+1","bronze:CutThrough","bronze:Library+1","bronze:Backtrace+1","expansioncontent:AwakenDeath","bronze:DelayedSlice","bronze:ItsAFeature"],"relics":["bronze:BronzeCore","LetterFromLob","Bromod:ArcaneConsequence","downfall:HeartBlessingRed","downfall:GremlinWheel","PreservedInsect","beaked:SacredDeck","halation:OrihimeAndHikoboshiSamaAndTears","halation:PromiseList","Blue Candle","Pen Nib","bronze:CableSpool","hubris:DeckOfHolding","Electric Blood","Mercury Hourglass","ReplayFunnel","Bromod:ArcaneDeflection"],"acts_visited":["Exordium","TheCity","TheBeyond"],"potions_floor_usage":[6,12,16,16,16,16,32,33,52,52],"damage_taken":[{"damage":13,"enemies":"Jaw Worm","floor":2,"turns":4},{"damage":13,"enemies":"infinitespire:Voidling","floor":3,"turns":4},{"damage":1,"enemies":"Cultist","floor":5,"turns":4},{"damage":0,"enemies":"Lots of Slimes","floor":6,"turns":2},{"damage":5,"enemies":"Large Slime","floor":9,"turns":4},{"damage":0,"enemies":"Exordium Wildlife","floor":10,"turns":3},{"damage":0,"enemies":"3 Louse","floor":11,"turns":2},{"damage":0,"enemies":"3 Louse","floor":12,"turns":2},{"damage":0,"enemies":"downfall:FleeingMerchant","floor":13,"turns":4},{"damage":7,"enemies":"Blue Slaver","floor":14,"turns":2},{"damage":0,"enemies":"2 Fungi Beasts","floor":15,"turns":1},{"damage":41,"enemies":"IC_STATUS_ARCHETYPE","floor":16,"turns":7},{"damage":0,"enemies":"Spheric Guardian","floor":22,"turns":3},{"damage":0,"enemies":"Book of Stabbing","floor":26,"turns":3},{"damage":7,"enemies":"downfall:FleeingMerchant","floor":27,"turns":4},{"damage":4,"enemies":"3 Byrds","floor":28,"turns":2},{"damage":0,"enemies":"theDuelist:KaibaA2","floor":31,"turns":2},{"damage":0,"enemies":"Shelled Parasite and Fungi","floor":32,"turns":2},{"damage":9,"enemies":"SI_MIRROR_ARCHETYPE","floor":33,"turns":4},{"damage":0,"enemies":"3 Darklings","floor":36,"turns":3},{"damage":8,"enemies":"3 Shapes","floor":37,"turns":3},{"damage":13,"enemies":"Maw","floor":40,"turns":5},{"damage":3,"enemies":"Giant Head","floor":49,"turns":2},{"damage":4,"enemies":"3 Darklings","floor":50,"turns":2},{"damage":1,"enemies":"Sphere and 2 Shapes","floor":51,"turns":1},{"damage":24,"enemies":"DF_ARCHETYPE_ORBS","floor":52,"turns":3}],"seed_played":"152756772894444106","potions_obtained":[{"floor":0,"key":"hexamod:SoulburnPotion"},{"floor":0,"key":"Regen Potion"},{"floor":0,"key":"Explosive Potion"},{"floor":5,"key":"Regen Potion"},{"floor":6,"key":"ColorlessPotion"},{"floor":11,"key":"Strength Potion"},{"floor":14,"key":"SkillPotion"},{"floor":26,"key":"GamblersBrew"},{"floor":28,"key":"CultistPotion"},{"floor":32,"key":"hexamod:SoulburnPotion"},{"floor":40,"key":"Energy Potion"},{"floor":51,"key":"BlessingOfTheForge"}],"is_trial":false,"path_per_floor":["R_BF","M","M","?","M","M","T","R","M","M","M","?","$","M","M","B",null,"R","M","AVR","?","M","?","T","R","E","$","M","$","R","E","M","B",null,"R","M","M","?","HB","M","T","?","R","$","PTL","PTL","$","?","E","M","M","B",null,null],"character_chosen":"THE_AUTOMATON","items_purchased":["PreservedInsect","Pen Nib","bronze:Iterate","expansioncontent:DashGenerateEvil","bronze:CableSpool","ReplayFunnel","bronze:ItsAFeature"],"campfire_rested":2,"item_purchase_floors":[13,27,27,27,29,44,47],"current_hp_per_floor":[63,50,37,37,36,36,36,57,52,52,52,52,52,45,45,39,62,62,62,62,62,62,62,62,62,62,55,51,51,70,70,70,61,68,68,68,60,60,60,47,47,47,68,68,68,68,68,68,65,61,60,36,36],"gold":102,"neow_bonus":"THREE_SMALL_POTIONS","is_daily":false,"chose_seed":false,"campfire_upgraded":4,"win_rate":0.0,"timestamp":1613800066,"path_taken":["R_BF","M","M","?","M","M","T","R","?","M","M","?","$","?","M","BOSS","R","M","AVR","?","M","?","T","R","E","?","M","$","R","E","M","BOSS","R","M","M","?","HB","M","T","?","R","$","PTL","PTL","$","?","E","?","M","BOSS"],"items_purchased_type":["Relic","Relic","Card","Card","Relic","Relic","Card"],"build_version":"2020-12-22","purchased_purges":0,"victory":true,"max_hp_per_floor":[70,70,70,70,70,70,70,70,70,70,70,70,70,70,70,70,70,70,70,70,70,70,70,70,70,70,70,70,70,70,70,70,70,70,70,70,70,70,70,70,70,70,70,70,70,70,70,70,70,70,70,70,70],"relic_stats":{"counters":[26,78],"Blue Candle":[0],"PreservedInsect":235,"Pen Nib":[8],"obtain_stats":[{"ReplayFunnel":44,"halation:OrihimeAndHikoboshiSamaAndTears":20,"bronze:BronzeCore":0,"downfall:HeartBlessingRed":8,"Blue Candle":26,"PreservedInsect":13,"Pen Nib":27,"Bromod:ArcaneConsequence":7,"bronze:CableSpool":29,"Mercury Hourglass":41,"downfall:GremlinWheel":12,"Bromod:ArcaneDeflection":49,"beaked:SacredDeck":20,"hubris:DeckOfHolding":31,"LetterFromLob":2,"halation:PromiseList":24,"Electric Blood":39},{"ReplayFunnel":22,"halation:OrihimeAndHikoboshiSamaAndTears":12,"bronze:BronzeCore":0,"downfall:HeartBlessingRed":4,"Blue Candle":14,"PreservedInsect":9,"Pen Nib":15,"Bromod:ArcaneConsequence":4,"bronze:CableSpool":16,"Mercury Hourglass":22,"downfall:GremlinWheel":8,"Bromod:ArcaneDeflection":23,"beaked:SacredDeck":12,"hubris:DeckOfHolding":17,"LetterFromLob":1,"halation:PromiseList":13,"Electric Blood":21},{"ReplayFunnel":70,"halation:OrihimeAndHikoboshiSamaAndTears":39,"bronze:BronzeCore":0,"downfall:HeartBlessingRed":14,"Blue Candle":45,"PreservedInsect":29,"Pen Nib":49,"Bromod:ArcaneConsequence":14,"bronze:CableSpool":51,"Mercury Hourglass":70,"downfall:GremlinWheel":25,"Bromod:ArcaneDeflection":72,"beaked:SacredDeck":39,"hubris:DeckOfHolding":53,"LetterFromLob":4,"halation:PromiseList":42,"Electric Blood":65}],"Mercury Hourglass":[21]},"card_choices":[{"not_picked":["bronze:Terminator","bronze:Repulsor"],"picked":"bronze:CutThrough","floor":2},{"not_picked":["bronze:Iterate","bronze:Invalidate"],"picked":"bronze:Boost","floor":3},{"not_picked":["bronze:CutThrough","bronze:Hardcode"],"picked":"bronze:Iterate","floor":5},{"not_picked":["bronze:Shield","bronze:ItsAFeature"],"picked":"bronze:Branch","floor":6},{"not_picked":["bronze:BugBarrage","bronze:Separator"],"picked":"bronze:Flail","floor":9},{"not_picked":["bronze:BitShift","bronze:Safeguard"],"picked":"bronze:WhirlingStrike","floor":10},{"not_picked":["bronze:Boost","bronze:Overload"],"picked":"bronze:BronzeOrb","floor":11},{"not_picked":["bronze:CutThrough","bronze:Repulsor"],"picked":"bronze:Iterate","floor":13},{"not_picked":["bronze:Turbo","bronze:Shield"],"picked":"bronze:Verify","floor":14},{"not_picked":["bronze:Repulsor","bronze:Shield"],"picked":"bronze:Branch","floor":15},{"not_picked":["bronze:Verify","bronze:TinkerersToolbox"],"picked":"bronze:SpaghettiCode","floor":16},{"not_picked":["bronze:Fortify","bronze:ChildClass"],"picked":"bronze:ChosenStrike","floor":22},{"not_picked":["bronze:RecursiveStrike","bronze:BuggyMess"],"picked":"bronze:Branch+1","floor":26},{"not_picked":["bronze:ForLoop","bronze:FindAndReplace"],"picked":"bronze:FollowUp+1","floor":27},{"not_picked":["bronze:DarkDash","bronze:BuggyMess","bronze:BronzeArmor+1"],"picked":"SKIP","floor":28},{"not_picked":["bronze:Turbo+1","bronze:FineTuning","bronze:Refactor"],"picked":"SKIP","floor":31},{"not_picked":["bronze:OilSpill","bronze:DigitalCarnage"],"picked":"bronze:CutThrough","floor":32},{"not_picked":["bronze:ThunderWave","bronze:Hardcode"],"picked":"bronze:Library","floor":33},{"not_picked":["bronze:Terminator","bronze:Turbo+1","bronze:Invalidate"],"picked":"SKIP","floor":36},{"not_picked":["bronze:Separator","bronze:Turbo+1"],"picked":"bronze:Backtrace+1","floor":37},{"not_picked":["expansioncontent:Hexaburn","Replay:SS_fish_1"],"picked":"expansioncontent:AwakenDeath","floor":38},{"not_picked":["bronze:Deprecate","bronze:Frontload+1"],"picked":"bronze:DelayedSlice","floor":40},{"not_picked":["bronze:Safeguard+1","bronze:Invalidate","bronze:BronzeArmor+1"],"picked":"SKIP","floor":49},{"not_picked":["bronze:CutThrough","bronze:BugBarrage+1","bronze:Overheat"],"picked":"SKIP","floor":50},{"not_picked":["bronze:Separator","bronze:Optimize","bronze:RecursiveStrike"],"picked":"SKIP","floor":51}],"player_experience":1110568,"relics_obtained":[{"floor":2,"key":"LetterFromLob"},{"floor":7,"key":"Bromod:ArcaneConsequence"},{"floor":12,"key":"downfall:GremlinWheel"},{"floor":24,"key":"halation:PromiseList"},{"floor":26,"key":"Blue Candle"},{"floor":31,"key":"hubris:DeckOfHolding"},{"floor":41,"key":"Mercury Hourglass"},{"floor":49,"key":"Bromod:ArcaneDeflection"}],"event_choices":[{"cards_removed":["bronze:Goto"],"damage_healed":0,"gold_gain":0,"player_choice":"Offered Basic","damage_taken":0,"max_hp_gain":0,"max_hp_loss":0,"event_name":"Bonfire Elementals","floor":4,"gold_loss":0},{"damage_healed":0,"gold_gain":0,"player_choice":"Ignored","damage_taken":0,"max_hp_gain":0,"max_hp_loss":0,"event_name":"Ghosts","floor":23,"gold_loss":0},{"damage_healed":19,"gold_gain":0,"player_choice":"Full Heal","damage_taken":0,"max_hp_gain":0,"max_hp_loss":0,"event_name":"Wheel of Change","floor":30,"gold_loss":0}],"is_beta":false,"boss_relics":[{"not_picked":["aspiration:RunicSpoon","hubris:TerracottaHorce","halation:MonkeysPaw"]},{"not_picked":["Runesmith:UraniumAnvil","beaked:MawFillet","Replay:Drink Me"]}],"items_purged_floors":[],"is_endless":false,"potions_floor_spawned":[5,6,9,11,14,26,28,32,40,51],"ascension_level":10}}