{"host":"ssqg06p4hogpulti","time":1613859226,"event":{"mods":["BaseMod","Dio Mod","Minty Spire (QoL Compilation)","Robot Space Explorer","Shedinja","Somnambulant","StSLib","The Alterego","The Dragon Tamer"],"gold_per_floor":[110,128,128,144,144,144,144,144],"floor_reached":7,"language":"SPA","playtime":150,"items_purged":[],"score":41,"play_id":"43080fac-2419-4260-8909-22879b4c8d5d","local_time":"20210220231346","is_ascension_mode":false,"campfire_choices":[{"data":"Shedinja:PokeBall","floor":6,"key":"SMITH"}],"circlet_count":0,"master_deck":["Shedinja:Scratch","Shedinja:Scratch","Shedinja:Scratch","Shedinja:Scratch","Shedinja:Endure","Shedinja:Endure","Shedinja:Endure","Shedinja:Endure","Shedinja:Endure","Shedinja:FocusSash","Shedinja:FocusSash","Shedinja:PowerBracer","Shedinja:Round","Shedinja:PokeBall+1","Shedinja:PowerBracer"],"relics":["Shedinja:WonderGuard","NeowsBlessing"],"acts_visited":["Exordium"],"potions_floor_usage":[7],"damage_taken":[{"damage":0,"enemies":"Cultist","floor":1,"turns":1},{"damage":0,"enemies":"Jaw Worm","floor":2,"turns":1},{"damage":0,"enemies":"2 Louse","floor":4,"turns":1},{"damage":20,"enemies":"Gremlin Nob","floor":7,"turns":4}],"seed_played":"-8907010499037481306","potions_obtained":[{"floor":4,"key":"Swift Potion"}],"is_trial":false,"path_per_floor":["M","M","?","M","$","R","E"],"character_chosen":"THE_DEFAULT","items_purchased":[],"campfire_rested":0,"item_purchase_floors":[],"current_hp_per_floor":[1,1,1,1,1,1,0,0],"gold":144,"neow_bonus":"THREE_ENEMY_KILL","is_daily":false,"chose_seed":false,"campfire_upgraded":1,"win_rate":0.0,"timestamp":1613859226,"path_taken":["M","?","?","M","$","R","E"],"items_purchased_type":[],"build_version":"2020-12-22","purchased_purges":0,"victory":false,"max_hp_per_floor":[1,1,1,1,1,1,1,1],"card_choices":[{"not_picked":["Shedinja:Ether","Shedinja:ShadowClaw"],"picked":"Shedinja:PowerBracer","floor":1},{"not_picked":["Shedinja:Ether","Shedinja:HoneClaws"],"picked":"Shedinja:Round","floor":2},{"not_picked":["Shedinja:RockyHelmet","Shedinja:PowerBelt"],"picked":"Shedinja:PowerBracer","floor":4}],"player_experience":289797,"relics_obtained":[],"event_choices":[{"damage_healed":0,"gold_gain":0,"cards_transformed":["Shedinja:Scratch"],"player_choice":"Change","damage_taken":0,"max_hp_gain":0,"max_hp_loss":0,"event_name":"Living Wall","floor":3,"gold_loss":0,"cards_obtained":["Shedinja:PokeBall"]}],"is_beta":false,"boss_relics":[],"items_purged_floors":[],"is_endless":false,"potions_floor_spawned":[4],"killed_by":"Gremlin Nob","ascension_level":0}}