{"host":"ly2k09o7mhu4m2ip","time":1613782727,"event":{"mods":["BaseMod","Colored Map","Colored Powertips","Downfall","Highlight Path","Minty Spire (QoL Compilation)","StSLib"],"gold_per_floor":[0,17,17,27,45,30,30,63,48,68,93,93,93,122,138,236,236,236,348,375,387,399,411,423,435,447,459,501,513,560,572,596,713,725,737,765,151,151,151,151,204,204,254,286,286,28,43,95,106,106],"floor_reached":51,"language":"ENG","playtime":3429,"items_purged":["bronze:Frontload","bronze:Defend"],"score":926,"play_id":"30ea4d2a-0f43-48e5-b5df-ec93353386b3","local_time":"20210220015847","is_ascension_mode":true,"campfire_choices":[{"data":"bronze:Replicate","floor":1,"key":"SMITH"},{"floor":13,"key":"DIG"},{"floor":18,"key":"DIG"},{"floor":25,"key":"DIG"},{"floor":27,"key":"DIG"},{"floor":35,"key":"DIG"},{"floor":45,"key":"DIG"}],"circlet_count":0,"master_deck":["bronze:Strike","bronze:Strike","bronze:Defend","bronze:Defend","bronze:Replicate+1","bronze:Goto","bronze:InfiniteBeams","bronze:WhirlingStrike","bronze:Frontload","bronze:DelayedSlice","bronze:WhirlingStrike","bronze:Goto","bronze:Boost","bronze:InfiniteBeams","bronze:DecaBeam+1","bronze:Branch","bronze:ForceShield","bronze:HardenedForm+1","bronze:Shell+1"],"relics":["bronze:BronzeCore","Shovel","Orichalcum","Bronze Scales","Regal Pillow","Juzu Bracelet","Runic Pyramid","MawBank","Torii","Toy Ornithopter","Dream Catcher","Bag of Marbles","Bottled Lightning","bronze:ProtectiveGoggles","Coffee Dripper","Frozen Egg 2","Akabeko","Mango","Omamori","Ice Cream","Du-Vu Doll","Letter Opener","Oddly Smooth Stone","Unceasing Top"],"acts_visited":["Exordium","TheCity","TheBeyond"],"potions_floor_usage":[33,50],"damage_taken":[{"damage":0,"enemies":"2 Louse","floor":2,"turns":2},{"damage":0,"enemies":"Cultist","floor":4,"turns":3},{"damage":2,"enemies":"Jaw Worm","floor":5,"turns":4},{"damage":0,"enemies":"downfall:FleeingMerchant","floor":6,"turns":4},{"damage":8,"enemies":"Lagavulin","floor":8,"turns":7},{"damage":0,"enemies":"downfall:FleeingMerchant","floor":9,"turns":4},{"damage":6,"enemies":"downfall:LooterAlt","floor":10,"turns":3},{"damage":12,"enemies":"Gremlin Nob","floor":14,"turns":4},{"damage":0,"enemies":"2 Fungi Beasts","floor":15,"turns":2},{"damage":13,"enemies":"IC_STATUS_ARCHETYPE","floor":16,"turns":6},{"damage":1,"enemies":"IC_STATUS_ARCHETYPE","floor":19,"turns":6},{"damage":1,"enemies":"3 Byrds","floor":20,"turns":3},{"damage":7,"enemies":"Gremlin Leader","floor":28,"turns":6},{"damage":32,"enemies":"Book of Stabbing","floor":30,"turns":6},{"damage":2,"enemies":"Spheric Guardian","floor":32,"turns":6},{"damage":74,"enemies":"DF_ARCHETYPE_CLAW","floor":33,"turns":11},{"damage":6,"enemies":"3 Darklings","floor":36,"turns":2},{"damage":0,"enemies":"downfall:FleeingMerchant","floor":37,"turns":4},{"damage":0,"enemies":"downfall:FleeingMerchant","floor":43,"turns":6},{"damage":0,"enemies":"Giant Head","floor":44,"turns":8},{"damage":0,"enemies":"downfall:FleeingMerchant","floor":46,"turns":4},{"damage":0,"enemies":"Orb Walker","floor":47,"turns":4},{"damage":10,"enemies":"2 Orb Walkers","floor":48,"turns":4},{"damage":0,"enemies":"Spire Growth","floor":49,"turns":6},{"damage":7,"enemies":"SI_POISON_ARCHETYPE","floor":50,"turns":11}],"seed_played":"-3037064739410610702","potions_obtained":[{"floor":5,"key":"FairyPotion"},{"floor":8,"key":"DuplicationPotion"},{"floor":14,"key":"FairyPotion"},{"floor":32,"key":"BlessingOfTheForge"},{"floor":33,"key":"bronze:FreeFunctionsPotion"},{"floor":43,"key":"Energy Potion"},{"floor":47,"key":"ColorlessPotion"},{"floor":48,"key":"AttackPotion"}],"is_trial":false,"path_per_floor":["R","M","?","M","M","$","T","E","$","M","T","?","R","E","M","B",null,"R","?","M","?","?","?","T","R","?","R","E","?","E","?","M","B",null,"R","M","$","?","?","?","T","?","?","E","R","$","M","?","M","B",null],"character_chosen":"THE_AUTOMATON","items_purchased":["Akabeko","Mango","bronze:HardenedForm+1","Oddly Smooth Stone"],"campfire_rested":0,"item_purchase_floors":[37,37,37,46],"current_hp_per_floor":[70,70,70,70,68,68,68,60,60,54,54,54,54,42,42,29,70,70,69,68,68,68,68,68,68,68,68,61,61,29,29,27,10,70,70,64,78,78,78,78,78,78,78,78,78,78,78,68,68,66],"gold":106,"neow_bonus":"REMOVE_TWO","is_daily":false,"chose_seed":false,"campfire_upgraded":1,"win_rate":0.0,"timestamp":1613782727,"path_taken":["R","M","?","M","M","?","T","E","$","M","?","?","R","E","M","BOSS","R","?","M","?","?","?","T","R","?","R","E","?","E","?","M","BOSS","R","M","$","?","?","?","T","?","?","E","R","$","M","?","M","BOSS"],"items_purchased_type":["Relic","Relic","Card","Relic"],"build_version":"2020-12-22","purchased_purges":2,"victory":true,"max_hp_per_floor":[70,70,70,70,70,70,70,70,70,70,70,70,70,70,70,70,70,70,70,70,70,70,70,70,70,70,70,70,70,70,70,70,70,70,70,70,84,84,84,84,84,84,84,84,84,84,84,84,84,84],"card_choices":[{"not_picked":["bronze:Overheat","bronze:Turbo"],"picked":"bronze:InfiniteBeams","floor":2},{"not_picked":["bronze:Shield","bronze:Backtrace","bronze:Repulsor"],"picked":"SKIP","floor":4},{"not_picked":["bronze:Separator","bronze:Repulsor"],"picked":"bronze:WhirlingStrike","floor":5},{"not_picked":["bronze:ItsAFeature","bronze:BugBarrage"],"picked":"bronze:Frontload","floor":6},{"not_picked":["bronze:WildBeam","bronze:BronzeOrb"],"picked":"bronze:Iterate","floor":8},{"not_picked":["bronze:Overheat","bronze:BugBarrage"],"picked":"bronze:DelayedSlice","floor":9},{"not_picked":["bronze:DigitalCarnage","bronze:OilSpill"],"picked":"bronze:WhirlingStrike","floor":10},{"not_picked":["bronze:ShipIt","bronze:Allocate"],"picked":"bronze:Boost","floor":14},{"not_picked":["bronze:BugBarrage","bronze:BronzeArmor"],"picked":"bronze:InfiniteBeams","floor":15},{"not_picked":[],"picked":"bronze:DecaBeam","floor":19},{"not_picked":["bronze:FineTuning","bronze:Turbo"],"picked":"bronze:Branch","floor":20},{"not_picked":["bronze:TinkerersToolbox","bronze:CutThrough"],"picked":"bronze:ForceShield","floor":28},{"not_picked":["bronze:Safeguard","bronze:ForLoop"],"picked":"bronze:Frontload","floor":30},{"not_picked":["bronze:FineTuning+1","bronze:ChosenStrike","bronze:Iterate"],"picked":"SKIP","floor":32},{"not_picked":["bronze:BronzeOrb+1","bronze:InfiniteBeams+1","bronze:ItsAFeature+1"],"picked":"SKIP","floor":36},{"not_picked":["bronze:Iterate","bronze:Frontload","bronze:Shield+1"],"picked":"SKIP","floor":37},{"not_picked":["bronze:Shield+1","bronze:ClassDefault+1"],"picked":"bronze:Shell+1","floor":43},{"not_picked":["bronze:Shell","bronze:Overheat","bronze:ThunderWave"],"picked":"SKIP","floor":44},{"not_picked":["bronze:BugBarrage","bronze:OilSpill+1","bronze:Branch"],"picked":"SKIP","floor":46},{"not_picked":["bronze:Shield","bronze:ForLoop+1","bronze:WhirlingStrike+1"],"picked":"SKIP","floor":47},{"not_picked":["bronze:Terminator+1","bronze:Branch+1","bronze:Frontload"],"picked":"SKIP","floor":49}],"player_experience":259815,"relics_obtained":[{"floor":7,"key":"Shovel"},{"floor":8,"key":"Orichalcum"},{"floor":11,"key":"Bronze Scales"},{"floor":13,"key":"Regal Pillow"},{"floor":14,"key":"Juzu Bracelet"},{"floor":18,"key":"MawBank"},{"floor":23,"key":"Torii"},{"floor":24,"key":"Toy Ornithopter"},{"floor":25,"key":"Dream Catcher"},{"floor":27,"key":"Bag of Marbles"},{"floor":28,"key":"Bottled Lightning"},{"floor":30,"key":"bronze:ProtectiveGoggles"},{"floor":35,"key":"Frozen Egg 2"},{"floor":39,"key":"Omamori"},{"floor":43,"key":"Ice Cream"},{"floor":44,"key":"Du-Vu Doll"},{"floor":45,"key":"Letter Opener"},{"floor":48,"key":"Unceasing Top"}],"event_choices":[{"damage_healed":0,"gold_gain":0,"player_choice":"Relic","damage_taken":0,"max_hp_gain":0,"max_hp_loss":0,"event_name":"Wheel of Change","floor":23,"gold_loss":0},{"cards_removed":["bronze:Iterate"],"damage_healed":0,"gold_gain":0,"player_choice":"Removed Attack","damage_taken":0,"max_hp_gain":0,"max_hp_loss":0,"event_name":"Falling","floor":38,"gold_loss":0},{"damage_healed":0,"gold_gain":0,"player_choice":"Fight","damage_taken":0,"max_hp_gain":0,"max_hp_loss":0,"event_name":"Mysterious Sphere","floor":48,"gold_loss":0}],"is_beta":false,"boss_relics":[{"not_picked":["Velvet Choker","Pandora\u0027s Box"],"picked":"Runic Pyramid"},{"not_picked":["Snecko Eye","Philosopher\u0027s Stone"],"picked":"Coffee Dripper"}],"items_purged_floors":[37,46],"is_endless":false,"potions_floor_spawned":[5,8,14,15,30,32,33,43,47,48],"ascension_level":3}}