{"host":"ukjd55ldumo8te1z","time":1613851111,"event":{"mods":["AchievementEnabler","BaseMod","Bestiary","Better Third Choice","BetterRewards","Bossed Relics","Colored Powertips","Conspire","Curses Come First","Energized Spire","Highlight Path","Hubris","Infinite Spire","Marked Mod","Minty Spire (QoL Compilation)","Permanent Neow","Quick Restart","Reliquary","Shop Mod","StSLib","Together in Spire","Waifu the Spire","??????REMEMod"],"gold_per_floor":[118,118,135,148,69,103,103,120,144,109,128,128,140,171,171,273,273,293,293,138,138,157,157,176,194,218,7,7,42,42,60,60,158,158,176,176,176,176,193,193,207,226,278,298,298,298],"floor_reached":45,"language":"ENG","playtime":3800,"items_purged":["Well Laid Plans"],"score":472,"play_id":"ff87c124-643c-4f21-bced-c876e11a39d5","local_time":"20210220145831","is_ascension_mode":false,"campfire_choices":[{"floor":7,"key":"REST"},{"data":"Envenom","floor":12,"key":"SMITH"},{"floor":15,"key":"REST"},{"data":"Caltrops","floor":23,"key":"SMITH"},{"floor":28,"key":"REST"},{"floor":32,"key":"REST"},{"floor":40,"key":"REST"}],"circlet_count":0,"master_deck":["Strike_G","Strike_G","Strike_G","Strike_G","Strike_G","Defend_G","Defend_G","Defend_G","Defend_G","Defend_G","Survivor","Neutralize","Flying Knee","Dodge and Roll","Underhanded Strike","Caltrops+1","Choke","Envenom+1","Deflect","Escape Plan","Dash","Adrenaline+1","Flying Knee","Bane","Dagger Throw","Slice","Dagger Spray","Outmaneuver","conspire:Banana","Dagger Spray","REME_CopyPotion","Flechettes","Infinite Blades+1","Phantasmal Killer","Poisoned Stab","infinitespire:Starlight","infinitespire:FutureSight","Dodge and Roll+1","Dagger Spray","All Out Attack+1","Parasite","Prepared+1"],"relics":["Ring of the Snake","REME_ComplimentaryCards","hubris:OldNail","Snake Skull","Vajra","reliquary:ExpiredCoupon","Runic Pyramid","infinitespire:Satchel","Mummified Hand","hubris:HollowSoul","hubris:Towel","MealTicket"],"acts_visited":["Exordium","TheCity","TheBeyond"],"potions_floor_usage":[16,16,33,39,44],"damage_taken":[{"damage":6,"enemies":"conspire:RoseBush","floor":1,"turns":4},{"damage":0,"enemies":"Cultist","floor":3,"turns":4},{"damage":0,"enemies":"Small Slimes","floor":4,"turns":4},{"damage":31,"enemies":"Gremlin Nob","floor":6,"turns":6},{"damage":1,"enemies":"Looter","floor":8,"turns":4},{"damage":16,"enemies":"Exordium Thugs","floor":11,"turns":5},{"damage":0,"enemies":"Red Slaver","floor":13,"turns":4},{"damage":5,"enemies":"Lagavulin","floor":14,"turns":6},{"damage":9,"enemies":"Hexaghost","floor":16,"turns":9},{"damage":0,"enemies":"Chosen","floor":18,"turns":4},{"damage":6,"enemies":"Spheric Guardian","floor":22,"turns":3},{"damage":15,"enemies":"Shelled Parasite and Fungi","floor":24,"turns":4},{"damage":11,"enemies":"Cultist and Chosen","floor":25,"turns":5},{"damage":11,"enemies":"conspire:SneckoGhost","floor":29,"turns":7},{"damage":27,"enemies":"Snake Plant","floor":31,"turns":3},{"damage":15,"enemies":"Automaton","floor":33,"turns":8},{"damage":21,"enemies":"3 Darklings","floor":35,"turns":4},{"damage":70,"enemies":"3 Shapes","floor":39,"turns":5},{"damage":0,"enemies":"Jaw Worm Horde","floor":41,"turns":1},{"damage":12,"enemies":"Transient","floor":42,"turns":5},{"damage":26,"enemies":"Writhing Mass","floor":44,"turns":6},{"damage":18,"enemies":"Jaw Worm Horde","floor":45,"turns":1}],"seed_played":"2114445185843097364","potions_obtained":[{"floor":1,"key":"Energy Potion"},{"floor":4,"key":"PowerPotion"},{"floor":8,"key":"Weak Potion"},{"floor":16,"key":"ColorlessPotion"},{"floor":22,"key":"Block Potion"},{"floor":25,"key":"Block Potion"},{"floor":39,"key":"REME_GoldPotion"},{"floor":42,"key":"ColorlessPotion"}],"is_trial":false,"path_per_floor":["M","?","M","M","$","E","R","M","T","?","M","R","M","E","R","B",null,"M","?","$","?","M","R","M","M","T","$","R","E","?","M","R","B",null,"M","AVR","?","?","M","R","M","M","T","M","M"],"character_chosen":"THE_SILENT","items_purchased":["Caltrops","Bane","Dagger Throw","conspire:Banana","Dagger Spray","REME_CopyPotion"],"campfire_rested":5,"item_purchase_floors":[5,20,20,27,27,27],"current_hp_per_floor":[64,64,64,64,64,33,54,53,53,70,54,54,54,49,70,61,70,70,57,57,57,51,51,36,25,25,25,47,37,37,10,32,18,77,57,57,57,57,0,23,39,38,38,23,0,0],"gold":298,"neow_bonus":"RANDOM_COMMON_RELIC","is_daily":false,"chose_seed":false,"campfire_upgraded":2,"win_rate":0.0,"timestamp":1613851111,"path_taken":["M","?","M","?","$","E","R","M","T","?","M","R","M","E","R","BOSS","M","?","$","?","M","R","?","M","T","?","R","E","?","M","R","BOSS","M","AVR","?","?","M","R","M","M","T","M","?"],"items_purchased_type":["Card","Card","Card","Card","Card","Card"],"build_version":"2020-12-22","purchased_purges":1,"victory":false,"max_hp_per_floor":[70,70,70,70,70,70,70,70,70,70,70,70,70,70,70,70,70,70,75,75,75,75,75,75,75,75,75,75,76,76,76,76,77,77,78,78,78,78,78,78,79,80,80,81,81,81],"card_choices":[{"not_picked":["Deadly Poison","Flechettes"],"picked":"Flying Knee","floor":1},{"not_picked":["Tactician","Dodge and Roll"],"picked":"Well Laid Plans","floor":3},{"not_picked":["Dagger Spray","hubris:SlightOfHand"],"picked":"Underhanded Strike","floor":4},{"not_picked":["Slice","Predator"],"picked":"Choke","floor":6},{"not_picked":["Flying Knee","Poisoned Stab"],"picked":"Envenom","floor":8},{"not_picked":["Flechettes","PiercingWail"],"picked":"Deflect","floor":11},{"not_picked":["Underhanded Strike","Sucker Punch"],"picked":"Escape Plan","floor":13},{"not_picked":["Predator","Glass Knife"],"picked":"Dash","floor":14},{"not_picked":["Malaise","Venomology"],"picked":"Adrenaline","floor":16},{"not_picked":["Riddle With Holes+1","Dagger Throw"],"picked":"Flying Knee","floor":18},{"not_picked":["Predator+1","Bane"],"picked":"Slice","floor":22},{"not_picked":["Bane","Infinite Blades"],"picked":"Dagger Spray","floor":24},{"not_picked":["Bane","Quick Slash"],"picked":"Outmaneuver","floor":25},{"not_picked":["Bane","Malaise"],"picked":"Flechettes","floor":29},{"not_picked":["hubris:Sniper+1","Flying Knee+1"],"picked":"Infinite Blades+1","floor":31},{"not_picked":["Malaise","Venomology"],"picked":"Phantasmal Killer","floor":33},{"not_picked":["Dash+1","Dagger Throw"],"picked":"Poisoned Stab","floor":35},{"not_picked":["Eviscerate+1","Expertise"],"picked":"Dodge and Roll+1","floor":39},{"not_picked":["Underhanded Strike+1","Bouncing Flask+1"],"picked":"Dagger Spray","floor":41},{"not_picked":["Deflect","Infinite Blades"],"picked":"All Out Attack+1","floor":42},{"not_picked":["Choke+1","hubris:SlightOfHand"],"picked":"Prepared+1","floor":44}],"player_experience":26779,"relics_obtained":[{"floor":6,"key":"Snake Skull"},{"floor":9,"key":"Vajra"},{"floor":14,"key":"reliquary:ExpiredCoupon"},{"floor":26,"key":"infinitespire:Satchel"},{"floor":29,"key":"Mummified Hand"},{"floor":43,"key":"MealTicket"}],"event_choices":[{"damage_healed":0,"gold_gain":0,"player_choice":"2 cards matched","damage_taken":0,"max_hp_gain":0,"max_hp_loss":0,"event_name":"Match and Keep!","floor":2,"gold_loss":0,"cards_obtained":["Dodge and Roll","REME_FirmDetermination"]},{"damage_healed":17,"gold_gain":0,"player_choice":"Healed","damage_taken":0,"max_hp_gain":0,"max_hp_loss":0,"event_name":"The Cleric","floor":10,"gold_loss":35},{"damage_healed":0,"gold_gain":0,"player_choice":"Shed Blood","damage_taken":18,"max_hp_gain":5,"max_hp_loss":0,"event_name":"Forgotten Altar","floor":19,"gold_loss":0},{"damage_healed":0,"gold_gain":0,"player_choice":"Upgraded","damage_taken":0,"max_hp_gain":0,"max_hp_loss":0,"event_name":"Upgrade Shrine","floor":21,"gold_loss":0,"cards_upgraded":["Adrenaline"]},{"cards_removed":["REME_FirmDetermination"],"damage_healed":0,"gold_gain":0,"player_choice":"Purged","damage_taken":0,"max_hp_gain":0,"max_hp_loss":0,"event_name":"Purifier","floor":38,"gold_loss":0}],"is_beta":false,"boss_relics":[{"not_picked":["energizedSpire:SpiderWeb","infinitespire:Cupcake"],"picked":"Runic Pyramid"},{"not_picked":["reliquary:KinkedSpring","reliquary:ThirdArm"],"picked":"hubris:HollowSoul"}],"items_purged_floors":[20],"is_endless":false,"potions_floor_spawned":[1,4,8,11,16,22,24,25,31,39,42],"killed_by":"Jaw Worm Horde","ascension_level":0}}