{"host":"tcdxiwht2vajk3tk","time":1613860678,"event":{"mods":["AchievementEnabler","BaseMod","Beaked The Cultist","Colored Powertips","Conspire","Defuse TimeMaze Blight","Downfall","Halation","Hermit","Hubris","Infinite Spire","Lobotomy","LobotomyExtend","Minty Spire (QoL Compilation)","Replay The Spire","Shop Mod","StSLib","The Cursed","The Disciple"],"gold_per_floor":[115,115,34,52,63,63,90,107,107,107,107,107,124,150,150,250,250,261,29,79,79,49,49],"floor_reached":22,"language":"ENG","playtime":815,"items_purged":[],"score":230,"play_id":"258e2ad0-8135-4859-8f9d-fd180b1c942b","local_time":"20210220173758","is_ascension_mode":true,"campfire_choices":[{"data":"Rupture","floor":6.0,"key":"SMITH"},{"data":"Rage","floor":11.0,"key":"SMITH"},{"floor":15.0,"key":"REST"}],"circlet_count":0,"master_deck":["Strike_R","Strike_R","Strike_R","Strike_R","Strike_R","Defend_R","Defend_R","Defend_R","Defend_R","Bash","Rage+1","Rupture+1","Fire Breathing","ReplayTheSpireMod:Muscle Training","hubris:CleavingFinish","Inflame","Cleave","infinitespire:OneForAll","Bludgeon","Twin Strike","Life Link"],"relics":["Burning Blood","NeowsBlessing","LetterFromLob","beaked:ShinyBauble","hubris:TinFlute","LaetitiaHeart","Orichalcum","halation:Prosthetics","King of Hearts","bronze:BronzeIdol"],"acts_visited":["Exordium","TheCity"],"potions_floor_usage":[],"damage_taken":[{"damage":0.0,"enemies":"2 Louse","floor":1.0,"turns":1.0},{"damage":0.0,"enemies":"Cultist","floor":4.0,"turns":1.0},{"damage":0.0,"enemies":"Small Slimes","floor":5.0,"turns":1.0},{"damage":21.0,"enemies":"Lagavulin","floor":7.0,"turns":7.0},{"damage":20.0,"enemies":"2 Fungi Beasts","floor":8.0,"turns":4.0},{"damage":4.0,"enemies":"Exordium Thugs","floor":13.0,"turns":3.0},{"damage":17.0,"enemies":"Gremlin Nob","floor":14.0,"turns":4.0},{"damage":31.0,"enemies":"Hexaghost","floor":16.0,"turns":8.0},{"damage":44,"enemies":"3 Byrds","floor":18,"turns":7},{"damage":17,"enemies":"2 Thieves","floor":22,"turns":1}],"seed_played":"3362212124447411323","potions_obtained":[{"floor":1.0,"key":"AttackPotion"},{"floor":2.0,"key":"BlessingOfTheForge"},{"floor":2.0,"key":"AttackPotion"},{"floor":2.0,"key":"Flashbang"},{"floor":7.0,"key":"CultistPotion"},{"floor":14.0,"key":"conspire:TimeTravelPotion"}],"is_trial":false,"path_per_floor":["M","?","$","M","M","R","E","M","T","$","R","M","M","E","R","B",null,"M","$","T","?","M"],"character_chosen":"IRONCLAD","items_purchased":["Rupture","King of Hearts","Life Link"],"campfire_rested":1,"item_purchase_floors":[3,19,19],"current_hp_per_floor":[80,80,80,80,80,80,65,51,51,51,51,51,53,42,66,59,45,7,7,7,15,0,0],"gold":49,"neow_bonus":"THREE_ENEMY_KILL","is_daily":false,"chose_seed":false,"campfire_upgraded":2,"win_rate":0.0,"timestamp":1613860678,"path_taken":["M","?","$","?","M","R","E","M","T","?","R","M","M","E","R","BOSS","M","$","?","?","M"],"items_purchased_type":["Card","Relic","Card"],"build_version":"2020-12-22","purchased_purges":0,"victory":false,"max_hp_per_floor":[80,80,80,80,80,80,80,80,80,80,80,80,80,80,80,80,45,45,45,45,45,45,45],"card_choices":[{"not_picked":["Massacre","Shrug It Off"],"picked":"Rage","floor":1.0},{"not_picked":["Pommel Strike","Pummel"],"picked":"Fire Breathing","floor":4.0},{"not_picked":["Dropkick","Anger"],"picked":"ReplayTheSpireMod:Muscle Training","floor":5.0},{"not_picked":["ReplayTheSpireMod:Muscle Training","Rage"],"picked":"hubris:CleavingFinish","floor":7.0},{"not_picked":["Blood for Blood","Clash"],"picked":"Inflame","floor":8.0},{"not_picked":["hubris:CleavingFinish","Fire Breathing"],"picked":"Cleave","floor":13.0},{"not_picked":["Iron Wave","Power Through"],"picked":"infinitespire:OneForAll","floor":14.0},{"not_picked":["conspire:Purge","Eclipse"],"picked":"Bludgeon","floor":16.0},{"not_picked":["Massacre","Fire Breathing"],"picked":"Twin Strike","floor":18}],"player_experience":1826303,"relics_obtained":[{"floor":1.0,"key":"LetterFromLob"},{"floor":7.0,"key":"beaked:ShinyBauble"},{"floor":9.0,"key":"hubris:TinFlute"},{"floor":14.0,"key":"Orichalcum"},{"floor":20,"key":"bronze:BronzeIdol"}],"event_choices":[{"damage_healed":0.0,"max_hp_gain":0.0,"max_hp_loss":0.0,"gold_gain":0.0,"event_name":"Lab","player_choice":"Got Potions","floor":2.0,"gold_loss":0.0,"damage_taken":0.0}],"is_beta":false,"boss_relics":[{"not_picked":["beaked:SacredDeck","hubris:GrandSneckoEye"],"picked":"halation:Prosthetics"}],"items_purged_floors":[],"is_endless":false,"potions_floor_spawned":[1,7,13,14],"killed_by":"2 Thieves","ascension_level":4}}