{"host":"t81nzcd9m7brb0qe","time":1613828460,"event":{"mods":["2.2 Compatiblity","BaseMod","Colored Map","Dark Map","Downfall","Highlight Path","Minty Spire (QoL Compilation)","StSLib"],"gold_per_floor":[116,116,116,141,159,192,192,192,219,233,257,432,23,62,62,181,181,204,0,15,15,15,48,48,48,48],"floor_reached":25,"language":"ENG","playtime":1111,"items_purged":["Doubt"],"score":267,"play_id":"f35c50d1-0ad2-4737-9ce2-7713c478e2d8","local_time":"20210220054100","is_ascension_mode":true,"campfire_choices":[{"data":"Neutralize","floor":7,"key":"SMITH"},{"data":"Blade Dance","floor":15,"key":"SMITH"}],"circlet_count":0,"master_deck":["Survivor+1","Neutralize+1","Sucker Punch","Cloak And Dagger","Poisoned Stab","Footwork","Blade Dance+1","Blade Dance","Cloak And Dagger","Backflip","After Image","Outmaneuver","Venomology","Blade Dance","Doppelganger","Envenom","Prepared","Bullet Time","Wraith Form v2","Unload","Terror","Cloak And Dagger","Slice"],"relics":["Ring of the Snake","Centennial Puzzle","Golden Idol","Happy Flower","Blood Vial","Lee\u0027s Waffle","hexamod:BolsterEngine","Akabeko","Pandora\u0027s Box","Bottled Tornado"],"acts_visited":["Exordium","TheCity"],"potions_floor_usage":[23,25],"damage_taken":[{"damage":0,"enemies":"Cultist","floor":1,"turns":4},{"damage":0,"enemies":"Small Slimes","floor":4,"turns":3},{"damage":0,"enemies":"2 Louse","floor":5,"turns":4},{"damage":22,"enemies":"3 Sentries","floor":6,"turns":10},{"damage":0,"enemies":"2 Fungi Beasts","floor":10,"turns":4},{"damage":0,"enemies":"Large Slime","floor":11,"turns":5},{"damage":0,"enemies":"Lagavulin","floor":14,"turns":7},{"damage":16,"enemies":"Hexaghost","floor":16,"turns":11},{"damage":8,"enemies":"3 Byrds","floor":18,"turns":6},{"damage":2,"enemies":"Shell Parasite","floor":20,"turns":2},{"damage":47,"enemies":"Slavers","floor":23,"turns":8},{"damage":21,"enemies":"Gremlin Leader","floor":25,"turns":3}],"seed_played":"-8326231211461079720","potions_obtained":[{"floor":4,"key":"sneckomod:MuddlingPotion"},{"floor":5,"key":"Energy Potion"},{"floor":6,"key":"LiquidMemories"}],"is_trial":false,"path_per_floor":["M","?","?","M","M","E","R","?","T","M","M","?","$","E","R","B",null,"M","?","M","?","?","E","?","E"],"character_chosen":"THE_SILENT","items_purchased":["Lee\u0027s Waffle","Cloak And Dagger","hexamod:BolsterEngine"],"campfire_rested":0,"item_purchase_floors":[13,13,13],"current_hp_per_floor":[70,70,65,65,65,43,43,30,30,32,34,34,72,72,72,56,72,64,64,64,64,64,19,19,0,0],"gold":48,"neow_bonus":"RANDOM_COMMON_RELIC","is_daily":false,"chose_seed":false,"campfire_upgraded":2,"win_rate":0.0,"timestamp":1613828460,"path_taken":["M","?","?","M","M","E","R","?","T","M","M","?","$","E","R","BOSS","M","?","M","?","?","E","?","E"],"items_purchased_type":["Relic","Card","Relic"],"build_version":"2020-12-22","purchased_purges":1,"victory":false,"max_hp_per_floor":[70,70,65,65,65,65,65,65,65,65,65,65,72,72,72,72,72,72,72,72,72,72,72,72,72,72],"card_choices":[{"not_picked":["Bane","Well Laid Plans"],"picked":"Sucker Punch","floor":1},{"not_picked":["Crippling Poison","Underhanded Strike"],"picked":"Cloak And Dagger","floor":4},{"not_picked":["Masterful Stab","Underhanded Strike"],"picked":"Poisoned Stab","floor":5},{"not_picked":["Acrobatics","Outmaneuver"],"picked":"Footwork","floor":6},{"not_picked":["Predator","Backflip"],"picked":"Blade Dance","floor":10},{"not_picked":["Slice","After Image"],"picked":"Blade Dance","floor":11},{"not_picked":["Dodge and Roll","Riddle With Holes"],"picked":"Backflip","floor":14},{"not_picked":["Die Die Die","Envenom"],"picked":"After Image","floor":16},{"not_picked":["Bane","Poisoned Stab"],"picked":"Terror","floor":18},{"not_picked":["Bouncing Flask","Predator"],"picked":"Cloak And Dagger","floor":20},{"not_picked":["Dagger Spray+1","Prepared"],"picked":"Slice","floor":23}],"player_experience":153286,"relics_obtained":[{"floor":6,"key":"Happy Flower"},{"floor":9,"key":"Blood Vial"},{"floor":14,"key":"Akabeko"},{"floor":23,"key":"Bottled Tornado"}],"event_choices":[{"damage_healed":0,"gold_gain":0,"player_choice":"Ignored","damage_taken":0,"max_hp_gain":0,"max_hp_loss":0,"event_name":"Golden Wing","floor":2,"gold_loss":0},{"damage_healed":0,"gold_gain":0,"player_choice":"Lose Max HP","damage_taken":0,"relics_obtained":["Golden Idol"],"max_hp_gain":0,"max_hp_loss":5,"event_name":"Golden Idol","floor":3,"gold_loss":0},{"damage_healed":0,"gold_gain":0,"player_choice":"Entered Light","damage_taken":13,"max_hp_gain":0,"max_hp_loss":0,"event_name":"Shining Light","floor":8,"gold_loss":0,"cards_upgraded":["Survivor","Strike_G"]},{"damage_healed":0,"gold_gain":175,"player_choice":"AGREE","damage_taken":0,"max_hp_gain":0,"max_hp_loss":0,"event_name":"Liars Game","floor":12,"gold_loss":0,"cards_obtained":["Doubt"]},{"damage_healed":0,"gold_gain":0,"player_choice":"Paid Fearfully","damage_taken":0,"max_hp_gain":0,"max_hp_loss":0,"event_name":"Masked Bandits","floor":19,"gold_loss":204},{"damage_healed":0,"gold_gain":0,"player_choice":"Ignored","damage_taken":0,"max_hp_gain":0,"max_hp_loss":0,"event_name":"Ghosts","floor":21,"gold_loss":0},{"cards_removed":["Malaise"],"damage_healed":0,"gold_gain":0,"player_choice":"Elegance","damage_taken":0,"max_hp_gain":0,"max_hp_loss":0,"event_name":"Back to Basics","floor":24,"gold_loss":0}],"is_beta":false,"boss_relics":[{"not_picked":["Ectoplasm","Runic Pyramid"],"picked":"Pandora\u0027s Box"}],"items_purged_floors":[13],"is_endless":false,"potions_floor_spawned":[4,5,6,14,18],"killed_by":"Gremlin Leader","ascension_level":1}}