{"host":"bkfh0em4323elict","time":1613831068,"event":{"mods":["BaseMod","Downfall","Minty Spire (QoL Compilation)","StSLib","UnlockEverythingMod","[IsaacMod]ÒÔÈö¼âËþ"],"gold_per_floor":[99,99,119,119,7249,7249,7297,7307,7307,7339,7339,7373,7392,7412,7426,7531,7531,7531,7531,6711,6661,6673,6673,6673,6673,6693,6710,6710,6738,6738,5815,5828,5932,5932,5932,5169,5169,4902,4569,4569,4569,4589,4589,4599,4599,4599,4599],"floor_reached":45,"language":"ZHS","playtime":5557,"items_purged":["Regret","hexamod:Strike","downfall:Bewildered","hexamod:Strike","hexamod:Defend"],"score":537,"play_id":"90350c5c-250a-4b68-9775-d489e31d846c","local_time":"20210220222428","is_ascension_mode":false,"campfire_choices":[{"data":"hexamod:Float","floor":1,"key":"SMITH"},{"data":"hexamod:PhantomCloak","floor":11,"key":"SMITH"},{"data":"hexamod:TimeOfNeed","floor":18,"key":"SMITH"},{"data":"hexamod:CatchUp","floor":23,"key":"SMITH"},{"data":"Apotheosis","floor":35,"key":"SMITH"},{"data":"Omniscience","floor":40,"key":"SMITH"},{"data":"bronze:Shell","floor":43,"key":"SMITH"}],"circlet_count":0,"master_deck":["hexamod:Strike","hexamod:Strike","hexamod:Defend","hexamod:Defend+1","hexamod:Defend","hexamod:Sear+1","hexamod:Float+1","hexamod:GhostOfSpirePast","hexamod:PhantomCloak+1","hexamod:TimeWarp","hexamod:FirstSeal","Bandage Up","hexamod:HeatMetal","hexamod:FourthSeal","hexamod:WildfireWeapon","hexamod:EmpoweredFlame","hexamod:GhostOfSpireFuture","hexamod:TimeOfNeed+1","hexamod:AdvancingGuard","hexamod:RainOfEmbers","hexamod:CatchUp+1","Apotheosis+1","bronze:Shell+1","Omniscience+1","champ:PreemptiveStrike+1"],"relics":["hexamod:UnbrokenSoul","HushsDoor","BloodDonationMachine","HowToJump","BFFS","Oddly Smooth Stone","Centennial Puzzle","Juzu Bracelet","D6","downfall:RedIOU","Calipers","TheBean","Lee\u0027s Waffle","SatanicBible","sneckomod:BabySnecko","Vajra","StoneCalendar","BelialBook","PrismaticShard","MagicMushroom","Mango","sneckomod:BlankCard","Orrery","Pen Nib","Bronze Scales","Bag of Marbles","Medical Kit","YumHeart"],"acts_visited":["Exordium","TheCity","TheBeyond"],"potions_floor_usage":[12,12,12,16,16,16,31,31,31,32,33,33],"damage_taken":[{"damage":2,"enemies":"Small Slimes","floor":3,"turns":4},{"damage":5,"enemies":"downfall:FleeingMerchant","floor":5,"turns":4},{"damage":1,"enemies":"Cultist","floor":8,"turns":3},{"damage":18,"enemies":"Lagavulin","floor":10,"turns":8},{"damage":13,"enemies":"Gremlin Nob","floor":12,"turns":4},{"damage":6,"enemies":"Jaw Worm","floor":13,"turns":4},{"damage":17,"enemies":"Blue Slaver","floor":14,"turns":4},{"damage":20,"enemies":"Exordium Thugs","floor":15,"turns":8},{"damage":30,"enemies":"DF_ARCHETYPE_STREAMLINE","floor":16,"turns":7},{"damage":5,"enemies":"downfall:FleeingMerchant","floor":20,"turns":4},{"damage":25,"enemies":"Spheric Guardian","floor":22,"turns":6},{"damage":15,"enemies":"Shell Parasite","floor":26,"turns":5},{"damage":19,"enemies":"3 Cultists","floor":27,"turns":5},{"damage":40,"enemies":"Book of Stabbing","floor":29,"turns":7},{"damage":0,"enemies":"downfall:FleeingMerchant","floor":31,"turns":4},{"damage":7,"enemies":"Snake Plant","floor":32,"turns":3},{"damage":30,"enemies":"WA_ARCHETYPE_CALM","floor":33,"turns":8},{"damage":9,"enemies":"downfall:FleeingMerchant","floor":36,"turns":4},{"damage":12,"enemies":"downfall:FleeingMerchant","floor":38,"turns":4},{"damage":6,"enemies":"3 Shapes","floor":42,"turns":2},{"damage":0,"enemies":"Orb Walker","floor":44,"turns":2},{"damage":99999999,"enemies":"Sphere and 2 Shapes","floor":45,"turns":1}],"seed_played":"-2955220262471278372","potions_obtained":[{"floor":6,"key":"BlessingOfTheForge"},{"floor":6,"key":"BlessingOfTheForge"},{"floor":6,"key":"CultistPotion"},{"floor":10,"key":"SpeedPotion"},{"floor":12,"key":"PowerPotion"},{"floor":13,"key":"DistilledChaos"},{"floor":14,"key":"Slimebound:ThreeZeroPotion"},{"floor":22,"key":"Regen Potion"},{"floor":26,"key":"CultistPotion"},{"floor":27,"key":"ColorlessPotion"},{"floor":31,"key":"EssenceOfSteel"},{"floor":32,"key":"Weak Potion"},{"floor":32,"key":"LiquidBronze"},{"floor":38,"key":"ColorlessPotion"},{"floor":42,"key":"Energy Potion"}],"is_trial":false,"path_per_floor":["R","?","M","?","$","?","T","M","?","E","R","E","M","M","M","B",null,"R","?","$","?","M","R","T","?","M","M","?","E","?","$","M","B",null,"R","?","?","$","?","R","T","M","R","M","M"],"character_chosen":"THE_SPIRIT","items_purchased":["BFFS","Oddly Smooth Stone","War Paint","hexamod:TimeWarp","hexamod:FirstSeal","Bandage Up","Calipers","TheBean","Lee\u0027s Waffle","hexamod:RainOfEmbers","hexamod:CatchUp","StoneCalendar","BelialBook","PrismaticShard","Apotheosis","Mango","sneckomod:BlankCard","Orrery","Bronze Scales","Bag of Marbles","Medical Kit"],"campfire_rested":0,"item_purchase_floors":[5,5,5,5,5,5,20,20,20,20,20,31,31,31,31,36,36,36,38,38,38],"current_hp_per_floor":[77,77,75,75,70,70,70,77,77,66,66,64,69,63,54,28,77,77,77,84,84,70,70,70,84,80,72,72,43,43,59,59,33,91,91,103,88,88,118,118,118,118,118,118,0,0,0],"gold":4599,"neow_bonus":"TEN_PERCENT_HP_BONUS","is_daily":false,"chose_seed":false,"campfire_upgraded":7,"win_rate":0.0,"timestamp":1613831068,"path_taken":["R","?","M","?","$","?","T","M","?","E","R","E","M","M","M","BOSS","R","?","$","?","M","R","T","?","M","M","?","E","?","$","M","BOSS","R","?","?","?","?","R","T","M","R","M","M"],"items_purchased_type":["Relic","Relic","Relic","Card","Card","Card","Relic","Relic","Relic","Card","Card","Relic","Relic","Relic","Card","Relic","Relic","Relic","Relic","Relic","Relic"],"build_version":"2020-12-22","purchased_purges":5,"victory":false,"max_hp_per_floor":[77,77,77,77,77,77,77,77,77,77,77,77,77,77,77,77,77,77,77,84,84,84,84,84,84,84,84,84,84,84,84,84,84,91,91,105,105,105,118,118,118,118,118,118,118,118,118],"card_choices":[{"not_picked":[],"picked":"SuicideKing","floor":0},{"not_picked":["hexamod:Firestarter","hexamod:NightmareStrike"],"picked":"hexamod:GhostOfSpirePast","floor":3},{"not_picked":["hexamod:Again","hexamod:PhantomFireball"],"picked":"hexamod:PhantomCloak","floor":5},{"not_picked":["hexamod:Hexaguard","hexamod:SpectralSpark"],"picked":"hexamod:HeatMetal","floor":8},{"not_picked":["hexamod:Incineration","hexamod:SpectersWail"],"picked":"hexamod:WildfireWeapon","floor":10},{"not_picked":["hexamod:FirstSeal","hexamod:ShieldOfDarkness","hexamod:NecessarySacrifice"],"picked":"SKIP","floor":12},{"not_picked":["hexamod:NightmareStrike","hexamod:SwordOfDarkness"],"picked":"hexamod:EmpoweredFlame","floor":13},{"not_picked":["hexamod:SuperheatedStrike","hexamod:GhostShield"],"picked":"hexamod:GhostOfSpireFuture","floor":14},{"not_picked":["hexamod:PhantomCloak","hexamod:SpectralSpark"],"picked":"Bomb","floor":15},{"not_picked":["hexamod:FlameSwitch","hexamod:VolcanoVisage"],"picked":"hexamod:TimeOfNeed","floor":16},{"not_picked":["hexamod:BacktrackSmack","hexamod:FirstSeal"],"picked":"hexamod:AdvancingGuard","floor":20},{"not_picked":["hexamod:NightmareStrike","hexamod:RainOfEmbers","hexamod:SwordOfDarkness"],"picked":"SKIP","floor":22},{"not_picked":["hexamod:SearingWound","hexamod:Incineration","hexamod:SkipABeat+1"],"picked":"SKIP","floor":26},{"not_picked":["hexamod:AdvancingGuard","hexamod:HauntingEcho","hexamod:HeatShield+1"],"picked":"SKIP","floor":27},{"not_picked":["hexamod:Firestarter","hexamod:TimeWarp","hexamod:GhostLash+1"],"picked":"SKIP","floor":29},{"not_picked":["hexamod:AdvancingGuard","hexamod:Incineration","hexamod:GhostShield+1"],"picked":"SKIP","floor":31},{"not_picked":["bronze:NullPointer+1","hexamod:Hexaguard"],"picked":"bronze:Shell","floor":32},{"not_picked":["bronze:Virus","Offering"],"picked":"Omniscience","floor":33},{"not_picked":["Headbutt","Compile Driver+1","Bane"],"picked":"SKIP","floor":36},{"not_picked":["Dodge and Roll","hexamod:SwordOfDarkness"],"picked":"champ:PreemptiveStrike+1","floor":38},{"not_picked":["Shrug It Off+1","sneckomod:Unknown1Cost","Slimebound:SelfFormingGoo"],"picked":"SKIP","floor":42},{"not_picked":["bronze:Terminator","Dual Wield","sneckomod:SnakeSap+1"],"picked":"SKIP","floor":44}],"player_experience":5815,"relics_obtained":[{"floor":7,"key":"Centennial Puzzle"},{"floor":10,"key":"Juzu Bracelet"},{"floor":12,"key":"D6"},{"floor":24,"key":"SatanicBible"},{"floor":29,"key":"Vajra"},{"floor":41,"key":"YumHeart"}],"event_choices":[{"damage_healed":0,"gold_gain":0,"player_choice":"Box","damage_taken":0,"relics_obtained":["HowToJump"],"max_hp_gain":0,"max_hp_loss":0,"event_name":"Big Fish","floor":4,"gold_loss":0,"cards_obtained":["Regret"]},{"damage_healed":0,"gold_gain":0,"player_choice":"Got Potions","damage_taken":0,"max_hp_gain":0,"max_hp_loss":0,"event_name":"Lab","floor":6,"gold_loss":0},{"damage_healed":28,"gold_gain":0,"player_choice":"Heal","damage_taken":0,"max_hp_gain":0,"max_hp_loss":0,"event_name":"The Library","floor":25,"gold_loss":0},{"damage_healed":0,"gold_gain":0,"player_choice":"Ignored","damage_taken":0,"max_hp_gain":0,"max_hp_loss":0,"event_name":"Vampires","floor":30,"gold_loss":0}],"is_beta":false,"boss_relics":[{"not_picked":["SlaversCollar","Astrolabe"],"picked":"hexamod:UnbrokenSoul"},{"not_picked":[]},{"not_picked":["Calling Bell","Black Star"],"picked":"MagicMushroom"},{"not_picked":[]}],"items_purged_floors":[5,20,31,36,38],"is_endless":false,"potions_floor_spawned":[8,10,14,15,26,27,29,32,42],"killed_by":"Sphere and 2 Shapes","ascension_level":0}}