{"host":"f5gffvlv6a66yqkd","time":1613832918,"event":{"mods":["2.2 Compatiblity","BaseMod","Colored Map","Custom Start","DeckTracker","Keyboard Shortcuts","Minty Spire (QoL Compilation)","Permanent Neow","Quick Restart","Relic Stats","StSLib","SuperFastMode"],"gold_per_floor":[115,115,127,145,162,162,191,191,218,218,232,13,33,65,65,136,136,156,206,226,238,238,238,251,264,264,94,94,141,141,141,141,213,213,233,233,243,243,259,259,15,15,15,35,53,66,78,108,108,108,108,108,108,8,8,8],"floor_reached":55,"language":"KOR","playtime":1716,"items_purged":["Strike_B+1","Strike_B+1"],"score":1772,"play_id":"91271522-1c34-4aa2-9509-dd83b040a3c9","local_time":"20210220235518","is_ascension_mode":true,"campfire_choices":[{"data":"Sunder","floor":6.0,"key":"SMITH"},{"data":"Dualcast","floor":8.0,"key":"SMITH"},{"data":"Ball Lightning","floor":10.0,"key":"SMITH"},{"data":"Reinforced Body","floor":15.0,"key":"SMITH"},{"data":"Biased Cognition","floor":23.0,"key":"SMITH"},{"data":"Defragment","floor":28.0,"key":"SMITH"},{"data":"Self Repair","floor":30.0,"key":"SMITH"},{"floor":32.0,"key":"RECALL"},{"floor":40.0,"key":"REST"},{"floor":42.0,"key":"REST"},{"floor":49.0,"key":"REST"},{"floor":53.0,"key":"REST"}],"circlet_count":0,"master_deck":["AscendersBane","Strike_B+1","Strike_B+1","Defend_B+1","Defend_B+1","Defend_B+1","Defend_B+1","Zap+1","Dualcast+1","Ball Lightning+1","Sunder+1","Turbo","Compile Driver","Core Surge","Reinforced Body+1","Cold Snap","Conserve Battery","Biased Cognition+1","Self Repair+1","Defragment+1","Deep Breath+1","Thunder Strike","Undo+1","Defragment+1","Cold Snap","Glacier+1","Hello World+1","Glacier+1"],"relics":["Cracked Core","Akabeko","Boot","Vajra","PreservedInsect","Orichalcum","Nuclear Battery","Toxic Egg 2","Inserter","ClockworkSouvenir","Sundial","Dream Catcher"],"acts_visited":["Exordium","TheCity","TheBeyond","TheEnding"],"potions_floor_usage":[],"damage_taken":[{"damage":2.0,"enemies":"Jaw Worm","floor":1.0,"turns":2.0},{"damage":0.0,"enemies":"Cultist","floor":3.0,"turns":2.0},{"damage":0.0,"enemies":"Small Slimes","floor":4.0,"turns":2.0},{"damage":2.0,"enemies":"2 Fungi Beasts","floor":5.0,"turns":2.0},{"damage":6.0,"enemies":"Gremlin Nob","floor":7.0,"turns":3.0},{"damage":13.0,"enemies":"Exordium Thugs","floor":11.0,"turns":3.0},{"damage":0.0,"enemies":"Red Slaver","floor":13.0,"turns":2.0},{"damage":0.0,"enemies":"Lagavulin","floor":14.0,"turns":4.0},{"damage":17.0,"enemies":"Slime Boss","floor":16.0,"turns":6.0},{"damage":8.0,"enemies":"Shell Parasite","floor":18.0,"turns":4.0},{"damage":1.0,"enemies":"Chosen","floor":20.0,"turns":3.0},{"damage":8.0,"enemies":"3 Cultists","floor":21.0,"turns":4.0},{"damage":0.0,"enemies":"Snake Plant","floor":24.0,"turns":2.0},{"damage":12.0,"enemies":"Centurion and Healer","floor":25.0,"turns":6.0},{"damage":13.0,"enemies":"Champ","floor":33.0,"turns":11.0},{"damage":10.0,"enemies":"3 Darklings","floor":35.0,"turns":7.0},{"damage":7.0,"enemies":"3 Shapes","floor":37.0,"turns":5.0},{"damage":52.0,"enemies":"Jaw Worm Horde","floor":39.0,"turns":7.0},{"damage":0.0,"enemies":"Sphere and 2 Shapes","floor":44.0,"turns":6.0},{"damage":0.0,"enemies":"4 Shapes","floor":45.0,"turns":6.0},{"damage":29.0,"enemies":"Jaw Worm Horde","floor":46.0,"turns":4.0},{"damage":8.0,"enemies":"Writhing Mass","floor":47.0,"turns":7.0},{"damage":31.0,"enemies":"Giant Head","floor":48.0,"turns":12.0},{"damage":27.0,"enemies":"Donu and Deca","floor":50.0,"turns":22.0},{"damage":18.0,"enemies":"Awakened One","floor":51.0,"turns":19.0},{"damage":75,"enemies":"Shield and Spear","floor":55,"turns":5}],"seed_played":"2143132967036247387","potions_obtained":[{"floor":1.0,"key":"SmokeBomb"},{"floor":4.0,"key":"Fire Potion"},{"floor":7.0,"key":"Block Potion"},{"floor":20.0,"key":"ColorlessPotion"},{"floor":21.0,"key":"Ancient Potion"},{"floor":37.0,"key":"Dexterity Potion"},{"floor":44.0,"key":"SpeedPotion"},{"floor":45.0,"key":"Dexterity Potion"},{"floor":46.0,"key":"Swift Potion"}],"is_trial":false,"path_per_floor":["M","?","M","M","M","R","E","R","T","R","M","$","M","E","R","B",null,"M","?","M","M","?","R","M","M","T","$","R","T","R","?","R","B",null,"M","?","M","?","M","R","$","R","T","M","M","M","M","E","R","B","B",null,"R","$","E"],"character_chosen":"DEFECT","items_purchased":["PreservedInsect","Cold Snap","Deep Breath+1","ClockworkSouvenir","LiquidMemories"],"campfire_rested":4,"item_purchase_floors":[12,12,27,41,41],"current_hp_per_floor":[62,62,62,62,60,60,54,54,54,54,41,41,41,41,41,24,59,51,51,57,56,56,56,56,51,51,51,51,51,51,51,51,48,65,65,65,68,68,26,47,47,68,68,71,71,42,44,23,44,27,19,58,71,71,0,0],"gold":8,"neow_bonus":"RANDOM_COMMON_RELIC","is_daily":false,"chose_seed":false,"campfire_upgraded":7,"win_rate":0.0,"timestamp":1613832918,"path_taken":["M","?","M","M","M","R","E","R","T","R","M","$","?","E","R","BOSS","M","?","M","M","?","R","M","?","T","?","R","?","R","?","R","BOSS","M","?","M","?","M","R","$","R","T","M","M","M","M","E","R","BOSS","BOSS","R","$","E"],"items_purchased_type":["Relic","Card","Card","Relic","Potion"],"build_version":"2020-12-22","purchased_purges":2,"victory":false,"max_hp_per_floor":[71,71,71,71,71,71,71,71,71,71,71,71,71,71,71,71,71,71,71,71,71,71,71,71,71,71,71,71,71,71,71,71,71,71,71,71,71,71,71,71,71,71,71,71,71,71,71,71,71,71,71,71,71,71,71,71],"relic_stats":{"Dream Catcher":2,"Inserter":[44],"counters":[26,156],"Sundial":[14],"PreservedInsect":268,"Orichalcum":[174],"Boot":[49],"obtain_stats":[{"Dream Catcher":48,"Inserter":34,"Sundial":43,"Vajra":9,"PreservedInsect":12,"Orichalcum":14,"Toxic Egg 2":26,"Cracked Core":0,"Boot":7,"Akabeko":0,"Nuclear Battery":17,"ClockworkSouvenir":41},{"Dream Catcher":23,"Inserter":15,"Sundial":18,"Vajra":5,"PreservedInsect":6,"Orichalcum":8,"Toxic Egg 2":14,"Cracked Core":0,"Boot":5,"Akabeko":0,"Nuclear Battery":9,"ClockworkSouvenir":18},{"Dream Catcher":110,"Inserter":56,"Sundial":75,"Vajra":11,"PreservedInsect":14,"Orichalcum":20,"Toxic Egg 2":45,"Cracked Core":0,"Boot":11,"Akabeko":0,"Nuclear Battery":26,"ClockworkSouvenir":75}]},"card_choices":[{"not_picked":["Double Energy","Stack"],"picked":"Ball Lightning","floor":1.0},{"not_picked":["Ball Lightning","Redo"],"picked":"Sunder","floor":3.0},{"not_picked":["Rebound","Conserve Battery"],"picked":"Turbo","floor":4.0},{"not_picked":["Leap","Barrage"],"picked":"Compile Driver","floor":5.0},{"not_picked":["Defragment","Gash"],"picked":"Core Surge","floor":7.0},{"not_picked":["Leap","Steam"],"picked":"Reinforced Body","floor":11.0},{"not_picked":["Turbo","Doom and Gloom"],"picked":"Conserve Battery","floor":13.0},{"not_picked":["Reinforced Body","Compile Driver","Hologram"],"picked":"SKIP","floor":14.0},{"not_picked":["Amplify","Creative AI"],"picked":"Biased Cognition","floor":16.0},{"not_picked":["Streamline","Leap"],"picked":"Self Repair","floor":18.0},{"not_picked":["Scrape","Blizzard","Ball Lightning+1"],"picked":"SKIP","floor":20.0},{"not_picked":["Chill","Leap","Go for the Eyes"],"picked":"SKIP","floor":21.0},{"not_picked":["Hello World","Leap","Hologram"],"picked":"SKIP","floor":24.0},{"not_picked":["Sunder","FTL"],"picked":"Defragment","floor":25.0},{"not_picked":["Amplify+1","Multi-Cast+1"],"picked":"Thunder Strike","floor":33.0},{"not_picked":["Ball Lightning","Doom and Gloom+1","Gash+1"],"picked":"SKIP","floor":35.0},{"not_picked":["Melter+1","Reinforced Body+1"],"picked":"Undo+1","floor":37.0},{"not_picked":["Auto Shields+1","Beam Cell"],"picked":"Cold Snap","floor":39.0},{"not_picked":["Turbo+1","Ball Lightning","Storm+1"],"picked":"SKIP","floor":44.0},{"not_picked":["Streamline","Go for the Eyes","Conserve Battery+1"],"picked":"SKIP","floor":45.0},{"not_picked":["Hologram+1","Ball Lightning","Turbo+1"],"picked":"SKIP","floor":46.0},{"not_picked":["Go for the Eyes+1","Lockon+1"],"picked":"Glacier+1","floor":47.0},{"not_picked":["Conserve Battery+1","Sunder","Hologram+1"],"picked":"SKIP","floor":48.0},{"not_picked":["All For One","Steam+1"],"picked":"Hello World+1","floor":49.0},{"not_picked":["Streamline","Defragment"],"picked":"Glacier+1","floor":53.0}],"player_experience":1542049,"relics_obtained":[{"floor":7.0,"key":"Boot"},{"floor":9.0,"key":"Vajra"},{"floor":14.0,"key":"Orichalcum"},{"floor":26.0,"key":"Toxic Egg 2"},{"floor":43.0,"key":"Sundial"},{"floor":48.0,"key":"Dream Catcher"}],"event_choices":[{"damage_healed":0.0,"max_hp_gain":0.0,"max_hp_loss":0.0,"gold_gain":0.0,"event_name":"Upgrade Shrine","player_choice":"Upgraded","floor":2.0,"gold_loss":0.0,"damage_taken":0.0,"cards_upgraded":["Zap"]},{"damage_healed":0.0,"max_hp_gain":0.0,"max_hp_loss":0.0,"gold_gain":50.0,"event_name":"Nest","player_choice":"Stole From Cult","floor":19.0,"gold_loss":0.0,"damage_taken":0.0},{"damage_healed":0.0,"max_hp_gain":0.0,"max_hp_loss":0.0,"gold_gain":0.0,"event_name":"Back to Basics","player_choice":"Simplicity","floor":22.0,"gold_loss":0.0,"damage_taken":0.0,"cards_upgraded":["Strike_B","Strike_B","Strike_B","Strike_B","Defend_B","Defend_B","Defend_B","Defend_B"]},{"damage_healed":0.0,"max_hp_gain":0.0,"max_hp_loss":0.0,"gold_gain":0.0,"event_name":"Vampires","player_choice":"Ignored","floor":31.0,"gold_loss":0.0,"damage_taken":0.0},{"damage_healed":0.0,"max_hp_gain":0.0,"max_hp_loss":0.0,"gold_gain":0.0,"event_name":"Tomb of Lord Red Mask","player_choice":"Ignored","floor":36.0,"gold_loss":0.0,"damage_taken":0.0},{"damage_healed":0.0,"max_hp_gain":0.0,"max_hp_loss":0.0,"gold_gain":0.0,"event_name":"Duplicator","player_choice":"Copied","floor":38.0,"gold_loss":0.0,"damage_taken":0.0,"cards_obtained":["Defragment"]}],"is_beta":false,"boss_relics":[{"not_picked":["Sozu","Black Star"],"picked":"Nuclear Battery"},{"not_picked":["Runic Dome","Velvet Choker"],"picked":"Inserter"}],"items_purged_floors":[27,54],"is_endless":false,"potions_floor_spawned":[1,4,7,16,20,21,37,44,45,46],"killed_by":"Shield and Spear","ascension_level":20}}