{"host":"sav7uxregyirlf69","time":1613836202,"event":{"mods":["AchievementEnabler","BaseMod","Colored Map","DeckTracker","Keyboard Shortcuts","Minty Spire (QoL Compilation)","READ ME - Guardian Mod","StSLib","SuperFastMode"],"gold_per_floor":[117,117,117,132,152,152,168,192,192,192,78,353,200,220,220,316,316,330,330,344,344,344,368,386,386,386,386,476,476,492,517,517,610,610,626,647,647,192,205,205,248,248,248],"floor_reached":42,"language":"KOR","playtime":1059,"items_purged":["Strike_R","Regret","Strike_R"],"score":990,"play_id":"4912f52f-0394-4530-8b92-655b420f9275","local_time":"20210221005002","is_ascension_mode":true,"campfire_choices":[{"data":"Carnage","floor":6,"key":"SMITH"},{"data":"Armaments","floor":10,"key":"SMITH"},{"data":"Battle Trance","floor":15,"key":"SMITH"},{"data":"Barricade","floor":25,"key":"SMITH"},{"data":"Body Slam","floor":29,"key":"SMITH"},{"floor":32,"key":"REST"},{"data":"Sentinel","floor":40,"key":"SMITH"}],"circlet_count":0,"master_deck":["AscendersBane","Strike_R","Strike_R","Strike_R","Defend_R","Defend_R","Defend_R","Defend_R","Bash","Feel No Pain","Armaments+1","Carnage+1","Pommel Strike","Shrug It Off","Battle Trance+1","Shrug It Off","Barricade+1","Second Wind","Shrug It Off","Body Slam+1","Feel No Pain+1","Clumsy","Burning Pact+1","Sentinel+1"],"relics":["Burning Blood","Golden Idol","InkBottle","Cursed Key","Sozu","Omamori","Anchor","Red Skull"],"acts_visited":["Exordium","TheCity","TheBeyond"],"potions_floor_usage":[8,18,24,41],"damage_taken":[{"damage":6,"enemies":"2 Louse","floor":1,"turns":3},{"damage":6,"enemies":"Cultist","floor":4,"turns":3},{"damage":0,"enemies":"Small Slimes","floor":5,"turns":5},{"damage":8,"enemies":"Blue Slaver","floor":7,"turns":4},{"damage":11,"enemies":"Large Slime","floor":8,"turns":5},{"damage":4,"enemies":"2 Fungi Beasts","floor":14,"turns":4},{"damage":99,"enemies":"The Guardian","floor":16,"turns":16},{"damage":10,"enemies":"3 Byrds","floor":18,"turns":10},{"damage":12,"enemies":"Shell Parasite","floor":20,"turns":9},{"damage":9,"enemies":"Chosen and Byrds","floor":23,"turns":7},{"damage":13,"enemies":"Snecko","floor":24,"turns":12},{"damage":1,"enemies":"Centurion and Healer","floor":30,"turns":8},{"damage":9,"enemies":"Cultist and Chosen","floor":31,"turns":7},{"damage":0,"enemies":"Champ","floor":33,"turns":8},{"damage":32,"enemies":"3 Darklings","floor":35,"turns":7},{"damage":0,"enemies":"3 Shapes","floor":36,"turns":6},{"damage":0,"enemies":"Jaw Worm Horde","floor":39,"turns":5},{"damage":25,"enemies":"Reptomancer","floor":41,"turns":6},{"damage":44,"enemies":"Sphere and 2 Shapes","floor":42,"turns":4}],"seed_played":"-4143845495186401155","potions_obtained":[{"floor":3,"key":"DuplicationPotion"},{"floor":3,"key":"SpeedPotion"},{"floor":7,"key":"Fruit Juice"},{"floor":8,"key":"FairyPotion"},{"floor":16,"key":"ElixirPotion"},{"floor":20,"key":"Swift Potion"},{"floor":30,"key":"SpeedPotion"}],"is_trial":false,"path_per_floor":["M","?","?","M","M","R","M","M","T","R","$","?","$","M","R","B",null,"M","?","M","?","?","M","M","R","T","?","?","R","M","M","R","B",null,"M","M","?","$","M","R","E","M"],"character_chosen":"IRONCLAD","items_purchased":["Battle Trance","Shrug It Off","Omamori","Anchor"],"campfire_rested":1,"item_purchase_floors":[11,13,38,38],"current_hp_per_floor":[75,74,74,74,74,74,72,72,72,72,72,72,72,74,74,29,67,63,63,57,57,57,54,47,47,47,47,35,35,40,37,60,66,76,50,56,56,56,62,62,43,0,0],"gold":248,"neow_bonus":"TEN_PERCENT_HP_BONUS","is_daily":false,"chose_seed":false,"campfire_upgraded":6,"win_rate":0.0,"timestamp":1613836202,"path_taken":["M","?","?","?","M","R","M","M","T","R","$","?","$","?","R","BOSS","M","?","?","?","?","M","M","R","T","?","?","R","?","M","R","BOSS","M","?","?","$","M","R","E","M"],"items_purchased_type":["Card","Card","Relic","Relic"],"build_version":"2020-12-22","purchased_purges":3,"victory":false,"max_hp_per_floor":[82,74,74,74,74,74,74,79,79,79,79,79,79,79,79,79,79,79,79,79,79,79,79,79,79,79,79,79,79,79,79,79,79,79,79,79,79,79,79,79,79,79,79],"card_choices":[{"not_picked":["Iron Wave","Havoc"],"picked":"Feel No Pain","floor":1},{"not_picked":["Body Slam","Twin Strike"],"picked":"Armaments","floor":4},{"not_picked":["Armaments","Berserk"],"picked":"Carnage","floor":5},{"not_picked":["Havoc","Headbutt"],"picked":"Pommel Strike","floor":7},{"not_picked":["Uppercut","Sever Soul"],"picked":"Shrug It Off","floor":8},{"not_picked":["True Grit","Havoc","Clash"],"picked":"SKIP","floor":14},{"not_picked":["Reaper","Double Tap"],"picked":"Barricade","floor":16},{"not_picked":["True Grit","Evolve"],"picked":"Second Wind","floor":18},{"not_picked":["Clothesline","Perfected Strike","Dropkick"],"picked":"SKIP","floor":20},{"not_picked":["True Grit","Flex"],"picked":"Feel No Pain+1","floor":23},{"not_picked":["Blood for Blood","Havoc","Hemokinesis"],"picked":"SKIP","floor":24},{"not_picked":["Headbutt","Cleave","Twin Strike"],"picked":"SKIP","floor":30},{"not_picked":["Clothesline","Reaper"],"picked":"Burning Pact","floor":31},{"not_picked":["Feel No Pain","Headbutt"],"picked":"Sentinel","floor":35},{"not_picked":["Headbutt","Dual Wield","Pommel Strike"],"picked":"SKIP","floor":36},{"not_picked":["Spot Weakness+1","Flame Barrier+1","Clash"],"picked":"SKIP","floor":39},{"not_picked":["Uppercut","Fire Breathing","Wild Strike"],"picked":"SKIP","floor":41}],"player_experience":1635406,"relics_obtained":[{"floor":9,"key":"InkBottle"},{"floor":41,"key":"Red Skull"}],"event_choices":[{"damage_healed":0,"gold_gain":0,"player_choice":"Lose Max HP","damage_taken":0,"relics_obtained":["Golden Idol"],"max_hp_gain":0,"max_hp_loss":8,"event_name":"Golden Idol","floor":2,"gold_loss":0},{"damage_healed":0,"gold_gain":0,"player_choice":"Got Potions","damage_taken":0,"max_hp_gain":0,"max_hp_loss":0,"event_name":"Lab","floor":3,"gold_loss":0},{"damage_healed":0,"gold_gain":275,"player_choice":"Desecrate","damage_taken":0,"max_hp_gain":0,"max_hp_loss":0,"event_name":"Golden Shrine","floor":12,"gold_loss":0,"cards_obtained":["Regret"]},{"damage_healed":0,"gold_gain":0,"player_choice":"Copied","damage_taken":0,"max_hp_gain":0,"max_hp_loss":0,"event_name":"Duplicator","floor":19,"gold_loss":0,"cards_obtained":["Shrug It Off"]},{"damage_healed":0,"gold_gain":0,"player_choice":"Ignored","damage_taken":0,"max_hp_gain":0,"max_hp_loss":0,"event_name":"The Mausoleum","floor":21,"gold_loss":0},{"damage_healed":0,"gold_gain":0,"player_choice":"Read","damage_taken":0,"max_hp_gain":0,"max_hp_loss":0,"event_name":"The Library","floor":22,"gold_loss":0,"cards_obtained":["Body Slam"]},{"damage_healed":0,"gold_gain":0,"player_choice":"Ignored","damage_taken":0,"max_hp_gain":0,"max_hp_loss":0,"event_name":"Cursed Tome","floor":27,"gold_loss":0},{"damage_healed":0,"gold_gain":90,"player_choice":"GOLD ","damage_taken":12,"max_hp_gain":0,"max_hp_loss":0,"event_name":"Knowing Skull","floor":28,"potions_obtained":[],"gold_loss":0,"cards_obtained":[]},{"damage_healed":0,"gold_gain":0,"player_choice":"Upgraded","damage_taken":0,"max_hp_gain":0,"max_hp_loss":0,"event_name":"Upgrade Shrine","floor":37,"gold_loss":0,"cards_upgraded":["Burning Pact"]}],"is_beta":false,"boss_relics":[{"not_picked":["Mark of Pain","Busted Crown"],"picked":"Cursed Key"},{"not_picked":["Tiny House","Runic Cube"],"picked":"Sozu"}],"items_purged_floors":[11,13,38],"is_endless":false,"potions_floor_spawned":[7,8,16,20,30,31,33,35,36,41],"killed_by":"Sphere and 2 Shapes","ascension_level":20}}