{"host":"08xvxt5w1s7zc7e5","time":1613815810,"event":{"mods":["AchievementEnabler","BaseMod","DeckTracker","Minty Spire (QoL Compilation)","Quick Restart","StSLib","SuperFastMode"],"gold_per_floor":[113,113,133,133,149,149,149,149,149,165,165,178,195,228,228,327,327,346,346,201,211,310,338,338,352,352,366,366,381,381,407,407,407,407],"floor_reached":33,"language":"KOR","playtime":757,"items_purged":[],"score":353,"play_id":"bd003bdb-5f06-4368-9168-c0e4703c4509","local_time":"20210220191010","is_ascension_mode":true,"campfire_choices":[{"data":"Uppercut","floor":6.0,"key":"SMITH"},{"data":"Bash","floor":8.0,"key":"SMITH"},{"data":"Body Slam","floor":15.0,"key":"SMITH"},{"data":"Offering","floor":24.0,"key":"SMITH"},{"data":"Feed","floor":28.0,"key":"SMITH"},{"data":"Bloodletting","floor":32,"key":"SMITH"}],"circlet_count":0,"master_deck":["Strike_R","Strike_R","Defend_R+1","Defend_R","Defend_R","Defend_R+1","Bash+1","Body Slam+1","Uppercut+1","Headbutt","Body Slam+1","Feed+1","Thunderclap+1","Entrench+1","Offering+1","Shrug It Off+1","Burning Pact+1","Bloodletting+1","Pain"],"relics":["Burning Blood","War Paint","Gambling Chip","Centennial Puzzle","Empty Cage","Toy Ornithopter","Lantern","Prayer Wheel","Blue Candle","WarpedTongs","Self Forming Clay"],"acts_visited":["Exordium","TheCity"],"potions_floor_usage":[31,31],"damage_taken":[{"damage":0.0,"enemies":"Jaw Worm","floor":1.0,"turns":4.0},{"damage":0.0,"enemies":"2 Louse","floor":3.0,"turns":3.0},{"damage":0.0,"enemies":"Cultist","floor":5.0,"turns":3.0},{"damage":1.0,"enemies":"3 Louse","floor":10.0,"turns":3.0},{"damage":0.0,"enemies":"Looter","floor":12.0,"turns":2.0},{"damage":1.0,"enemies":"Blue Slaver","floor":13.0,"turns":3.0},{"damage":4.0,"enemies":"Gremlin Nob","floor":14.0,"turns":3.0},{"damage":38.0,"enemies":"Slime Boss","floor":16.0,"turns":17.0},{"damage":0.0,"enemies":"Chosen","floor":18.0,"turns":4.0},{"damage":24.0,"enemies":"3 Byrds","floor":21.0,"turns":5.0},{"damage":45.0,"enemies":"Slavers","floor":23.0,"turns":11.0},{"damage":25.0,"enemies":"Cultist and Chosen","floor":25.0,"turns":5.0},{"damage":6.0,"enemies":"Snecko","floor":27.0,"turns":4.0},{"damage":0.0,"enemies":"Snake Plant","floor":29.0,"turns":2.0},{"damage":11,"enemies":"Book of Stabbing","floor":31,"turns":3},{"damage":56,"enemies":"Collector","floor":33,"turns":6}],"seed_played":"2725156934437760082","potions_obtained":[{"floor":3.0,"key":"Ancient Potion"},{"floor":5.0,"key":"ColorlessPotion"},{"floor":13.0,"key":"Dexterity Potion"},{"floor":14.0,"key":"Weak Potion"},{"floor":21.0,"key":"Regen Potion"},{"floor":29.0,"key":"Block Potion"},{"floor":31,"key":"Weak Potion"}],"is_trial":false,"path_per_floor":["M","?","M","?","M","R","?","R","T","M","?","M","M","E","R","B",null,"M","?","$","M","?","E","R","M","T","M","R","M","?","E","R","B"],"character_chosen":"IRONCLAD","items_purchased":["Lantern"],"campfire_rested":0,"item_purchase_floors":[20],"current_hp_per_floor":[80,85,85,85,85,85,85,85,85,85,78,84,85,85,85,53,85,85,85,85,70,70,34,34,15,15,35,35,45,45,50,50,0,0],"gold":407,"neow_bonus":"RANDOM_COMMON_RELIC","is_daily":false,"chose_seed":false,"campfire_upgraded":6,"win_rate":0.0,"timestamp":1613815810,"path_taken":["M","?","M","?","?","R","?","R","T","M","?","M","M","E","R","BOSS","M","?","$","M","?","E","R","M","T","M","R","M","?","E","R","BOSS"],"items_purchased_type":["Relic"],"build_version":"2020-12-22","purchased_purges":0,"victory":false,"max_hp_per_floor":[80,85,85,85,85,85,85,85,85,85,85,85,85,85,85,85,85,85,85,85,88,88,91,91,91,91,94,94,98,98,98,98,98,98],"card_choices":[{"not_picked":["Cleave","Clash"],"picked":"Body Slam","floor":1.0},{"not_picked":["Thunderclap","Twin Strike","Sword Boomerang"],"picked":"SKIP","floor":3.0},{"not_picked":["Iron Wave","Clash"],"picked":"Uppercut","floor":5.0},{"not_picked":["Flame Barrier","Iron Wave"],"picked":"Headbutt","floor":10.0},{"not_picked":["Iron Wave","Heavy Blade","Metallicize"],"picked":"SKIP","floor":12.0},{"not_picked":["Cleave","Reckless Charge"],"picked":"Body Slam","floor":13.0},{"not_picked":["Brutality","Pummel","Twin Strike"],"picked":"SKIP","floor":14.0},{"not_picked":["Berserk","Fiend Fire"],"picked":"Feed","floor":16.0},{"not_picked":["Flex+1","Rupture"],"picked":"Thunderclap+1","floor":18.0},{"not_picked":["Heavy Blade+1","Wild Strike"],"picked":"Entrench+1","floor":21.0},{"not_picked":["Inflame","Sentinel"],"picked":"Offering","floor":23.0},{"not_picked":["Rupture","Entrench"],"picked":"Shrug It Off+1","floor":25.0},{"not_picked":["Warcry","Disarm","Perfected Strike+1"],"picked":"SKIP","floor":25.0},{"not_picked":["Sword Boomerang","Thunderclap+1","Heavy Blade+1"],"picked":"SKIP","floor":27.0},{"not_picked":["Cleave+1","Havoc+1","Wild Strike"],"picked":"SKIP","floor":27.0},{"not_picked":["Heavy Blade","Body Slam"],"picked":"Burning Pact+1","floor":29.0},{"not_picked":["Clash","Second Wind"],"picked":"Bloodletting","floor":29.0},{"not_picked":["Fiend Fire","Fire Breathing","Clothesline"],"picked":"SKIP","floor":31}],"player_experience":410205,"relics_obtained":[{"floor":9.0,"key":"Gambling Chip"},{"floor":14.0,"key":"Centennial Puzzle"},{"floor":23.0,"key":"Prayer Wheel"},{"floor":26.0,"key":"Blue Candle"},{"floor":31,"key":"Self Forming Clay"}],"event_choices":[{"damage_healed":0.0,"max_hp_gain":5.0,"max_hp_loss":0.0,"gold_gain":0.0,"event_name":"Big Fish","player_choice":"Donut","floor":2.0,"gold_loss":0.0,"damage_taken":0.0},{"damage_healed":0.0,"max_hp_gain":0.0,"max_hp_loss":0.0,"gold_gain":0.0,"event_name":"Upgrade Shrine","player_choice":"Upgraded","floor":4.0,"gold_loss":0.0,"damage_taken":0.0,"cards_upgraded":["Body Slam"]},{"damage_healed":0.0,"max_hp_gain":0.0,"max_hp_loss":0.0,"gold_gain":0.0,"event_name":"Liars Game","player_choice":"Ignored","floor":7.0,"gold_loss":0.0,"damage_taken":0.0},{"cards_removed":["Strike_R"],"damage_healed":0.0,"max_hp_gain":0.0,"max_hp_loss":0.0,"gold_gain":0.0,"event_name":"Golden Wing","player_choice":"Card Removal","floor":11.0,"gold_loss":0.0,"damage_taken":7.0},{"damage_healed":0.0,"max_hp_gain":0.0,"max_hp_loss":0.0,"gold_gain":0.0,"event_name":"The Mausoleum","player_choice":"Opened","floor":19.0,"gold_loss":0.0,"damage_taken":0.0,"relics_obtained":["Toy Ornithopter"]},{"damage_healed":0.0,"max_hp_gain":0.0,"max_hp_loss":0.0,"gold_gain":99.0,"event_name":"Nest","player_choice":"Stole From Cult","floor":22.0,"gold_loss":0.0,"damage_taken":0.0},{"damage_healed":0.0,"max_hp_gain":0.0,"max_hp_loss":0.0,"gold_gain":0.0,"event_name":"Accursed Blacksmith","player_choice":"Rummage","floor":30.0,"gold_loss":0.0,"damage_taken":0.0,"relics_obtained":["WarpedTongs"],"cards_obtained":["Pain"]}],"is_beta":false,"boss_relics":[{"not_picked":["Velvet Choker","Calling Bell"],"picked":"Empty Cage"}],"items_purged_floors":[],"is_endless":false,"potions_floor_spawned":[3,5,13,14,21,23,25,29,31],"killed_by":"Collector","ascension_level":1}}