{"host":"l57y98fnbdudgsvd","time":1613783284,"event":{"mods":["Aspiration","BaseMod","Better Note","Better Third Choice","BetterRewards","Friendly Minions","Hubris","Infinite Spire","Minty Spire (QoL Compilation)","Relic Sorter","Replay The Spire","Spicy Shops","StSLib","The Jungle"],"gold_per_floor":[130,168,124,124,124,124,162,162,162,174,174,174,234,270,270,370,370,383,393,52,85,85,85,85,85,109,128,35,35,35,67,67,141,141,151,151,166,25,25,25,35,35,83,99,132,152,152,152,152],"floor_reached":48,"language":"ENG","playtime":2968,"items_purged":["Pain"],"score":1204,"play_id":"f03c6160-b9ee-417f-8576-162655847601","local_time":"20210219200804","is_ascension_mode":true,"campfire_choices":[{"data":"Armaments","floor":6.0,"key":"SMITH"},{"floor":8.0,"key":"REST"},{"data":"True Grit","floor":11.0,"key":"SMITH"},{"data":"infinitespire:Menacing","floor":15.0,"key":"SMITH"},{"data":"hubris:ReadiedAction","floor":23,"key":"SMITH"},{"floor":25,"key":"REST"},{"data":"Eclipse","floor":30,"key":"SMITH"},{"floor":32,"key":"REST"},{"data":"Exhume","floor":40,"key":"SMITH"}],"circlet_count":0,"master_deck":["AscendersBane","Strike_R","Strike_R","Strike_R+1","Strike_R","Defend_R","Defend_R","Defend_R","Defend_R","Bash+1","Master of Strategy","Mayhem","HandOfGreed","Armaments+1","Pommel Strike","True Grit+1","infinitespire:Menacing+1","Sword Boomerang","Uppercut","Demon Form","hubris:ReadiedAction+1","Disarm","Eclipse+1","Secret Weapon","Feel No Pain","Exhume+1","Feel No Pain","Purity","Transmutation","Master of Strategy","Disarm","Cleave"],"relics":["Burning Blood","Chemical X","Matryoshka","WingedGreaves","ReplayTheSpireMod:ShopPack","Torii","betterThird:SlimedRelic","StrikeDummy","Shuriken","hubris:Towel","Replay:Fungal Core","infinitespire:Joker Card","WarpedTongs","Whetstone","Replay:Wax Seal","Blue Doll","aspiration:RitualDagger","Meat on the Bone","PreservedInsect","aspiration:Lifesprig"],"acts_visited":["Exordium","TheCity","TheBeyond"],"potions_floor_usage":[31,45,48],"damage_taken":[{"damage":12.0,"enemies":"2 Louse","floor":1.0,"turns":4.0},{"damage":3.0,"enemies":"Jaw Worm","floor":2.0,"turns":3.0},{"damage":10.0,"enemies":"Small Slimes","floor":7.0,"turns":6.0},{"damage":2.0,"enemies":"Blue Slaver","floor":10.0,"turns":4.0},{"damage":8.0,"enemies":"Lots of Slimes","floor":13.0,"turns":5.0},{"damage":9.0,"enemies":"Red Slaver","floor":14.0,"turns":2.0},{"damage":15.0,"enemies":"The Guardian","floor":16.0,"turns":11.0},{"damage":21.0,"enemies":"Shell Parasite","floor":18.0,"turns":7.0},{"damage":0.0,"enemies":"Chosen","floor":19.0,"turns":3.0},{"damage":31,"enemies":"Centurion and Healer","floor":21,"turns":6},{"damage":21,"enemies":"Chosen and Byrds","floor":27,"turns":6},{"damage":28,"enemies":"3 Cultists","floor":31,"turns":5},{"damage":13,"enemies":"Champ","floor":33,"turns":9},{"damage":84,"enemies":"3 Shapes","floor":35,"turns":6},{"damage":23,"enemies":"Orb Walker","floor":37,"turns":5},{"damage":69,"enemies":"Maw","floor":41,"turns":8},{"damage":32,"enemies":"Jaw Worm Horde","floor":44,"turns":3},{"damage":70,"enemies":"Reptomancer","floor":45,"turns":8},{"damage":67,"enemies":"Spire Growth","floor":46,"turns":7},{"damage":43,"enemies":"Nightmare","floor":48,"turns":6}],"seed_played":"4282161970149379807","potions_obtained":[{"floor":2.0,"key":"PowerPotion"},{"floor":10.0,"key":"DistilledChaos"},{"floor":16.0,"key":"Fire Potion"},{"floor":19.0,"key":"LiquidMemories"},{"floor":21,"key":"Energy Potion"},{"floor":33,"key":"Doom Potion"},{"floor":37,"key":"FairyPotion"},{"floor":41,"key":"Weak Potion"},{"floor":45,"key":"Fire Potion"}],"is_trial":false,"path_per_floor":["M","M","?","?","?","R","M","R","T","M","R","?","M","M","R","B",null,"M","M","$","M","?","R","?","R","T","M","$","?","R","M","R","B",null,"M","?","M","$","?","R","M","?","T","M","E","M","R","NM"],"character_chosen":"IRONCLAD","items_purchased":["Chemical X","Matryoshka","WingedGreaves","ReplayTheSpireMod:ShopPack","Armaments","infinitespire:Joker Card","Secret Weapon","Meat on the Bone"],"campfire_rested":3,"item_purchase_floors":[0,0,0,0,0,20,28,38],"current_hp_per_floor":[54,57,46,39,21,21,17,39,39,43,43,43,41,38,38,29,64,49,55,55,30,30,30,30,52,52,37,37,37,37,15,37,30,64,72,62,53,53,53,53,33,33,33,35,49,26,26,0,0],"gold":152,"neow_bonus":"","is_daily":false,"chose_seed":false,"campfire_upgraded":6,"win_rate":0.0,"timestamp":1613783284,"path_taken":["M","M","?","?","?","R","M","R","T","M","R","?","?","?","R","BOSS","M","M","$","M","?","R","?","R","T","M","$","?","R","M","R","BOSS","M","?","M","$","?","R","?","?","T","M","E","M","R","NM"],"items_purchased_type":["Relic","Relic","Relic","Relic","Card","Relic","Card","Relic"],"build_version":"2020-12-22","purchased_purges":1,"victory":false,"max_hp_per_floor":[75,75,75,75,75,75,75,75,75,75,75,75,75,75,75,75,75,75,75,75,75,75,75,75,75,75,75,75,75,75,75,75,75,75,75,75,75,75,75,75,75,75,75,75,75,75,75,75,75],"card_choices":[{"not_picked":["Finesse","Violence"],"picked":"Master of Strategy","floor":0.0},{"not_picked":["Secret Weapon","Replay:Sssssssssstrike"],"picked":"Mayhem","floor":0.0},{"not_picked":["Secret Technique","Metamorphosis"],"picked":"HandOfGreed","floor":0.0},{"not_picked":["Life Link","Twin Strike"],"picked":"Pommel Strike","floor":1.0},{"not_picked":["Anger","Wild Strike"],"picked":"True Grit","floor":2.0},{"not_picked":["infinitespire:TheBestDefense","hubris:InfiniteBlow"],"picked":"infinitespire:Menacing","floor":5.0},{"not_picked":["Clothesline","Thunderclap","ReplayTheSpireMod:Corrosion Curse"],"picked":"SKIP","floor":7.0},{"not_picked":["Flex","Perfected Strike"],"picked":"Sword Boomerang","floor":10.0},{"not_picked":["True Grit","Wild Strike","Clothesline"],"picked":"SKIP","floor":13.0},{"not_picked":["Heavy Blade","Run Through"],"picked":"Uppercut","floor":14.0},{"not_picked":["Exhume","Feed"],"picked":"Demon Form","floor":16.0},{"not_picked":["Body Slam+1","Pommel Strike"],"picked":"hubris:ReadiedAction","floor":18.0},{"not_picked":["Thunderclap","Bloodletting","Pommel Strike"],"picked":"SKIP","floor":19.0},{"not_picked":["Run Through","True Grit"],"picked":"Disarm","floor":21},{"not_picked":["Pummel","Rage"],"picked":"Eclipse","floor":27},{"not_picked":["Seeing Red","ReplayTheSpireMod:Strike From Hell"],"picked":"Feel No Pain","floor":31},{"not_picked":["Offering","Immolate"],"picked":"Exhume","floor":33},{"not_picked":["Seeing Red","Blood for Blood"],"picked":"Feel No Pain","floor":35},{"not_picked":["Replay:Sssssssssshield","Madness"],"picked":"Purity","floor":36},{"not_picked":["Finesse","Metamorphosis"],"picked":"Transmutation","floor":36},{"not_picked":["Good Instincts","Replay:Sssssssssstrike"],"picked":"Master of Strategy","floor":36},{"not_picked":["Wild Strike","Disarm","Blood for Blood+1"],"picked":"SKIP","floor":37},{"not_picked":["Seeing Red","Sentinel"],"picked":"Disarm","floor":41},{"not_picked":["Iron Wave+1","Headbutt"],"picked":"Cleave","floor":44},{"not_picked":["Armaments","Headbutt","ReplayTheSpireMod:Muscle Training"],"picked":"SKIP","floor":45},{"not_picked":["Battle Trance","True Grit","Perfected Strike"],"picked":"SKIP","floor":46}],"player_experience":1359699,"relics_obtained":[{"floor":9.0,"key":"StrikeDummy"},{"floor":9.0,"key":"Shuriken"},{"floor":26,"key":"Whetstone"},{"floor":26,"key":"Replay:Wax Seal"},{"floor":43,"key":"PreservedInsect"},{"floor":45,"key":"aspiration:Lifesprig"}],"event_choices":[{"damage_healed":0.0,"max_hp_gain":0.0,"max_hp_loss":0.0,"gold_gain":0.0,"event_name":"betterThird:BetterGoop","player_choice":"Slimed","floor":3.0,"gold_loss":44.0,"damage_taken":11.0},{"cards_removed":["Regret"],"damage_healed":0.0,"max_hp_gain":0.0,"max_hp_loss":0.0,"gold_gain":0.0,"event_name":"Golden Wing","player_choice":"Card Removal","floor":4.0,"gold_loss":0.0,"damage_taken":7.0},{"damage_healed":0,"gold_gain":0,"player_choice":"Rummage","damage_taken":0,"relics_obtained":["WarpedTongs"],"max_hp_gain":0,"max_hp_loss":0,"event_name":"Accursed Blacksmith","floor":22,"gold_loss":0,"cards_obtained":["Pain"]},{"cards_removed":["infinitespire:Menacing"],"damage_healed":0,"gold_gain":0,"player_choice":"Give","damage_taken":0,"max_hp_gain":0,"max_hp_loss":0,"event_name":"betterNote:BetterNote","floor":24,"gold_loss":0,"cards_obtained":["Flex"]},{"damage_healed":0,"gold_gain":0,"player_choice":"Stole Relic","damage_taken":0,"relics_obtained":["Blue Doll"],"max_hp_gain":0,"max_hp_loss":0,"event_name":"Addict","floor":29,"gold_loss":0,"cards_obtained":["Shame"]},{"damage_healed":0,"gold_gain":0,"player_choice":"Memory 3","damage_taken":10,"max_hp_gain":0,"max_hp_loss":0,"event_name":"SensoryStone","floor":36,"gold_loss":0},{"cards_removed":["Shame"],"damage_healed":0,"gold_gain":0,"player_choice":"Removed Curses","damage_taken":0,"max_hp_gain":0,"max_hp_loss":0,"event_name":"Fountain of Cleansing","floor":39,"gold_loss":0},{"cards_removed":["Strike_R"],"damage_healed":0,"gold_gain":0,"player_choice":"Removed Attack","damage_taken":0,"max_hp_gain":0,"max_hp_loss":0,"event_name":"Falling","floor":42,"gold_loss":0}],"is_beta":false,"boss_relics":[{"not_picked":["Cursed Key","ReplayTheSpireMod:SealedPack"],"picked":"Replay:Fungal Core"},{"not_picked":["Sozu","Astrolabe"],"picked":"aspiration:RitualDagger"}],"items_purged_floors":[28],"is_endless":false,"potions_floor_spawned":[2,10,16,19,21,27,33,37,41,45],"killed_by":"Nightmare","ascension_level":20}}