{"host":"w7dhjqgqsib0c3vt","time":1613827887,"event":{"mods":["ATMod(°¢èªMod)","BaseMod","Dota2Spire","Downfall","Minty Spire (QoL Compilation)","Shop Mod","Spicy Shops","StSLib"],"gold_per_floor":[99,115,163,163,338,368,394,5,19,31,49,49,89,121,132,262,262,62,82,182,182,312,345,368,268,285,121,165,165,165,190,203,299,299,299,339,117,117,117,117,144,144,144,1,11,56,56,90,134,164,164,190,46,46,46,76],"floor_reached":57,"language":"ZHS","playtime":2730,"items_purged":["Regret","Normality"],"score":1558,"play_id":"ba36205d-033e-4b85-826d-95d42e949c2c","local_time":"20210220213127","is_ascension_mode":false,"campfire_choices":[{"floor":1.0,"key":"RECALL"},{"data":"bronze:RecursiveStrike","floor":18.0,"key":"SMITH"},{"data":"bronze:Separator","floor":25.0,"key":"SMITH"},{"data":"expansioncontent:DashGenerateEvil","floor":29.0,"key":"SMITH"},{"data":"bronze:Iterate","floor":35.0,"key":"SMITH"},{"floor":43.0,"key":"REST"},{"floor":47.0,"key":"REST"},{"floor":54.0,"key":"REST"}],"circlet_count":0,"master_deck":["bronze:Strike+1","bronze:Defend+1","bronze:Defend+1","bronze:Defend+1","bronze:Replicate+1","bronze:Goto+1","AT_Homeward+1","bronze:Iterate+1","bronze:Flail+1","Doubt","bronze:Boost+1","bronze:Separator+1","expansioncontent:DashGenerateEvil+1","bronze:FollowUp+1","bronze:Backtrace+1","bronze:WhirlingStrike+1","bronze:Overheat+1","bronze:DelayedSlice+1","bronze:DelayedGuard+1","bronze:RecursiveStrike+1","bronze:TinkerersToolbox+1","bronze:FineTuning+1","bronze:ChildClass+1","bronze:NullPointer+1","bronze:GetLatest+1","bronze:Shell+1","bronze:Deprecate+1","J.A.X.+1","bronze:Frontload+1","bronze:ClassDefault+1","bronze:Terminator+1","bronze:Boost+1","bronze:GetLatest+1","bronze:Repair+1","bronze:BitShift+1","expansioncontent:AwakenDeath+1","downfall:Aged","bronze:BitShift+1","bronze:ItsAFeature+1","bronze:FineTuning+1"],"relics":["bronze:BronzeCore","AT_ATBox","Happy Flower","Akabeko","Bag of Marbles","Dota2Spire:HandOfMidas","Juzu Bracelet","AT_TrinityForce","Calipers","Darkstone Periapt","MutagenicStrength","Dota2Spire:OrchidMalevolence","Dota2Spire:DrumOfEndurance","Medical Kit","Red Mask","Cursed Key","Vajra","HandDrill","HornCleat","bronze:ProtectiveGoggles","AT_BladeRuinedKing","AT_ChloranthyRing","AT_BellDemon","bronze:SilverBullet"],"acts_visited":["Exordium","TheCity","TheBeyond","TheEnding"],"potions_floor_usage":[55,55,55],"damage_taken":[{"damage":9.0,"enemies":"Cultist","floor":2.0,"turns":4.0},{"damage":10.0,"enemies":"Lagavulin","floor":6.0,"turns":5.0},{"damage":0.0,"enemies":"downfall:FleeingMerchant","floor":8.0,"turns":4.0},{"damage":0.0,"enemies":"Small Slimes","floor":9.0,"turns":1.0},{"damage":6.0,"enemies":"Jaw Worm","floor":10.0,"turns":2.0},{"damage":0.0,"enemies":"Blue Slaver","floor":11.0,"turns":1.0},{"damage":0.0,"enemies":"2 Fungi Beasts","floor":13.0,"turns":1.0},{"damage":0.0,"enemies":"3 Sentries","floor":14.0,"turns":2.0},{"damage":0.0,"enemies":"downfall:LooterAlt","floor":15.0,"turns":1.0},{"damage":32.0,"enemies":"DF_ARCHETYPE_STREAMLINE","floor":16.0,"turns":6.0},{"damage":0.0,"enemies":"3 Byrds","floor":19.0,"turns":2.0},{"damage":0.0,"enemies":"SI_SHIV_ARCHETYPE","floor":20.0,"turns":1.0},{"damage":0.0,"enemies":"Chosen","floor":21.0,"turns":1.0},{"damage":0.0,"enemies":"downfall:Augmenter","floor":22.0,"turns":1.0},{"damage":0.0,"enemies":"Book of Stabbing","floor":23.0,"turns":1.0},{"damage":0.0,"enemies":"Snake Plant","floor":26.0,"turns":1.0},{"damage":11.0,"enemies":"downfall:FleeingMerchant","floor":27.0,"turns":4.0},{"damage":3.0,"enemies":"Centurion and Healer","floor":28.0,"turns":1.0},{"damage":0.0,"enemies":"Masked Bandits","floor":31.0,"turns":1.0},{"damage":0.0,"enemies":"Sentry and Sphere","floor":32.0,"turns":1.0},{"damage":3.0,"enemies":"WA_ARCHETYPE_CALM","floor":33.0,"turns":2.0},{"damage":0.0,"enemies":"Orb Walker","floor":36.0,"turns":1.0},{"damage":0.0,"enemies":"downfall:FleeingMerchant","floor":37.0,"turns":1.0},{"damage":0.0,"enemies":"3 Darklings","floor":45.0,"turns":1.0},{"damage":0.0,"enemies":"Maw","floor":46.0,"turns":3.0},{"damage":0.0,"enemies":"Giant Head","floor":48.0,"turns":4.0},{"damage":6.0,"enemies":"Sphere and 2 Shapes","floor":49.0,"turns":4.0},{"damage":16.0,"enemies":"SI_POISON_ARCHETYPE","floor":50.0,"turns":3.0},{"damage":0.0,"enemies":"downfall:CharBossMerchant","floor":52.0,"turns":1.0},{"damage":41,"enemies":"downfall:NeowBoss","floor":55,"turns":11},{"damage":33,"enemies":"downfall:NeowBossFinal","floor":56,"turns":4}],"seed_played":"4067078403013377685","potions_obtained":[{"floor":2.0,"key":"PowerPotion"},{"floor":11.0,"key":"Fruit Juice"},{"floor":13.0,"key":"Explosive Potion"},{"floor":14.0,"key":"LiquidBronze"},{"floor":19.0,"key":"Fire Potion"},{"floor":23.0,"key":"Swift Potion"},{"floor":26.0,"key":"Guardian:BlockOnCardUsePotion"},{"floor":32.0,"key":"FearPotion"},{"floor":36.0,"key":"bronze:BuildAFunctionPotion"},{"floor":38.0,"key":"downfall:CursedFountainPotion"},{"floor":48.0,"key":"bronze:BuildAFunctionPotion"}],"is_trial":false,"path_per_floor":["R","M","T","?","?","E","T","$","M","M","M","?","M","E","M","B",null,"R","M","?","M","?","E","T","R","M","$","M","R","?","?","M","B",null,"R","M","?","?","?","?","T","?","R","$","M","M","R","E","M","B",null,"E","$","R","B","B",null],"character_chosen":"THE_AUTOMATON","items_purchased":["Bag of Marbles","expansioncontent:DashGenerateEvil","bronze:FollowUp","Medical Kit","Vajra","HandDrill","HornCleat","AT_BladeRuinedKing","bronze:SilverBullet"],"campfire_rested":3,"item_purchase_floors":[8,8,8,27,37,37,37,44,53],"current_hp_per_floor":[70,61,61,61,61,51,51,51,51,45,50,50,50,50,50,18,75,85,85,90,90,90,90,90,90,90,79,76,76,76,76,76,80,90,90,90,96,96,96,86,92,92,92,92,92,92,92,92,92,79,92,92,92,92,51,29],"gold":76,"neow_bonus":"THREE_CARDS","is_daily":false,"chose_seed":false,"campfire_upgraded":4,"win_rate":0.0,"timestamp":1613827887,"path_taken":["R","M","?","?","?","E","T","$","?","M","M","?","M","E","M","BOSS","R","M","?","M","?","E","T","R","M","$","M","R","?","?","M","BOSS","R","M","?","?","?","?","T","?","R","$","M","M","R","E","M","BOSS","E","$","R","BOSS","BOSS"],"items_purchased_type":["Relic","Card","Card","Relic","Relic","Relic","Relic","Relic","Relic"],"build_version":"2020-12-22","purchased_purges":2,"victory":true,"max_hp_per_floor":[70,70,70,70,70,70,70,70,70,70,75,75,75,75,75,75,75,85,85,90,90,90,90,90,90,90,90,90,90,90,90,90,90,90,90,90,96,96,96,86,92,92,92,92,92,92,92,92,92,92,92,92,92,92,92,92],"card_choices":[{"not_picked":["bronze:OilSpill","bronze:BugBarrage"],"picked":"bronze:Iterate","floor":0.0},{"not_picked":["bronze:Terminator","bronze:InfiniteBeams"],"picked":"bronze:Flail","floor":2.0},{"not_picked":["bronze:Safeguard","bronze:Iterate"],"picked":"bronze:Boost","floor":6.0},{"not_picked":["bronze:Shield","bronze:Constructor"],"picked":"bronze:Separator","floor":8.0},{"not_picked":["bronze:GetLatest","bronze:BugBarrage"],"picked":"bronze:Backtrace","floor":9.0},{"not_picked":["bronze:Fortify","bronze:GetLatest"],"picked":"bronze:WhirlingStrike","floor":10.0},{"not_picked":["bronze:BugBarrage","bronze:Separator"],"picked":"bronze:Overheat","floor":11.0},{"not_picked":["bronze:CutThrough","bronze:BugBarrage"],"picked":"bronze:DelayedSlice","floor":13.0},{"not_picked":["bronze:BronzeArmor","bronze:WildBeam"],"picked":"bronze:DelayedGuard","floor":14.0},{"not_picked":["bronze:InfiniteBeams","bronze:Repulsor"],"picked":"bronze:RecursiveStrike","floor":15.0},{"not_picked":["bronze:ShipIt","bronze:Hardcode"],"picked":"bronze:TinkerersToolbox","floor":16.0},{"not_picked":["bronze:OilSpill","bronze:WhirlingStrike"],"picked":"bronze:FineTuning","floor":19.0},{"not_picked":["bronze:Separator","bronze:BuggyMess+1"],"picked":"bronze:ChildClass","floor":20.0},{"not_picked":["bronze:RecursiveStrike","bronze:DelayedSlice"],"picked":"bronze:NullPointer+1","floor":21.0},{"not_picked":["bronze:BuggyMess","bronze:Flail"],"picked":"bronze:Deprecate","floor":22.0},{"not_picked":[],"picked":"J.A.X.","floor":22.0},{"not_picked":["bronze:Invalidate","bronze:BurnOut"],"picked":"bronze:Frontload+1","floor":23.0},{"not_picked":["bronze:Separator+1","bronze:WildBeam+1"],"picked":"bronze:ClassDefault","floor":26.0},{"not_picked":["bronze:DelayedSlice","bronze:Turbo"],"picked":"bronze:Terminator+1","floor":27.0},{"not_picked":["bronze:Overheat+1","bronze:ChildClass"],"picked":"bronze:Boost+1","floor":28.0},{"not_picked":["bronze:Virus","bronze:Constructor"],"picked":"bronze:Repair","floor":31.0},{"not_picked":["bronze:BugBarrage","bronze:Shell"],"picked":"bronze:BitShift+1","floor":32.0},{"not_picked":["bronze:Shield","bronze:BugBarrage","bronze:Repair+1"],"picked":"SKIP","floor":36.0},{"not_picked":["bronze:WildBeam+1","bronze:ForLoop","bronze:DelayedSlice"],"picked":"SKIP","floor":37.0},{"not_picked":["expansioncontent:LastStand","expansioncontent:Chronoboost"],"picked":"expansioncontent:AwakenDeath","floor":39.0},{"not_picked":["bronze:WhirlingStrike","bronze:Return"],"picked":"bronze:BitShift+1","floor":45.0},{"not_picked":["bronze:OilSpill+1","bronze:Boost"],"picked":"bronze:ItsAFeature+1","floor":46.0},{"not_picked":["bronze:CloningBeam+1","bronze:Refactor+1"],"picked":"bronze:FineTuning+1","floor":48.0},{"not_picked":["bronze:BuggyMess+1","bronze:DelayedSlice+1","bronze:Deprecate"],"picked":"SKIP","floor":49.0},{"not_picked":["bronze:Frontload","bronze:HyperBeam","bronze:CutThrough+1"],"picked":"SKIP","floor":52.0}],"player_experience":675703,"relics_obtained":[{"floor":6.0,"key":"Happy Flower"},{"floor":7.0,"key":"Akabeko"},{"floor":14.0,"key":"Juzu Bracelet"},{"floor":20.0,"key":"Calipers"},{"floor":20.0,"key":"Darkstone Periapt"},{"floor":22.0,"key":"MutagenicStrength"},{"floor":23.0,"key":"Dota2Spire:OrchidMalevolence"},{"floor":24.0,"key":"Dota2Spire:DrumOfEndurance"},{"floor":31.0,"key":"Red Mask"},{"floor":41.0,"key":"bronze:ProtectiveGoggles"},{"floor":48.0,"key":"AT_ChloranthyRing"},{"floor":52.0,"key":"AT_BellDemon"}],"event_choices":[{"damage_healed":0.0,"max_hp_gain":0.0,"max_hp_loss":0.0,"gold_gain":0.0,"event_name":"Big Fish","player_choice":"Box","floor":12.0,"gold_loss":0.0,"damage_taken":0.0,"relics_obtained":["Dota2Spire:HandOfMidas"],"cards_obtained":["Regret"]},{"damage_healed":0.0,"max_hp_gain":5.0,"max_hp_loss":0.0,"gold_gain":0.0,"event_name":"Big Fish","player_choice":"Donut","floor":20.0,"gold_loss":0.0,"damage_taken":0.0},{"damage_healed":0.0,"max_hp_gain":0.0,"max_hp_loss":0.0,"gold_gain":0.0,"event_name":"Masked Bandits","player_choice":"Fought Bandits","floor":31.0,"gold_loss":0.0,"damage_taken":0.0},{"cards_removed":["bronze:Strike"],"damage_healed":0.0,"max_hp_gain":0.0,"max_hp_loss":0.0,"gold_gain":0.0,"event_name":"Falling","player_choice":"Removed Attack","floor":42.0,"gold_loss":0.0,"damage_taken":0.0}],"is_beta":false,"boss_relics":[{"not_picked":["Snecko Eye","Dota2Spire:RefresherOrb"],"picked":"AT_TrinityForce"},{"not_picked":["Pandora\u0027s Box","Runic Dome"],"picked":"Cursed Key"}],"items_purged_floors":[27,37],"is_endless":false,"potions_floor_spawned":[2,11,13,14,19,23,26,32,36,48],"ascension_level":0}}