{"host":"35igpbicnxdwoo63","time":1613822336,"event":{"mods":["AchievementEnabler","BaseMod","CapriCore","Lobotomy","Minty Spire (QoL Compilation)","StSLib","SuperFastMode"],"gold_per_floor":[118,134,151,101,117,117,144,144,192,192,211,222,39,139,139,236,236,256,245,245,245],"floor_reached":20,"language":"KOR","playtime":1462,"items_purged":["Strike_G"],"score":176,"play_id":"ba482881-b020-4840-ad54-582e3e0a2d53","local_time":"20210220205856","is_ascension_mode":false,"campfire_choices":[{"data":"Accuracy","floor":6,"key":"SMITH"},{"data":"Dagger Throw","floor":8,"key":"SMITH"},{"data":"Survivor","floor":10,"key":"SMITH"},{"data":"Calculated Gamble","floor":15,"key":"SMITH"}],"circlet_count":0,"master_deck":["Strike_G","Strike_G","Strike_G","Strike_G","Defend_G","Defend_G","Defend_G","Defend_G","Survivor+1","Neutralize","UniverseFragment","Accuracy+1","NakedNest","Storm of Steel","OldLady","Dagger Throw+1","Rudolta","Backflip","CherryBlossoms","Acrobatics","Funeral","Footwork","Accuracy","Calculated Gamble+1","PunishingBird","Tools of the Trade","Wellcheers","Cloak And Dagger+1","BlackSwan","Underhanded Strike"],"relics":["Ring of the Serpent","CogitoBucket","Bottled Tornado","MealTicket","ChangeAnything"],"acts_visited":["Exordium","TheCity"],"potions_floor_usage":[11,11,11],"damage_taken":[{"damage":0,"enemies":"Small Slimes","floor":1,"turns":3},{"damage":3,"enemies":"Jaw Worm","floor":2,"turns":5},{"damage":7,"enemies":"Cultist","floor":3,"turns":5},{"damage":5,"enemies":"Gremlin Gang","floor":5,"turns":7},{"damage":3,"enemies":"Lagavulin","floor":7,"turns":5},{"damage":15,"enemies":"2 Fungi Beasts","floor":11,"turns":9},{"damage":0,"enemies":"Looter","floor":12,"turns":4},{"damage":47,"enemies":"Hexaghost","floor":16,"turns":11},{"damage":9,"enemies":"Shell Parasite","floor":18,"turns":5},{"damage":17,"enemies":"2 Thieves","floor":19,"turns":4},{"damage":51,"enemies":"Cultist and Chosen","floor":20,"turns":3}],"seed_played":"6581267637581872222","potions_obtained":[{"floor":1,"key":"DuplicationPotion"},{"floor":3,"key":"AttackPotion"},{"floor":7,"key":"EssenceOfSteel"}],"is_trial":false,"path_per_floor":["M","M","M","?","M","R","E","R","T","R","M","M","$","?","R","B",null,"M","M","M"],"character_chosen":"THE_SILENT","items_purchased":["Accuracy","Calculated Gamble"],"campfire_rested":0,"item_purchase_floors":[13,13],"current_hp_per_floor":[70,67,60,60,55,55,52,52,52,52,37,37,52,52,52,9,70,63,50,0,0],"gold":245,"neow_bonus":"","is_daily":false,"chose_seed":false,"campfire_upgraded":4,"win_rate":0.0,"timestamp":1613822336,"path_taken":["M","M","M","?","M","R","E","R","T","R","M","M","$","?","R","BOSS","M","?","?"],"items_purchased_type":["Card","Card"],"build_version":"2020-12-22","purchased_purges":1,"victory":false,"max_hp_per_floor":[70,70,70,70,70,70,70,70,70,70,70,70,70,70,70,70,70,70,70,70,70],"card_choices":[{"not_picked":["VoidDream","OSAHOGD"],"picked":"UniverseFragment","floor":1},{"not_picked":["Backflip","Flying Knee"],"picked":"Accuracy","floor":1},{"not_picked":["Freischutz","ShyLook"],"picked":"CrumblingArmor","floor":2},{"not_picked":["Predator","Underhanded Strike","Flying Knee"],"picked":"SKIP","floor":2},{"not_picked":["OldLady","Bloodbath"],"picked":"NakedNest","floor":3},{"not_picked":["Deflect","Dodge and Roll"],"picked":"Storm of Steel","floor":3},{"not_picked":["CherryBlossoms","MeatLantern"],"picked":"OldLady","floor":5},{"not_picked":["Underhanded Strike","All Out Attack"],"picked":"Dagger Throw","floor":5},{"not_picked":["Murderer","MHz"],"picked":"Rudolta","floor":7},{"not_picked":["Sucker Punch","Doppelganger"],"picked":"Backflip","floor":7},{"not_picked":["MeatLantern","Scorched"],"picked":"CherryBlossoms","floor":11},{"not_picked":["Bane","PiercingWail"],"picked":"Acrobatics","floor":11},{"not_picked":["MeatLantern","SpiderBud"],"picked":"Funeral","floor":12},{"not_picked":["Dagger Spray","Crippling Poison"],"picked":"Footwork","floor":12},{"not_picked":["DreamingCurrent","BigBird"],"picked":"PunishingBird","floor":16},{"not_picked":["Corpse Explosion","Storm of Steel"],"picked":"Tools of the Trade","floor":16},{"not_picked":["Murderer","BeautyBeast"],"picked":"Wellcheers","floor":18},{"not_picked":["Bouncing Flask","Dagger Throw"],"picked":"Cloak And Dagger+1","floor":18},{"not_picked":["SingingMachine","BeautyBeast"],"picked":"BlackSwan","floor":19},{"not_picked":["Eviscerate","Quick Slash"],"picked":"Underhanded Strike","floor":19}],"player_experience":134201,"relics_obtained":[{"floor":7,"key":"Bottled Tornado"},{"floor":9,"key":"MealTicket"}],"event_choices":[{"cards_removed":["Defend_G"],"damage_healed":0,"gold_gain":0,"player_choice":"Card Removal","damage_taken":0,"max_hp_gain":0,"max_hp_loss":0,"event_name":"The Cleric","floor":4,"gold_loss":50},{"damage_healed":0,"gold_gain":100,"player_choice":"Pray","damage_taken":0,"max_hp_gain":0,"max_hp_loss":0,"event_name":"Golden Shrine","floor":14,"gold_loss":0}],"is_beta":false,"boss_relics":[{"not_picked":["SlaversCollar","Fusion Hammer"],"picked":"Ring of the Serpent"}],"items_purged_floors":[13],"is_endless":false,"potions_floor_spawned":[1,3,7],"killed_by":"Cultist and Chosen","ascension_level":0}}