{"host":"ox77rn1xcurm2t5a","time":1613843975,"event":{"mods":["2.2 Compatiblity","AchievementEnabler","Act Like it!","Aspiration","BaseMod","Best Route Mod","Better Match","Better Note","Better Sensory Stone","Block Reminder","Colored Map","Colored Powertips","Conjunction","Conspire","Custom Start","Energized Spire","GifTheSpireLib","Gold Saver","Gremlin Skip","Halation","Highlight Path","Hubris","Infinite Spire","Minty Spire (QoL Compilation)","Pale of the Ancients","Quick Restart","Reliquary","Replay The Spire","Reworked Bosses","ShortenTheSpire","Spire Exporter","StSLib","Stuff the Spire","Wandering Minibosses"],"gold_per_floor":[115,115,70,84,84,84,102,133,133,133,433,452,479,504,504,504,504],"floor_reached":16,"language":"ENG","playtime":357,"items_purged":[],"score":157,"play_id":"aee96b5c-9460-4116-813c-937501aa0f24","local_time":"20210220195935","is_ascension_mode":true,"campfire_choices":[{"floor":6.0,"key":"RECALL"},{"data":"Heavy Blade","floor":10.0,"key":"SMITH"},{"data":"Bash","floor":15.0,"key":"SMITH"}],"circlet_count":0,"master_deck":["Strike_R","Strike_R","Strike_R","Strike_R+1","Strike_R+1","Defend_R","Defend_R","Defend_R","Defend_R","Bash+1","Perfected Strike","Cleave","Twin Strike","Spot Weakness+1","Anger","Heavy Blade+1","Seeing Red","Sword Boomerang"],"relics":["Burning Blood","Whetstone","hubris:OldNail","Oddly Smooth Stone","Old Coin","Art of War","Nunchaku"],"acts_visited":["Exordium"],"potions_floor_usage":[],"damage_taken":[{"damage":7.0,"enemies":"Jaw Worm","floor":1.0,"turns":3.0},{"damage":1.0,"enemies":"Cultist","floor":4.0,"turns":3.0},{"damage":3.0,"enemies":"conspire:RoseBush","floor":7.0,"turns":3.0},{"damage":10.0,"enemies":"Gremlin Nob","floor":8.0,"turns":3.0},{"damage":9.0,"enemies":"Gremlin Gang","floor":12.0,"turns":5.0},{"damage":14.0,"enemies":"3 Sentries","floor":13.0,"turns":6.0},{"damage":38,"enemies":"The Guardian","floor":16,"turns":8}],"seed_played":"-6109014556352488531","potions_obtained":[{"floor":4.0,"key":"PowerPotion"},{"floor":7.0,"key":"ElixirPotion"},{"floor":12.0,"key":"Conjunction:LightningMarble"}],"is_trial":false,"path_per_floor":["M","?","$","M","?","R","M","E","T","R","$","M","E","T","R","B"],"character_chosen":"IRONCLAD","items_purchased":["Cleave","Oddly Smooth Stone","Old Coin"],"campfire_rested":0,"item_purchase_floors":[3,11,11],"current_hp_per_floor":[71,79,79,80,80,80,80,76,76,76,47,44,36,36,36,0,0],"gold":504,"neow_bonus":"RANDOM_COMMON_RELIC","is_daily":false,"chose_seed":false,"campfire_upgraded":2,"win_rate":0.0,"timestamp":1613843975,"path_taken":["M","?","$","?","?","R","M","E","T","R","?","M","E","?","R","BOSS"],"items_purchased_type":["Card","Relic","Relic"],"build_version":"2020-12-22","purchased_purges":0,"victory":false,"max_hp_per_floor":[80,80,80,80,80,80,80,80,80,80,80,80,80,80,80,80,80],"card_choices":[{"not_picked":["Shrug It Off","StuffTheSpire:Slingshot"],"picked":"Perfected Strike","floor":1.0},{"not_picked":["Burning Pact","ReplayTheSpireMod:Limb From Limb"],"picked":"Twin Strike","floor":4.0},{"not_picked":["Infernal Blade+1","StuffTheSpire:Resist+1"],"picked":"Spot Weakness+1","floor":5.0},{"not_picked":["Havoc","Whirlwind"],"picked":"Anger","floor":7.0},{"not_picked":["Twin Strike","StuffTheSpire:Slingshot"],"picked":"Heavy Blade","floor":8.0},{"not_picked":["conspire:Charge","Fire Breathing"],"picked":"Seeing Red","floor":12.0},{"not_picked":["Rampage","ReplayTheSpireMod:Strike From Hell"],"picked":"Sword Boomerang","floor":13.0}],"player_experience":3209474,"relics_obtained":[{"floor":8.0,"key":"hubris:OldNail"},{"floor":13.0,"key":"Art of War"},{"floor":14.0,"key":"Nunchaku"}],"event_choices":[{"damage_healed":0.0,"max_hp_gain":0.0,"max_hp_loss":0.0,"gold_gain":0.0,"event_name":"betterMatch:BetterMatch","player_choice":"2","floor":5.0,"gold_loss":0.0,"damage_taken":0.0,"cards_obtained":["betterMatch:UncommonCard"]}],"is_beta":false,"boss_relics":[],"items_purged_floors":[],"is_endless":false,"potions_floor_spawned":[4,7,12],"killed_by":"The Guardian","ascension_level":9}}