{"host":"4eao2pkwlmv012cz","time":1613795321,"event":{"mods":["BaseMod","Bestiary","Bossed Relics","Colored Powertips","Minty Spire (QoL Compilation)","Permanent Neow","Quick Restart","Random Character Button","StSLib"],"gold_per_floor":[365,384,8,23,23,23,53,53,77,77,95,95,138,152,152,152,152],"floor_reached":16,"language":"ENG","playtime":328,"items_purged":[],"score":220,"play_id":"95f051d4-d776-490f-84a0-0fdada8e959c","local_time":"20210219232841","is_ascension_mode":true,"campfire_choices":[{"data":"Loop","floor":6.0,"key":"SMITH"},{"floor":8.0,"key":"REST"},{"floor":15,"key":"REST"}],"circlet_count":0,"master_deck":["AscendersBane","Strike_B","Strike_B","Strike_B","Strike_B","Defend_B+1","Defend_B","Defend_B","Defend_B","Zap","Dualcast","Compile Driver","Ball Lightning","Loop+1","Leap","Loop+1","Chaos","Fusion","Injury","Capacitor","Static Discharge"],"relics":["Cracked Core","Mummified Hand","Akabeko","Nunchaku","Golden Idol","Peace Pipe"],"acts_visited":["Exordium"],"potions_floor_usage":[14],"damage_taken":[{"damage":2.0,"enemies":"2 Louse","floor":1.0,"turns":3.0},{"damage":7.0,"enemies":"Small Slimes","floor":2.0,"turns":3.0},{"damage":1.0,"enemies":"Cultist","floor":4.0,"turns":3.0},{"damage":11.0,"enemies":"Gremlin Nob","floor":7.0,"turns":3.0},{"damage":3.0,"enemies":"Exordium Wildlife","floor":11.0,"turns":3.0},{"damage":35,"enemies":"Lagavulin","floor":13,"turns":4},{"damage":0,"enemies":"Looter","floor":14,"turns":4},{"damage":28,"enemies":"The Guardian","floor":16,"turns":2}],"seed_played":"1509694251855254389","potions_obtained":[{"floor":2.0,"key":"Regen Potion"},{"floor":7.0,"key":"AttackPotion"},{"floor":13,"key":"Weak Potion"}],"is_trial":false,"path_per_floor":["M","M","$","M","?","R","E","R","T","?","M","?","E","M","R","B"],"character_chosen":"DEFECT","items_purchased":["Mummified Hand","Loop","Leap"],"campfire_rested":2,"item_purchase_floors":[3,3,3],"current_hp_per_floor":[44,37,37,36,15,15,13,34,34,39,36,36,1,1,23,0,0],"gold":152,"neow_bonus":"TWO_FIFTY_GOLD","is_daily":false,"chose_seed":false,"campfire_upgraded":1,"win_rate":0.0,"timestamp":1613795321,"path_taken":["M","M","$","M","?","R","E","R","T","?","M","?","E","M","R","BOSS"],"items_purchased_type":["Relic","Card","Card"],"build_version":"2020-12-22","purchased_purges":0,"victory":false,"max_hp_per_floor":[71,71,71,71,71,71,71,71,71,76,76,76,76,76,76,76,76],"card_choices":[{"not_picked":["Beam Cell","Chill"],"picked":"Compile Driver","floor":1.0},{"not_picked":["Conserve Battery","Compile Driver"],"picked":"Ball Lightning","floor":2.0},{"not_picked":["Barrage","Heatsinks"],"picked":"Loop","floor":4.0},{"not_picked":["Scrape","Go for the Eyes"],"picked":"Chaos","floor":7.0},{"not_picked":["Steam","Skim"],"picked":"Fusion","floor":11.0},{"not_picked":["Double Energy","Ball Lightning"],"picked":"Capacitor","floor":13},{"not_picked":["Sweeping Beam","Hologram"],"picked":"Static Discharge","floor":14}],"player_experience":2941448,"relics_obtained":[{"floor":7.0,"key":"Akabeko"},{"floor":9.0,"key":"Nunchaku"},{"floor":13,"key":"Peace Pipe"}],"event_choices":[{"damage_healed":0.0,"max_hp_gain":0.0,"max_hp_loss":0.0,"gold_gain":0.0,"event_name":"Shining Light","player_choice":"Entered Light","floor":5.0,"gold_loss":0.0,"damage_taken":21.0,"cards_upgraded":["Defend_B","Loop"]},{"damage_healed":0.0,"max_hp_gain":5.0,"max_hp_loss":0.0,"gold_gain":0.0,"event_name":"Big Fish","player_choice":"Donut","floor":10.0,"gold_loss":0.0,"damage_taken":0.0},{"damage_healed":0.0,"max_hp_gain":0.0,"max_hp_loss":0.0,"gold_gain":0.0,"event_name":"Golden Idol","player_choice":"Take Wound","floor":12.0,"gold_loss":0.0,"damage_taken":0.0,"relics_obtained":["Golden Idol"],"cards_obtained":["Injury"]}],"is_beta":false,"boss_relics":[],"items_purged_floors":[],"is_endless":false,"potions_floor_spawned":[2,7,13],"killed_by":"The Guardian","ascension_level":20}}