{"host":"wri98rxht4656ll8","time":1613838153,"event":{"mods":["AchievementEnabler","BaseMod","Colored Map","Colored Powertips","Minty Spire (QoL Compilation)","Permanent Neow","StSLib"],"gold_per_floor":[114,133,133,133,10,10,31,31,55,68,68,68,68,93,93,219,219,219,219,219,90,90,90,90,90,90,90,90,90,0,0,0,0,0,0,0,0,0,0,0,0,0,0,0,0,0,0,0,0,0],"floor_reached":51,"language":"ENG","playtime":3008,"items_purged":["Injury"],"score":807,"play_id":"2c745ed7-2a19-4fb9-a71c-221d6525b323","local_time":"20210220172233","is_ascension_mode":true,"campfire_choices":[{"data":"Blade Dance","floor":6.0,"key":"SMITH"},{"data":"Burst","floor":8.0,"key":"SMITH"},{"data":"Blade Dance","floor":11.0,"key":"SMITH"},{"data":"Blade Dance","floor":13.0,"key":"SMITH"},{"floor":15.0,"key":"REST"},{"floor":23.0,"key":"REST"},{"floor":25.0,"key":"REST"},{"floor":28.0,"key":"REST"},{"floor":32.0,"key":"REST"},{"data":"Accuracy","floor":40,"key":"SMITH"},{"data":"After Image","floor":42,"key":"SMITH"},{"floor":46,"key":"REST"},{"floor":49,"key":"REST"}],"circlet_count":0,"master_deck":["Strike_G+1","Strike_G+1","Strike_G+1","Defend_G+1","Defend_G+1","Defend_G+1","Defend_G+1","Defend_G+1","Survivor","Neutralize","Blade Dance+1","Quick Slash","Burst+1","Blade Dance+1","Prepared+1","Blade Dance+1","Terror+1","Envenom","Infinite Blades+1","Blade Dance+1","After Image+1","Cloak And Dagger+1","Bullet Time","Burst","Accuracy+1","Cloak And Dagger+1"],"relics":["Ring of the Snake","Prayer Wheel","Nunchaku","Ectoplasm","War Paint","Bottled Tornado","Empty Cage","Bird Faced Urn","Pen Nib"],"acts_visited":["Exordium","TheCity","TheBeyond"],"potions_floor_usage":[50],"damage_taken":[{"damage":0.0,"enemies":"Cultist","floor":1.0,"turns":3.0},{"damage":0.0,"enemies":"2 Louse","floor":2.0,"turns":2.0},{"damage":5.0,"enemies":"Small Slimes","floor":7.0,"turns":2.0},{"damage":10.0,"enemies":"Exordium Wildlife","floor":10.0,"turns":5.0},{"damage":4.0,"enemies":"Red Slaver","floor":14.0,"turns":2.0},{"damage":7.0,"enemies":"Slime Boss","floor":16.0,"turns":8.0},{"damage":0.0,"enemies":"Chosen","floor":18.0,"turns":3.0},{"damage":22.0,"enemies":"Spheric Guardian","floor":19.0,"turns":4.0},{"damage":42.0,"enemies":"Snake Plant","floor":20.0,"turns":4.0},{"damage":1.0,"enemies":"Gremlin Leader","floor":24.0,"turns":5.0},{"damage":12.0,"enemies":"Cultist and Chosen","floor":27.0,"turns":4.0},{"damage":27.0,"enemies":"Centurion and Healer","floor":29.0,"turns":4.0},{"damage":18.0,"enemies":"Snake Plant","floor":31.0,"turns":4.0},{"damage":19.0,"enemies":"Automaton","floor":33.0,"turns":9.0},{"damage":4,"enemies":"3 Darklings","floor":35,"turns":5},{"damage":11,"enemies":"Mind Bloom Boss Battle","floor":38,"turns":5},{"damage":8,"enemies":"3 Shapes","floor":41,"turns":5},{"damage":11,"enemies":"Sphere and 2 Shapes","floor":44,"turns":6},{"damage":31,"enemies":"Nemesis","floor":47,"turns":5},{"damage":61,"enemies":"Awakened One","floor":50,"turns":11}],"seed_played":"8991797992158972615","potions_obtained":[{"floor":1.0,"key":"SneckoOil"},{"floor":2.0,"key":"Weak Potion"},{"floor":16.0,"key":"Swift Potion"},{"floor":20.0,"key":"Explosive Potion"},{"floor":24.0,"key":"Weak Potion"},{"floor":29.0,"key":"Weak Potion"},{"floor":47,"key":"Regen Potion"}],"is_trial":false,"path_per_floor":["M","M","?","?","$","R","M","R","T","M","R","?","R","M","R","B",null,"M","M","M","$","?","R","E","R","T","M","R","M","?","M","R","B",null,"M","?","?","?","$","R","M","R","T","M","$","R","E","$","R","B",null],"character_chosen":"THE_SILENT","items_purchased":["Blade Dance","After Image","Cloak And Dagger"],"campfire_rested":7,"item_purchase_floors":[5,21,21],"current_hp_per_floor":[63,63,63,68,68,68,63,63,63,53,53,39,39,35,55,48,68,68,46,4,4,4,24,23,43,43,31,51,24,24,6,26,7,68,64,64,64,53,53,53,51,51,51,46,46,66,37,37,57,19],"gold":0,"neow_bonus":"ONE_RARE_RELIC","is_daily":false,"chose_seed":false,"campfire_upgraded":6,"win_rate":0.0,"timestamp":1613838153,"path_taken":["M","M","?","?","$","R","M","R","T","M","R","?","R","?","R","BOSS","M","M","M","$","?","R","E","R","T","M","R","M","?","M","R","BOSS","M","?","?","?","$","R","M","R","T","M","$","R","E","$","R","BOSS"],"items_purchased_type":["Card","Card","Card"],"build_version":"2020-12-22","purchased_purges":1,"victory":true,"max_hp_per_floor":[63,63,63,68,68,68,68,68,68,68,68,68,68,68,68,68,68,68,68,68,68,68,68,68,68,68,68,68,68,68,68,68,68,68,68,68,68,68,68,68,68,68,68,68,68,68,68,68,68,68],"card_choices":[{"not_picked":["Riddle With Holes","Acrobatics"],"picked":"Blade Dance","floor":1.0},{"not_picked":["Deflect","Bane"],"picked":"Quick Slash","floor":1.0},{"not_picked":["Dagger Spray","Catalyst"],"picked":"Burst","floor":2.0},{"not_picked":["Reflex","Eviscerate","Underhanded Strike"],"picked":"SKIP","floor":2.0},{"not_picked":["Eviscerate","Poisoned Stab"],"picked":"Prepared","floor":7.0},{"not_picked":["Dodge and Roll","Dagger Spray","Poisoned Stab"],"picked":"SKIP","floor":7.0},{"not_picked":["Dagger Spray","Underhanded Strike"],"picked":"Blade Dance","floor":10.0},{"not_picked":["Expertise","Acrobatics","Prepared"],"picked":"SKIP","floor":10.0},{"not_picked":["Night Terror","Flechettes"],"picked":"Terror","floor":14.0},{"not_picked":["Quick Slash","All Out Attack","Eviscerate"],"picked":"SKIP","floor":14.0},{"not_picked":["Wraith Form v2","Corpse Explosion"],"picked":"Envenom","floor":16.0},{"not_picked":["Crippling Poison+1","All Out Attack"],"picked":"Infinite Blades+1","floor":18.0},{"not_picked":["Acrobatics","Noxious Fumes","Deflect+1"],"picked":"SKIP","floor":18.0},{"not_picked":["Poisoned Stab","Eviscerate","Tactician+1"],"picked":"SKIP","floor":19.0},{"not_picked":["Flying Knee","Noxious Fumes+1","Sucker Punch"],"picked":"SKIP","floor":19.0},{"not_picked":["Tactician","PiercingWail"],"picked":"Blade Dance+1","floor":20.0},{"not_picked":["Eviscerate","Bouncing Flask","Backstab"],"picked":"SKIP","floor":20.0},{"not_picked":["Dagger Throw","Bouncing Flask","Masterful Stab"],"picked":"SKIP","floor":24.0},{"not_picked":["Dagger Spray","Quick Slash","Predator"],"picked":"SKIP","floor":27.0},{"not_picked":["Acrobatics","Prepared+1","Bullet Time"],"picked":"SKIP","floor":27.0},{"not_picked":["Acrobatics","Prepared+1"],"picked":"Bullet Time","floor":27.0},{"not_picked":["Dagger Spray","Quick Slash","Predator"],"picked":"SKIP","floor":27.0},{"not_picked":["Skewer+1","Cloak And Dagger","Deadly Poison"],"picked":"SKIP","floor":29.0},{"not_picked":["Backflip","Slice+1","Backstab"],"picked":"SKIP","floor":29.0},{"not_picked":["Bane","Deflect","Acrobatics"],"picked":"SKIP","floor":31.0},{"not_picked":["Quick Slash","Flechettes+1","Dagger Spray"],"picked":"SKIP","floor":31.0},{"not_picked":["Doppelganger","Storm of Steel"],"picked":"Burst","floor":33.0},{"not_picked":["Poisoned Stab+1","Backflip"],"picked":"Accuracy","floor":35},{"not_picked":["Caltrops+1","Underhanded Strike+1","Blade Dance"],"picked":"SKIP","floor":35},{"not_picked":["Well Laid Plans","Dagger Spray"],"picked":"Cloak And Dagger+1","floor":38},{"not_picked":["Infinite Blades","Noxious Fumes+1","Deflect+1"],"picked":"SKIP","floor":41},{"not_picked":["Expertise","Venomology","Outmaneuver"],"picked":"SKIP","floor":41},{"not_picked":["Sucker Punch","Acrobatics","Underhanded Strike+1"],"picked":"SKIP","floor":44},{"not_picked":["Flying Knee+1","Masterful Stab","Eviscerate+1"],"picked":"SKIP","floor":44},{"not_picked":["Backstab+1","Unload","Dagger Throw+1"],"picked":"SKIP","floor":47}],"player_experience":233215,"relics_obtained":[{"floor":9.0,"key":"Nunchaku"},{"floor":24.0,"key":"War Paint"},{"floor":26.0,"key":"Bottled Tornado"},{"floor":38,"key":"Bird Faced Urn"},{"floor":47,"key":"Pen Nib"}],"event_choices":[{"damage_healed":0.0,"max_hp_gain":0.0,"max_hp_loss":0.0,"gold_gain":0.0,"event_name":"Golden Idol","player_choice":"Take Wound","floor":3.0,"gold_loss":0.0,"damage_taken":0.0,"relics_obtained":["Golden Idol"],"cards_obtained":["Injury"]},{"damage_healed":0.0,"max_hp_gain":5.0,"max_hp_loss":0.0,"gold_gain":0.0,"event_name":"Big Fish","player_choice":"Donut","floor":4.0,"gold_loss":0.0,"damage_taken":0.0},{"damage_healed":0.0,"max_hp_gain":0.0,"max_hp_loss":0.0,"gold_gain":0.0,"event_name":"Shining Light","player_choice":"Entered Light","floor":12.0,"gold_loss":0.0,"damage_taken":14.0,"cards_upgraded":["Prepared","Strike_G"]},{"damage_healed":0.0,"max_hp_gain":0.0,"max_hp_loss":0.0,"gold_gain":0.0,"event_name":"Back to Basics","player_choice":"Simplicity","floor":22.0,"gold_loss":0.0,"damage_taken":0.0,"cards_upgraded":["Strike_G","Strike_G","Strike_G","Strike_G","Defend_G","Defend_G","Defend_G","Defend_G","Defend_G"]},{"damage_healed":0.0,"max_hp_gain":0.0,"max_hp_loss":0.0,"gold_gain":0.0,"event_name":"Masked Bandits","player_choice":"Paid Fearfully","floor":30.0,"gold_loss":90.0,"damage_taken":0.0},{"damage_healed":0,"gold_gain":0,"player_choice":"Memory 1","damage_taken":0,"max_hp_gain":0,"max_hp_loss":0,"event_name":"SensoryStone","floor":36,"gold_loss":0},{"damage_healed":0,"gold_gain":333,"player_choice":"Gave Idol","damage_taken":0,"max_hp_gain":0,"max_hp_loss":0,"event_name":"The Moai Head","floor":37,"relics_lost":["Golden Idol"],"gold_loss":0},{"damage_healed":0,"gold_gain":0,"player_choice":"Fight","damage_taken":0,"max_hp_gain":0,"max_hp_loss":0,"event_name":"MindBloom","floor":38,"gold_loss":0}],"is_beta":false,"boss_relics":[{"not_picked":["Runic Dome","Velvet Choker"],"picked":"Ectoplasm"},{"not_picked":["Ring of the Serpent","Philosopher\u0027s Stone"],"picked":"Empty Cage"}],"items_purged_floors":[5],"is_endless":false,"potions_floor_spawned":[1,2,16,20,24,29,47],"ascension_level":3}}