{"host":"9pqy5lt7vda52ebm","time":1613864391,"event":{"mods":["BaseMod","Minty Spire (QoL Compilation)","Optimize The Spire","Quick Restart","StSLib","The Evolution"],"gold_per_floor":[115,134,145,70,70,70,100,100,172,172,198,211,226,250,250,350,350,368,378,390,41,53,83,83,83,83,83,98,118,146,146,146,241,241,251,265,113,130,142,142,142,142,142,154,0,19,19,37,37,37],"floor_reached":51,"language":"ENG","playtime":7032,"items_purged":["evolutionmod:StrikeEvo","evolutionmod:Broodmother"],"score":1127,"play_id":"78984740-aca6-40e1-9fd6-97c579ff685f","local_time":"20210220183951","is_ascension_mode":true,"campfire_choices":[{"data":"evolutionmod:Stampede","floor":6,"key":"SMITH"},{"data":"evolutionmod:Strengthen","floor":8,"key":"SMITH"},{"data":"evolutionmod:ChimeraStrike","floor":10,"key":"SMITH"},{"floor":15,"key":"REST"},{"data":"evolutionmod:Mastery","floor":24,"key":"SMITH"},{"data":"evolutionmod:Lifesteal","floor":27,"key":"SMITH"},{"data":"evolutionmod:Pheromones","floor":32,"key":"SMITH"},{"data":"evolutionmod:Photosynthesis","floor":40,"key":"SMITH"},{"data":"evolutionmod:PlayingRough","floor":42,"key":"SMITH"},{"data":"evolutionmod:Barkskin","floor":47,"key":"SMITH"},{"data":"evolutionmod:Aegis2","floor":49,"key":"SMITH"}],"circlet_count":0,"master_deck":["AscendersBane","evolutionmod:LoyalWarrior","evolutionmod:LoyalCompanion","evolutionmod:Stampede+1","evolutionmod:ChimeraStrike+1","evolutionmod:Strengthen+1","evolutionmod:Barkskin+1","Panacea+1","evolutionmod:SeaWolf","evolutionmod:HeavyKick+1","evolutionmod:PlayingRough+1","evolutionmod:Mastery+1","evolutionmod:Lifesteal+1","evolutionmod:FeatherStorm","evolutionmod:CrystalShard","evolutionmod:Aegis2+1","evolutionmod:Dive","evolutionmod:NightMare+1","evolutionmod:ChimeraDefense","evolutionmod:Pheromones+1","evolutionmod:HeightenedSenses+1","Trip+1","evolutionmod:Charm","evolutionmod:Photosynthesis+1","evolutionmod:ChimeraDefense+1","Madness","Madness"],"relics":["evolutionmod:TorisGift","Omamori","Bottled Flame","Bag of Marbles","Ancient Tea Set","Pandora\u0027s Box","Whetstone","Lantern","Sundial","War Paint","Oddly Smooth Stone","Busted Crown","Vajra","HornCleat","Red Mask"],"acts_visited":["Exordium","TheCity","TheBeyond"],"potions_floor_usage":[16,16,23,23,30,39,46,50,50],"damage_taken":[{"damage":0,"enemies":"Cultist","floor":1,"turns":3},{"damage":0,"enemies":"Small Slimes","floor":2,"turns":3},{"damage":0,"enemies":"Jaw Worm","floor":3,"turns":3},{"damage":38,"enemies":"Gremlin Nob","floor":7,"turns":5},{"damage":8,"enemies":"3 Sentries","floor":11,"turns":4},{"damage":5,"enemies":"Gremlin Gang","floor":12,"turns":2},{"damage":12,"enemies":"Large Slime","floor":13,"turns":4},{"damage":23,"enemies":"The Guardian","floor":16,"turns":6},{"damage":14,"enemies":"Shell Parasite","floor":18,"turns":8},{"damage":0,"enemies":"2 Thieves","floor":19,"turns":2},{"damage":0,"enemies":"Snake Plant","floor":20,"turns":5},{"damage":24,"enemies":"Centurion and Healer","floor":22,"turns":5},{"damage":11,"enemies":"Slavers","floor":23,"turns":5},{"damage":0,"enemies":"Snecko","floor":28,"turns":4},{"damage":13,"enemies":"Snake Plant","floor":29,"turns":4},{"damage":0,"enemies":"Book of Stabbing","floor":30,"turns":2},{"damage":36,"enemies":"Automaton","floor":33,"turns":7},{"damage":3,"enemies":"3 Shapes","floor":35,"turns":4},{"damage":9,"enemies":"3 Darklings","floor":36,"turns":5},{"damage":9,"enemies":"4 Shapes","floor":38,"turns":3},{"damage":0,"enemies":"Jaw Worm Horde","floor":39,"turns":2},{"damage":0,"enemies":"Transient","floor":44,"turns":5},{"damage":13,"enemies":"Spire Growth","floor":46,"turns":4},{"damage":2,"enemies":"3 Darklings","floor":48,"turns":3},{"damage":0,"enemies":"Time Eater","floor":50,"turns":9}],"seed_played":"-5694475065788811467","potions_obtained":[{"floor":1,"key":"SpeedPotion"},{"floor":12,"key":"EssenceOfSteel"},{"floor":18,"key":"Explosive Potion"},{"floor":22,"key":"SneckoOil"},{"floor":29,"key":"DistilledChaos"},{"floor":30,"key":"Strength Potion"},{"floor":36,"key":"SneckoOil"},{"floor":39,"key":"evolutionmod:Mutagen"},{"floor":44,"key":"FearPotion"}],"is_trial":false,"path_per_floor":["M","M","M","$","?","R","E","R","T","R","E","M","M","T","R","B",null,"M","M","M","$","M","E","R","?","T","R","M","M","E","T","R","B",null,"M","M","$","M","M","R","?","R","T","M","?","M","R","M","R","B",null],"character_chosen":"EVOLUTION_CLASS","items_purchased":["Trip","Whetstone","Vajra"],"campfire_rested":1,"item_purchase_floors":[21,21,37],"current_hp_per_floor":[69,69,69,69,69,69,31,31,31,31,23,18,6,6,29,6,59,45,45,51,51,36,25,25,25,25,25,43,48,48,48,48,12,61,74,65,65,56,75,75,65,65,65,65,65,52,52,74,74,74],"gold":37,"neow_bonus":"ONE_RANDOM_RARE_CARD","is_daily":false,"chose_seed":false,"campfire_upgraded":10,"win_rate":0.0,"timestamp":1613864391,"path_taken":["M","M","?","$","?","R","E","R","T","R","E","M","?","?","R","BOSS","M","?","M","$","M","E","R","?","T","R","M","M","E","?","R","BOSS","M","M","$","M","M","R","?","R","T","M","?","M","R","M","R","BOSS"],"items_purchased_type":["Card","Relic","Relic"],"build_version":"2020-12-22","purchased_purges":2,"victory":true,"max_hp_per_floor":[77,77,77,77,77,77,77,77,77,77,77,77,77,77,77,77,77,77,77,77,77,77,77,77,77,77,77,77,77,77,77,77,77,77,77,77,77,77,77,77,77,77,77,77,77,77,77,77,77,77],"card_choices":[{"not_picked":["evolutionmod:Visions","evolutionmod:VenomGlands"],"picked":"evolutionmod:ChimeraStrike","floor":1},{"not_picked":["evolutionmod:PoisonFangs","evolutionmod:Hatch"],"picked":"evolutionmod:Strengthen","floor":2},{"not_picked":["evolutionmod:ShiftingGuard","evolutionmod:PoisonFangs"],"picked":"evolutionmod:Barkskin","floor":3},{"not_picked":["evolutionmod:Symbiotes","evolutionmod:Hatch"],"picked":"evolutionmod:SeaWolf","floor":7},{"not_picked":["evolutionmod:FlameStrike","evolutionmod:Shadowbolt"],"picked":"evolutionmod:HeavyKick","floor":11},{"not_picked":["evolutionmod:Hatch","evolutionmod:FlameStrike"],"picked":"evolutionmod:PlayingRough","floor":12},{"not_picked":["evolutionmod:SeaWolf","evolutionmod:FlameStrike"],"picked":"evolutionmod:Mastery","floor":13},{"not_picked":["evolutionmod:Drown","evolutionmod:Frenzy"],"picked":"evolutionmod:Lifesteal","floor":16},{"not_picked":["evolutionmod:ChannelMagic","evolutionmod:PoisonFangs"],"picked":"evolutionmod:Pheromones","floor":18},{"not_picked":["evolutionmod:ShiftingStrike","evolutionmod:ChimeraDefense"],"picked":"evolutionmod:HeightenedSenses+1","floor":19},{"not_picked":["evolutionmod:Hatch","evolutionmod:ShiftingPower","evolutionmod:FlameStrike+1"],"picked":"SKIP","floor":20},{"not_picked":["evolutionmod:NightMare","evolutionmod:ShiftingGuard","evolutionmod:Toxin"],"picked":"SKIP","floor":22},{"not_picked":["evolutionmod:ChimeraDefense","evolutionmod:HeightenedSenses+1","evolutionmod:PegasusDescent+1"],"picked":"SKIP","floor":23},{"not_picked":["evolutionmod:ShiftingGuard","evolutionmod:Aegis2"],"picked":"evolutionmod:Charm","floor":28},{"not_picked":["evolutionmod:ShiftingStrike","evolutionmod:CrystalDust","evolutionmod:CrystalShard"],"picked":"SKIP","floor":29},{"not_picked":["evolutionmod:PegasusDescent","evolutionmod:ChimeraDefense+1","evolutionmod:VenomGlands"],"picked":"SKIP","floor":30},{"not_picked":["evolutionmod:Lifesteal","evolutionmod:Frenzy"],"picked":"evolutionmod:Photosynthesis","floor":33},{"not_picked":["evolutionmod:SpiderBite+1"],"picked":"SKIP","floor":35},{"not_picked":[],"picked":"evolutionmod:ChimeraDefense+1","floor":36},{"not_picked":["evolutionmod:Dive"],"picked":"SKIP","floor":38},{"not_picked":["evolutionmod:Barkskin"],"picked":"SKIP","floor":39},{"not_picked":["evolutionmod:ShiftingGuard"],"picked":"SKIP","floor":44},{"not_picked":["evolutionmod:ClawSlash+1"],"picked":"SKIP","floor":46},{"not_picked":["evolutionmod:Charm"],"picked":"SKIP","floor":48}],"player_experience":855272,"relics_obtained":[{"floor":7,"key":"Omamori"},{"floor":9,"key":"Bottled Flame"},{"floor":11,"key":"Bag of Marbles"},{"floor":14,"key":"Ancient Tea Set"},{"floor":23,"key":"Lantern"},{"floor":26,"key":"Sundial"},{"floor":30,"key":"War Paint"},{"floor":31,"key":"Oddly Smooth Stone"},{"floor":43,"key":"HornCleat"}],"event_choices":[{"damage_healed":0,"gold_gain":0,"player_choice":"1 cards matched","damage_taken":0,"max_hp_gain":0,"max_hp_loss":0,"event_name":"Match and Keep!","floor":5,"gold_loss":0,"cards_obtained":["Panacea"]},{"damage_healed":0,"gold_gain":0,"player_choice":"Ignored","damage_taken":0,"max_hp_gain":0,"max_hp_loss":0,"event_name":"Vampires","floor":25,"gold_loss":0},{"damage_healed":0,"gold_gain":0,"player_choice":"Embrace Madness","damage_taken":10,"max_hp_gain":0,"max_hp_loss":0,"event_name":"Winding Halls","floor":41,"gold_loss":0,"cards_obtained":["Madness","Madness"]},{"damage_healed":0,"gold_gain":0,"player_choice":"Paid","damage_taken":0,"relics_obtained":["Red Mask"],"max_hp_gain":0,"max_hp_loss":0,"event_name":"Tomb of Lord Red Mask","floor":45,"gold_loss":154}],"is_beta":false,"boss_relics":[{"not_picked":["Calling Bell","Philosopher\u0027s Stone"],"picked":"Pandora\u0027s Box"},{"not_picked":["Coffee Dripper","Runic Pyramid"],"picked":"Busted Crown"}],"items_purged_floors":[4,21],"is_endless":false,"potions_floor_spawned":[1,12,18,22,29,30,36,39,44],"ascension_level":10}}