{"host":"g907ck67u7c3hrs6","time":1613827502,"event":{"mods":["BaseMod","Colored Map","DeckTracker","Force Act Four","Highlight Path","Keyboard Shortcuts","Minty Spire (QoL Compilation)","Permanent Neow","Say the Spire","SuperFastMode"],"gold_per_floor":[117,135,148,163,180,207,235,261,285,320,320,350,297,315,315,392,392,407,290,305,305,221,249,277,302,326,351,383,394,427,455,455,538,565,588,588,611,370,397,397,397,397,397,318,351,351,385,397,397,397,397,397,397,47,82,82],"floor_reached":57,"language":"KOR","playtime":1839,"items_purged":["Backstab"],"score":3828,"play_id":"91c31c66-7a2d-49df-ac37-172be861c596","local_time":"20210220222502","daily_mods":["SealedDeck","Heirloom","Time Dilation","Flight","DeadlyEvents","Elite Swarm"],"is_ascension_mode":true,"campfire_choices":[{"data":"Accuracy","floor":11,"key":"SMITH"},{"data":"Blade Dance","floor":15,"key":"SMITH"},{"data":"After Image","floor":32,"key":"SMITH"},{"data":"Adrenaline","floor":40,"key":"SMITH"},{"data":"After Image","floor":41,"key":"SMITH"},{"data":"Blade Dance","floor":46,"key":"SMITH"},{"floor":49,"key":"RECALL"},{"data":"Wraith Form v2","floor":53,"key":"SMITH"}],"circlet_count":0,"master_deck":["AscendersBane","Well Laid Plans","Acrobatics","Terror","Backflip","Blade Dance+1","Blade Dance","Blur","Accuracy+1","Blur","Adrenaline+1","Blade Dance+1","Caltrops","Leg Sweep","Footwork","Caltrops","Burst","Wraith Form v2+1","After Image+1","Phantasmal Killer+1","Cloak And Dagger+1","After Image+1","Dagger Throw+1","Night Terror+1","Predator+1","Cloak And Dagger","Footwork","Footwork","Infinite Blades","Adrenaline"],"relics":["Ring of the Snake","Bird Faced Urn","Eternal Feather","Calipers","Tough Bandages","Bronze Scales","Anchor","Bottled Lightning","Coffee Dripper","Vajra","Matryoshka","Ancient Tea Set","Omamori","Regal Pillow","Centennial Puzzle","InkBottle","CeramicFish","Astrolabe","Bag of Preparation","Thread and Needle","Boot","Paper Crane","Dream Catcher","War Paint","Lizard Tail","Pantograph"],"acts_visited":["Exordium","TheCity","TheBeyond","TheEnding"],"potions_floor_usage":[24,27,50,56,56],"damage_taken":[{"damage":0,"enemies":"Small Slimes","floor":1,"turns":1},{"damage":0,"enemies":"Jaw Worm","floor":2,"turns":1},{"damage":0,"enemies":"Cultist","floor":3,"turns":1},{"damage":0,"enemies":"2 Fungi Beasts","floor":4,"turns":1},{"damage":0,"enemies":"Looter","floor":5,"turns":1},{"damage":0,"enemies":"Gremlin Nob","floor":6,"turns":2},{"damage":0,"enemies":"Lagavulin","floor":7,"turns":3},{"damage":0,"enemies":"Gremlin Nob","floor":8,"turns":2},{"damage":0,"enemies":"Lagavulin","floor":10,"turns":3},{"damage":0,"enemies":"Gremlin Nob","floor":12,"turns":2},{"damage":0,"enemies":"3 Louse","floor":14,"turns":1},{"damage":41,"enemies":"The Guardian","floor":16,"turns":4},{"damage":0,"enemies":"Shell Parasite","floor":18,"turns":1},{"damage":0,"enemies":"Chosen","floor":20,"turns":1},{"damage":21,"enemies":"Book of Stabbing","floor":23,"turns":2},{"damage":0,"enemies":"Slavers","floor":24,"turns":2},{"damage":0,"enemies":"Book of Stabbing","floor":25,"turns":2},{"damage":10,"enemies":"Slavers","floor":27,"turns":3},{"damage":0,"enemies":"Book of Stabbing","floor":28,"turns":2},{"damage":0,"enemies":"Snecko","floor":29,"turns":3},{"damage":14,"enemies":"Slavers","floor":30,"turns":2},{"damage":3,"enemies":"Gremlin Leader","floor":31,"turns":3},{"damage":0,"enemies":"Automaton","floor":33,"turns":6},{"damage":0,"enemies":"3 Darklings","floor":35,"turns":1},{"damage":0,"enemies":"3 Shapes","floor":37,"turns":2},{"damage":9,"enemies":"Reptomancer","floor":39,"turns":5},{"damage":0,"enemies":"Giant Head","floor":45,"turns":4},{"damage":0,"enemies":"Reptomancer","floor":47,"turns":3},{"damage":0,"enemies":"Spire Growth","floor":48,"turns":4},{"damage":0,"enemies":"Time Eater","floor":50,"turns":4},{"damage":7,"enemies":"Awakened One","floor":51,"turns":11},{"damage":0,"enemies":"Shield and Spear","floor":55,"turns":8},{"damage":2,"enemies":"The Heart","floor":56,"turns":6}],"seed_played":"1206470215609832017","potions_obtained":[{"floor":2,"key":"SteroidPotion"},{"floor":3,"key":"Block Potion"},{"floor":24,"key":"Strength Potion"},{"floor":27,"key":"SteroidPotion"},{"floor":47,"key":"GhostInAJar"},{"floor":55,"key":"ColorlessPotion"}],"is_trial":true,"path_per_floor":["M","M","M","M","M","E","E","E","T","E","R","E","$","M","R","B",null,"M","$","M","?","$","E","E","E","T","E","E","M","E","E","R","B",null,"M","?","M","$","E","R","R","?","T","$","E","R","E","M","R","B","B",null,"R","$","E","B",null],"character_chosen":"THE_SILENT","items_purchased":["Blade Dance","Caltrops","Leg Sweep","Caltrops","Bag of Preparation","Footwork","Lizard Tail","Infinite Blades"],"campfire_rested":0,"item_purchase_floors":[13,19,19,22,38,44,54,54],"current_hp_per_floor":[59,59,61,61,63,65,66,66,66,66,66,66,66,66,66,25,56,58,58,60,60,60,45,51,57,57,55,63,66,54,61,66,66,66,66,66,66,66,59,66,66,63,63,63,63,63,63,63,63,63,56,61,63,63,63,63],"gold":82,"neow_bonus":"","is_daily":false,"chose_seed":false,"campfire_upgraded":7,"win_rate":0.0,"timestamp":1613827502,"path_taken":["M","M","M","M","M","E","E","E","T","E","R","E","$","M","R","BOSS","M","$","M","?","$","E","E","E","T","E","E","M","E","E","R","BOSS","M","?","?","$","?","R","R","?","T","$","E","R","E","?","R","BOSS","BOSS","R","$","E","BOSS"],"items_purchased_type":["Card","Card","Card","Card","Relic","Card","Relic","Card"],"build_version":"2020-12-22","purchased_purges":1,"victory":true,"max_hp_per_floor":[66,66,66,66,66,66,66,66,66,66,66,66,66,66,66,66,66,66,66,66,66,66,66,66,66,66,66,66,66,66,66,66,66,66,66,66,66,66,66,66,66,63,63,63,63,63,63,63,63,63,63,63,63,63,63,63],"card_choices":[{"not_picked":["Sucker Punch","Acrobatics"],"picked":"Blur","floor":1},{"not_picked":["Tactician","Bouncing Flask"],"picked":"Accuracy","floor":2},{"not_picked":["Bane","Flying Knee","Prepared"],"picked":"SKIP","floor":3},{"not_picked":["Backflip","Deadly Poison","Flying Knee"],"picked":"SKIP","floor":4},{"not_picked":["Dagger Spray","Dodge and Roll"],"picked":"Blur","floor":5},{"not_picked":["Night Terror","A Thousand Cuts","Doppelganger"],"picked":"SKIP","floor":6},{"not_picked":["Night Terror","Bullet Time","Storm of Steel"],"picked":"SKIP","floor":7},{"not_picked":["Bullet Time","Tools of the Trade"],"picked":"Adrenaline","floor":8},{"not_picked":["Doppelganger","Unload","Grand Finale"],"picked":"SKIP","floor":10},{"not_picked":["Doppelganger","Corpse Explosion","A Thousand Cuts"],"picked":"SKIP","floor":12},{"not_picked":["Backflip","Prepared","Bane"],"picked":"SKIP","floor":14},{"not_picked":["Backstab","Dagger Spray","Poisoned Stab"],"picked":"SKIP","floor":18},{"not_picked":["Bouncing Flask","Flying Knee","Acrobatics"],"picked":"SKIP","floor":20},{"not_picked":["Unload","Phantasmal Killer"],"picked":"Burst","floor":23},{"not_picked":["Storm of Steel","Envenom","Corpse Explosion"],"picked":"SKIP","floor":24},{"not_picked":["Corpse Explosion","Doppelganger"],"picked":"Wraith Form v2","floor":25},{"not_picked":["Corpse Explosion","Bullet Time"],"picked":"After Image","floor":27},{"not_picked":["Tools of the Trade","Doppelganger"],"picked":"Phantasmal Killer","floor":28},{"not_picked":["Deflect","Flechettes"],"picked":"Cloak And Dagger","floor":29},{"not_picked":["Glass Knife","Storm of Steel","Grand Finale"],"picked":"SKIP","floor":30},{"not_picked":["Envenom","Unload","Die Die Die"],"picked":"SKIP","floor":31},{"not_picked":["Burst","Die Die Die"],"picked":"After Image","floor":33},{"not_picked":["Prepared","Bane"],"picked":"Cloak And Dagger","floor":35},{"not_picked":["Cloak And Dagger","Crippling Poison"],"picked":"Footwork","floor":37},{"not_picked":["Storm of Steel","Envenom","Bullet Time"],"picked":"SKIP","floor":39},{"not_picked":["Grand Finale","Phantasmal Killer","Bullet Time"],"picked":"SKIP","floor":45},{"not_picked":["Burst","Corpse Explosion","Glass Knife"],"picked":"SKIP","floor":47},{"not_picked":["Sucker Punch","Choke+1","Dagger Spray"],"picked":"SKIP","floor":48},{"not_picked":["Doppelganger","Night Terror"],"picked":"Adrenaline","floor":55}],"player_experience":332231,"relics_obtained":[{"floor":6,"key":"Eternal Feather"},{"floor":7,"key":"Calipers"},{"floor":8,"key":"Tough Bandages"},{"floor":9,"key":"Bronze Scales"},{"floor":10,"key":"Anchor"},{"floor":12,"key":"Bottled Lightning"},{"floor":23,"key":"Vajra"},{"floor":24,"key":"Matryoshka"},{"floor":25,"key":"Ancient Tea Set"},{"floor":26,"key":"Omamori"},{"floor":27,"key":"Regal Pillow"},{"floor":28,"key":"Centennial Puzzle"},{"floor":30,"key":"InkBottle"},{"floor":31,"key":"CeramicFish"},{"floor":39,"key":"Thread and Needle"},{"floor":43,"key":"Boot"},{"floor":43,"key":"Paper Crane"},{"floor":45,"key":"Dream Catcher"},{"floor":47,"key":"War Paint"},{"floor":55,"key":"Pantograph"}],"event_choices":[{"damage_healed":0,"gold_gain":0,"player_choice":"Read","damage_taken":0,"max_hp_gain":0,"max_hp_loss":0,"event_name":"The Library","floor":21,"gold_loss":0,"cards_obtained":["Footwork"]},{"damage_healed":0,"gold_gain":0,"player_choice":"Ignored","damage_taken":0,"max_hp_gain":0,"max_hp_loss":0,"event_name":"Tomb of Lord Red Mask","floor":36,"gold_loss":0},{"damage_healed":0,"gold_gain":0,"player_choice":"Max HP","damage_taken":0,"max_hp_gain":0,"max_hp_loss":3,"event_name":"Winding Halls","floor":42,"gold_loss":0}],"is_beta":false,"boss_relics":[{"not_picked":["Busted Crown","Runic Pyramid"],"picked":"Coffee Dripper"},{"not_picked":["Snecko Eye","HoveringKite"],"picked":"Astrolabe"}],"items_purged_floors":[38],"is_endless":false,"potions_floor_spawned":[2,3,5,6,7,23,24,27,29,30,35,47,48,55],"ascension_level":20}}