{"host":"ffjrj7fisyni1ebk","time":1613837559,"event":{"mods":["2.2 Compatiblity","BaseMod","Bestiary","Colored Map","Colored Powertips","Curses Come First","Highlight Path","Keyboard Shortcuts","Minty Spire (QoL Compilation)","Relic Stats","Slay the Relics Exporter","StSLib","SuperFastMode"],"gold_per_floor":[364,364,378,395,0,29,39,39,39,66,46,60,73,85,85,187,187,206,225,237,254,42,42,56,91,115,115,133,151,61,80,80,80,80],"floor_reached":33,"language":"ENG","playtime":2346,"items_purged":["Strike_P"],"score":285,"play_id":"05e78c67-5566-41a8-9a13-acdbeae6468c","local_time":"20210220181239","is_ascension_mode":false,"campfire_choices":[{"floor":8.0,"key":"REST"},{"floor":15.0,"key":"REST"},{"floor":23.0,"key":"REST"},{"floor":27.0,"key":"REST"},{"floor":32.0,"key":"REST"}],"circlet_count":0,"master_deck":["Strike_P","Strike_P","Defend_P","Defend_P","Defend_P","Defend_P","Eruption","Vigilance","FollowUp","Weave","CutThroughFate","Pray","ReachHeaven","ThirdEye","Vault+1","PathToVictory","Weave","Judgement","CurseOfTheBell","JustLucky+1","Prostrate+1","Nirvana","ForeignInfluence","DeceiveReality+1","Pray+1","CutThroughFate","Prostrate"],"relics":["PureWater","Membership Card","Ginger","Nunchaku","Happy Flower","Pear","Calling Bell","Bag of Preparation","Pantograph","FossilizedHelix","Mercury Hourglass","Girya"],"acts_visited":["Exordium","TheCity"],"potions_floor_usage":[33,33,33,33],"damage_taken":[{"damage":7.0,"enemies":"2 Louse","floor":1.0,"turns":3.0},{"damage":0.0,"enemies":"Cultist","floor":3.0,"turns":3.0},{"damage":4.0,"enemies":"Small Slimes","floor":4.0,"turns":4.0},{"damage":27.0,"enemies":"Gremlin Nob","floor":6.0,"turns":3.0},{"damage":3.0,"enemies":"Red Slaver","floor":7.0,"turns":2.0},{"damage":18.0,"enemies":"3 Sentries","floor":10.0,"turns":9.0},{"damage":12.0,"enemies":"Blue Slaver","floor":12.0,"turns":2.0},{"damage":12.0,"enemies":"Gremlin Gang","floor":13.0,"turns":4.0},{"damage":9.0,"enemies":"Exordium Thugs","floor":14.0,"turns":4.0},{"damage":14.0,"enemies":"Slime Boss","floor":16.0,"turns":7.0},{"damage":12.0,"enemies":"Shell Parasite","floor":18.0,"turns":6.0},{"damage":15.0,"enemies":"2 Thieves","floor":19.0,"turns":4.0},{"damage":10.0,"enemies":"Snecko","floor":20.0,"turns":6.0},{"damage":0.0,"enemies":"Centurion and Healer","floor":21.0,"turns":5.0},{"damage":21.0,"enemies":"Snake Plant","floor":24.0,"turns":5.0},{"damage":32.0,"enemies":"Slavers","floor":25.0,"turns":8.0},{"damage":4.0,"enemies":"Snecko","floor":28.0,"turns":7.0},{"damage":6.0,"enemies":"3 Cultists","floor":29.0,"turns":4.0},{"damage":15.0,"enemies":"Cultist and Chosen","floor":31.0,"turns":7.0},{"damage":123,"enemies":"Champ","floor":33,"turns":10}],"seed_played":"-9013243168541799559","potions_obtained":[{"floor":1.0,"key":"Fire Potion"},{"floor":2.0,"key":"PowerPotion"},{"floor":2.0,"key":"ColorlessPotion"},{"floor":7.0,"key":"Regen Potion"},{"floor":11.0,"key":"Fire Potion"},{"floor":13.0,"key":"FearPotion"},{"floor":20.0,"key":"FairyPotion"},{"floor":21.0,"key":"EntropicBrew"},{"floor":28.0,"key":"SteroidPotion"},{"floor":31.0,"key":"SteroidPotion"}],"is_trial":false,"path_per_floor":["M","?","M","M","$","E","M","R","T","E","?","M","M","M","R","B",null,"M","M","M","M","$","R","M","E","T","R","M","M","?","M","R","B"],"character_chosen":"WATCHER","items_purchased":["Membership Card","Ginger","Nunchaku","Pray","Mercury Hourglass","Nirvana","ForeignInfluence"],"campfire_rested":5,"item_purchase_floors":[5,5,5,5,22,22,22],"current_hp_per_floor":[44,44,44,40,40,13,10,31,41,38,38,26,14,5,29,15,82,70,55,45,45,45,69,48,16,16,40,36,30,30,15,39,0,0],"gold":80,"neow_bonus":"TWO_FIFTY_GOLD","is_daily":false,"chose_seed":false,"campfire_upgraded":0,"win_rate":0.0,"timestamp":1613837559,"path_taken":["M","?","M","?","$","E","M","R","T","E","?","M","?","M","R","BOSS","M","M","M","M","$","R","M","E","T","R","M","M","?","?","R","BOSS"],"items_purchased_type":["Relic","Relic","Relic","Card","Relic","Card","Card"],"build_version":"2020-12-22","purchased_purges":1,"victory":false,"max_hp_per_floor":[72,72,72,72,72,72,72,72,82,82,82,82,82,82,82,82,82,82,82,82,82,82,82,82,82,82,82,82,82,82,82,82,82,82],"relic_stats":{"Nunchaku":[23],"Happy Flower":[30],"counters":[20,103],"Pantograph":25,"Bag of Preparation":[20],"Ginger":[8],"obtain_stats":[{"Calling Bell":17,"Girya":25,"Nunchaku":5,"Pear":9,"Happy Flower":6,"Pantograph":17,"Bag of Preparation":17,"Membership Card":5,"Ginger":5,"PureWater":0,"FossilizedHelix":17,"Mercury Hourglass":22},{"Calling Bell":10,"Girya":16,"Nunchaku":3,"Pear":5,"Happy Flower":4,"Pantograph":10,"Bag of Preparation":10,"Membership Card":3,"Ginger":3,"PureWater":0,"FossilizedHelix":10,"Mercury Hourglass":14},{"Calling Bell":41,"Girya":75,"Nunchaku":10,"Pear":15,"Happy Flower":13,"Pantograph":41,"Bag of Preparation":41,"Membership Card":10,"Ginger":10,"PureWater":0,"FossilizedHelix":41,"Mercury Hourglass":62}],"Mercury Hourglass":[177]},"card_choices":[{"not_picked":["SashWhip","EmptyFist"],"picked":"FollowUp","floor":1.0},{"not_picked":["JustLucky","Protect"],"picked":"Weave","floor":3.0},{"not_picked":["Blasphemy","FlurryOfBlows"],"picked":"CutThroughFate","floor":4.0},{"not_picked":["FollowUp","FlurryOfBlows"],"picked":"ReachHeaven","floor":6.0},{"not_picked":["FlyingSleeves","Indignation"],"picked":"ThirdEye","floor":7.0},{"not_picked":["FollowUp","BowlingBash","Crescendo"],"picked":"SKIP","floor":10.0},{"not_picked":["FlurryOfBlows","EmptyBody"],"picked":"Vault","floor":12.0},{"not_picked":["ClearTheMind","CrushJoints"],"picked":"PathToVictory","floor":13.0},{"not_picked":["ReachHeaven","Adaptation"],"picked":"Weave","floor":14.0},{"not_picked":["DeusExMachina","LessonLearned"],"picked":"Judgement","floor":16.0},{"not_picked":["Perseverance","Halt"],"picked":"JustLucky+1","floor":18.0},{"not_picked":["JustLucky","EmptyBody"],"picked":"Prostrate+1","floor":19.0},{"not_picked":["Halt","FlurryOfBlows","ClearTheMind"],"picked":"SKIP","floor":20.0},{"not_picked":["Blasphemy","FlurryOfBlows+1","Vengeance+1"],"picked":"SKIP","floor":21.0},{"not_picked":["FlurryOfBlows","Halt"],"picked":"DeceiveReality+1","floor":24.0},{"not_picked":["FollowUp","ClearTheMind","Omniscience"],"picked":"SKIP","floor":25.0},{"not_picked":["LikeWater","SashWhip"],"picked":"Pray+1","floor":28.0},{"not_picked":["WindmillStrike+1","EmptyFist"],"picked":"CutThroughFate","floor":29.0},{"not_picked":["Swivel","Halt+1"],"picked":"Prostrate","floor":31.0}],"player_experience":332932,"relics_obtained":[{"floor":6.0,"key":"Happy Flower"},{"floor":9.0,"key":"Pear"},{"floor":17.0,"key":"Bag of Preparation"},{"floor":17.0,"key":"Pantograph"},{"floor":17.0,"key":"FossilizedHelix"},{"floor":25.0,"key":"Girya"}],"event_choices":[{"damage_healed":0.0,"max_hp_gain":0.0,"max_hp_loss":0.0,"gold_gain":0.0,"event_name":"Lab","player_choice":"Got Potions","floor":2.0,"gold_loss":0.0,"damage_taken":0.0},{"damage_healed":0.0,"max_hp_gain":0.0,"max_hp_loss":0.0,"gold_gain":0.0,"event_name":"The Woman in Blue","player_choice":"Bought 1 Potion","floor":11.0,"gold_loss":0.0,"damage_taken":0.0},{"cards_removed":["Strike_P"],"damage_healed":0.0,"max_hp_gain":0.0,"max_hp_loss":0.0,"gold_gain":0.0,"event_name":"Designer","player_choice":"Upgrade and Remove","floor":30.0,"gold_loss":90.0,"damage_taken":0.0,"cards_upgraded":["Vault"]}],"is_beta":false,"boss_relics":[{"not_picked":["Empty Cage","Philosopher\u0027s Stone"],"picked":"Calling Bell"}],"items_purged_floors":[22],"is_endless":false,"potions_floor_spawned":[1,6,7,13,20,21,28,31],"killed_by":"Champ","ascension_level":0}}