{"host":"mithrandi","time":1613854600,"event":{"mods":["BaseMod","Colored Map","Highlight Path","Minty Spire (QoL Compilation)","SuperFastMode"],"gold_per_floor":[114,39,39,114,124,124,153,153,153,153,186,206,206,206,206,301,301,324,324,200,380,401,401,401,401,470,484,525,90,104,124,124,220,220,245,245,74,93,426,426,457,482,509,509,537,555,555,575,575,575,575,575,575,344,374,374,374],"floor_reached":56,"language":"ENG","playtime":3548,"items_purged":["Strike_R","Strike_R","Strike_R","Strike_R"],"score":1933,"play_id":"0605cafa-c1ec-41bc-8d47-ce61bd4f52b6","local_time":"20210220225640","is_ascension_mode":true,"campfire_choices":[{"data":"Spot Weakness","floor":6.0,"key":"SMITH"},{"data":"Offering","floor":10.0,"key":"SMITH"},{"data":"Bash","floor":15.0,"key":"SMITH"},{"floor":23.0,"key":"REST"},{"data":"J.A.X.","floor":25.0,"key":"SMITH"},{"data":"Armaments","floor":32.0,"key":"SMITH"},{"floor":40.0,"key":"REST"},{"floor":47.0,"key":"REST"},{"floor":49.0,"key":"RECALL"},{"data":"Limit Break","floor":53.0,"key":"SMITH"}],"circlet_count":0,"master_deck":["AscendersBane","Defend_R","Defend_R","Defend_R","Defend_R","Bash+1","Dropkick","Spot Weakness+1","Offering+1","Battle Trance","Impervious","Headbutt","J.A.X.+1","True Grit","Blood for Blood","RitualDagger","Headbutt","Impervious","Armaments+1","Bloodletting","Limit Break+1","Flash of Steel","Dark Shackles","Armaments+1"],"relics":["Burning Blood","NeowsBlessing","Gambling Chip","Pantograph","Regal Pillow","Philosopher\u0027s Stone","Kunai","Eternal Feather","Vajra","Busted Crown","OrangePellets","Lantern","Incense Burner","Pen Nib","Girya","Mango"],"acts_visited":["Exordium","TheCity","TheBeyond","TheEnding"],"potions_floor_usage":[56,56],"damage_taken":[{"damage":0.0,"enemies":"Small Slimes","floor":1.0,"turns":1.0},{"damage":0.0,"enemies":"2 Louse","floor":5.0,"turns":1.0},{"damage":0.0,"enemies":"3 Sentries","floor":7.0,"turns":2.0},{"damage":17.0,"enemies":"Gremlin Nob","floor":11.0,"turns":3.0},{"damage":6.0,"enemies":"Jaw Worm","floor":12.0,"turns":3.0},{"damage":57.0,"enemies":"Slime Boss","floor":16.0,"turns":7.0},{"damage":13.0,"enemies":"2 Thieves","floor":18.0,"turns":3.0},{"damage":9.0,"enemies":"Shell Parasite","floor":22.0,"turns":2.0},{"damage":10.0,"enemies":"Shelled Parasite and Fungi","floor":27.0,"turns":3.0},{"damage":25.0,"enemies":"Gremlin Leader","floor":28.0,"turns":5.0},{"damage":3.0,"enemies":"Snake Plant","floor":30.0,"turns":2.0},{"damage":14.0,"enemies":"Centurion and Healer","floor":31.0,"turns":4.0},{"damage":73.0,"enemies":"Champ","floor":33.0,"turns":8.0},{"damage":9.0,"enemies":"Orb Walker","floor":35.0,"turns":2.0},{"damage":17.0,"enemies":"3 Darklings","floor":38.0,"turns":3.0},{"damage":57.0,"enemies":"Giant Head","floor":41.0,"turns":6.0},{"damage":9.0,"enemies":"Mind Bloom Boss Battle","floor":42.0,"turns":5.0},{"damage":23.0,"enemies":"Nemesis","floor":45.0,"turns":5.0},{"damage":7.0,"enemies":"Writhing Mass","floor":46.0,"turns":4.0},{"damage":9.0,"enemies":"4 Shapes","floor":48.0,"turns":3.0},{"damage":49.0,"enemies":"Donu and Deca","floor":50.0,"turns":8.0},{"damage":32.0,"enemies":"Time Eater","floor":51.0,"turns":5.0},{"damage":37,"enemies":"Shield and Spear","floor":55,"turns":8},{"damage":92,"enemies":"The Heart","floor":56,"turns":6}],"seed_played":"-4116287901157561721","potions_obtained":[{"floor":7.0,"key":"Fire Potion"},{"floor":11.0,"key":"Fruit Juice"},{"floor":12.0,"key":"GamblersBrew"},{"floor":18.0,"key":"DistilledChaos"},{"floor":22.0,"key":"LiquidBronze"},{"floor":30.0,"key":"SkillPotion"},{"floor":35.0,"key":"PowerPotion"},{"floor":42.0,"key":"BlessingOfTheForge"},{"floor":44.0,"key":"PowerPotion"}],"is_trial":false,"path_per_floor":["M","$","?","?","M","R","E","?","T","R","E","M","T","?","R","B",null,"M","?","$","?","M","R","?","R","T","M","E","$","M","M","R","B",null,"M","?","$","M","?","R","E","?","T","?","E","M","R","M","R","B","B",null,"R","$","E","B"],"character_chosen":"IRONCLAD","items_purchased":["True Grit","Armaments","Vajra","Bloodletting","OrangePellets","LiquidBronze"],"campfire_rested":3,"item_purchase_floors":[20,29,29,29,37,54],"current_hp_per_floor":[74,74,74,63,69,69,75,68,68,68,57,62,62,34,34,8,62,55,55,55,36,33,72,66,66,66,62,43,43,46,38,50,8,62,59,49,49,38,38,80,29,51,51,51,34,33,80,77,80,37,36,69,80,80,63,0,0],"gold":374,"neow_bonus":"THREE_ENEMY_KILL","is_daily":false,"chose_seed":false,"campfire_upgraded":6,"win_rate":0.0,"timestamp":1613854600,"path_taken":["M","$","?","?","M","R","E","?","T","R","E","M","?","?","R","BOSS","M","?","$","?","?","R","?","R","T","M","E","$","M","M","R","BOSS","M","?","$","M","?","R","E","?","T","?","E","M","R","?","R","BOSS","BOSS","R","$","E","BOSS"],"items_purchased_type":["Card","Card","Relic","Card","Relic","Potion"],"build_version":"2020-12-18","purchased_purges":4,"victory":false,"max_hp_per_floor":[75,75,75,75,75,75,75,75,75,75,75,80,80,80,80,80,80,80,80,80,80,80,80,80,80,80,80,80,80,80,80,80,80,80,80,80,80,80,80,80,80,80,80,80,80,80,80,80,80,80,80,80,80,80,94,94,94],"card_choices":[{"not_picked":["Clash","Twin Strike"],"picked":"Dropkick","floor":1.0},{"not_picked":["Uppercut","Perfected Strike"],"picked":"Spot Weakness","floor":5.0},{"not_picked":["Sword Boomerang","Perfected Strike"],"picked":"Offering","floor":7.0},{"not_picked":["Reckless Charge","Armaments","Dual Wield"],"picked":"SKIP","floor":11.0},{"not_picked":["Clothesline","Thunderclap"],"picked":"Battle Trance","floor":12.0},{"not_picked":["Barricade","Brutality"],"picked":"Impervious","floor":16.0},{"not_picked":["Anger+1","Reckless Charge"],"picked":"Headbutt","floor":18.0},{"not_picked":["Clothesline","Dark Embrace"],"picked":"Blood for Blood","floor":22.0},{"not_picked":["Second Wind","Twin Strike"],"picked":"Headbutt","floor":27.0},{"not_picked":["Pommel Strike","Body Slam"],"picked":"Impervious","floor":28.0},{"not_picked":["Twin Strike","Cleave","Sentinel"],"picked":"SKIP","floor":30.0},{"not_picked":["Cleave","Heavy Blade","Headbutt+1"],"picked":"SKIP","floor":31.0},{"not_picked":["Offering","Double Tap"],"picked":"Limit Break","floor":33.0},{"not_picked":["Rage"],"picked":"SKIP","floor":35.0},{"not_picked":[],"picked":"Flash of Steel","floor":36.0},{"not_picked":[],"picked":"Dark Shackles","floor":36.0},{"not_picked":["Seeing Red"],"picked":"SKIP","floor":38.0},{"not_picked":["Carnage+1"],"picked":"SKIP","floor":41.0},{"not_picked":[],"picked":"Armaments+1","floor":45.0},{"not_picked":["Flex"],"picked":"SKIP","floor":46.0},{"not_picked":["Thunderclap"],"picked":"SKIP","floor":48.0},{"not_picked":["Blood for Blood"],"picked":"SKIP","floor":55}],"player_experience":3034185,"relics_obtained":[{"floor":7.0,"key":"Gambling Chip"},{"floor":9.0,"key":"Pantograph"},{"floor":11.0,"key":"Regal Pillow"},{"floor":26.0,"key":"Kunai"},{"floor":28.0,"key":"Eternal Feather"},{"floor":41.0,"key":"Lantern"},{"floor":42.0,"key":"Incense Burner"},{"floor":43.0,"key":"Pen Nib"},{"floor":45.0,"key":"Girya"},{"floor":55,"key":"Mango"}],"event_choices":[{"damage_healed":0.0,"max_hp_gain":0.0,"max_hp_loss":0.0,"gold_gain":0.0,"event_name":"The Cleric","player_choice":"Leave","floor":3.0,"gold_loss":0.0,"damage_taken":0.0},{"damage_healed":0.0,"max_hp_gain":0.0,"max_hp_loss":0.0,"gold_gain":75.0,"event_name":"World of Goop","player_choice":"Gather Gold","floor":4.0,"gold_loss":0.0,"damage_taken":11.0},{"cards_removed":["Strike_R"],"damage_healed":0.0,"max_hp_gain":0.0,"max_hp_loss":0.0,"gold_gain":0.0,"event_name":"Golden Wing","player_choice":"Card Removal","floor":8.0,"gold_loss":0.0,"damage_taken":7.0},{"damage_healed":0.0,"max_hp_gain":0.0,"max_hp_loss":0.0,"gold_gain":0.0,"event_name":"Golden Idol","player_choice":"Take Damage","floor":14.0,"gold_loss":0.0,"damage_taken":28.0,"relics_obtained":["Golden Idol"]},{"damage_healed":0.0,"max_hp_gain":0.0,"max_hp_loss":0.0,"gold_gain":0.0,"event_name":"Drug Dealer","player_choice":"Obtain J.A.X.","floor":19.0,"gold_loss":0.0,"damage_taken":0.0,"cards_obtained":["J.A.X."]},{"damage_healed":0.0,"max_hp_gain":0.0,"max_hp_loss":0.0,"gold_gain":180.0,"event_name":"Knowing Skull","player_choice":"GOLD GOLD ","floor":21.0,"potions_obtained":[],"gold_loss":0.0,"damage_taken":19.0,"cards_obtained":[]},{"damage_healed":0.0,"max_hp_gain":0.0,"max_hp_loss":0.0,"gold_gain":0.0,"event_name":"Nest","player_choice":"Joined the Cult","floor":24.0,"gold_loss":0.0,"damage_taken":6.0,"cards_obtained":["RitualDagger"]},{"damage_healed":0.0,"max_hp_gain":0.0,"max_hp_loss":0.0,"gold_gain":0.0,"event_name":"SensoryStone","player_choice":"Memory 3","floor":36.0,"gold_loss":0.0,"damage_taken":10.0},{"damage_healed":0.0,"max_hp_gain":0.0,"max_hp_loss":0.0,"gold_gain":333.0,"event_name":"The Moai Head","player_choice":"Gave Idol","floor":39.0,"relics_lost":["Golden Idol"],"gold_loss":0.0,"damage_taken":0.0},{"damage_healed":0.0,"max_hp_gain":0.0,"max_hp_loss":0.0,"gold_gain":0.0,"event_name":"MindBloom","player_choice":"Fight","floor":42.0,"gold_loss":0.0,"damage_taken":0.0},{"damage_healed":0.0,"max_hp_gain":0.0,"max_hp_loss":0.0,"gold_gain":0.0,"event_name":"Lab","player_choice":"Got Potions","floor":44.0,"gold_loss":0.0,"damage_taken":0.0}],"is_beta":true,"boss_relics":[{"not_picked":["Cursed Key","SacredBark"],"picked":"Philosopher\u0027s Stone"},{"not_picked":["Mark of Pain","Astrolabe"],"picked":"Busted Crown"}],"items_purged_floors":[2,20,29,54],"is_endless":false,"potions_floor_spawned":[7,11,12,18,22,30,35,42,45,48,55],"killed_by":"The Heart","ascension_level":20}}