{"host":"dmtlrev5pkc1867p","time":1613832974,"event":{"mods":["AchievementEnabler","BaseMod","Colored Map","Colored Powertips","Downfall","Hermit","Highlight Path","Hubris","Infinite Spire","Marisa¡]Ãú«B¡@Å]²z¨F¡^","Minty Spire (QoL Compilation)","Permanent Neow","Quick Restart","Rare Cards Sparkle","Relic Sorter","Relic Stats","Replay The Spire","Shop Mod","StSLib","SuperFastMode","The Construct","The Cursed","The Mystic","The Necromancer","The Poker Player","The Runesmith","The Servant 0.9.4"],"gold_per_floor":[369,383,149,249,263,263,297,74,97,113,113,138,158,158,158,262,262,282,64,64,80,80,107,107,138,164,164,164,193,193,193,193,289,289,305,305,55,73,73,73,98,98,144,158,2,0,0,13,13,13,13,13,13,43,43,43],"floor_reached":55,"language":"ZHS","playtime":1977,"items_purged":["ReplayTheSpireMod:Splinters"],"score":1038,"play_id":"f23a86a9-2e0b-4c46-ab12-2e7837abd72c","local_time":"20210220225614","is_ascension_mode":true,"campfire_choices":[{"floor":6.0,"key":"REST"},{"floor":11.0,"key":"REST"},{"floor":15.0,"key":"REST"},{"floor":24.0,"key":"REST"},{"floor":28.0,"key":"REST"},{"floor":32.0,"key":"REST"},{"floor":40.0,"key":"REST"},{"floor":47.0,"key":"REST"},{"floor":49.0,"key":"RECALL"},{"floor":52,"key":"REST"}],"circlet_count":0,"master_deck":["Strike_G+1","Strike_G+1","Strike_G+1","Strike_G+1","Strike_G+1","Defend_G+1","Defend_G+1","Defend_G+1","Defend_G+1","Defend_G+1","Survivor","Neutralize","sneckomod:Defend+1","sneckomod:Strike+1","Crippling Poison","Flying Knee","Noxious Fumes","Blade Dance","Noxious Fumes","Sadistic Nature","Noxious Fumes","Catalyst","Corpse Explosion","Well Laid Plans","Wraith Form v2","ReplayTheSpireMod:Splinters","ReplayTheSpireMod:Doomed","Backflip+1","Replay:Dark Deal","Tools of the Trade","Night Terror","PiercingWail","Deadly Poison","A Thousand Cuts","Deflect+1","Toxin Wave","Poisoned Stab","Secret Weapon","Bane","Masterful Stab","Crippling Poison"],"relics":["Ring of the Snake","Pen Nib","Quantum Egg","Smiling Mask","hubris:Towel","Replay:Ancient Bell","Oddly Smooth Stone","Question Card","Durian","The Specimen","Anchor","Replay:Mystery Machine","hubris:SlimyHat","TungstenRod","Fusion Hammer","ClockworkSouvenir","HornCleat","Slimebound:StickyStick","ReplayFunnel","Red Mask","hubris:CuriousFeather"],"acts_visited":["Exordium","TheCity","TheBeyond","TheEnding"],"potions_floor_usage":[55],"damage_taken":[{"damage":0.0,"enemies":"Jaw Worm","floor":1.0,"turns":6.0},{"damage":14.0,"enemies":"Cultist","floor":2.0,"turns":6.0},{"damage":6.0,"enemies":"2 Louse","floor":5.0,"turns":3.0},{"damage":15.0,"enemies":"Gremlin Nob","floor":7.0,"turns":4.0},{"damage":5.0,"enemies":"Large Slime","floor":10.0,"turns":4.0},{"damage":12.0,"enemies":"3 Sentries","floor":12.0,"turns":5.0},{"damage":14.0,"enemies":"3 Louse","floor":13.0,"turns":2.0},{"damage":24.0,"enemies":"Slime Boss","floor":16.0,"turns":6.0},{"damage":14.0,"enemies":"3 Byrds","floor":18.0,"turns":3.0},{"damage":29.0,"enemies":"2 Thieves","floor":21.0,"turns":4.0},{"damage":0.0,"enemies":"Book of Stabbing","floor":23.0,"turns":3.0},{"damage":17.0,"enemies":"Slavers","floor":25.0,"turns":4.0},{"damage":6.0,"enemies":"Gremlin Leader","floor":29.0,"turns":4.0},{"damage":26.0,"enemies":"Colosseum Slavers","floor":31.0,"turns":3.0},{"damage":37.0,"enemies":"hubris:MusketHawk","floor":33.0,"turns":9.0},{"damage":34.0,"enemies":"3 Darklings","floor":35.0,"turns":5.0},{"damage":21.0,"enemies":"Orb Walker","floor":38.0,"turns":5.0},{"damage":17.0,"enemies":"R_Hoarder","floor":41.0,"turns":7.0},{"damage":0.0,"enemies":"3 Darklings","floor":44.0,"turns":5.0},{"damage":19.0,"enemies":"Sphere and 2 Shapes","floor":48.0,"turns":4.0},{"damage":11,"enemies":"hubris:GrandSnecko","floor":50,"turns":9},{"damage":70,"enemies":"Shield and Spear","floor":54,"turns":8},{"damage":47,"enemies":"The Heart","floor":55,"turns":6}],"seed_played":"4184265051648628712","potions_obtained":[{"floor":1.0,"key":"SpeedPotion"},{"floor":12.0,"key":"EssenceOfSteel"},{"floor":13.0,"key":"Dexterity Potion"},{"floor":16.0,"key":"Swift Potion"},{"floor":20.0,"key":"FairyPotion"},{"floor":20.0,"key":"SmokeBomb"},{"floor":20.0,"key":"DuplicationPotion"},{"floor":23.0,"key":"BlessingOfTheForge"},{"floor":25.0,"key":"SkillPotion"},{"floor":33.0,"key":"Explosive Potion"},{"floor":35.0,"key":"Milkshake"},{"floor":54,"key":"Guardian:BlockOnCardUsePotion"}],"is_trial":false,"path_per_floor":["M","M","$","?","M","R","E","$","T","M","R","E","M","?","R","B",null,"M","$","?","M","$","E","R","E","T","?","R","E","?","?","R","B",null,"M","?","$","M","?","R","E","?","T","M","$","?","R","M","R","B",null,"R","$","E","B"],"character_chosen":"THE_SILENT","items_purchased":["Noxious Fumes","Pen Nib","Sadistic Nature","Noxious Fumes","Replay:Dark Deal","The Specimen","ClockworkSouvenir","SmokeBomb","ReplayFunnel"],"campfire_rested":9,"item_purchase_floors":[3,3,8,8,19,22,37,37,45],"current_hp_per_floor":[63,49,49,49,43,64,49,49,49,44,65,53,39,39,60,36,67,53,53,53,24,3,3,25,8,8,33,55,49,49,23,45,8,58,24,24,24,3,3,25,8,8,8,8,8,8,30,11,11,22,62,75,75,5,0,0],"gold":43,"neow_bonus":"TWO_FIFTY_GOLD","is_daily":false,"chose_seed":true,"campfire_upgraded":0,"win_rate":0.0,"timestamp":1613832974,"path_taken":["M","M","$","?","?","R","E","$","T","M","R","E","M","?","R","BOSS","M","$","?","?","?","E","R","E","T","?","R","E","?","?","R","BOSS","M","?","$","M","?","R","E","?","T","?","$","?","R","M","R","BOSS","R","$","E","BOSS"],"items_purchased_type":["Card","Relic","Card","Card","Card","Relic","Relic","Potion","Relic"],"build_version":"2020-12-22","purchased_purges":1,"victory":false,"max_hp_per_floor":[70,70,70,70,70,70,70,70,70,70,70,70,70,70,70,70,75,75,75,75,75,75,75,75,75,75,75,75,75,75,75,75,75,75,75,75,75,75,75,75,75,75,75,75,75,75,75,75,75,75,75,75,75,75,75,75],"relic_stats":{"counters":[23,115],"Pen Nib":[15],"Smiling Mask":25,"Question Card":40,"obtain_stats":[{"ReplayFunnel":45,"The Specimen":22,"Quantum Egg":7,"Oddly Smooth Stone":17,"Pen Nib":3,"Replay:Ancient Bell":17,"hubris:SlimyHat":26,"hubris:Towel":14,"Replay:Mystery Machine":25,"Smiling Mask":12,"Question Card":17,"ClockworkSouvenir":37,"Anchor":23,"HornCleat":41,"Slimebound:StickyStick":43,"Fusion Hammer":34,"hubris:CuriousFeather":54,"Durian":17,"Red Mask":46,"TungstenRod":29,"Ring of the Snake":0},{"ReplayFunnel":19,"The Specimen":10,"Quantum Egg":4,"Oddly Smooth Stone":8,"Pen Nib":2,"Replay:Ancient Bell":8,"hubris:SlimyHat":12,"hubris:Towel":7,"Replay:Mystery Machine":12,"Smiling Mask":6,"Question Card":8,"ClockworkSouvenir":16,"Anchor":11,"HornCleat":18,"Slimebound:StickyStick":18,"Fusion Hammer":15,"hubris:CuriousFeather":22,"Durian":8,"Red Mask":19,"TungstenRod":13,"Ring of the Snake":0},{"ReplayFunnel":88,"The Specimen":43,"Quantum Egg":19,"Oddly Smooth Stone":36,"Pen Nib":12,"Replay:Ancient Bell":36,"hubris:SlimyHat":50,"hubris:Towel":30,"Replay:Mystery Machine":50,"Smiling Mask":28,"Question Card":36,"ClockworkSouvenir":71,"Anchor":46,"HornCleat":83,"Slimebound:StickyStick":83,"Fusion Hammer":66,"hubris:CuriousFeather":109,"Durian":36,"Red Mask":88,"TungstenRod":54,"Ring of the Snake":0}],"TungstenRod":51,"Ring of the Snake":[46]},"card_choices":[{"not_picked":["Blur","Slice"],"picked":"Crippling Poison","floor":1.0},{"not_picked":["Prepared","Expertise"],"picked":"Flying Knee","floor":2.0},{"not_picked":["Sucker Punch","hubris:SlightOfHand"],"picked":"Blade Dance","floor":5.0},{"not_picked":["Dodge and Roll","Blur"],"picked":"Noxious Fumes","floor":7.0},{"not_picked":["Underhanded Strike","Dagger Spray"],"picked":"Catalyst","floor":10.0},{"not_picked":["Masterful Stab","Toxin Wave"],"picked":"Corpse Explosion","floor":12.0},{"not_picked":["Terror","Predator"],"picked":"Well Laid Plans","floor":13.0},{"not_picked":["Night Terror","Poison Darts"],"picked":"Wraith Form v2","floor":16.0},{"not_picked":["ReplayTheSpireMod:Faulty Equipment","Pain","Overencumbered"],"picked":"ReplayTheSpireMod:Splinters","floor":17.0},{"not_picked":["Replay:Hysterical Blindness","Looming Evil","downfall:Bewildered"],"picked":"ReplayTheSpireMod:Splinters","floor":17.0},{"not_picked":["hubris:Sloth","TheCursedMod:Dregs","ReplayTheSpireMod:IOU"],"picked":"ReplayTheSpireMod:Doomed","floor":17.0},{"not_picked":["Flying Knee","Acrobatics","hubris:SlightOfHand+1"],"picked":"Backflip+1","floor":18.0},{"not_picked":["Prepared","Crippling Poison+1","Underhanded Strike"],"picked":"Tools of the Trade","floor":21.0},{"not_picked":["Deadly Poison","Dagger Throw","Bane"],"picked":"Night Terror","floor":23.0},{"not_picked":["Dodge and Roll","Flying Knee","Blade Dance"],"picked":"PiercingWail","floor":25.0},{"not_picked":["Slice","Dodge and Roll","Dagger Spray"],"picked":"Deadly Poison","floor":29.0},{"not_picked":["Doppelganger","Atom Bomb","Night Terror"],"picked":"A Thousand Cuts","floor":33.0},{"not_picked":["Prepared","Underhanded Strike+1","Sucker Punch"],"picked":"Deflect+1","floor":35.0},{"not_picked":["hubris:SlightOfHand+1","Blur","Poisoned Stab"],"picked":"Toxin Wave","floor":38.0},{"not_picked":["Acrobatics","Flying Knee","Choke+1"],"picked":"Poisoned Stab","floor":41.0},{"not_picked":["Survey Options","Flash of Steel","Discovery"],"picked":"Secret Weapon","floor":42.0},{"not_picked":["Sucker Punch+1","hubris:SlightOfHand+1","Sneak Up"],"picked":"Bane","floor":44.0},{"not_picked":["Dodge and Roll+1","Outmaneuver","Dagger Throw"],"picked":"Masterful Stab","floor":48.0},{"not_picked":["Slice+1","Deflect","Deadly Poison"],"picked":"Crippling Poison","floor":54}],"player_experience":754578,"relics_obtained":[{"floor":7.0,"key":"Quantum Egg"},{"floor":12.0,"key":"Smiling Mask"},{"floor":23.0,"key":"Anchor"},{"floor":25.0,"key":"Replay:Mystery Machine"},{"floor":26.0,"key":"hubris:SlimyHat"},{"floor":29.0,"key":"TungstenRod"},{"floor":41.0,"key":"HornCleat"},{"floor":43.0,"key":"Slimebound:StickyStick"},{"floor":54,"key":"hubris:CuriousFeather"}],"event_choices":[{"damage_healed":0.0,"max_hp_gain":0.0,"max_hp_loss":0.0,"gold_gain":100.0,"event_name":"Golden Shrine","player_choice":"Pray","floor":4.0,"gold_loss":0.0,"damage_taken":0.0},{"damage_healed":0.0,"max_hp_gain":0.0,"max_hp_loss":0.0,"gold_gain":0.0,"event_name":"Lab","player_choice":"Got Potions","floor":20.0,"gold_loss":0.0,"damage_taken":0.0},{"damage_healed":25.0,"max_hp_gain":0.0,"max_hp_loss":0.0,"gold_gain":0.0,"event_name":"The Library","player_choice":"Heal","floor":27.0,"gold_loss":0.0,"damage_taken":0.0},{"damage_healed":0.0,"max_hp_gain":0.0,"max_hp_loss":0.0,"gold_gain":0.0,"event_name":"Back to Basics","player_choice":"Simplicity","floor":30.0,"gold_loss":0.0,"damage_taken":0.0,"cards_upgraded":["Strike_G","Strike_G","Strike_G","Strike_G","Strike_G","Defend_G","Defend_G","Defend_G","Defend_G","Defend_G","sneckomod:Defend","sneckomod:Strike"]},{"damage_healed":0.0,"max_hp_gain":0.0,"max_hp_loss":0.0,"gold_gain":0.0,"event_name":"Colosseum","player_choice":"Fight","floor":31.0,"gold_loss":0.0,"damage_taken":0.0},{"damage_healed":0.0,"max_hp_gain":0.0,"max_hp_loss":0.0,"gold_gain":0.0,"event_name":"Colosseum","player_choice":"Fled From Nobs","floor":31.0,"gold_loss":0.0,"damage_taken":0.0},{"damage_healed":0.0,"max_hp_gain":0.0,"max_hp_loss":0.0,"gold_gain":0.0,"event_name":"SensoryStone","player_choice":"Memory 1","floor":42.0,"gold_loss":0.0,"damage_taken":0.0},{"damage_healed":0.0,"max_hp_gain":0.0,"max_hp_loss":0.0,"gold_gain":0.0,"event_name":"Tomb of Lord Red Mask","player_choice":"Paid","floor":46.0,"gold_loss":2.0,"damage_taken":0.0,"relics_obtained":["Red Mask"]}],"is_beta":false,"boss_relics":[{"not_picked":["hubris:Stopwatch","Ring of Chaos"],"picked":"Replay:Ancient Bell"},{"not_picked":["Blue Doll","hubris:ToyBattleship"],"picked":"Oddly Smooth Stone"},{"not_picked":["hubris:BottledRain","infinitespire:Broken Mirror"],"picked":"Question Card"},{"not_picked":["Byrd Skull","Pocketwatch"],"picked":"Durian"},{"not_picked":["Coffee Dripper","hubris:VirtuousBlindfold"],"picked":"Fusion Hammer"}],"items_purged_floors":[19],"is_endless":false,"potions_floor_spawned":[1,12,13,16,23,25,31,33,35,54],"killed_by":"The Heart","ascension_level":7}}