{"host":"1a3cjta80tad0aqj","time":1613824165,"event":{"mods":["2.2 Compatiblity","AchievementEnabler","BaseMod","Colored Map","DeckTracker","KOR Keyword Fix","Keyboard Shortcuts","Minty Spire (QoL Compilation)","Permanent Neow","Quick Restart","Random Character Button","StSLib","SuperFastMode","everything is the same but u backflip on backflip"],"gold_per_floor":[114,129,129,144,159,189,204,234,234,234,234,41,41,56,56,156,156,171,196,226,45,60,90,105,135,210,309,309,324,339,354,354,354,354],"floor_reached":33,"language":"KOR","playtime":2445,"items_purged":["Fission"],"score":369,"play_id":"3bb1e81d-4f9d-4bdb-a17c-6154d4dbde83","local_time":"20210220212925","daily_mods":["Shiny","Red Cards","DeadlyEvents"],"is_ascension_mode":false,"campfire_choices":[{"data":"Sunder","floor":10.0,"key":"SMITH"},{"floor":13.0,"key":"REST"},{"data":"True Grit","floor":15.0,"key":"SMITH"},{"floor":28,"key":"REST"},{"floor":32,"key":"REST"}],"circlet_count":0,"master_deck":["Double Tap","Demon Form","Bludgeon","Feed","Limit Break","Corruption","Barricade","Fiend Fire+1","Berserk","Impervious","Juggernaut","Brutality","Reaper","Exhume","Offering","Immolate","Hyperbeam","Thunder Strike","Biased Cognition","Machine Learning","Electrodynamics","Buffer","Rainbow","Seek","Echo Form","All For One","Reboot","Amplify","Creative AI","Core Surge+1","Dual Wield","Hologram","Conserve Battery","Sword Boomerang","Sunder+1","Stack","True Grit+1","Battle Trance+1","Genetic Algorithm","Apotheosis","BootSequence","Sweeping Beam+1","Skim","Chill","Leap"],"relics":["Cracked Core","Anchor","Gambling Chip","Oddly Smooth Stone","Mercury Hourglass","Empty Cage","Whetstone","Strawberry","Centennial Puzzle","Matryoshka","Letter Opener","Ornamental Fan"],"acts_visited":["Exordium","TheCity"],"potions_floor_usage":[16,16,20,25,29,30,33],"damage_taken":[{"damage":6.0,"enemies":"Cultist","floor":1.0,"turns":2.0},{"damage":18.0,"enemies":"Jaw Worm","floor":2.0,"turns":3.0},{"damage":0.0,"enemies":"Small Slimes","floor":4.0,"turns":2.0},{"damage":10.0,"enemies":"Looter","floor":5.0,"turns":2.0},{"damage":11.0,"enemies":"3 Sentries","floor":6.0,"turns":3.0},{"damage":0.0,"enemies":"2 Fungi Beasts","floor":7.0,"turns":1.0},{"damage":19.0,"enemies":"Gremlin Nob","floor":8.0,"turns":4.0},{"damage":1.0,"enemies":"Large Slime","floor":14.0,"turns":4.0},{"damage":36,"enemies":"Hexaghost","floor":16,"turns":6},{"damage":6,"enemies":"Spheric Guardian","floor":18,"turns":3},{"damage":34,"enemies":"Slavers","floor":20,"turns":4},{"damage":2,"enemies":"Chosen","floor":22,"turns":4},{"damage":6,"enemies":"Gremlin Leader","floor":23,"turns":3},{"damage":0,"enemies":"Snecko","floor":24,"turns":3},{"damage":34,"enemies":"Book of Stabbing","floor":25,"turns":5},{"damage":21,"enemies":"Snake Plant","floor":29,"turns":3},{"damage":0,"enemies":"Cultist and Chosen","floor":30,"turns":3},{"damage":8,"enemies":"Centurion and Healer","floor":31,"turns":7},{"damage":91,"enemies":"Collector","floor":33,"turns":9}],"seed_played":"3618718455484561711","potions_obtained":[{"floor":5.0,"key":"Fire Potion"},{"floor":7.0,"key":"Explosive Potion"},{"floor":8.0,"key":"AttackPotion"},{"floor":16,"key":"Energy Potion"},{"floor":22,"key":"SteroidPotion"},{"floor":23,"key":"SkillPotion"},{"floor":24,"key":"CultistPotion"},{"floor":25,"key":"SkillPotion"},{"floor":29,"key":"ColorlessPotion"}],"is_trial":false,"path_per_floor":["M","M","?","M","M","E","M","E","T","R","T","$","R","M","R","B",null,"M","T","E","$","M","E","M","E","T","?","R","M","M","M","R","B"],"character_chosen":"DEFECT","items_purchased":["Stack","True Grit","FearPotion","Apotheosis"],"campfire_rested":3,"item_purchase_floors":[12,12,12,21],"current_hp_per_floor":[69,51,51,51,41,42,42,23,23,23,23,23,45,44,44,11,78,72,72,51,51,53,47,47,17,17,17,43,22,22,20,46,0,0],"gold":354,"neow_bonus":"","is_daily":true,"chose_seed":false,"campfire_upgraded":2,"win_rate":0.0,"timestamp":1613824165,"path_taken":["M","M","?","M","M","E","M","E","T","R","?","$","R","M","R","BOSS","M","?","?","$","M","E","M","E","T","?","R","M","?","M","R","BOSS"],"items_purchased_type":["Card","Card","Potion","Card"],"build_version":"2020-12-22","purchased_purges":1,"victory":false,"max_hp_per_floor":[75,75,75,75,75,75,75,75,75,75,75,75,75,75,75,78,78,78,78,85,85,85,85,85,89,89,89,89,89,89,89,89,89,89],"card_choices":[{"not_picked":["Gash","Cold Snap","Intimidate"],"picked":"SKIP","floor":1.0},{"not_picked":["Clothesline","Entrench"],"picked":"Dual Wield","floor":2.0},{"not_picked":["Barrage","Conserve Battery"],"picked":"Hologram","floor":4.0},{"not_picked":["Redo","Brutality"],"picked":"Conserve Battery","floor":5.0},{"not_picked":["Static Discharge","Capacitor"],"picked":"Sword Boomerang","floor":6.0},{"not_picked":["Wild Strike","Lockon"],"picked":"Sunder","floor":7.0},{"not_picked":["Cold Snap","Twin Strike","Clash"],"picked":"SKIP","floor":8.0},{"not_picked":["Redo","Havoc","Go for the Eyes"],"picked":"SKIP","floor":14.0},{"not_picked":["Beam Cell","Seeing Red"],"picked":"Battle Trance+1","floor":18},{"not_picked":["Whirlwind","Hemokinesis"],"picked":"Genetic Algorithm","floor":20},{"not_picked":["Havoc+1","Force Field"],"picked":"BootSequence","floor":22},{"not_picked":["Burning Pact","Headbutt","Streamline"],"picked":"SKIP","floor":23},{"not_picked":["Redo+1","Heavy Blade"],"picked":"Sweeping Beam+1","floor":24},{"not_picked":["Combust+1","Burning Pact","Sever Soul"],"picked":"SKIP","floor":25},{"not_picked":["Pommel Strike","Gash"],"picked":"Skim","floor":29},{"not_picked":["Rebound","Seek"],"picked":"Chill","floor":30},{"not_picked":["Body Slam","Sentinel+1"],"picked":"Leap","floor":31}],"player_experience":874880,"relics_obtained":[{"floor":6.0,"key":"Anchor"},{"floor":8.0,"key":"Gambling Chip"},{"floor":9.0,"key":"Oddly Smooth Stone"},{"floor":11.0,"key":"Mercury Hourglass"},{"floor":19,"key":"Whetstone"},{"floor":20,"key":"Strawberry"},{"floor":23,"key":"Centennial Puzzle"},{"floor":25,"key":"Matryoshka"},{"floor":26,"key":"Letter Opener"},{"floor":26,"key":"Ornamental Fan"}],"event_choices":[{"damage_healed":0.0,"max_hp_gain":0.0,"max_hp_loss":0.0,"gold_gain":0.0,"event_name":"Liars Game","player_choice":"Ignored","floor":3.0,"gold_loss":0.0,"damage_taken":0.0},{"damage_healed":0,"gold_gain":99,"player_choice":"Stole From Cult","damage_taken":0,"max_hp_gain":0,"max_hp_loss":0,"event_name":"Nest","floor":27,"gold_loss":0}],"is_beta":false,"boss_relics":[{"not_picked":["Tiny House","Runic Dome"],"picked":"Empty Cage"}],"items_purged_floors":[12],"is_endless":false,"potions_floor_spawned":[5,7,8,16,22,23,24,25,29],"killed_by":"Collector","ascension_level":0}}