{"host":"p7tmakh9l6iw5m47","time":1613790086,"event":{"mods":["Act Like it!","BaseMod","Conspire","Downfall","Googly Eyes","Highlight Path","Hubris","Ironclad Rager","Mimic Mod","Minty Spire (QoL Compilation)","Pale of the Ancients","Random Character Mod","Replay The Spire","Reworked Bosses","Ruina","Shapeshifter Mod","StSLib","The Forsaken","The IronCluck","The Juggle","The Jungle","The Necromancer","The Runesmith"],"gold_per_floor":[99,109,126,126,146,164,164,176,189,189,199,199,199,299,312,407,407,407,425,439,501,566,577,577,835,835,851,880,880,421,471,471,471],"floor_reached":31,"language":"ENG","playtime":1523,"items_purged":[],"score":278,"play_id":"e54f6f4e-e6be-43f6-b617-0957adc3f1e3","local_time":"20210220120126","is_ascension_mode":false,"campfire_choices":[{"data":"Slimebound:CorrosiveSpit","floor":1,"key":"SMITH"},{"data":"Slimebound:MegaLick","floor":13,"key":"SMITH"},{"floor":18,"key":"DIG"},{"floor":26,"key":"REST"},{"data":"Slimebound:MassRepurpose","floor":29,"key":"SMITH"}],"circlet_count":0,"master_deck":["Slimebound:Strike_Slimebound","Slimebound:Strike_Slimebound","Slimebound:Strike_Slimebound","Slimebound:Tackle","Slimebound:Defend_Slimebound","Slimebound:Defend_Slimebound","Slimebound:Defend_Slimebound","Slimebound:Defend_Slimebound","Slimebound:Split","Slimebound:CorrosiveSpit+1","Slimebound:Schlurp","Slimebound:SplitLeeching","hubris:Disease","Slimebound:Dissolve","Slimebound:RallyTheTroops","Slimebound:GrowthPunch","Slimebound:PressTheAttack","Discovery","Slimebound:MegaLick+1","theForsaken:PlagueCurse","Slimebound:ItLooksTasty","Slimebound:TongueLash","Slimebound:MassRepurpose+1","Slimebound:RejuvenatingLick","Slimebound:FinishingTackle+1","Slimebound:HauntingLick+1","Slimebound:Schlurp","Slimebound:Equalize+1","Slimebound:LeechLife","Slimebound:SplitAcid+1","expansioncontent:StudyTheSpire","Slimebound:GoopSpray+1"],"relics":["hubris:ScarierMask","ReplayTheSpireMod:Ring of Sloth","Ring of Misfortune","Iron Hammer","theForsaken:PlagueMask","downfall:CloakOfManyFaces","CultistMask","FaceOfCleric","NlothsMask","GremlinMask","SsserpentHead","SlaversCollar","Darkstone Periapt","Incense Burner","Membership Card","hubris:BottledRain"],"acts_visited":["Exordium","TheCity"],"potions_floor_usage":[20,27,27,28,28],"damage_taken":[{"damage":1,"enemies":"Jaw Worm","floor":2,"turns":4},{"damage":3,"enemies":"Small Slimes","floor":3,"turns":2},{"damage":0,"enemies":"Cultist","floor":5,"turns":3},{"damage":0,"enemies":"3 Louse","floor":6,"turns":2},{"damage":0,"enemies":"downfall:LooterAlt","floor":8,"turns":3},{"damage":0,"enemies":"Lots of Slimes","floor":9,"turns":3},{"damage":0,"enemies":"Gremlin Gang","floor":11,"turns":3},{"damage":5,"enemies":"downfall:FaceTrader","floor":14,"turns":9},{"damage":0,"enemies":"3 Louse","floor":15,"turns":2},{"damage":6,"enemies":"SI_SHIV_ARCHETYPE","floor":16,"turns":9},{"damage":10,"enemies":"Spheric Guardian","floor":19,"turns":4},{"damage":11,"enemies":"Shell Parasite","floor":20,"turns":6},{"damage":8,"enemies":"3 Cultists","floor":21,"turns":5},{"damage":8,"enemies":"Shelled Parasite and Fungi","floor":22,"turns":4},{"damage":10,"enemies":"Centurion and Healer","floor":23,"turns":4},{"damage":20,"enemies":"Snecko","floor":27,"turns":5},{"damage":0,"enemies":"conspire:Head Lice","floor":28,"turns":6},{"damage":4,"enemies":"downfall:FleeingMerchant","floor":30,"turns":4}],"seed_played":"-4734259565019239098","potions_obtained":[{"floor":5,"key":"Swift Potion"},{"floor":6,"key":"champ:CounterPotion"},{"floor":8,"key":"BlessingOfTheForge"},{"floor":11,"key":"Fire Potion"},{"floor":20,"key":"Adrenaline Potion"},{"floor":23,"key":"Reflective Coating"},{"floor":27,"key":"ColorlessPotion"}],"is_trial":false,"path_per_floor":["R","M","M","?","M","M","T","M","M","?","M","?","R","?","M","B",null,"R","M","M","M","M","M","T","?","R","M","E","R","$","?"],"character_chosen":"SLIMEBOUND","items_purchased":["Membership Card","hubris:BottledRain","expansioncontent:StudyTheSpire","Slimebound:GoopSpray+1","Strength Potion","Strength Potion"],"campfire_rested":1,"item_purchase_floors":[30,30,30,30,30,30],"current_hp_per_floor":[65,64,61,61,61,61,61,61,61,61,61,61,61,56,57,52,67,67,58,48,41,34,25,25,7,28,9,22,22,19,0,0,0],"gold":471,"neow_bonus":"BOSS_RELIC","is_daily":false,"chose_seed":false,"campfire_upgraded":3,"win_rate":0.0,"timestamp":1613790086,"path_taken":["R","M","M","?","M","M","T","M","M","?","?","?","R","?","M","BOSS","R","M","M","?","?","M","T","?","R","M","E","R","$","?"],"items_purchased_type":["Relic","Relic","Card","Card","Potion","Potion"],"build_version":"2020-12-22","purchased_purges":0,"victory":false,"max_hp_per_floor":[65,65,65,65,65,65,65,65,65,65,65,65,65,65,66,67,67,67,68,69,70,71,72,72,72,72,73,74,74,75,75,75,75],"card_choices":[{"not_picked":["Slimebound:ItLooksTasty","Slimebound:SamplingLick"],"picked":"Slimebound:Schlurp","floor":2},{"not_picked":["Slimebound:LivingWall","Slimebound:LeechEnergy"],"picked":"Slimebound:SplitLeeching","floor":3},{"not_picked":["Slimebound:ViciousTackle","Slimebound:TongueLash"],"picked":"Slimebound:Dissolve","floor":5},{"not_picked":["Slimebound:AcidTongue","Slimebound:RollThrough"],"picked":"Slimebound:RallyTheTroops","floor":6},{"not_picked":["Slimebound:Prepare","Slimebound:FlameTackle"],"picked":"Slimebound:GrowthPunch","floor":8},{"not_picked":["Slimebound:RollThrough","Slimebound:SplitLeeching"],"picked":"Slimebound:PressTheAttack","floor":9},{"not_picked":["Slimebound:LivingWall","Slimebound:SplitLeeching"],"picked":"Slimebound:MegaLick","floor":11},{"not_picked":["Slimebound:PressTheAttack","Slimebound:Chomp"],"picked":"Slimebound:ItLooksTasty","floor":14},{"not_picked":["Slimebound:SlimeBrawl","Slimebound:Grow"],"picked":"Slimebound:TongueLash","floor":15},{"not_picked":["Slimebound:LeechLife","Slimebound:SelfFormingGoo"],"picked":"Slimebound:MassRepurpose","floor":16},{"not_picked":["Slimebound:HauntingLick","Slimebound:BestDefense+1"],"picked":"Slimebound:RejuvenatingLick","floor":19},{"not_picked":["Slimebound:ComboTackle+1","Slimebound:RollThrough+1"],"picked":"Slimebound:FinishingTackle+1","floor":20},{"not_picked":["Slimebound:GrowthPunch","Slimebound:SpikyOuterGoop","Slimebound:GoopTackle"],"picked":"SKIP","floor":21},{"not_picked":["Slimebound:Prepare","Slimebound:Dissolve"],"picked":"Slimebound:HauntingLick+1","floor":22},{"not_picked":["Slimebound:SlimeSpikes","Slimebound:LivingWall"],"picked":"Slimebound:Schlurp","floor":23},{"not_picked":["Slimebound:HauntingLick","Slimebound:AcidTongue"],"picked":"Slimebound:Equalize+1","floor":27},{"not_picked":["Slimebound:SamplingLick","Slimebound:LeechingTouch"],"picked":"Slimebound:LeechLife","floor":28},{"not_picked":["Slimebound:Teamwork","Slimebound:SlimeTap"],"picked":"Slimebound:SplitAcid+1","floor":30}],"player_experience":172693,"relics_obtained":[{"floor":4,"key":"ReplayTheSpireMod:Ring of Sloth"},{"floor":4,"key":"Ring of Misfortune"},{"floor":7,"key":"Iron Hammer"},{"floor":14,"key":"downfall:CloakOfManyFaces"},{"floor":18,"key":"Darkstone Periapt"},{"floor":28,"key":"Incense Burner"}],"event_choices":[{"damage_healed":0,"gold_gain":0,"player_choice":"Obtain Plague Curse","damage_taken":0,"max_hp_gain":0,"max_hp_loss":0,"event_name":"Plague Doctor","floor":12,"gold_loss":0,"cards_obtained":["theForsaken:PlagueCurse"]}],"is_beta":false,"boss_relics":[{"not_picked":["Replay:Drink Me","Kintsugi"],"picked":"SlaversCollar"}],"items_purged_floors":[],"is_endless":false,"potions_floor_spawned":[5,6,8,11,16,20,22,23,27],"ascension_level":0}}