{"host":"nsc6ozq3atyrdr3m","time":1613819922,"event":{"mods":["BaseMod","Colored Map","Minty Spire (QoL Compilation)"],"gold_per_floor":[114,114,125,140,140,140,28,66,137,155,195,345,345,109,109,204,204,229,262,262,262,262],"floor_reached":21,"language":"FRA","playtime":416,"items_purged":["Doubt"],"score":370,"play_id":"e1942211-6817-4f24-a475-43d61f496f32","local_time":"20210220121842","is_ascension_mode":true,"campfire_choices":[{"data":"Bash","floor":6,"key":"SMITH"},{"floor":13,"key":"REST"},{"data":"Demon Form","floor":15,"key":"SMITH"}],"circlet_count":0,"master_deck":["AscendersBane","Strike_R","Strike_R","Strike_R","Defend_R","Defend_R","Defend_R","Defend_R","Bash+1","Clothesline","Double Tap","Sword Boomerang","Reaper","Flex","Whirlwind","Demon Form+1","Flame Barrier","Rupture","Offering","Inflame"],"relics":["Burning Blood","NeowsBlessing","Golden Idol","Nunchaku","Blue Candle","WingedGreaves","Busted Crown","Red Mask"],"acts_visited":["Exordium","TheCity"],"potions_floor_usage":[8,11,18],"damage_taken":[{"damage":0,"enemies":"2 Louse","floor":1,"turns":1},{"damage":0,"enemies":"Cultist","floor":3,"turns":1},{"damage":0,"enemies":"Small Slimes","floor":4,"turns":1},{"damage":35,"enemies":"3 Sentries","floor":8,"turns":10},{"damage":13,"enemies":"Blue Slaver","floor":10,"turns":4},{"damage":14,"enemies":"Gremlin Nob","floor":11,"turns":3},{"damage":39,"enemies":"Hexaghost","floor":16,"turns":8},{"damage":35,"enemies":"Shell Parasite","floor":18,"turns":5},{"damage":42,"enemies":"Masked Bandits","floor":19,"turns":4},{"damage":22,"enemies":"Spheric Guardian","floor":21,"turns":3}],"seed_played":"2235357945672948210","potions_obtained":[{"floor":4,"key":"CultistPotion"},{"floor":10,"key":"AttackPotion"},{"floor":16,"key":"DuplicationPotion"},{"floor":18,"key":"Fruit Juice"}],"is_trial":false,"path_per_floor":["M","?","M","M","?","R","$","E","T","M","E","?","R","$","R","B",null,"M","?","?","M"],"character_chosen":"IRONCLAD","items_purchased":["Flex","Fire Potion","Flame Barrier","Rupture"],"campfire_rested":1,"item_purchase_floors":[7,7,14,14],"current_hp_per_floor":[74,74,75,75,49,49,49,44,44,41,33,33,55,55,55,55,70,46,14,14,0,0],"gold":262,"neow_bonus":"THREE_ENEMY_KILL","is_daily":false,"chose_seed":false,"campfire_upgraded":2,"win_rate":0.0,"timestamp":1613819922,"path_taken":["M","?","?","M","?","R","$","E","T","M","E","?","R","$","R","BOSS","M","?","?","?"],"items_purchased_type":["Card","Potion","Card","Card"],"build_version":"2020-12-22","purchased_purges":1,"victory":false,"max_hp_per_floor":[75,75,75,75,75,75,75,75,75,75,75,75,75,75,75,75,75,80,80,80,80,80],"card_choices":[{"not_picked":["Anger","Body Slam"],"picked":"Clothesline","floor":1},{"not_picked":["Clothesline","Body Slam"],"picked":"Sword Boomerang","floor":3},{"not_picked":["Headbutt","Anger"],"picked":"Reaper","floor":4},{"not_picked":["Sentinel","Dark Embrace","Anger"],"picked":"SKIP","floor":8},{"not_picked":["Clash","Perfected Strike"],"picked":"Whirlwind","floor":10},{"not_picked":["Thunderclap","Searing Blow"],"picked":"Demon Form","floor":11},{"not_picked":["Immolate","Corruption"],"picked":"Offering","floor":16},{"not_picked":[],"picked":"Inflame","floor":18}],"player_experience":433799,"relics_obtained":[{"floor":8,"key":"Nunchaku"},{"floor":9,"key":"Blue Candle"},{"floor":11,"key":"WingedGreaves"},{"floor":19,"key":"Red Mask"}],"event_choices":[{"damage_healed":0,"gold_gain":0,"cards_transformed":["Strike_R"],"player_choice":"Transformed","damage_taken":0,"max_hp_gain":0,"max_hp_loss":0,"event_name":"Transmorgrifier","floor":2,"gold_loss":0,"cards_obtained":["Double Tap"]},{"damage_healed":0,"gold_gain":0,"player_choice":"Take Damage","damage_taken":26,"relics_obtained":["Golden Idol"],"max_hp_gain":0,"max_hp_loss":0,"event_name":"Golden Idol","floor":5,"gold_loss":0},{"damage_healed":0,"gold_gain":150,"player_choice":"AGREE","damage_taken":0,"max_hp_gain":0,"max_hp_loss":0,"event_name":"Liars Game","floor":12,"gold_loss":0,"cards_obtained":["Doubt"]},{"damage_healed":0,"gold_gain":0,"player_choice":"Fought Bandits","damage_taken":0,"max_hp_gain":0,"max_hp_loss":0,"event_name":"Masked Bandits","floor":19,"gold_loss":0},{"cards_removed":["Strike_R"],"damage_healed":0,"gold_gain":0,"player_choice":"Purged","damage_taken":0,"max_hp_gain":0,"max_hp_loss":0,"event_name":"Purifier","floor":20,"gold_loss":0}],"is_beta":false,"boss_relics":[{"not_picked":["Coffee Dripper","Astrolabe"],"picked":"Busted Crown"}],"items_purged_floors":[14],"is_endless":false,"potions_floor_spawned":[4,10,16,18],"killed_by":"Spheric Guardian","ascension_level":20}}