{"host":"s41rn2jhghpwfrvz","time":1613799002,"event":{"mods":["BaseMod","Minty Spire (QoL Compilation)","Quick Restart","Relic Stats","SuperFastMode"],"gold_per_floor":[113,127,127,127,147,147,174,202,239,251,291,330,367,394,406,493,505,529,553,565,612,639,680,692,721,733,774,786,830,877,939,951,1040,1052,1079,257,257,51,61,91,91,104,129,129,147,175,201,533,533,533,533,533,533,115,147,147],"floor_reached":57,"language":"ENG","playtime":1655,"items_purged":["Storm of Steel+1","Uppercut+1"],"score":3742,"play_id":"81df7f3f-8136-48d5-af81-734aac8ed934","local_time":"20210220073002","daily_mods":["SealedDeck","Diverse","DeadlyEvents"],"is_ascension_mode":true,"campfire_choices":[{"data":"Flex","floor":6,"key":"SMITH"},{"data":"Turbo","floor":10,"key":"SMITH"},{"data":"SignatureMove","floor":15,"key":"SMITH"},{"floor":24,"key":"RECALL"},{"data":"Uppercut","floor":28,"key":"SMITH"},{"floor":32,"key":"REST"},{"data":"Flash of Steel","floor":41,"key":"SMITH"},{"data":"Blur","floor":49,"key":"SMITH"},{"floor":53,"key":"REST"}],"circlet_count":0,"master_deck":["AscendersBane","Uppercut+1","Turbo+1","SignatureMove+1","Seeing Red+1","Backflip+1","Flash of Steel+1","Blur+1"],"relics":["Burning Blood","MawBank","Orichalcum","War Paint","Charon\u0027s Ashes","Black Star","Eternal Feather","Question Card","Art of War","Bronze Scales","Whetstone","Darkstone Periapt","Gambling Chip","The Courier","Blood Vial","Mummified Hand","Tiny Chest","Champion Belt","Astrolabe","Gremlin Horn","Lantern","Bag of Preparation","Nunchaku","Omamori","TheAbacus","Oddly Smooth Stone","Ancient Tea Set","CeramicFish","Kunai","Strawberry","Happy Flower","Anchor","Boot","Old Coin","Centennial Puzzle","Shuriken","Sling","Toy Ornithopter","Blue Candle"],"acts_visited":["Exordium","TheCity","TheBeyond","TheEnding"],"potions_floor_usage":[21,23,35,56,56],"damage_taken":[{"damage":0,"enemies":"Small Slimes","floor":1,"turns":1},{"damage":0,"enemies":"2 Louse","floor":2,"turns":2},{"damage":0,"enemies":"Cultist","floor":5,"turns":2},{"damage":15,"enemies":"Lagavulin","floor":7,"turns":3},{"damage":6,"enemies":"Exordium Thugs","floor":8,"turns":2},{"damage":0,"enemies":"Gremlin Nob","floor":11,"turns":2},{"damage":10,"enemies":"Lagavulin","floor":12,"turns":3},{"damage":10,"enemies":"3 Sentries","floor":13,"turns":4},{"damage":6,"enemies":"Lots of Slimes","floor":14,"turns":2},{"damage":16,"enemies":"Hexaghost","floor":16,"turns":3},{"damage":17,"enemies":"Shell Parasite","floor":18,"turns":3},{"damage":8,"enemies":"2 Thieves","floor":19,"turns":3},{"damage":5,"enemies":"Slavers","floor":21,"turns":2},{"damage":3,"enemies":"Sentry and Sphere","floor":22,"turns":3},{"damage":9,"enemies":"Book of Stabbing","floor":23,"turns":3},{"damage":0,"enemies":"3 Cultists","floor":25,"turns":3},{"damage":26,"enemies":"Slavers","floor":27,"turns":3},{"damage":18,"enemies":"Gremlin Leader","floor":29,"turns":3},{"damage":2,"enemies":"Book of Stabbing","floor":30,"turns":2},{"damage":20,"enemies":"Automaton","floor":33,"turns":6},{"damage":6,"enemies":"Orb Walker","floor":35,"turns":2},{"damage":0,"enemies":"3 Darklings","floor":39,"turns":2},{"damage":0,"enemies":"Nemesis","floor":40,"turns":3},{"damage":0,"enemies":"Transient","floor":42,"turns":6},{"damage":0,"enemies":"Spire Growth","floor":45,"turns":3},{"damage":0,"enemies":"Giant Head","floor":46,"turns":6},{"damage":0,"enemies":"Reptomancer","floor":47,"turns":3},{"damage":0,"enemies":"Nemesis","floor":48,"turns":3},{"damage":0,"enemies":"Donu and Deca","floor":50,"turns":12},{"damage":0,"enemies":"Awakened One","floor":51,"turns":14},{"damage":4,"enemies":"Shield and Spear","floor":55,"turns":6},{"damage":3,"enemies":"The Heart","floor":56,"turns":9}],"seed_played":"1672506399665118328","potions_obtained":[{"floor":1,"key":"Explosive Potion"},{"floor":2,"key":"AttackPotion"},{"floor":21,"key":"Fire Potion"},{"floor":23,"key":"BlessingOfTheForge"},{"floor":33,"key":"Energy Potion"},{"floor":42,"key":"Fire Potion"}],"is_trial":true,"path_per_floor":["M","M","?","?","M","R","E","M","T","R","E","E","E","M","R","B",null,"M","M","?","E","M","E","R","M","T","E","R","E","E","?","R","B",null,"M","$","?","$","M","E","R","M","T","T","M","E","E","E","R","B","B",null,"R","$","E","B",null],"character_chosen":"IRONCLAD","items_purchased":["Gremlin Horn","Lantern","Bag of Preparation","Nunchaku","Omamori","Flash of Steel","TheAbacus","Shuriken","Sling","LiquidMemories"],"campfire_rested":2,"item_purchase_floors":[36,36,36,36,36,36,38,54,54,54],"current_hp_per_floor":[74,75,68,73,79,79,70,70,70,70,76,72,68,68,68,58,75,64,62,62,63,66,63,66,72,72,52,55,43,49,49,76,64,76,78,78,78,78,80,80,80,80,80,80,80,87,87,87,87,87,87,87,87,87,87,87],"gold":147,"neow_bonus":"","is_daily":false,"chose_seed":false,"campfire_upgraded":6,"win_rate":0.0,"timestamp":1613799002,"path_taken":["M","M","?","?","M","R","E","?","T","R","E","?","E","?","R","BOSS","M","M","?","?","?","E","R","M","T","E","R","E","?","?","R","BOSS","M","$","?","$","M","E","R","?","T","?","M","?","E","?","R","BOSS","BOSS","R","$","E","BOSS"],"items_purchased_type":["Relic","Relic","Relic","Relic","Relic","Card","Relic","Relic","Relic","Potion"],"build_version":"2020-12-22","purchased_purges":2,"victory":true,"max_hp_per_floor":[75,75,75,80,80,80,80,80,80,80,80,80,80,80,80,80,80,80,80,80,80,80,80,80,80,80,80,80,80,80,80,80,80,80,80,80,80,80,80,80,80,80,80,80,80,87,87,87,87,87,87,87,87,87,87,87],"relic_stats":{"Darkstone Periapt":0,"Gremlin Horn":[11,11],"CeramicFish":0,"Bag of Preparation":[22],"Whetstone":["Slice","Slice"],"Boot":[16],"Burning Blood":128,"Blood Vial":8,"Nunchaku":[25],"Centennial Puzzle":[6],"TheAbacus":[2004],"Mummified Hand":[0],"Gambling Chip":[0],"Tiny Chest":1,"Kunai":[52],"Happy Flower":[15],"counters":[32,124],"Astrolabe":["Storm of Steel","Uppercut","Backflip"],"Blue Candle":[0],"Eternal Feather":9,"Charon\u0027s Ashes":[433],"Orichalcum":[72],"War Paint":["Backflip","Seeing Red"],"MawBank":348,"Question Card":16,"Shuriken":[15],"Bronze Scales":[352],"Black Star":10,"Art of War":[1],"Champion Belt":[59],"obtain_stats":[{"Darkstone Periapt":26,"Lantern":36,"Gremlin Horn":36,"CeramicFish":43,"Bag of Preparation":36,"Whetstone":23,"Ancient Tea Set":40,"Boot":47,"Sling":54,"Burning Blood":0,"Old Coin":48,"Blood Vial":29,"Nunchaku":36,"Centennial Puzzle":48,"TheAbacus":38,"Mummified Hand":29,"Gambling Chip":27,"Strawberry":46,"Tiny Chest":30,"Kunai":44,"Happy Flower":46,"Astrolabe":34,"Blue Candle":55,"Oddly Smooth Stone":40,"Eternal Feather":20,"Charon\u0027s Ashes":13,"The Courier":27,"Omamori":36,"Orichalcum":11,"War Paint":12,"MawBank":7,"Question Card":21,"Anchor":47,"Shuriken":54,"Bronze Scales":23,"Black Star":17,"Art of War":21,"Champion Belt":30,"Toy Ornithopter":55},{"Darkstone Periapt":16,"Lantern":21,"Gremlin Horn":21,"CeramicFish":24,"Bag of Preparation":21,"Whetstone":15,"Ancient Tea Set":23,"Boot":27,"Sling":30,"Burning Blood":0,"Old Coin":28,"Blood Vial":18,"Nunchaku":21,"Centennial Puzzle":28,"TheAbacus":21,"Mummified Hand":18,"Gambling Chip":17,"Strawberry":26,"Tiny Chest":19,"Kunai":24,"Happy Flower":26,"Astrolabe":20,"Blue Candle":31,"Oddly Smooth Stone":23,"Eternal Feather":12,"Charon\u0027s Ashes":8,"The Courier":17,"Omamori":21,"Orichalcum":6,"War Paint":7,"MawBank":4,"Question Card":13,"Anchor":27,"Shuriken":30,"Bronze Scales":15,"Black Star":10,"Art of War":13,"Champion Belt":19,"Toy Ornithopter":31},{"Darkstone Periapt":41,"Lantern":57,"Gremlin Horn":57,"CeramicFish":68,"Bag of Preparation":57,"Whetstone":38,"Ancient Tea Set":62,"Boot":80,"Sling":109,"Burning Blood":0,"Old Coin":83,"Blood Vial":47,"Nunchaku":57,"Centennial Puzzle":83,"TheAbacus":57,"Mummified Hand":47,"Gambling Chip":44,"Strawberry":77,"Tiny Chest":49,"Kunai":68,"Happy Flower":77,"Astrolabe":55,"Blue Candle":115,"Oddly Smooth Stone":62,"Eternal Feather":30,"Charon\u0027s Ashes":19,"The Courier":44,"Omamori":57,"Orichalcum":12,"War Paint":15,"MawBank":8,"Question Card":32,"Anchor":80,"Shuriken":109,"Bronze Scales":38,"Black Star":24,"Art of War":32,"Champion Belt":49,"Toy Ornithopter":115}],"Toy Ornithopter":0},"card_choices":[{"not_picked":["Concentrate","Barrage","CutThroughFate"],"picked":"SKIP","floor":1},{"not_picked":["LikeWater","Conserve Battery","Underhanded Strike"],"picked":"SKIP","floor":2},{"not_picked":["Force Field","Carnage","Flex"],"picked":"SKIP","floor":5},{"not_picked":["SignatureMove","WreathOfFlame","Vengeance"],"picked":"SKIP","floor":7},{"not_picked":["Cloak And Dagger","Pommel Strike","Sword Boomerang"],"picked":"SKIP","floor":8},{"not_picked":["Bloodletting","ThirdEye","Havoc"],"picked":"SKIP","floor":11},{"not_picked":["Hologram","Coolheaded","Static Discharge"],"picked":"SKIP","floor":12},{"not_picked":["Aggregate","Wallop","Heavy Blade"],"picked":"SKIP","floor":13},{"not_picked":["Leg Sweep","Inflame","Flechettes"],"picked":"SKIP","floor":14},{"not_picked":["Clothesline","Sweeping Beam+1","ClearTheMind"],"picked":"SKIP","floor":18},{"not_picked":["Iron Wave","True Grit+1","EmptyMind"],"picked":"SKIP","floor":19},{"not_picked":["FlyingSleeves","Noxious Fumes","EmptyFist"],"picked":"SKIP","floor":21},{"not_picked":["Storm","BattleHymn","Blur","EmptyFist"],"picked":"SKIP","floor":22},{"not_picked":["Infinite Blades+1","Barricade","Backstab","Iron Wave"],"picked":"SKIP","floor":23},{"not_picked":["Riddle With Holes","Second Wind","True Grit","Anger"],"picked":"SKIP","floor":25},{"not_picked":["Cold Snap","Wild Strike+1","CrushJoints","Pommel Strike"],"picked":"SKIP","floor":27},{"not_picked":["Sunder","SashWhip+1","Force Field","Shrug It Off"],"picked":"SKIP","floor":29},{"not_picked":["Reaper","Rebound","PiercingWail","Clash"],"picked":"SKIP","floor":30},{"not_picked":["Havoc+1","Underhanded Strike","Clash","Warcry"],"picked":"SKIP","floor":35},{"not_picked":["Pommel Strike","Wild Strike","SandsOfTime","WreathOfFlame"],"picked":"SKIP","floor":39},{"not_picked":["Glacier","Deadly Poison","Capacitor","Buffer"],"picked":"SKIP","floor":40},{"not_picked":["Barrage","Streamline","FlyingSleeves"],"picked":"Blur","floor":42},{"not_picked":["Protect","Masterful Stab","Setup","Feel No Pain+1"],"picked":"SKIP","floor":45},{"not_picked":["Catalyst+1","Compile Driver","Sunder","Inflame"],"picked":"SKIP","floor":46},{"not_picked":["Catalyst+1","Compile Driver","Sunder","Inflame"],"picked":"SKIP","floor":46},{"not_picked":["Outmaneuver+1","Bane","Flex","CarveReality"],"picked":"SKIP","floor":47},{"not_picked":["TalkToTheHand","Rampage","Wish","Leap"],"picked":"SKIP","floor":48},{"not_picked":["Lockon","Gash","Fusion+1","Twin Strike+1"],"picked":"SKIP","floor":55}],"player_experience":1942809,"relics_obtained":[{"floor":7,"key":"MawBank"},{"floor":11,"key":"Orichalcum"},{"floor":12,"key":"War Paint"},{"floor":13,"key":"Charon\u0027s Ashes"},{"floor":21,"key":"Question Card"},{"floor":21,"key":"Art of War"},{"floor":23,"key":"Bronze Scales"},{"floor":23,"key":"Whetstone"},{"floor":26,"key":"Darkstone Periapt"},{"floor":27,"key":"Gambling Chip"},{"floor":27,"key":"The Courier"},{"floor":29,"key":"Blood Vial"},{"floor":29,"key":"Mummified Hand"},{"floor":30,"key":"Tiny Chest"},{"floor":30,"key":"Champion Belt"},{"floor":40,"key":"Oddly Smooth Stone"},{"floor":40,"key":"Ancient Tea Set"},{"floor":43,"key":"CeramicFish"},{"floor":44,"key":"Kunai"},{"floor":46,"key":"Strawberry"},{"floor":46,"key":"Happy Flower"},{"floor":47,"key":"Anchor"},{"floor":47,"key":"Boot"},{"floor":48,"key":"Old Coin"},{"floor":48,"key":"Centennial Puzzle"},{"floor":55,"key":"Toy Ornithopter"},{"floor":55,"key":"Blue Candle"}],"event_choices":[{"cards_removed":["Hologram"],"damage_healed":0,"gold_gain":0,"player_choice":"Card Removal","damage_taken":7,"max_hp_gain":0,"max_hp_loss":0,"event_name":"Golden Wing","floor":3,"gold_loss":0},{"damage_healed":0,"gold_gain":0,"player_choice":"Donut","damage_taken":0,"max_hp_gain":5,"max_hp_loss":0,"event_name":"Big Fish","floor":4,"gold_loss":0},{"cards_removed":["FTL"],"damage_healed":0,"gold_gain":0,"player_choice":"Gave Card","damage_taken":0,"relics_obtained":["Eternal Feather"],"max_hp_gain":0,"max_hp_loss":0,"event_name":"WeMeetAgain","floor":20,"gold_loss":0},{"damage_healed":0,"gold_gain":50,"player_choice":"Stole From Cult","damage_taken":0,"max_hp_gain":0,"max_hp_loss":0,"event_name":"Nest","floor":31,"gold_loss":0},{"cards_removed":["Backflip"],"damage_healed":0,"gold_gain":0,"player_choice":"Removed Skill","damage_taken":0,"max_hp_gain":0,"max_hp_loss":0,"event_name":"Falling","floor":37,"gold_loss":0}],"is_beta":false,"boss_relics":[{"not_picked":["Sozu","Runic Pyramid"],"picked":"Black Star"},{"not_picked":["Busted Crown","Calling Bell"],"picked":"Astrolabe"}],"items_purged_floors":[36,38],"is_endless":false,"potions_floor_spawned":[1,2,11,14,16,19,21,23,30,33,42,45,47,48,55],"ascension_level":20}}