{"host":"ow66nzv2xecjoor3","time":1613860563,"event":{"mods":["BaseMod","Bestiary","Block Reminder","Colored Powertips","Curses Come First","Highlight Path","Keyboard Shortcuts","Minty Spire (QoL Compilation)","Permanent Neow","Relic Stats","StSLib","UnlockEverythingMod"],"gold_per_floor":[11,11,27,45,45,45,80,80,107,107,140,140,11,24,24,114,114,129,76,92,53,73,73,73,106,106,142,63,82,82,107,107,198,198,222,222,7,32,0,0,0],"floor_reached":40,"language":"ENG","playtime":1546,"items_purged":["Injury","Strike_G"],"score":914,"play_id":"b941ab3a-aa45-45ad-a340-ebd9a2be0507","local_time":"20210220163603","is_ascension_mode":true,"campfire_choices":[{"data":"Dagger Spray","floor":6.0,"key":"SMITH"},{"data":"Crippling Poison","floor":8.0,"key":"SMITH"},{"data":"Bane","floor":15.0,"key":"SMITH"},{"data":"Noxious Fumes","floor":23,"key":"SMITH"},{"floor":30,"key":"REST"},{"floor":32,"key":"REST"}],"circlet_count":0,"master_deck":["AscendersBane","Strike_G","Defend_G","Defend_G","Defend_G","Defend_G","Survivor","Neutralize","Dodge and Roll","Poisoned Stab","Dagger Spray+1","Backstab","Masterful Stab","Crippling Poison+1","Doppelganger","Bane+1","Acrobatics","Noxious Fumes+1","Catalyst+1","Footwork","Outmaneuver+1","Catalyst","Escape Plan+1","Deadly Poison","Burst","PiercingWail","Concentrate"],"relics":["Ring of the Snake","Bag of Preparation","Darkstone Periapt","Golden Idol","SlaversCollar","Happy Flower","Lantern","Frozen Egg 2","Black Star","Red Mask"],"acts_visited":["Exordium","TheCity","TheBeyond"],"potions_floor_usage":[27,27,35,40],"damage_taken":[{"damage":0.0,"enemies":"Jaw Worm","floor":1.0,"turns":6.0},{"damage":0.0,"enemies":"Small Slimes","floor":3.0,"turns":3.0},{"damage":0.0,"enemies":"2 Louse","floor":4.0,"turns":2.0},{"damage":3.0,"enemies":"Lagavulin","floor":7.0,"turns":6.0},{"damage":3.0,"enemies":"3 Sentries","floor":11.0,"turns":10.0},{"damage":5.0,"enemies":"Large Slime","floor":14.0,"turns":5.0},{"damage":22.0,"enemies":"Slime Boss","floor":16.0,"turns":8.0},{"damage":0.0,"enemies":"3 Byrds","floor":18.0,"turns":3.0},{"damage":16.0,"enemies":"Chosen","floor":20.0,"turns":4.0},{"damage":16.0,"enemies":"Sentry and Sphere","floor":22.0,"turns":7.0},{"damage":4,"enemies":"Gremlin Leader","floor":25,"turns":3},{"damage":28,"enemies":"Book of Stabbing","floor":27,"turns":5},{"damage":0,"enemies":"3 Cultists","floor":29,"turns":3},{"damage":1,"enemies":"Centurion and Healer","floor":31,"turns":5},{"damage":42,"enemies":"Automaton","floor":33,"turns":8},{"damage":43,"enemies":"3 Darklings","floor":35,"turns":5},{"damage":2,"enemies":"Orb Walker","floor":38,"turns":4},{"damage":21,"enemies":"Nemesis","floor":40,"turns":4}],"seed_played":"-8756191812543862197","potions_obtained":[{"floor":3.0,"key":"Weak Potion"},{"floor":4.0,"key":"SkillPotion"},{"floor":16.0,"key":"Weak Potion"},{"floor":22,"key":"EssenceOfSteel"},{"floor":27,"key":"Ancient Potion"},{"floor":38,"key":"SpeedPotion"}],"is_trial":false,"path_per_floor":["M","?","M","M","?","R","E","R","T","?","E","?","$","M","R","B",null,"M","$","M","$","M","R","?","E","T","E","$","M","R","M","R","B",null,"M","?","$","M","?","E"],"character_chosen":"THE_SILENT","items_purchased":["PowerPotion","SteroidPotion","Footwork","LiquidMemories","PiercingWail","Concentrate"],"campfire_rested":2,"item_purchase_floors":[13,19,21,28,37,37],"current_hp_per_floor":[59,59,59,59,64,64,61,61,61,61,58,64,64,59,59,37,67,67,67,51,51,35,35,35,31,31,3,3,3,26,25,48,6,59,16,16,16,14,14,0,0],"gold":0,"neow_bonus":"TRANSFORM_TWO_CARDS","is_daily":false,"chose_seed":false,"campfire_upgraded":4,"win_rate":0.0,"timestamp":1613860563,"path_taken":["M","?","M","M","?","R","E","R","T","?","E","?","?","M","R","BOSS","M","$","M","$","M","R","?","E","T","E","$","M","R","M","R","BOSS","M","?","$","M","?","E"],"items_purchased_type":["Potion","Potion","Card","Potion","Card","Card"],"build_version":"2020-12-22","purchased_purges":2,"victory":false,"max_hp_per_floor":[66,66,66,66,71,71,71,71,71,71,71,77,77,77,77,77,77,77,77,77,77,77,77,77,77,77,77,77,77,77,77,77,77,77,77,77,77,77,77,77,77],"relic_stats":{"Darkstone Periapt":6,"Happy Flower":[11],"counters":[18,91],"Golden Idol":86,"Bag of Preparation":[28],"Black Star":0,"obtain_stats":[{"Darkstone Periapt":11,"SlaversCollar":17,"Lantern":26,"Happy Flower":25,"Golden Idol":12,"Bag of Preparation":7,"Black Star":34,"Red Mask":39,"Frozen Egg 2":27,"Ring of the Snake":0},{"Darkstone Periapt":5,"SlaversCollar":7,"Lantern":11,"Happy Flower":11,"Golden Idol":5,"Bag of Preparation":4,"Black Star":15,"Red Mask":17,"Frozen Egg 2":12,"Ring of the Snake":0},{"Darkstone Periapt":27,"SlaversCollar":40,"Lantern":57,"Happy Flower":57,"Golden Idol":27,"Bag of Preparation":17,"Black Star":78,"Red Mask":87,"Frozen Egg 2":62,"Ring of the Snake":0}],"Ring of the Snake":[36]},"card_choices":[{"not_picked":["Slice","Reflex"],"picked":"Dagger Spray","floor":1.0},{"not_picked":["Concentrate","Slice"],"picked":"Masterful Stab","floor":3.0},{"not_picked":["Slice","Masterful Stab"],"picked":"Crippling Poison","floor":4.0},{"not_picked":["Deflect","Outmaneuver"],"picked":"Doppelganger","floor":7.0},{"not_picked":["Deflect","Poisoned Stab"],"picked":"Bane","floor":11.0},{"not_picked":["Expertise","Cloak And Dagger"],"picked":"Acrobatics","floor":14.0},{"not_picked":["Deadly Poison+1","Dagger Spray"],"picked":"Noxious Fumes","floor":18.0},{"not_picked":["Reflex","Sucker Punch+1"],"picked":"Catalyst+1","floor":20.0},{"not_picked":["Deflect","Underhanded Strike"],"picked":"Outmaneuver+1","floor":22},{"not_picked":["Quick Slash","Endless Agony","Setup"],"picked":"SKIP","floor":25},{"not_picked":["Sucker Punch","Backstab"],"picked":"Escape Plan+1","floor":27},{"not_picked":["Dagger Spray","Dodge and Roll"],"picked":"Deadly Poison","floor":29},{"not_picked":["Caltrops+1","Poisoned Stab","Deadly Poison"],"picked":"SKIP","floor":31},{"not_picked":["Corpse Explosion","Malaise"],"picked":"Burst","floor":33},{"not_picked":["Infinite Blades+1","Cloak And Dagger","Sucker Punch+1"],"picked":"SKIP","floor":35},{"not_picked":["Quick Slash","Dash","Sucker Punch"],"picked":"SKIP","floor":38}],"player_experience":2907642,"relics_obtained":[{"floor":7.0,"key":"Bag of Preparation"},{"floor":11.0,"key":"Darkstone Periapt"},{"floor":25,"key":"Happy Flower"},{"floor":26,"key":"Lantern"},{"floor":27,"key":"Frozen Egg 2"}],"event_choices":[{"damage_healed":0.0,"max_hp_gain":0.0,"max_hp_loss":0.0,"gold_gain":0.0,"cards_transformed":["Strike_G"],"event_name":"Living Wall","player_choice":"Change","floor":2.0,"gold_loss":0.0,"damage_taken":0.0,"cards_obtained":["Backstab"]},{"damage_healed":0.0,"max_hp_gain":5.0,"max_hp_loss":0.0,"gold_gain":0.0,"event_name":"Big Fish","player_choice":"Donut","floor":5.0,"gold_loss":0.0,"damage_taken":0.0},{"damage_healed":0.0,"max_hp_gain":0.0,"max_hp_loss":0.0,"gold_gain":0.0,"event_name":"Liars Game","player_choice":"Ignored","floor":10.0,"gold_loss":0.0,"damage_taken":0.0},{"damage_healed":0.0,"max_hp_gain":0.0,"max_hp_loss":0.0,"gold_gain":0.0,"event_name":"Golden Idol","player_choice":"Take Wound","floor":12.0,"gold_loss":0.0,"damage_taken":0.0,"relics_obtained":["Golden Idol"],"cards_obtained":["Injury"]},{"damage_healed":0,"gold_gain":0,"player_choice":"Read","damage_taken":0,"max_hp_gain":0,"max_hp_loss":0,"event_name":"The Library","floor":24,"gold_loss":0,"cards_obtained":["Catalyst"]},{"cards_removed":["Defend_G"],"damage_healed":0,"gold_gain":0,"player_choice":"Removed Skill","damage_taken":0,"max_hp_gain":0,"max_hp_loss":0,"event_name":"Falling","floor":36,"gold_loss":0},{"damage_healed":0,"gold_gain":0,"player_choice":"Paid","damage_taken":0,"relics_obtained":["Red Mask"],"max_hp_gain":0,"max_hp_loss":0,"event_name":"Tomb of Lord Red Mask","floor":39,"gold_loss":32}],"is_beta":false,"boss_relics":[{"not_picked":["Coffee Dripper","Pandora\u0027s Box"],"picked":"SlaversCollar"},{"not_picked":["Philosopher\u0027s Stone","WristBlade"],"picked":"Black Star"}],"items_purged_floors":[13,37],"is_endless":false,"potions_floor_spawned":[3,4,16,22,27,29,38],"killed_by":"Nemesis","ascension_level":20}}