{"host":"bux1pdxjwq4dkad9","time":1613803495,"event":{"mods":["Act Like it!","Arknights（明日方舟）","BaseMod","Colored Map","FanaticalFans","Minty Spire (QoL Compilation)","MostiFishMod","Quick Restart","Ring Of Destiny","Spicy Shops","StSLib","SuperFastMode","TestMod","【遗物Mod】简单游戏","【遗物卡牌】REMEMod"],"gold_per_floor":[114,114,289,289,60,60,83,114,114,189,266,298,304,304],"floor_reached":13,"language":"ZHS","playtime":671,"items_purged":["Doubt"],"score":129,"play_id":"37f9e97b-6337-44d9-9a4f-f40abce76309","local_time":"20210220144455","is_ascension_mode":true,"campfire_choices":[{"data":"RingOfDestiny:FirstInvest","floor":6,"key":"SMITH"}],"circlet_count":0,"master_deck":["AscendersBane","RingOfDestiny:Defend_PU","RingOfDestiny:Defend_PU","RingOfDestiny:Defend_PU","RingOfDestiny:Defend_PU","RingOfDestiny:Strike_PU","RingOfDestiny:Strike_PU","RingOfDestiny:Strike_PU","RingOfDestiny:FirstInvest+1","RingOfDestiny:DiamondOfDeath","RingOfDestiny:Metaphysics","REME_FearOfPain","Arknights_Catapult","Arknights_Lappland","Arknights_Fang","Arknights_Spot","Arknights_Hibisc","RingOfDestiny:Windfall","Arknights_ThermalEX","RingOfDestiny:DoubleInvest","Arknights_Texas","RingOfDestiny:Filter+1","Arknights_Eyjafjalla","RingOfDestiny:FiveDollar+1"],"relics":["RingOfDestiny:DogEyes","Fans:FanaticalFans","Arknights_BattleRecord","DaveBox","REME_ComplimentaryCards","testmod-TestBox","TimeKeys","ImprovedEquipment","testmod-CasingShield","MealTicket","SynthV:TestCard","Golden Idol","testmod-Register","REME_ArchaeologicalTools","Toxic Egg 2"],"acts_visited":["Exordium"],"potions_floor_usage":[13],"damage_taken":[{"damage":0,"enemies":"2 Louse","floor":1,"turns":6},{"damage":6,"enemies":"Jaw Worm","floor":7,"turns":2},{"damage":6,"enemies":"Gremlin Nob","floor":8,"turns":4},{"damage":0,"enemies":"Small Slimes","floor":11,"turns":5},{"damage":0,"enemies":"2 Fungi Beasts","floor":12,"turns":5},{"damage":56,"enemies":"Lagavulin","floor":13,"turns":2}],"seed_played":"-7706367752543728419","potions_obtained":[{"floor":7,"key":"LiquidMemories"},{"floor":8,"key":"SteroidPotion"}],"is_trial":false,"path_per_floor":["M","?","?","?","$","R","M","E","T","?","M","M","E"],"character_chosen":"Purchemist","items_purchased":["testmod-Register"],"campfire_rested":0,"item_purchase_floors":[5],"current_hp_per_floor":[81,86,86,63,78,78,72,66,66,55,55,55,0,0],"gold":304,"neow_bonus":"RANDOM_COMMON_RELIC","is_daily":false,"chose_seed":false,"campfire_upgraded":1,"win_rate":0.0,"timestamp":1613803495,"path_taken":["M","?","?","?","$","R","M","E","T","?","M","M","E"],"items_purchased_type":["Relic"],"build_version":"2020-12-22","purchased_purges":1,"victory":false,"max_hp_per_floor":[90,95,95,95,95,95,95,95,95,95,95,95,95,95],"card_choices":[{"not_picked":["Arknights_Adnachiel","Arknights_Haze"],"picked":"Arknights_Spot","floor":1},{"not_picked":["RingOfDestiny:Laugh","RingOfDestiny:BloodAvalanche","RingOfDestiny:BloodBorne"],"picked":"SKIP","floor":1},{"not_picked":["Arknights_Steward","Arknights_Rangers"],"picked":"Arknights_Hibisc","floor":7},{"not_picked":["RingOfDestiny:Concentrate","RingOfDestiny:RaiseMoney","RingOfDestiny:Joyride","RingOfDestiny:HoldOn"],"picked":"RingOfDestiny:Windfall","floor":7},{"not_picked":["Arknights_Yato","Arknights_NoirCorne"],"picked":"Arknights_ThermalEX","floor":8},{"not_picked":["RingOfDestiny:Corrosion","RingOfDestiny:BloodBorne","RingOfDestiny:Joyride","RingOfDestiny:NoLoss"],"picked":"RingOfDestiny:DoubleInvest","floor":8},{"not_picked":["Arknights_Liskarm","Arknights_Haze"],"picked":"Arknights_Texas","floor":11},{"not_picked":["RingOfDestiny:Windfall+1","RingOfDestiny:Disdain","RingOfDestiny:Laugh","RingOfDestiny:Conversion"],"picked":"RingOfDestiny:Filter+1","floor":11},{"not_picked":["Arknights_Popukar","Arknights_Rangers"],"picked":"Arknights_Eyjafjalla","floor":12},{"not_picked":["RingOfDestiny:MassInvest+1","RingOfDestiny:BloodBorne+1","RingOfDestiny:Concentrate+1","RingOfDestiny:DoubleInvest+1"],"picked":"RingOfDestiny:FiveDollar+1","floor":12}],"player_experience":2440884,"relics_obtained":[{"floor":1,"key":"SynthV:TestCard"},{"floor":8,"key":"REME_ArchaeologicalTools"},{"floor":9,"key":"Toxic Egg 2"}],"event_choices":[{"damage_healed":0,"gold_gain":0,"player_choice":"Donut","damage_taken":0,"max_hp_gain":5,"max_hp_loss":0,"event_name":"Big Fish","floor":2,"gold_loss":0},{"damage_healed":0,"gold_gain":175,"player_choice":"AGREE","damage_taken":0,"max_hp_gain":0,"max_hp_loss":0,"event_name":"Liars Game","floor":3,"gold_loss":0,"cards_obtained":["Doubt"]},{"damage_healed":0,"gold_gain":0,"player_choice":"Take Damage","damage_taken":23,"relics_obtained":["Golden Idol"],"max_hp_gain":0,"max_hp_loss":0,"event_name":"Golden Idol","floor":4,"gold_loss":0},{"damage_healed":0,"gold_gain":75,"player_choice":"Gather Gold","damage_taken":11,"max_hp_gain":0,"max_hp_loss":0,"event_name":"World of Goop","floor":10,"gold_loss":0}],"is_beta":false,"boss_relics":[],"items_purged_floors":[5],"is_endless":false,"potions_floor_spawned":[7,8],"killed_by":"Lagavulin","ascension_level":11}}