{"host":"cc6r8m2qe4jvlwua","time":1613858484,"event":{"mods":["BaseMod","Hubris","Marisa????????","Minty Spire (QoL Compilation)","Morshu Shopkeeper","Replay The Spire","Spicy Shops","StSLib","The Cursed","The Marked","The Necromancer"],"gold_per_floor":[114,114,127,52,71,71,90,90,90,90,90],"floor_reached":10,"language":"ENG","playtime":363,"items_purged":["Strike_P"],"score":64,"play_id":"7e242e04-6ca0-4461-9a5f-c8cde6e49e67","local_time":"20210220160124","is_ascension_mode":true,"campfire_choices":[{"data":"Establishment","floor":6,"key":"SMITH"},{"data":"TalkToTheHand","floor":8,"key":"SMITH"}],"circlet_count":0,"master_deck":["Strike_P","Strike_P","Strike_P","Defend_P","Defend_P","Defend_P","Defend_P","Eruption+1","Vigilance","Prostrate","Establishment+1","TalkToTheHand+1","Crescendo"],"relics":["PureWater","Golden Idol","Mummified Hand"],"acts_visited":["Exordium"],"potions_floor_usage":[],"damage_taken":[{"damage":0,"enemies":"Cultist","floor":1,"turns":3},{"damage":4,"enemies":"Small Slimes","floor":3,"turns":4},{"damage":0,"enemies":"2 Louse","floor":5,"turns":2},{"damage":2,"enemies":"Red Slaver","floor":7,"turns":3},{"damage":58,"enemies":"Gremlin Nob","floor":10,"turns":4}],"seed_played":"8638378678787593982","potions_obtained":[{"floor":3,"key":"Doom Potion"}],"is_trial":false,"path_per_floor":["M","?","M","$","M","R","M","R","T","E"],"character_chosen":"WATCHER","items_purchased":[],"campfire_rested":0,"item_purchase_floors":[],"current_hp_per_floor":[72,54,50,50,50,50,48,48,48,0,0],"gold":90,"neow_bonus":"UPGRADE_CARD","is_daily":false,"chose_seed":false,"campfire_upgraded":2,"win_rate":0.0,"timestamp":1613858484,"path_taken":["M","?","M","$","M","R","M","R","T","E"],"items_purchased_type":[],"build_version":"2020-12-22","purchased_purges":1,"victory":false,"max_hp_per_floor":[72,72,72,72,72,72,72,72,72,72,72],"card_choices":[{"not_picked":["FlyingSleeves","ClearTheMind"],"picked":"Prostrate","floor":1},{"not_picked":["FlyingSleeves","WaveOfTheHand"],"picked":"Establishment","floor":3},{"not_picked":["Replay:AtTheReady","Replay:Vibes"],"picked":"TalkToTheHand","floor":5},{"not_picked":["CrushJoints","WheelKick"],"picked":"Crescendo","floor":7}],"player_experience":268554,"relics_obtained":[{"floor":9,"key":"Mummified Hand"}],"event_choices":[{"damage_healed":0,"gold_gain":0,"player_choice":"Take Damage","damage_taken":18,"relics_obtained":["Golden Idol"],"max_hp_gain":0,"max_hp_loss":0,"event_name":"Golden Idol","floor":2,"gold_loss":0}],"is_beta":false,"boss_relics":[],"items_purged_floors":[4],"is_endless":false,"potions_floor_spawned":[3],"killed_by":"Gremlin Nob","ascension_level":2}}