{"host":"290egjt91b2tngam","time":1613815751,"event":{"mods":["BaseMod","Colored Map","Colored Powertips","Downfall","Hubris","Infinite Spire","Marisa????????","Minty Spire (QoL Compilation)","Replay The Spire","StSLib","The Cursed","The Servant 0.9.4"],"gold_per_floor":[99,114,205,220,220,5,30,45,75,90,120,168,168,183,198,298,298,298,313,328,344,344,144,144,419,449,224,239,269,299,314,329,429,429,329,344,362,362,362,166,166,196,196,226,276,291,321,351,366,466,466,466],"floor_reached":51,"language":"ENG","playtime":5597,"items_purged":["Regret"],"score":1408,"play_id":"2adc3b66-d5c4-41bb-98a6-38087c8e7632","local_time":"20210220170911","daily_mods":["SealedDeck","Flight","Lethality"],"is_ascension_mode":false,"campfire_choices":[{"floor":1.0,"key":"DIG"},{"floor":18.0,"key":"DIG"},{"floor":35.0,"key":"DIG"},{"data":"infinitespire:Execution","floor":43.0,"key":"SMITH"}],"circlet_count":0,"master_deck":["DualDimension","BottledTime","BottledTime","InstantArmor","InstantArmor","Potential","ShatteredReality","BottledTime","Alleviate","Unruled","Alleviate","Advance","Potential","Collapse","ShatteredReality","ShatteredReality","BottledTime","Revamp","Revamp","Discovery","InstantArmor","Alleviate","Replace","LightFlow","Defy","Contraction+1","expansioncontent:QuickStudy","TrueSight","Unruled+1","TimeWarp","Collapse+1","FlawlessForm","infinitespire:Execution+1","Spin+1","Deny","expansioncontent:HyperBeam","Initiator","Initiator","Foresight+1","ShatteredReality+1","Alleviate","DualDimension","SilverMatrix"],"relics":["Uniform","Snack Pack","Blue Doll","BargainBundle","Akabeko","Counterbalance","Vajra","Strawberry","hubris:Icosahedron","hubris:ScarierMask","Gremlin Horn","Red Mask","Medical Kit","Pan","Bag of Marbles","Replay:Baseball","infinitespire:PuzzleCube","Blood Vial","Toy Ornithopter","Snecko Heart","downfall:HeartBlessingGreen","Singing Bowl","infinitespire:CursedDice","hubris:Towel","Membership Card","Bronze Scales","Darkstone Periapt","Omamori","FossilizedHelix","Boot","hubris:CrystalStatue","SlaversCollar"],"acts_visited":["Exordium","TheCity","TheBeyond","Exordium"],"potions_floor_usage":[48,49],"damage_taken":[{"damage":0.0,"enemies":"Small Slimes","floor":2.0,"turns":1.0},{"damage":0.0,"enemies":"2 Louse","floor":4.0,"turns":1.0},{"damage":1.0,"enemies":"downfall:FleeingMerchant","floor":6.0,"turns":4.0},{"damage":0.0,"enemies":"infinitespire:Voidling","floor":8.0,"turns":1.0},{"damage":0.0,"enemies":"Lagavulin","floor":9.0,"turns":2.0},{"damage":0.0,"enemies":"2 Fungi Beasts","floor":10.0,"turns":2.0},{"damage":0.0,"enemies":"3 Sentries","floor":11.0,"turns":2.0},{"damage":0.0,"enemies":"downfall:FleeingMerchant","floor":12.0,"turns":3.0},{"damage":0.0,"enemies":"Exordium Thugs","floor":14.0,"turns":2.0},{"damage":0.0,"enemies":"3 Louse","floor":15.0,"turns":2.0},{"damage":0.0,"enemies":"SI_SHIV_ARCHETYPE","floor":16.0,"turns":3.0},{"damage":0.0,"enemies":"downfall:LooterAlt2","floor":19.0,"turns":1.0},{"damage":0.0,"enemies":"Shell Parasite","floor":20.0,"turns":2.0},{"damage":0.0,"enemies":"Masked Bandits","floor":21.0,"turns":1.0},{"damage":0.0,"enemies":"Replay:Snechameleon","floor":26.0,"turns":1.0},{"damage":0.0,"enemies":"Shelled Parasite and Fungi","floor":28.0,"turns":2.0},{"damage":0.0,"enemies":"Nightmare","floor":29.0,"turns":2.0},{"damage":0.0,"enemies":"Slavers","floor":30.0,"turns":2.0},{"damage":0.0,"enemies":"Snake Plant","floor":31.0,"turns":2.0},{"damage":0.0,"enemies":"Centurion and Healer","floor":32.0,"turns":1.0},{"damage":0.0,"enemies":"WA_ARCHETYPE_CALM","floor":33.0,"turns":4.0},{"damage":0.0,"enemies":"3 Darklings","floor":36.0,"turns":1.0},{"damage":0.0,"enemies":"2 Orb Walkers","floor":37.0,"turns":2.0},{"damage":0.0,"enemies":"Giant Head","floor":42.0,"turns":2.0},{"damage":0.0,"enemies":"R_Hoarder","floor":44.0,"turns":2.0},{"damage":0.0,"enemies":"R_Hoarder","floor":45.0,"turns":3.0},{"damage":0.0,"enemies":"3 Shapes","floor":46.0,"turns":1.0},{"damage":0.0,"enemies":"Reptomancer","floor":47.0,"turns":2.0},{"damage":51,"enemies":"Nightmare","floor":48,"turns":5},{"damage":0,"enemies":"Writhing Mass","floor":49,"turns":3},{"damage":0,"enemies":"IC_BLOCK_ARCHETYPE","floor":50,"turns":7}],"seed_played":"778547550210687013","potions_obtained":[{"floor":2.0,"key":"ColorlessPotion"},{"floor":8.0,"key":"sneckomod:MuddlingPotion"},{"floor":9.0,"key":"Swift Potion"},{"floor":29.0,"key":"Energy Potion"},{"floor":33.0,"key":"DuplicationPotion"},{"floor":48,"key":"SkillPotion"},{"floor":49,"key":"Explosive Potion"}],"is_trial":false,"path_per_floor":["R_BF","M","?","M","?","$","T","M","E","M","E","$","?","M","M","B",null,"R_BF","M","M","?","AVR","$","T","?","E","$","M","NM","E","M","M","B",null,"R_BF","M","?","?","?","$","T","E","R","E","?","M","E","NM","M","B",null],"character_chosen":"THE_SERVANT","items_purchased":["BargainBundle","BottledTime","Revamp","Discovery","Contraction+1","expansioncontent:QuickStudy","Strawberry","Collapse+1","Pan","infinitespire:PuzzleCube","Membership Card","Initiator"],"campfire_rested":0,"item_purchase_floors":[6,6,6,6,12,12,12,23,23,27,40,40],"current_hp_per_floor":[65,65,49,49,49,52,52,54,54,56,56,63,63,63,63,65,72,72,72,72,72,72,72,72,72,72,72,72,72,72,72,72,72,72,72,74,76,76,76,76,76,78,78,78,80,80,80,31,40,48,82,82],"gold":466,"neow_bonus":"","is_daily":true,"chose_seed":false,"campfire_upgraded":1,"win_rate":0.0,"timestamp":1613815751,"path_taken":["R_BF","M","?","?","?","?","T","M","E","?","E","$","?","M","M","BOSS","R_BF","M","M","?","AVR","$","T","?","E","$","M","NM","E","?","M","BOSS","R_BF","M","?","?","?","?","T","E","R","E","?","?","E","NM","M","BOSS"],"items_purchased_type":["Relic","Card","Card","Card","Card","Card","Relic","Card","Relic","Relic","Relic","Card"],"build_version":"2020-12-22","purchased_purges":1,"victory":false,"max_hp_per_floor":[65,65,65,65,65,65,65,65,65,65,65,72,72,72,72,72,72,72,72,72,72,72,72,72,72,72,72,72,72,72,72,72,72,72,72,74,76,76,76,76,76,78,78,78,80,80,80,82,82,82,82,82],"card_choices":[{"not_picked":["DoubleEdge","ShatteredReality"],"picked":"Alleviate","floor":2.0},{"not_picked":["StarChef","FastForward"],"picked":"Advance","floor":3.0},{"not_picked":["TimeWarp","Luminosity"],"picked":"Potential","floor":3.0},{"not_picked":["Desolation","FloweringNight"],"picked":"Collapse","floor":4.0},{"not_picked":["DoubleEdge","Revamp"],"picked":"ShatteredReality","floor":6.0},{"not_picked":["Orbit","Alleviate"],"picked":"InstantArmor","floor":8.0},{"not_picked":["Luminosity","KillingDoll"],"picked":"Alleviate","floor":9.0},{"not_picked":["SurpressingFire","Revamp"],"picked":"Replace","floor":10.0},{"not_picked":["Misdirection","Hightail"],"picked":"LightFlow","floor":11.0},{"not_picked":["RealityMarble","TimeTheft"],"picked":"Defy","floor":12.0},{"not_picked":["FastForward","Spin","BestPractice"],"picked":"SKIP","floor":14.0},{"not_picked":["Moonlight","Rearm","DoubleEdge"],"picked":"SKIP","floor":15.0},{"not_picked":["MurderousAura","ForgedInTime"],"picked":"TrueSight","floor":16.0},{"not_picked":["Spin","ShatteredReality+1"],"picked":"Unruled+1","floor":19.0},{"not_picked":["Moondial","DoubleEdge"],"picked":"TimeWarp","floor":20.0},{"not_picked":["Deny","Ricochet+1"],"picked":"FlawlessForm","floor":26.0},{"not_picked":["Rewind","TimeWarp+1","Barrier"],"picked":"SKIP","floor":28.0},{"not_picked":["ReplayTheSpireMod:Book of Names","Replay:Fractal Strike"],"picked":"infinitespire:Execution","floor":29.0},{"not_picked":["Starlight+1","Snipe","Replace"],"picked":"SKIP","floor":29.0},{"not_picked":["Starlight+1","Snipe","Replace"],"picked":"SKIP","floor":29.0},{"not_picked":["Collapse","Unruled+1","Replace"],"picked":"SKIP","floor":30.0},{"not_picked":["SurpressingFire","Desolation"],"picked":"Spin+1","floor":31.0},{"not_picked":["Revamp","Spin","Deadline"],"picked":"SKIP","floor":32.0},{"not_picked":["FloweringNight","Dilation"],"picked":"Deny","floor":33.0},{"not_picked":["TimeWarp+1","Revamp","FastForward"],"picked":"Singing Bowl","floor":36.0},{"not_picked":["BottledTime","Barrier+1","GearUp"],"picked":"Singing Bowl","floor":37.0},{"not_picked":["expansioncontent:AwakenDeath","expansioncontent:Chronoboost"],"picked":"expansioncontent:HyperBeam","floor":39.0},{"not_picked":["FastForward","TimeWarp","InstantArmor+1"],"picked":"Singing Bowl","floor":42.0},{"not_picked":["ShatteredReality+1","Barrier"],"picked":"Foresight+1","floor":44.0},{"not_picked":["Spin+1","BottledTime","ForgedInTime"],"picked":"Singing Bowl","floor":45.0},{"not_picked":["Spin","RealityMarble"],"picked":"ShatteredReality+1","floor":46.0},{"not_picked":["Contraction","Solidify"],"picked":"Alleviate","floor":47.0},{"not_picked":["Rearm+1","Comet+1","ReturningBlade"],"picked":"Singing Bowl","floor":48},{"not_picked":["Comet+1","Moondial"],"picked":"DualDimension","floor":49},{"not_picked":["KillingDoll","Sunlight"],"picked":"SilverMatrix","floor":50}],"player_experience":749661,"relics_obtained":[{"floor":1.0,"key":"Snack Pack"},{"floor":3.0,"key":"Blue Doll"},{"floor":7.0,"key":"Akabeko"},{"floor":9.0,"key":"Counterbalance"},{"floor":11.0,"key":"Vajra"},{"floor":18.0,"key":"Gremlin Horn"},{"floor":21.0,"key":"Red Mask"},{"floor":24.0,"key":"Bag of Marbles"},{"floor":26.0,"key":"Replay:Baseball"},{"floor":29.0,"key":"Blood Vial"},{"floor":30.0,"key":"Toy Ornithopter"},{"floor":35.0,"key":"Singing Bowl"},{"floor":37.0,"key":"infinitespire:CursedDice"},{"floor":41.0,"key":"Bronze Scales"},{"floor":42.0,"key":"Darkstone Periapt"},{"floor":44.0,"key":"Omamori"},{"floor":45.0,"key":"FossilizedHelix"},{"floor":47.0,"key":"Boot"},{"floor":48,"key":"hubris:CrystalStatue"}],"event_choices":[{"damage_healed":0.0,"max_hp_gain":0.0,"max_hp_loss":0.0,"gold_gain":0.0,"event_name":"Masked Bandits","player_choice":"Fought Bandits","floor":21.0,"gold_loss":0.0,"damage_taken":0.0},{"damage_healed":0.0,"max_hp_gain":0.0,"max_hp_loss":0.0,"gold_gain":0.0,"event_name":"Mysterious Sphere","player_choice":"Fight","floor":37.0,"gold_loss":0.0,"damage_taken":0.0}],"is_beta":false,"boss_relics":[{"not_picked":["Ectoplasm","Empty Cage"],"picked":"hubris:ScarierMask"},{"not_picked":["hubris:GrandSneckoEye","ChewingGum"],"picked":"Snecko Heart"},{"not_picked":["Replay:Ancient Bell","Calling Bell"],"picked":"SlaversCollar"}],"items_purged_floors":[27],"is_endless":true,"potions_floor_spawned":[2,8,9,10,15,16,19,28,29,31,33,36,37,47,48,49],"ascension_level":0}}