{"host":"xg4r5pv6chpuampg","time":1613822505,"event":{"mods":["AchievementEnabler","BaseMod","Googly Eyes","Minty Spire (QoL Compilation)","StSLib","Together in Spire"],"gold_per_floor":[111,131,131,151,76,111,111,125,125,159,159,171,15,30,30,134,134,144,144,161,188,204,204,204],"floor_reached":23,"language":"ENG","playtime":821,"items_purged":["Strike_P"],"score":203,"play_id":"5132a017-b65d-447f-9ac5-fc374f4d1ba6","local_time":"20210220150145","is_ascension_mode":false,"campfire_choices":[{"floor":7,"key":"REST"},{"floor":11,"key":"REST"},{"floor":15,"key":"REST"}],"circlet_count":0,"master_deck":["Strike_P","Strike_P","Strike_P","Defend_P","Defend_P","Defend_P","Defend_P","Eruption","Vigilance","EmptyMind","SignatureMove","Halt","Tantrum","SandsOfTime","EmptyBody","SashWhip","ConjureBlade","Writhe","WheelKick"],"relics":["PureWater","MealTicket","NlothsMask","Sundial","Meat on the Bone","Juzu Bracelet","Busted Crown","Smiling Mask","Pen Nib"],"acts_visited":["Exordium","TheCity"],"potions_floor_usage":[16,16,16,23],"damage_taken":[{"damage":15,"enemies":"Small Slimes","floor":1,"turns":2},{"damage":0,"enemies":"Cultist","floor":2,"turns":3},{"damage":0,"enemies":"2 Louse","floor":4,"turns":2},{"damage":65,"enemies":"Gremlin Nob","floor":6,"turns":5},{"damage":7,"enemies":"Exordium Thugs","floor":8,"turns":3},{"damage":18,"enemies":"Lagavulin","floor":10,"turns":4},{"damage":0,"enemies":"2 Fungi Beasts","floor":12,"turns":2},{"damage":17,"enemies":"Exordium Wildlife","floor":14,"turns":3},{"damage":37,"enemies":"Hexaghost","floor":16,"turns":5},{"damage":0,"enemies":"Chosen","floor":18,"turns":3},{"damage":0,"enemies":"Spheric Guardian","floor":20,"turns":3},{"damage":42,"enemies":"Centurion and Healer","floor":22,"turns":6},{"damage":44,"enemies":"Book of Stabbing","floor":23,"turns":3}],"seed_played":"4593315963253481403","potions_obtained":[{"floor":1,"key":"Weak Potion"},{"floor":6,"key":"FearPotion"},{"floor":10,"key":"PowerPotion"},{"floor":18,"key":"Strength Potion"},{"floor":22,"key":"Fire Potion"}],"is_trial":false,"path_per_floor":["M","M","?","M","$","E","R","M","T","E","R","M","$","M","R","B",null,"M","?","M","T","M","E"],"character_chosen":"WATCHER","items_purchased":["Juzu Bracelet"],"campfire_rested":3,"item_purchase_floors":[13],"current_hp_per_floor":[57,57,57,57,72,7,28,21,21,3,24,36,51,46,67,42,72,72,72,72,72,42,0,0],"gold":204,"neow_bonus":"RANDOM_COMMON_RELIC","is_daily":false,"chose_seed":false,"campfire_upgraded":0,"win_rate":0.0,"timestamp":1613822505,"path_taken":["M","M","?","M","$","E","R","M","T","E","R","M","?","M","R","BOSS","M","?","M","?","M","E"],"items_purchased_type":["Relic"],"build_version":"2020-12-22","purchased_purges":1,"victory":false,"max_hp_per_floor":[72,72,72,72,72,72,72,72,72,72,72,72,72,72,72,72,72,72,72,72,72,72,72,72],"card_choices":[{"not_picked":["ThirdEye","JustLucky"],"picked":"EmptyMind","floor":1},{"not_picked":["Sanctity","EmptyBody"],"picked":"SignatureMove","floor":2},{"not_picked":["Swivel","Wireheading"],"picked":"Halt","floor":4},{"not_picked":["MentalFortress","Wallop"],"picked":"Tantrum","floor":6},{"not_picked":["BowlingBash","Sanctity"],"picked":"SandsOfTime","floor":8},{"not_picked":["Meditate","EmptyFist"],"picked":"EmptyBody","floor":10},{"not_picked":["Crescendo","CrushJoints"],"picked":"SashWhip","floor":12},{"not_picked":["EmptyFist","Wireheading","EmptyBody"],"picked":"SKIP","floor":14},{"not_picked":["MasterReality","SpiritShield"],"picked":"ConjureBlade","floor":16},{"not_picked":["Prostrate"],"picked":"SKIP","floor":18},{"not_picked":["ClearTheMind"],"picked":"SKIP","floor":20},{"not_picked":[],"picked":"WheelKick","floor":22}],"player_experience":142160,"relics_obtained":[{"floor":6,"key":"Sundial"},{"floor":10,"key":"Meat on the Bone"},{"floor":21,"key":"Pen Nib"}],"event_choices":[{"damage_healed":0,"gold_gain":0,"player_choice":"Trade","damage_taken":0,"relics_obtained":["NlothsMask"],"max_hp_gain":0,"max_hp_loss":0,"event_name":"FaceTrader","floor":3,"gold_loss":0},{"damage_healed":0,"gold_gain":0,"player_choice":"Opened","damage_taken":0,"relics_obtained":["Smiling Mask"],"max_hp_gain":0,"max_hp_loss":0,"event_name":"The Mausoleum","floor":19,"gold_loss":0,"cards_obtained":["Writhe"]}],"is_beta":false,"boss_relics":[{"not_picked":["Velvet Choker","SlaversCollar"],"picked":"Busted Crown"}],"items_purged_floors":[5],"is_endless":false,"potions_floor_spawned":[1,6,10,12,18,22],"killed_by":"Book of Stabbing","ascension_level":0}}