{"host":"a1eatafr7pisesky","time":1613800968,"event":{"mods":["AchievementEnabler","BaseMod","Colored Map","Keyboard Shortcuts","Minty Spire (QoL Compilation)","Say the Spire","StSLib","SuperFastMode","everything is the same but u backflip on backflip"],"gold_per_floor":[117,128,128,142,156,156,156,156],"floor_reached":7,"language":"KOR","playtime":158,"items_purged":[],"score":86,"play_id":"80d86dde-15f9-4b07-8838-cefd8856256c","local_time":"20210220150248","is_ascension_mode":true,"campfire_choices":[{"floor":6,"key":"REST"}],"circlet_count":0,"master_deck":["AscendersBane","Strike_R","Strike_R","Strike_R","Strike_R","Strike_R","Defend_R","Defend_R","Defend_R","Defend_R","Bash","Offering+1","Dark Embrace","Sword Boomerang","Burning Pact"],"relics":["Burning Blood"],"acts_visited":["Exordium"],"potions_floor_usage":[5,7],"damage_taken":[{"damage":6.0,"enemies":"Small Slimes","floor":1.0,"turns":2.0},{"damage":6.0,"enemies":"Cultist","floor":2.0,"turns":3.0},{"damage":15,"enemies":"2 Louse","floor":4,"turns":2},{"damage":45,"enemies":"Lots of Slimes","floor":5,"turns":6},{"damage":56,"enemies":"Lagavulin","floor":7,"turns":7}],"seed_played":"-6101654270967631398","potions_obtained":[{"floor":1.0,"key":"Dexterity Potion"},{"floor":4,"key":"Weak Potion"}],"is_trial":false,"path_per_floor":["M","M","?","M","M","R","E"],"character_chosen":"IRONCLAD","items_purchased":[],"campfire_rested":1,"item_purchase_floors":[],"current_hp_per_floor":[68,68,68,59,20,40,0,0],"gold":156,"neow_bonus":"THREE_RARE_CARDS","is_daily":false,"chose_seed":false,"campfire_upgraded":0,"win_rate":0.0,"timestamp":1613800968,"path_taken":["M","M","?","?","M","R","E"],"items_purchased_type":[],"build_version":"2020-12-22","purchased_purges":0,"victory":false,"max_hp_per_floor":[68,68,68,68,68,68,68,68],"card_choices":[{"not_picked":["Feed","Double Tap"],"picked":"Offering","floor":0.0},{"not_picked":["Disarm","Flex"],"picked":"Dark Embrace","floor":1.0},{"not_picked":["Armaments","Seeing Red"],"picked":"Sword Boomerang","floor":2.0},{"not_picked":["Armaments","Sword Boomerang"],"picked":"Burning Pact","floor":4},{"not_picked":["Clash","Flame Barrier","Dual Wield"],"picked":"SKIP","floor":5}],"player_experience":476187,"relics_obtained":[],"event_choices":[{"damage_healed":0,"gold_gain":0,"player_choice":"Upgraded","damage_taken":0,"max_hp_gain":0,"max_hp_loss":0,"event_name":"Upgrade Shrine","floor":3,"gold_loss":0,"cards_upgraded":["Offering"]}],"is_beta":false,"boss_relics":[],"items_purged_floors":[],"is_endless":false,"potions_floor_spawned":[1,4],"killed_by":"Lagavulin","ascension_level":20}}