{"host":"i8x3uekhioq8aaet","time":1613820086,"event":{"mods":["AchievementEnabler","BaseMod","Colored Map","Colored Powertips","DeckTracker","Minty Spire (QoL Compilation)","Relic Sorter","StSLib"],"gold_per_floor":[109,109,109,125,1,33,53,85,85,85,85,96,112,146,146,247,247,267,267,284,284,284],"floor_reached":21,"language":"ZHT","playtime":891,"items_purged":["Strike_P"],"score":261,"play_id":"faf5b054-c7a4-408f-bcf8-3a68eeeb12a7","local_time":"20210220192126","is_ascension_mode":true,"campfire_choices":[{"floor":10,"key":"REST"},{"data":"DeusExMachina","floor":15,"key":"SMITH"}],"circlet_count":0,"master_deck":["Strike_P+1","Strike_P+1","Defend_P+1","Defend_P+1","Defend_P","Eruption","Vigilance","Protect","DeusExMachina+1","Dark Shackles+1","Evaluate","CarveReality","Consecrate","FearNoEvil","EmptyFist","LessonLearned","FearNoEvil","ClearTheMind"],"relics":["PureWater","NeowsBlessing","Damaru","Frozen Egg 2","Smiling Mask","War Paint","Empty Cage","Gambling Chip"],"acts_visited":["Exordium","TheCity"],"potions_floor_usage":[16,18,20],"damage_taken":[{"damage":0,"enemies":"2 Louse","floor":1,"turns":1},{"damage":0,"enemies":"Jaw Worm","floor":4,"turns":1},{"damage":0,"enemies":"3 Sentries","floor":6,"turns":2},{"damage":0,"enemies":"Cultist","floor":7,"turns":4},{"damage":0,"enemies":"Gremlin Nob","floor":8,"turns":3},{"damage":1,"enemies":"Looter","floor":12,"turns":3},{"damage":1,"enemies":"3 Louse","floor":13,"turns":4},{"damage":1,"enemies":"Lagavulin","floor":14,"turns":5},{"damage":15,"enemies":"The Guardian","floor":16,"turns":10},{"damage":26,"enemies":"2 Thieves","floor":18,"turns":4},{"damage":14,"enemies":"Chosen","floor":20,"turns":5},{"damage":42,"enemies":"Centurion and Healer","floor":21,"turns":6}],"seed_played":"-5256543307643934581","potions_obtained":[{"floor":1,"key":"LiquidBronze"},{"floor":12,"key":"LiquidMemories"},{"floor":16,"key":"Fruit Juice"},{"floor":20,"key":"EssenceOfSteel"}],"is_trial":false,"path_per_floor":["M","?","?","M","$","E","M","E","T","R","?","M","M","E","R","B",null,"M","?","M","M"],"character_chosen":"WATCHER","items_purchased":["Explosive Potion"],"campfire_rested":1,"item_purchase_floors":[5],"current_hp_per_floor":[72,58,58,58,58,58,58,58,58,72,72,71,70,69,69,59,77,51,51,37,0,0],"gold":284,"neow_bonus":"THREE_ENEMY_KILL","is_daily":false,"chose_seed":false,"campfire_upgraded":1,"win_rate":0.0,"timestamp":1613820086,"path_taken":["M","?","?","?","$","E","M","E","T","R","?","M","M","E","R","BOSS","M","?","M","?"],"items_purchased_type":["Potion"],"build_version":"2020-12-22","purchased_purges":1,"victory":false,"max_hp_per_floor":[72,72,72,72,72,72,72,72,72,72,72,72,72,72,72,77,77,77,77,77,77,77],"card_choices":[{"not_picked":["InnerPeace","CarveReality"],"picked":"Protect","floor":1},{"not_picked":["CrushJoints","FollowUp"],"picked":"Evaluate","floor":4},{"not_picked":["Indignation","Tantrum","SashWhip"],"picked":"SKIP","floor":6},{"not_picked":["Halt","JustLucky"],"picked":"CarveReality","floor":7},{"not_picked":["ClearTheMind","PathToVictory","SashWhip"],"picked":"SKIP","floor":8},{"not_picked":["Nirvana+1","EmptyMind"],"picked":"Consecrate","floor":12},{"not_picked":["TalkToTheHand","WindmillStrike"],"picked":"FearNoEvil","floor":13},{"not_picked":["Consecrate","Tantrum"],"picked":"EmptyFist","floor":14},{"not_picked":["Blasphemy","Wish"],"picked":"LessonLearned","floor":16},{"not_picked":["JustLucky","InnerPeace"],"picked":"FearNoEvil","floor":18},{"not_picked":["Halt","CarveReality"],"picked":"ClearTheMind","floor":20}],"player_experience":341049,"relics_obtained":[{"floor":6,"key":"Damaru"},{"floor":8,"key":"Frozen Egg 2"},{"floor":9,"key":"Smiling Mask"},{"floor":14,"key":"War Paint"},{"floor":19,"key":"Gambling Chip"}],"event_choices":[{"damage_healed":0,"gold_gain":0,"player_choice":"Entered Light","damage_taken":14,"max_hp_gain":0,"max_hp_loss":0,"event_name":"Shining Light","floor":2,"gold_loss":0,"cards_upgraded":["Strike_P","Strike_P"]},{"damage_healed":0,"gold_gain":0,"player_choice":"2 cards matched","damage_taken":0,"max_hp_gain":0,"max_hp_loss":0,"event_name":"Match and Keep!","floor":3,"gold_loss":0,"cards_obtained":["DeusExMachina","Dark Shackles"]},{"damage_healed":0,"gold_gain":0,"player_choice":"Ignored","damage_taken":0,"max_hp_gain":0,"max_hp_loss":0,"event_name":"Golden Wing","floor":11,"gold_loss":0},{"damage_healed":0,"gold_gain":0,"player_choice":"Relic","damage_taken":0,"max_hp_gain":0,"max_hp_loss":0,"event_name":"Wheel of Change","floor":19,"gold_loss":0}],"is_beta":false,"boss_relics":[{"not_picked":["Black Star","Snecko Eye"],"picked":"Empty Cage"}],"items_purged_floors":[5],"is_endless":false,"potions_floor_spawned":[1,12,16,20],"killed_by":"Centurion and Healer","ascension_level":1}}