{"host":"56xwnffi6e9z5l58","time":1613796159,"event":{"mods":["Aspiration","BaseMod","Better Match","Better Note","Better Sensory Stone","BetterRewards","Colored Map","Colored Powertips","Conspire","Downfall","GifTheSpireLib","Hermit","Highlight Path","Hubris","Infinite Spire","Key Reminder","Minty Spire (QoL Compilation)","Permanent Neow","Quick Restart","Rare Cards Sparkle","Replay The Spire","StSLib","Stuff the Spire","SuperFastMode","Unceasing Turn Reminder"],"gold_per_floor":[99,112,123,123,108,143,194,206,206,217,242,242,242,255,266,365,365,265,281,300,300,300,300,348,348,380,380,380,30,46,75,86,186,186,186,202,202,202,202,202],"floor_reached":38,"language":"ENG","playtime":1353,"items_purged":["bronze:Strike"],"score":422,"play_id":"bce912ab-06c6-4d22-b2fa-7987edeba5d9","local_time":"20210220124239","is_ascension_mode":false,"campfire_choices":[{"floor":1,"key":"DIG"},{"data":"bronze:Format","floor":9,"key":"SMITH"},{"floor":13,"key":"REST"},{"data":"bronze:BurnOut","floor":18,"key":"SMITH"},{"data":"RitualDagger","floor":25,"key":"SMITH"},{"data":"bronze:HardenedForm","floor":27,"key":"SMITH"},{"data":"bronze:Break","floor":35,"key":"SMITH"}],"circlet_count":0,"master_deck":["bronze:Strike","bronze:Strike","bronze:Defend","bronze:Defend","bronze:Defend","bronze:Replicate","bronze:Goto","bronze:Branch","bronze:Safeguard","StuffTheSpire:Innocence","bronze:ChosenStrike","bronze:Format+1","bronze:ItsAFeature","bronze:FollowUp","bronze:Shell","bronze:Flail","bronze:BurnOut+1","bronze:DarkDash","bronze:Repair","RitualDagger+1","bronze:HardenedForm+1","bronze:Boost","bronze:TinkerersToolbox+1","bronze:Repulsor","bronze:ThunderWave","bronze:Mutator","bronze:Terminator","bronze:Break+1","bronze:Frontload+1"],"relics":["bronze:BronzeCore","StrikeDummy","Blue Doll","Juzu Bracelet","aspiration:FrozenJewel","keyreminder:keyreminder","hubris:ScarierMask","downfall:HeartBlessingGreen","Black Star","Nloth\u0027s Gift","Omamori","Sundial","Gremlin Food","StuffTheSpire:Experiment12","aspiration:TomeofQuesting","StuffTheSpire:Wildfire","StuffTheSpire:RunicConfusion","hubris:Icosahedron"],"acts_visited":["Exordium","TheCity","TheBeyond"],"potions_floor_usage":[16,16,31,33,33,33,38],"damage_taken":[{"damage":0,"enemies":"Small Slimes","floor":2,"turns":3},{"damage":1,"enemies":"Cultist","floor":3,"turns":3},{"damage":2,"enemies":"downfall:FleeingMerchant","floor":5,"turns":4},{"damage":24,"enemies":"3 Sentries","floor":6,"turns":13},{"damage":1,"enemies":"2 Louse","floor":8,"turns":3},{"damage":12,"enemies":"Exordium Thugs","floor":10,"turns":6},{"damage":15,"enemies":"Gremlin Nob","floor":11,"turns":5},{"damage":0,"enemies":"Large Slime","floor":14,"turns":3},{"damage":0,"enemies":"3 Louse","floor":15,"turns":2},{"damage":22,"enemies":"IC_STATUS_ARCHETYPE","floor":16,"turns":13},{"damage":0,"enemies":"downfall:LooterAlt2","floor":19,"turns":2},{"damage":22,"enemies":"Shell Parasite","floor":20,"turns":8},{"damage":10,"enemies":"Slavers","floor":26,"turns":7},{"damage":0,"enemies":"downfall:FleeingMerchant","floor":29,"turns":4},{"damage":14,"enemies":"Chosen and Byrds","floor":30,"turns":8},{"damage":32,"enemies":"Gremlin Leader","floor":31,"turns":12},{"damage":23,"enemies":"Snake Plant","floor":32,"turns":6},{"damage":35,"enemies":"DF_ARCHETYPE_CLAW","floor":33,"turns":8},{"damage":0,"enemies":"Orb Walker","floor":36,"turns":2},{"damage":2,"enemies":"infinitespire:Three Voidlings","floor":38,"turns":4},{"damage":88,"enemies":"Nightmare_Alpha","floor":38,"turns":8}],"seed_played":"3400314369929204456","potions_obtained":[{"floor":2,"key":"SmokeBomb"},{"floor":8,"key":"Regen Potion"},{"floor":10,"key":"Dexterity Potion"},{"floor":14,"key":"LifebloodPotion"},{"floor":16,"key":"Venom Potion"},{"floor":20,"key":"Fire Potion"},{"floor":30,"key":"Regen Potion"},{"floor":32,"key":"PowerPotion"},{"floor":33,"key":"SkillPotion"}],"is_trial":false,"path_per_floor":["R_BF","M","M","?","$","E","T","M","R","M","E","?","R","M","M","B",null,"R","M","M","?","AVR","?","T","R","E","R","?","$","M","E","M","B",null,"R","M","?","?"],"character_chosen":"THE_AUTOMATON","items_purchased":["bronze:TinkerersToolbox+1","bronze:Repulsor","StuffTheSpire:Experiment12"],"campfire_rested":1,"item_purchase_floors":[29,29,29],"current_hp_per_floor":[63,63,62,55,53,29,29,28,28,16,1,1,19,19,19,12,63,63,63,41,35,49,49,49,49,46,46,71,71,63,38,15,2,77,77,77,77,0,0,0],"gold":202,"neow_bonus":"REMOVE_TWO","is_daily":false,"chose_seed":false,"campfire_upgraded":5,"win_rate":0.0,"timestamp":1613796159,"path_taken":["R_BF","M","M","?","$","E","T","M","R","M","E","?","R","M","M","BOSS","R","M","M","?","AVR","?","T","R","E","R","?","$","M","E","M","BOSS","R","M","?","?"],"items_purchased_type":["Card","Card","Relic"],"build_version":"2020-12-22","purchased_purges":1,"victory":false,"max_hp_per_floor":[63,63,63,63,63,63,63,63,63,63,63,63,63,63,63,63,63,63,63,63,63,77,77,77,77,77,77,77,77,77,77,77,77,77,77,77,77,77,77,77],"card_choices":[{"not_picked":["bronze:BugBarrage","bronze:DelayedGuard"],"picked":"bronze:Branch","floor":2},{"not_picked":["bronze:BronzeArmor","bronze:Constructor"],"picked":"bronze:Safeguard","floor":3},{"not_picked":["bronze:Philosophize","bronze:Iterate"],"picked":"bronze:ChosenStrike","floor":5},{"not_picked":["bronze:Invalidate","bronze:NullPointer"],"picked":"bronze:Format","floor":6},{"not_picked":["bronze:OilSpill","bronze:NullPointer"],"picked":"bronze:ItsAFeature","floor":8},{"not_picked":["bronze:ChildClass","bronze:ForLoop"],"picked":"bronze:FollowUp","floor":10},{"not_picked":["bronze:WildBeam","bronze:Backtrace"],"picked":"bronze:Shell","floor":11},{"not_picked":["bronze:WildBeam","bronze:BugBarrage","bronze:Shield"],"picked":"SKIP","floor":14},{"not_picked":["bronze:Allocate","bronze:BuggyMess"],"picked":"bronze:Flail","floor":15},{"not_picked":["bronze:ShipIt","bronze:Break"],"picked":"bronze:BurnOut","floor":16},{"not_picked":["bronze:BugBarrage","bronze:Overload"],"picked":"bronze:DarkDash","floor":19},{"not_picked":["bronze:BitShift","bronze:Fortify"],"picked":"bronze:Repair","floor":20},{"not_picked":["bronze:Mutator","bronze:BuggyMess+1"],"picked":"bronze:HardenedForm","floor":26},{"not_picked":["bronze:Overload","bronze:Branch"],"picked":"bronze:Boost","floor":29},{"not_picked":["bronze:Return","bronze:BitShift+1"],"picked":"bronze:ThunderWave","floor":30},{"not_picked":["bronze:FineTuning","bronze:Return"],"picked":"bronze:Mutator","floor":31},{"not_picked":["bronze:DarkDash","bronze:FineTuning"],"picked":"bronze:Terminator","floor":32},{"not_picked":["bronze:SpaghettiCode","bronze:FindAndReplace"],"picked":"bronze:Break","floor":33},{"not_picked":["bronze:Iterate","bronze:DelayedGuard"],"picked":"bronze:Frontload+1","floor":36}],"player_experience":1051426,"relics_obtained":[{"floor":1,"key":"StrikeDummy"},{"floor":6,"key":"Blue Doll"},{"floor":7,"key":"Juzu Bracelet"},{"floor":11,"key":"aspiration:FrozenJewel"},{"floor":24,"key":"Omamori"},{"floor":26,"key":"Sundial"},{"floor":26,"key":"Gremlin Food"},{"floor":31,"key":"aspiration:TomeofQuesting"},{"floor":31,"key":"StuffTheSpire:Wildfire"}],"event_choices":[{"cards_removed":["bronze:Strike"],"damage_healed":0,"gold_gain":0,"player_choice":"Give","damage_taken":0,"max_hp_gain":0,"max_hp_loss":0,"event_name":"betterNote:BetterNote","floor":12,"gold_loss":0,"cards_obtained":["bronze:Strike"]},{"damage_healed":25,"gold_gain":0,"player_choice":"Heal","damage_taken":0,"max_hp_gain":0,"max_hp_loss":0,"event_name":"The Library","floor":28,"gold_loss":0}],"is_beta":false,"boss_relics":[{"not_picked":["bronze:MakeshiftBattery","hubris:Stopwatch"],"picked":"hubris:ScarierMask"},{"not_picked":["Fusion Hammer","aspiration:SecretTechniqueScroll"],"picked":"StuffTheSpire:RunicConfusion"}],"items_purged_floors":[22],"is_endless":false,"potions_floor_spawned":[2,8,10,14,16,20,30,32,33],"killed_by":"Nightmare_Alpha","ascension_level":0}}