{"host":"b1k9tvirjqaexfiq","time":1613794355,"event":{"mods":["AchievementEnabler","Act Like it!","BaseMod","Bestiary","Better Third Choice","BetterRewards","Bossed Relics","CapriCore","Colored Powertips","Conspire","Curses Come First","Energized Spire","Filter the Spire","Highlight Path","Hubris","Infinite Spire","Luminous","Marisa????????","Marked Mod","Minty Spire (QoL Compilation)","Permanent Neow","Quick Restart","Rare Cards Sparkle","Reliquary","Replay The Spire","Ruina","Shop Mod","StSLib","The Animator","The Bug Knight","The Cursed","The Immortal","The Marked","The Servant 0.9.4","Together in Spire","Waifu the Spire","??????REMEMod"],"gold_per_floor":[119,136,149,167,91,91,117,117,117,142,154,11,40,58,58,153,153,168,181,197,83,83,83,93,93,93,93,119,119,147,96,96,191,191,201,201,15,27,27,27,27,27,27,27,27,27,27],"floor_reached":46,"language":"ENG","playtime":1588,"items_purged":["ReplayTheSpireMod:Scrap Shanks"],"score":629,"play_id":"d184619d-f4b8-4f0a-8dc5-503b83b68740","local_time":"20210219221235","is_ascension_mode":true,"campfire_choices":[{"floor":6.0,"key":"REST"},{"floor":8.0,"key":"REST"},{"floor":15.0,"key":"REST"},{"data":"Neutralize","floor":23.0,"key":"SMITH"},{"floor":25.0,"key":"REST"},{"data":"Infinite Blades","floor":27.0,"key":"SMITH"},{"data":"Flechettes","floor":29.0,"key":"SMITH"},{"data":"Dagger Spray","floor":32.0,"key":"SMITH"},{"floor":40.0,"key":"REST"},{"data":"Envenom","floor":42.0,"key":"SMITH"},{"floor":45,"key":"RECALL"}],"circlet_count":0,"master_deck":["Strike_G","Strike_G","Strike_G","Strike_G","Strike_G","Defend_G","Defend_G","Defend_G","Defend_G","Defend_G","Survivor","Neutralize+1","StarDustReverie","infinitespire:Neurotoxin","ReplayTheSpireMod:Tripwire","Dagger Throw","REME_ShadowStrike","Distraction","ReplayTheSpireMod:Scrap Shanks","Underhanded Strike","hubris:Sniper","Flechettes+1","Masterful Stab","Die Die Die","Dagger Spray+1","Glass Knife","Blade Dance+1","Quick Slash","Quick Slash","Quick Slash","Infinite Blades+1","Dagger Throw","Dagger Spray+1","Slice","Envenom+1","Blade Dance+1","Unload+1","Skewer","Underhanded Strike"],"relics":["Ring of the Snake","REME_ComplimentaryCards","Vajra","hubris:Metronome","reliquary:PorcupineQuills","Letter Opener","hubris:GrandSneckoEye","Oddly Smooth Stone","Eternal Feather","reliquary:SilkGlove","Runic Pyramid","hubris:Icosahedron"],"acts_visited":["Exordium","TheCity","TheBeyond"],"potions_floor_usage":[],"damage_taken":[{"damage":9.0,"enemies":"Cultist","floor":1.0,"turns":6.0},{"damage":8.0,"enemies":"Small Slimes","floor":2.0,"turns":5.0},{"damage":12.0,"enemies":"Jaw Worm","floor":3.0,"turns":3.0},{"damage":3.0,"enemies":"Blue Slaver","floor":4.0,"turns":4.0},{"damage":25.0,"enemies":"3 Sentries","floor":7.0,"turns":7.0},{"damage":14.0,"enemies":"Gremlin Nob","floor":10.0,"turns":4.0},{"damage":0.0,"enemies":"Large Slime","floor":11.0,"turns":3.0},{"damage":0.0,"enemies":"3 Sentries","floor":13.0,"turns":2.0},{"damage":0.0,"enemies":"2 Fungi Beasts","floor":14.0,"turns":1.0},{"damage":0.0,"enemies":"Slime Boss","floor":16.0,"turns":4.0},{"damage":6.0,"enemies":"3 Byrds","floor":18.0,"turns":2.0},{"damage":17.0,"enemies":"conspire:FuzzyDice","floor":19.0,"turns":3.0},{"damage":0.0,"enemies":"Sentry and Sphere","floor":20.0,"turns":2.0},{"damage":12.0,"enemies":"Cultist and Chosen","floor":24.0,"turns":3.0},{"damage":9.0,"enemies":"Replay:Snechameleon","floor":28.0,"turns":2.0},{"damage":18.0,"enemies":"HollowMod:Nosk","floor":30.0,"turns":4.0},{"damage":73.0,"enemies":"Champ","floor":33.0,"turns":6.0},{"damage":11.0,"enemies":"Orb Walker","floor":35.0,"turns":2.0},{"damage":42.0,"enemies":"3 Shapes","floor":38.0,"turns":3.0},{"damage":0,"enemies":"Jaw Worm Horde","floor":46,"turns":1}],"seed_played":"1884900083342954433","potions_obtained":[{"floor":4.0,"key":"Fire Potion"},{"floor":7.0,"key":"CunningPotion"},{"floor":13.0,"key":"Fire Potion"},{"floor":24.0,"key":"GamblersBrew"},{"floor":28.0,"key":"FearPotion"},{"floor":30.0,"key":"Adrenaline Potion"},{"floor":33.0,"key":"AttackPotion"}],"is_trial":false,"path_per_floor":["M","M","M","M","$","R","E","R","T","E","M","$","E","M","R","B",null,"M","M","M","$","?","R","M","R","T","R","E","R","E","$","R","B",null,"M","?","$","M","?","R","$","R","T","?","R","M"],"character_chosen":"THE_SILENT","items_purchased":["ReplayTheSpireMod:Scrap Shanks","Flechettes","Masterful Stab","Quick Slash","Slice","Unload+1","Skewer"],"campfire_rested":5,"item_purchase_floors":[5,12,12,21,31,37,37],"current_hp_per_floor":[40,32,20,17,17,38,13,34,34,20,20,20,20,20,41,41,70,64,47,47,47,47,47,35,56,56,56,47,65,47,47,65,2,70,59,59,59,17,17,59,59,70,70,70,70,70,70],"gold":27,"neow_bonus":"THREE_RARE_CARDS","is_daily":false,"chose_seed":false,"campfire_upgraded":5,"win_rate":0.0,"timestamp":1613794355,"path_taken":["M","M","M","M","$","R","E","R","T","E","M","$","E","M","R","BOSS","M","M","M","$","?","R","?","R","T","R","E","R","E","$","R","BOSS","M","?","$","M","?","R","?","R","T","?","R","M"],"items_purchased_type":["Card","Card","Card","Card","Card","Card","Card"],"build_version":"2020-12-22","purchased_purges":1,"victory":false,"max_hp_per_floor":[70,70,70,70,70,70,70,70,70,70,70,70,70,70,70,70,70,70,70,70,70,70,70,70,70,70,70,70,70,70,70,70,70,70,70,70,70,70,70,70,70,70,70,70,70,70,70],"card_choices":[{"not_picked":["Malaise","Adrenaline"],"picked":"infinitespire:Neurotoxin","floor":0.0},{"not_picked":["Prepared","Dagger Spray"],"picked":"ReplayTheSpireMod:Tripwire","floor":1.0},{"not_picked":["Quick Slash","Flying Knee"],"picked":"Dagger Throw","floor":2.0},{"not_picked":["Finisher","Choke"],"picked":"REME_ShadowStrike","floor":3.0},{"not_picked":["Dodge and Roll","Acrobatics"],"picked":"Distraction","floor":4.0},{"not_picked":["Bane","Tools of the Trade"],"picked":"Underhanded Strike","floor":7.0},{"not_picked":["Backflip","Outmaneuver"],"picked":"hubris:Sniper","floor":10.0},{"not_picked":["Escape Plan","Acrobatics"],"picked":"ReplayTheSpireMod:Scrap Shanks","floor":11.0},{"not_picked":["conspire:DoublingDagger","Prepared"],"picked":"Die Die Die","floor":13.0},{"not_picked":["Backflip","ReplayTheSpireMod:Speed Training"],"picked":"Dagger Spray","floor":14.0},{"not_picked":["Burst","A Thousand Cuts"],"picked":"Glass Knife","floor":16.0},{"not_picked":["Dodge and Roll","Backflip"],"picked":"Blade Dance+1","floor":18.0},{"not_picked":["Outmaneuver","Flying Knee"],"picked":"Quick Slash","floor":19.0},{"not_picked":["Fluid Movement+1","ReplayTheSpireMod:Exploit Weakness+1","Escape Plan+1"],"picked":"SKIP","floor":20.0},{"not_picked":["hubris:Sniper","Deflect"],"picked":"Infinite Blades","floor":24.0},{"not_picked":["Dash","Quick Slash"],"picked":"Dagger Throw","floor":28.0},{"not_picked":["Tactician","Glass Knife"],"picked":"Dagger Spray","floor":30.0},{"not_picked":["Unload","Poison Darts"],"picked":"Envenom","floor":33.0},{"not_picked":["Hidden Blade+1","Deadly Poison+1"],"picked":"Blade Dance+1","floor":35.0},{"not_picked":["Deadly Poison+1","Reflex+1","Deflect+1"],"picked":"SKIP","floor":38.0}],"player_experience":82924,"relics_obtained":[{"floor":7.0,"key":"Vajra"},{"floor":9.0,"key":"hubris:Metronome"},{"floor":10.0,"key":"reliquary:PorcupineQuills"},{"floor":13.0,"key":"Letter Opener"},{"floor":26.0,"key":"Oddly Smooth Stone"},{"floor":28.0,"key":"Eternal Feather"},{"floor":30.0,"key":"reliquary:SilkGlove"}],"event_choices":[{"damage_healed":0.0,"max_hp_gain":0.0,"max_hp_loss":0.0,"gold_gain":0.0,"event_name":"Accursed Blacksmith","player_choice":"Forge","floor":22.0,"gold_loss":0.0,"damage_taken":0.0,"cards_upgraded":["Dagger Spray"]}],"is_beta":false,"boss_relics":[{"not_picked":["Fusion Hammer","Calling Bell"],"picked":"hubris:GrandSneckoEye"},{"not_picked":["Replay:Grab Bag","energizedSpire:HighHeels"],"picked":"Runic Pyramid"}],"items_purged_floors":[21],"is_endless":false,"potions_floor_spawned":[4,7,13,14,16,24,28,30,33],"killed_by":"Jaw Worm Horde","ascension_level":2}}