{"host":"2se5dq1do2gp0x9k","time":1613801520,"event":{"mods":["AchievementEnabler","BaseMod","Block Reminder","Colored Map","Colored Powertips","Minty Spire (QoL Compilation)","Relic Stats","StSLib","SuperFastMode"],"gold_per_floor":[359,374,374,394,29,29,62,62,62,62,92,102,122,122,122,198,198,211,230,280,23,23,23],"floor_reached":22,"language":"ENG","playtime":628,"items_purged":["Strike_B","Strike_B"],"score":388,"play_id":"ff7eb94c-d4d0-4914-a748-be89232428b9","local_time":"20210219221200","is_ascension_mode":true,"campfire_choices":[{"data":"Beam Cell","floor":6.0,"key":"SMITH"},{"data":"Doom and Gloom","floor":8.0,"key":"SMITH"},{"data":"Redo","floor":10.0,"key":"SMITH"},{"floor":15,"key":"REST"}],"circlet_count":0,"master_deck":["AscendersBane","Strike_B","Strike_B","Defend_B","Defend_B+1","Defend_B","Defend_B+1","Zap","Dualcast","Cold Snap","Self Repair","Beam Cell+1","Coolheaded","Doom and Gloom+1","Redo+1","Self Repair","Self Repair","Multi-Cast","Rebound","Compile Driver"],"relics":["Cracked Core","Question Card","ClockworkSouvenir","White Beast Statue","Mummified Hand","Omamori","Runic Pyramid","PrismaticShard"],"acts_visited":["Exordium","TheCity"],"potions_floor_usage":[16,16],"damage_taken":[{"damage":6.0,"enemies":"Cultist","floor":1.0,"turns":3.0},{"damage":5.0,"enemies":"Jaw Worm","floor":2.0,"turns":3.0},{"damage":12.0,"enemies":"Small Slimes","floor":4.0,"turns":4.0},{"damage":25.0,"enemies":"3 Sentries","floor":7.0,"turns":7.0},{"damage":15,"enemies":"Lagavulin","floor":11,"turns":5},{"damage":5,"enemies":"Gremlin Gang","floor":12,"turns":3},{"damage":13,"enemies":"3 Louse","floor":13,"turns":3},{"damage":15,"enemies":"Slime Boss","floor":16,"turns":8},{"damage":37,"enemies":"2 Thieves","floor":18,"turns":4},{"damage":31,"enemies":"Chosen","floor":19,"turns":6},{"damage":35,"enemies":"Shelled Parasite and Fungi","floor":22,"turns":3}],"seed_played":"174526202320531725","potions_obtained":[{"floor":7.0,"key":"Fire Potion"},{"floor":11,"key":"FocusPotion"},{"floor":13,"key":"Strength Potion"},{"floor":16,"key":"PotionOfCapacity"},{"floor":18,"key":"SpeedPotion"},{"floor":19,"key":"Strength Potion"}],"is_trial":false,"path_per_floor":["M","M","T","M","$","R","E","R","T","R","E","M","M","?","R","B",null,"M","M","?","$","M"],"character_chosen":"DEFECT","items_purchased":["Coolheaded","Doom and Gloom","ClockworkSouvenir","PrismaticShard"],"campfire_rested":1,"item_purchase_floors":[5,5,5,21],"current_hp_per_floor":[58,53,53,48,48,48,30,30,30,30,22,31,32,13,32,38,58,42,32,32,32,0,0],"gold":23,"neow_bonus":"TWO_FIFTY_GOLD","is_daily":false,"chose_seed":false,"campfire_upgraded":3,"win_rate":0.0,"timestamp":1613801520,"path_taken":["M","M","?","?","$","R","E","R","T","R","E","M","M","?","R","BOSS","M","M","?","$","M"],"items_purchased_type":["Card","Card","Relic","Relic"],"build_version":"2020-12-22","purchased_purges":2,"victory":false,"max_hp_per_floor":[64,64,64,64,64,64,64,64,64,64,64,64,64,64,64,64,64,64,64,64,64,64,64],"relic_stats":{"counters":[11,49],"Mummified Hand":[15],"Question Card":8,"obtain_stats":[{"Mummified Hand":9,"Omamori":11,"Cracked Core":0,"Question Card":3,"PrismaticShard":21,"White Beast Statue":7,"ClockworkSouvenir":5,"Runic Pyramid":17},{"Mummified Hand":4,"Omamori":5,"Cracked Core":0,"Question Card":2,"PrismaticShard":10,"White Beast Statue":4,"ClockworkSouvenir":3,"Runic Pyramid":8},{"Mummified Hand":17,"Omamori":22,"Cracked Core":0,"Question Card":6,"PrismaticShard":46,"White Beast Statue":17,"ClockworkSouvenir":10,"Runic Pyramid":36}]},"card_choices":[{"not_picked":["Go for the Eyes","Beam Cell"],"picked":"Cold Snap","floor":1.0},{"not_picked":["Aggregate","Capacitor"],"picked":"Self Repair","floor":2.0},{"not_picked":["Leap","Chaos","Go for the Eyes"],"picked":"Beam Cell","floor":4.0},{"not_picked":["Barrage","Hologram","Reinforced Body"],"picked":"Redo","floor":7.0},{"not_picked":["Stack","Hello World","Turbo"],"picked":"Self Repair","floor":11},{"not_picked":["Fission","Beam Cell","Sweeping Beam","Barrage"],"picked":"SKIP","floor":12},{"not_picked":["Static Discharge","Auto Shields","Heatsinks"],"picked":"Self Repair","floor":13},{"not_picked":["Hyperbeam","Fission","Creative AI"],"picked":"Multi-Cast","floor":16},{"not_picked":["Stack+1","Melter","Coolheaded"],"picked":"Rebound","floor":18},{"not_picked":["BootSequence","Force Field","Stack"],"picked":"Compile Driver","floor":19}],"player_experience":4085674,"relics_obtained":[{"floor":3.0,"key":"Question Card"},{"floor":7.0,"key":"White Beast Statue"},{"floor":9.0,"key":"Mummified Hand"},{"floor":11,"key":"Omamori"}],"event_choices":[{"damage_healed":0,"gold_gain":0,"player_choice":"Entered Light","damage_taken":19,"max_hp_gain":0,"max_hp_loss":0,"event_name":"Shining Light","floor":14,"gold_loss":0,"cards_upgraded":["Defend_B","Defend_B"]},{"damage_healed":0,"gold_gain":50,"player_choice":"Stole From Cult","damage_taken":0,"max_hp_gain":0,"max_hp_loss":0,"event_name":"Nest","floor":20,"gold_loss":0}],"is_beta":false,"boss_relics":[{"not_picked":["Nuclear Battery","Fusion Hammer"],"picked":"Runic Pyramid"}],"items_purged_floors":[5,21],"is_endless":false,"potions_floor_spawned":[7,11,12,13,16,18,19],"killed_by":"Shelled Parasite and Fungi","ascension_level":20}}