{"host":"hnflc3t7qut4yf6t","time":1613820908,"event":{"mods":["BaseMod","Minty Spire (QoL Compilation)","Random Character Button","Relic Stats","Slay-I"],"gold_per_floor":[115,126,126,143,153,153,181,8,8,8,35,35,47,74,74,174,174,185,195,195,211,211,237,247,282,307,327,327,327],"floor_reached":28,"language":"ENG","playtime":2067,"items_purged":[],"score":305,"play_id":"a50b0545-881c-4af3-bb0f-5671e4202f5f","local_time":"20210220123508","is_ascension_mode":false,"campfire_choices":[{"data":"Dodge and Roll","floor":6,"key":"SMITH"},{"data":"Apotheosis","floor":10,"key":"SMITH"},{"data":"Neutralize","floor":15,"key":"SMITH"}],"circlet_count":0,"master_deck":["Strike_G","Strike_G","Defend_G","Defend_G","Defend_G","Defend_G","Defend_G","Survivor","Neutralize+1","Bouncing Flask","Dagger Throw","Masterful Stab","Dodge and Roll+1","Footwork","Apotheosis+1","Deflect","Dodge and Roll","Adrenaline","All Out Attack+1","Backflip","Skewer","Backflip","Footwork+1","Venomology","Slice","Dash+1","Dodge and Roll+1"],"relics":["Ring of the Snake","Centennial Puzzle","Pantograph","Sundial","InkBottle","Boot","Unceasing Top","Black Star","Lantern","Bottled Tornado","Toxic Egg 2","Molten Egg 2","Dream Catcher"],"acts_visited":["Exordium","TheCity"],"potions_floor_usage":[23,23,24,28],"damage_taken":[{"damage":1,"enemies":"Jaw Worm","floor":1,"turns":4},{"damage":0,"enemies":"2 Louse","floor":2,"turns":4},{"damage":0,"enemies":"Small Slimes","floor":4,"turns":3},{"damage":0,"enemies":"Exordium Wildlife","floor":5,"turns":6},{"damage":10,"enemies":"3 Sentries","floor":7,"turns":12},{"damage":6,"enemies":"Lagavulin","floor":11,"turns":6},{"damage":0,"enemies":"3 Louse","floor":13,"turns":2},{"damage":0,"enemies":"3 Sentries","floor":14,"turns":10},{"damage":27,"enemies":"Slime Boss","floor":16,"turns":10},{"damage":0,"enemies":"Spheric Guardian","floor":18,"turns":4},{"damage":9,"enemies":"2 Thieves","floor":19,"turns":3},{"damage":9,"enemies":"Centurion and Healer","floor":21,"turns":10},{"damage":23,"enemies":"Gremlin Leader","floor":23,"turns":7},{"damage":7,"enemies":"Snake Plant","floor":24,"turns":4},{"damage":5,"enemies":"Slavers","floor":25,"turns":6},{"damage":7,"enemies":"Cultist and Chosen","floor":27,"turns":8},{"damage":10,"enemies":"Gremlin Leader","floor":28,"turns":5}],"seed_played":"3328651002765427446","potions_obtained":[{"floor":4,"key":"Weak Potion"},{"floor":11,"key":"EssenceOfSteel"},{"floor":13,"key":"EssenceOfSteel"},{"floor":16,"key":"DuplicationPotion"},{"floor":18,"key":"SkillPotion"},{"floor":21,"key":"SkillPotion"}],"is_trial":false,"path_per_floor":["M","M","?","M","M","R","E","$","T","R","E","T","M","E","R","B",null,"M","M","?","M","?","E","M","E","T","M","E"],"character_chosen":"THE_SILENT","items_purchased":["Apotheosis"],"campfire_rested":0,"item_purchase_floors":[8],"current_hp_per_floor":[69,69,69,69,69,69,59,59,59,59,53,53,53,53,53,43,70,70,61,61,52,52,29,22,17,17,10,0,0],"gold":327,"neow_bonus":"RANDOM_COMMON_RELIC","is_daily":false,"chose_seed":false,"campfire_upgraded":3,"win_rate":0.0,"timestamp":1613820908,"path_taken":["M","M","?","M","M","R","E","$","T","R","E","?","M","E","R","BOSS","M","M","?","M","?","E","M","E","T","M","E"],"items_purchased_type":["Card"],"build_version":"2020-12-22","purchased_purges":0,"victory":false,"max_hp_per_floor":[70,70,70,70,70,70,70,70,70,70,70,70,70,70,70,70,70,70,70,70,70,70,70,70,70,70,70,70,70],"relic_stats":{"Centennial Puzzle":[30],"Dream Catcher":0,"counters":[17,104],"Sundial":[14],"Pantograph":17,"Black Star":2,"Boot":[27],"obtain_stats":[{"Lantern":23,"Bottled Tornado":23,"Boot":12,"Centennial Puzzle":0,"Dream Catcher":26,"Sundial":9,"Pantograph":7,"Molten Egg 2":25,"Black Star":17,"Toxic Egg 2":25,"InkBottle":11,"Unceasing Top":14,"Ring of the Snake":0},{"Lantern":13,"Bottled Tornado":13,"Boot":6,"Centennial Puzzle":0,"Dream Catcher":15,"Sundial":5,"Pantograph":5,"Molten Egg 2":15,"Black Star":9,"Toxic Egg 2":15,"InkBottle":6,"Unceasing Top":8,"Ring of the Snake":0},{"Lantern":81,"Bottled Tornado":81,"Boot":35,"Centennial Puzzle":0,"Dream Catcher":91,"Sundial":29,"Pantograph":29,"Molten Egg 2":91,"Black Star":57,"Toxic Egg 2":91,"InkBottle":35,"Unceasing Top":47,"Ring of the Snake":0}],"InkBottle":[26],"Unceasing Top":[3],"Ring of the Snake":[34]},"card_choices":[{"not_picked":["Sucker Punch","Blur"],"picked":"Bouncing Flask","floor":1},{"not_picked":["Quick Slash","Backflip"],"picked":"Dagger Throw","floor":2},{"not_picked":["Sucker Punch","Crippling Poison"],"picked":"Masterful Stab","floor":4},{"not_picked":["Heel Hook","Outmaneuver"],"picked":"Dodge and Roll","floor":5},{"not_picked":["Bullet Time","Acrobatics"],"picked":"Footwork","floor":7},{"not_picked":["Sucker Punch","Escape Plan"],"picked":"Deflect","floor":11},{"not_picked":["Acrobatics","Dagger Spray"],"picked":"Dodge and Roll","floor":13},{"not_picked":["A Thousand Cuts","Riddle With Holes","Flechettes"],"picked":"SKIP","floor":14},{"not_picked":["Venomology","Phantasmal Killer"],"picked":"Adrenaline","floor":16},{"not_picked":["Poisoned Stab","Backstab+1"],"picked":"All Out Attack+1","floor":18},{"not_picked":["Bouncing Flask+1","Finisher"],"picked":"Backflip","floor":19},{"not_picked":["Terror","Blade Dance"],"picked":"Footwork+1","floor":21},{"not_picked":["Blade Dance","Outmaneuver+1"],"picked":"Venomology","floor":23},{"not_picked":["Acrobatics+1","Poisoned Stab"],"picked":"Slice","floor":24},{"not_picked":["Noxious Fumes+1","Dagger Throw+1"],"picked":"Dash+1","floor":25},{"not_picked":["Dash+1","Distraction+1"],"picked":"Dodge and Roll+1","floor":27}],"player_experience":5450,"relics_obtained":[{"floor":7,"key":"Pantograph"},{"floor":9,"key":"Sundial"},{"floor":11,"key":"InkBottle"},{"floor":12,"key":"Boot"},{"floor":14,"key":"Unceasing Top"},{"floor":23,"key":"Lantern"},{"floor":23,"key":"Bottled Tornado"},{"floor":25,"key":"Toxic Egg 2"},{"floor":25,"key":"Molten Egg 2"},{"floor":26,"key":"Dream Catcher"}],"event_choices":[{"cards_removed":["Strike_G"],"damage_healed":0,"gold_gain":0,"player_choice":"Forget","damage_taken":0,"max_hp_gain":0,"max_hp_loss":0,"event_name":"Living Wall","floor":3,"gold_loss":0},{"damage_healed":0,"gold_gain":0,"cards_transformed":["Strike_G","Strike_G"],"player_choice":"Became Test Subject","damage_taken":0,"max_hp_gain":0,"max_hp_loss":0,"event_name":"Drug Dealer","floor":20,"gold_loss":0,"cards_obtained":["Skewer","Backflip"]},{"damage_healed":0,"gold_gain":0,"player_choice":"Ignored","damage_taken":0,"max_hp_gain":0,"max_hp_loss":0,"event_name":"Vampires","floor":22,"gold_loss":0}],"is_beta":false,"boss_relics":[{"not_picked":["WristBlade","Sozu"],"picked":"Black Star"}],"items_purged_floors":[],"is_endless":false,"potions_floor_spawned":[4,11,13,16,18,19,21],"killed_by":"Gremlin Leader","ascension_level":0}}