{"host":"t81nzcd9m7brb0qe","time":1613830709,"event":{"mods":["2.2 Compatiblity","BaseMod","Colored Map","Dark Map","Downfall","Highlight Path","Minty Spire (QoL Compilation)","StSLib"],"gold_per_floor":[219,235,310,4,17,17,47,47,47,222,222,222,187,199,199,295,295,306,316,107,107,107,137,137,156,181,181,181,181,200,200,200,300,300,317,317,367,387,401,401,414,445,445,462,462,474,494,513,513,513,513],"floor_reached":50,"language":"ENG","playtime":2125,"items_purged":["Strike_G"],"score":542,"play_id":"d09ca719-827b-44f3-9656-cd931d4e1cc2","local_time":"20210220061829","is_ascension_mode":true,"campfire_choices":[{"data":"A Thousand Cuts","floor":6.0,"key":"SMITH"},{"floor":8.0,"key":"REST"},{"floor":15.0,"key":"REST"},{"floor":24.0,"key":"REST"},{"floor":29.0,"key":"REST"},{"floor":32.0,"key":"REST"},{"floor":40,"key":"REST"},{"floor":49,"key":"REST"}],"circlet_count":0,"master_deck":["Strike_G+1","Strike_G+1","Strike_G+1","Strike_G+1","Defend_G+1","Defend_G+1","Defend_G+1","Defend_G+1","Defend_G+1","Survivor","Neutralize","Accuracy","Outmaneuver","A Thousand Cuts+1","Crippling Poison","Finisher","Accuracy","Die Die Die","Blade Dance+1","Sucker Punch+1","Cloak And Dagger+1","Well Laid Plans","Deflect+1","Dodge and Roll+1","Blade Dance+1","Quick Slash+1","Dodge and Roll+1","Impatience+1","Phantasmal Killer+1","PanicButton+1","Acrobatics+1","Blade Dance+1","Crippling Poison+1","Parasite"],"relics":["Ring of the Snake","ClockworkSouvenir","StrikeDummy","Toxic Egg 2","sneckomod:BlankCard","WristBlade","Molten Egg 2","Boot","Busted Crown","Bird Faced Urn","Gremlin Horn","Sundial"],"acts_visited":["Exordium","TheCity","TheBeyond"],"potions_floor_usage":[37,42],"damage_taken":[{"damage":1.0,"enemies":"2 Louse","floor":1.0,"turns":3.0},{"damage":0.0,"enemies":"Jaw Worm","floor":2.0,"turns":6.0},{"damage":13.0,"enemies":"Small Slimes","floor":5.0,"turns":4.0},{"damage":29.0,"enemies":"3 Sentries","floor":7.0,"turns":8.0},{"damage":2.0,"enemies":"3 Louse","floor":14.0,"turns":2.0},{"damage":53.0,"enemies":"The Guardian","floor":16.0,"turns":18.0},{"damage":33.0,"enemies":"Shell Parasite","floor":18.0,"turns":11.0},{"damage":12.0,"enemies":"2 Thieves","floor":19.0,"turns":2.0},{"damage":18.0,"enemies":"Slavers","floor":23.0,"turns":3.0},{"damage":7.0,"enemies":"Snake Plant","floor":25.0,"turns":5.0},{"damage":6.0,"enemies":"Shelled Parasite and Fungi","floor":30.0,"turns":3.0},{"damage":51.0,"enemies":"Automaton","floor":33.0,"turns":9.0},{"damage":32.0,"enemies":"3 Darklings","floor":35.0,"turns":3.0},{"damage":11,"enemies":"Mind Bloom Boss Battle","floor":37,"turns":5},{"damage":20,"enemies":"Orb Walker","floor":38,"turns":4},{"damage":2,"enemies":"Transient","floor":39,"turns":5},{"damage":6,"enemies":"Spire Growth","floor":41,"turns":3},{"damage":28,"enemies":"Reptomancer","floor":42,"turns":5},{"damage":0,"enemies":"Maw","floor":44,"turns":4},{"damage":3,"enemies":"Sphere and 2 Shapes","floor":46,"turns":2},{"damage":4,"enemies":"Jaw Worm Horde","floor":47,"turns":2},{"damage":0,"enemies":"Writhing Mass","floor":48,"turns":6},{"damage":58,"enemies":"Awakened One","floor":50,"turns":6}],"seed_played":"-8797272617005375401","potions_obtained":[{"floor":5.0,"key":"Poison Potion"},{"floor":14.0,"key":"DistilledChaos"},{"floor":16.0,"key":"Strength Potion"},{"floor":19.0,"key":"SpeedPotion"},{"floor":25.0,"key":"SpeedPotion"},{"floor":35.0,"key":"SkillPotion"},{"floor":38,"key":"PowerPotion"},{"floor":46,"key":"CunningPotion"},{"floor":48,"key":"CultistPotion"}],"is_trial":false,"path_per_floor":["M","M","?","$","M","R","E","R","T","?","?","?","?","M","R","B",null,"M","M","$","?","?","E","R","M","T","?","?","R","M","?","R","B",null,"M","?","?","M","M","R","M","E","T","M","?","M","M","M","R","B"],"character_chosen":"THE_SILENT","items_purchased":["A Thousand Cuts","ClockworkSouvenir","Cloak And Dagger+1","Well Laid Plans"],"campfire_rested":7,"item_purchase_floors":[4,4,20,20],"current_hp_per_floor":[69,69,58,58,45,45,16,37,37,37,30,23,40,38,59,6,70,37,25,25,25,25,7,28,21,21,21,21,42,36,36,57,6,70,38,33,22,8,12,33,29,7,7,11,11,10,10,18,39,0,0],"gold":513,"neow_bonus":"HUNDRED_GOLD","is_daily":false,"chose_seed":false,"campfire_upgraded":1,"win_rate":0.0,"timestamp":1613830709,"path_taken":["M","M","?","$","M","R","E","R","T","?","?","?","?","M","R","BOSS","M","M","$","?","?","E","R","?","T","?","?","R","?","?","R","BOSS","M","?","?","M","M","R","M","E","T","M","?","M","?","M","R","BOSS"],"items_purchased_type":["Card","Relic","Card","Card"],"build_version":"2020-12-22","purchased_purges":1,"victory":false,"max_hp_per_floor":[70,70,70,70,70,70,70,70,70,70,70,70,70,70,70,70,70,70,70,70,70,70,70,70,70,70,70,70,70,70,70,70,70,70,70,70,70,70,70,70,70,70,70,70,70,70,70,70,70,70,70],"card_choices":[{"not_picked":["Dagger Spray","Deflect"],"picked":"Accuracy","floor":1.0},{"not_picked":["Dagger Throw","Bane"],"picked":"Outmaneuver","floor":2.0},{"not_picked":["Expertise","Eviscerate"],"picked":"Crippling Poison","floor":5.0},{"not_picked":["Backflip","Quick Slash"],"picked":"Finisher","floor":7.0},{"not_picked":["Escape Plan+1","PiercingWail+1"],"picked":"Accuracy","floor":14.0},{"not_picked":["Wraith Form v2","Doppelganger+1"],"picked":"Die Die Die","floor":16.0},{"not_picked":["Dodge and Roll+1","Choke"],"picked":"Blade Dance+1","floor":18.0},{"not_picked":["Riddle With Holes","Outmaneuver+1"],"picked":"Sucker Punch+1","floor":19.0},{"not_picked":["Catalyst+1","A Thousand Cuts"],"picked":"Deflect+1","floor":23.0},{"not_picked":["Tactician+1","Well Laid Plans"],"picked":"Dodge and Roll+1","floor":25.0},{"not_picked":["Underhanded Strike+1","Bane+1"],"picked":"Quick Slash+1","floor":30.0},{"not_picked":["Grand Finale+1","Night Terror+1"],"picked":"Phantasmal Killer+1","floor":33.0},{"not_picked":["Dagger Throw+1"],"picked":"SKIP","floor":35.0},{"not_picked":[],"picked":"PanicButton+1","floor":36.0},{"not_picked":[],"picked":"Acrobatics+1","floor":37},{"not_picked":[],"picked":"Blade Dance+1","floor":38},{"not_picked":["Poisoned Stab+1"],"picked":"SKIP","floor":39},{"not_picked":["Endless Agony+1"],"picked":"SKIP","floor":41},{"not_picked":[],"picked":"Crippling Poison+1","floor":42},{"not_picked":["Concentrate+1"],"picked":"SKIP","floor":44},{"not_picked":["Underhanded Strike+1"],"picked":"SKIP","floor":46},{"not_picked":["Quick Slash+1"],"picked":"SKIP","floor":47},{"not_picked":["Deadly Poison+1"],"picked":"SKIP","floor":48}],"player_experience":154397,"relics_obtained":[{"floor":7.0,"key":"StrikeDummy"},{"floor":9.0,"key":"Toxic Egg 2"},{"floor":23.0,"key":"Molten Egg 2"},{"floor":26.0,"key":"Boot"},{"floor":37,"key":"Bird Faced Urn"},{"floor":42,"key":"Gremlin Horn"},{"floor":43,"key":"Sundial"}],"event_choices":[{"damage_healed":0.0,"max_hp_gain":0.0,"max_hp_loss":0.0,"gold_gain":75.0,"event_name":"World of Goop","player_choice":"Gather Gold","floor":3.0,"gold_loss":0.0,"damage_taken":11.0},{"damage_healed":0.0,"max_hp_gain":0.0,"max_hp_loss":0.0,"gold_gain":175.0,"event_name":"Liars Game","player_choice":"AGREE","floor":10.0,"gold_loss":0.0,"damage_taken":0.0,"cards_obtained":["Doubt"]},{"damage_healed":0.0,"max_hp_gain":0.0,"max_hp_loss":0.0,"gold_gain":0.0,"event_name":"Scrap Ooze","player_choice":"Success","floor":11.0,"gold_loss":0.0,"damage_taken":7.0,"relics_obtained":["sneckomod:BlankCard"]},{"cards_removed":["Doubt"],"damage_healed":0.0,"max_hp_gain":0.0,"max_hp_loss":0.0,"gold_gain":0.0,"event_name":"Golden Wing","player_choice":"Card Removal","floor":12.0,"gold_loss":0.0,"damage_taken":7.0},{"damage_healed":17.0,"max_hp_gain":0.0,"max_hp_loss":0.0,"gold_gain":0.0,"event_name":"The Cleric","player_choice":"Healed","floor":13.0,"gold_loss":35.0,"damage_taken":0.0},{"damage_healed":0.0,"max_hp_gain":0.0,"max_hp_loss":0.0,"gold_gain":0.0,"event_name":"Back to Basics","player_choice":"Simplicity","floor":21.0,"gold_loss":0.0,"damage_taken":0.0,"cards_upgraded":["Strike_G","Strike_G","Strike_G","Strike_G","Defend_G","Defend_G","Defend_G","Defend_G","Defend_G"]},{"damage_healed":0.0,"max_hp_gain":0.0,"max_hp_loss":0.0,"gold_gain":0.0,"event_name":"NoteForYourself","player_choice":"Ignored","floor":22.0,"gold_loss":0.0,"damage_taken":0.0},{"damage_healed":0.0,"max_hp_gain":0.0,"max_hp_loss":0.0,"gold_gain":0.0,"event_name":"Duplicator","player_choice":"Copied","floor":28.0,"gold_loss":0.0,"damage_taken":0.0,"cards_obtained":["Blade Dance"]},{"damage_healed":0.0,"max_hp_gain":0.0,"max_hp_loss":0.0,"gold_gain":0.0,"event_name":"Match and Keep!","player_choice":"2 cards matched","floor":31.0,"gold_loss":0.0,"damage_taken":0.0,"cards_obtained":["Dodge and Roll","Impatience"]},{"damage_healed":0.0,"max_hp_gain":0.0,"max_hp_loss":0.0,"gold_gain":0.0,"event_name":"SensoryStone","player_choice":"Memory 2","floor":36.0,"gold_loss":0.0,"damage_taken":5.0},{"damage_healed":0,"gold_gain":0,"player_choice":"Fight","damage_taken":0,"max_hp_gain":0,"max_hp_loss":0,"event_name":"MindBloom","floor":37,"gold_loss":0},{"damage_healed":0,"gold_gain":0,"player_choice":"0 cards matched","damage_taken":0,"max_hp_gain":0,"max_hp_loss":0,"event_name":"Match and Keep!","floor":45,"gold_loss":0,"cards_obtained":[]}],"is_beta":false,"boss_relics":[{"not_picked":["Ring of the Serpent","Astrolabe"],"picked":"WristBlade"},{"not_picked":["Sozu","SacredBark"],"picked":"Busted Crown"}],"items_purged_floors":[20],"is_endless":false,"potions_floor_spawned":[5,14,16,19,25,35,38,46,48],"killed_by":"Awakened One","ascension_level":1}}