{"host":"t9vqxmgmtrdkt9v9","time":1613806557,"event":{"mods":["AchievementEnabler","BaseMod","Colored Map","Minty Spire (QoL Compilation)","Permanent Neow","Relic Stats","StSLib"],"gold_per_floor":[113,128,93,107,107,137,137,149,229,229,7,7,33,33,33,108,108,128,128,141,155,155,155,155,190,190,190,221,249,164,12,12,88,88,105,130,130,30,30,30,40,40,40,65,37,90,102,102,102,102,102,102],"floor_reached":51,"language":"ENG","playtime":2512,"items_purged":["Strike_R","Strike_R"],"score":1520,"play_id":"b55ff0e9-b73c-409a-863d-17bbeff2d046","local_time":"20210220173557","is_ascension_mode":true,"campfire_choices":[{"floor":7.0,"key":"REST"},{"floor":10.0,"key":"REST"},{"data":"Immolate","floor":12.0,"key":"SMITH"},{"data":"Clothesline","floor":15.0,"key":"SMITH"},{"floor":23,"key":"REST"},{"floor":24,"key":"REST"},{"data":"Bloodletting","floor":27,"key":"SMITH"},{"floor":32,"key":"REST"},{"data":"Barricade","floor":40,"key":"SMITH"},{"data":"Feel No Pain","floor":42,"key":"SMITH"},{"data":"Strike_R","floor":49,"key":"PURGE"}],"circlet_count":0,"master_deck":["AscendersBane","Strike_R","Strike_R","Defend_R","Defend_R","Defend_R","Defend_R","Bash+1","Inflame","Clothesline+1","Inflame","Immolate+1","Shrug It Off","Pommel Strike","Dropkick","Impervious","True Grit+1","Sentinel","Shockwave","Bloodletting+1","Shrug It Off","Feel No Pain+1","Barricade+1","True Grit","Entrench","Spot Weakness+1","Shrug It Off","Bloodletting"],"relics":["Runic Cube","Gambling Chip","StrikeDummy","Vajra","Blood Vial","WingedGreaves","Runic Pyramid","Nilry\u0027s Codex","MealTicket","Ornamental Fan","Singing Bowl","Pen Nib","Ice Cream","Sozu","Mango","Calipers","Prayer Wheel","Peace Pipe","The Courier"],"acts_visited":["Exordium","TheCity","TheBeyond"],"potions_floor_usage":[16,25,28,29,51],"damage_taken":[{"damage":13.0,"enemies":"Cultist","floor":1.0,"turns":5.0},{"damage":14.0,"enemies":"Jaw Worm","floor":2.0,"turns":4.0},{"damage":4.0,"enemies":"2 Louse","floor":4.0,"turns":2.0},{"damage":50.0,"enemies":"Lagavulin","floor":6.0,"turns":9.0},{"damage":0.0,"enemies":"Gremlin Gang","floor":8.0,"turns":2.0},{"damage":2.0,"enemies":"3 Sentries","floor":13.0,"turns":3.0},{"damage":20,"enemies":"Hexaghost","floor":16,"turns":9},{"damage":0,"enemies":"Chosen","floor":18,"turns":3},{"damage":22,"enemies":"2 Thieves","floor":20,"turns":3},{"damage":18,"enemies":"Snake Plant","floor":21,"turns":3},{"damage":10,"enemies":"Gremlin Leader","floor":25,"turns":5},{"damage":12,"enemies":"Slavers","floor":28,"turns":3},{"damage":31,"enemies":"Gremlin Leader","floor":29,"turns":7},{"damage":12,"enemies":"Champ","floor":33,"turns":7},{"damage":3,"enemies":"3 Darklings","floor":35,"turns":6},{"damage":21,"enemies":"Mind Bloom Boss Battle","floor":36,"turns":4},{"damage":11,"enemies":"3 Shapes","floor":41,"turns":7},{"damage":12,"enemies":"Giant Head","floor":44,"turns":7},{"damage":5,"enemies":"2 Orb Walkers","floor":46,"turns":4},{"damage":3,"enemies":"Spire Growth","floor":47,"turns":4},{"damage":62,"enemies":"Donu and Deca","floor":50,"turns":13},{"damage":22,"enemies":"Awakened One","floor":51,"turns":2}],"seed_played":"-6296040210126549761","potions_obtained":[{"floor":1.0,"key":"SteroidPotion"},{"floor":6.0,"key":"LiquidBronze"},{"floor":8.0,"key":"Fruit Juice"},{"floor":16,"key":"Dexterity Potion"},{"floor":18,"key":"HeartOfIron"},{"floor":25,"key":"FearPotion"},{"floor":33,"key":"Strength Potion"}],"is_trial":false,"path_per_floor":["M","M","?","M","?","E","R","M","T","R","$","R","E","?","R","B",null,"M","?","M","M","?","R","R","E","T","R","E","E","?","$","R","B",null,"M","?","?","$","?","R","M","R","T","E","$","?","M","T","R","B","B"],"character_chosen":"IRONCLAD","items_purchased":["Vajra","Pommel Strike","Feel No Pain","Shrug It Off"],"campfire_rested":5,"item_purchase_floors":[11,11,31,45],"current_hp_per_floor":[55,41,59,55,55,5,27,27,27,49,49,49,47,29,29,11,59,61,61,41,25,4,26,48,45,45,45,37,8,8,23,47,37,71,70,65,65,80,80,80,71,71,71,63,78,75,78,78,78,18,0,0],"gold":102,"neow_bonus":"BOSS_RELIC","is_daily":false,"chose_seed":false,"campfire_upgraded":5,"win_rate":0.0,"timestamp":1613806557,"path_taken":["M","?","?","M","?","E","R","M","T","R","$","R","E","?","R","BOSS","M","?","?","M","?","R","R","E","T","R","E","E","?","$","R","BOSS","M","?","?","?","?","R","?","R","T","E","$","?","M","?","R","BOSS","BOSS"],"items_purchased_type":["Relic","Card","Card","Card"],"build_version":"2020-12-22","purchased_purges":2,"victory":false,"max_hp_per_floor":[75,75,75,75,75,75,75,75,75,75,75,75,75,75,75,75,75,75,75,75,75,75,75,75,80,80,80,82,82,82,82,82,82,82,82,96,96,96,91,91,91,91,91,93,93,93,97,97,97,97,97,97],"relic_stats":{"Blood Vial":32,"Sozu":3,"Peace Pipe":1,"Singing Bowl":8,"counters":[22,112],"Ornamental Fan":[36],"Gambling Chip":[33],"MealTicket":45,"Prayer Wheel":1,"Pen Nib":[6],"obtain_stats":[{"Ice Cream":30,"Calipers":43,"Singing Bowl":28,"Nilry\u0027s Codex":22,"Vajra":11,"Mango":36,"Pen Nib":29,"The Courier":48,"Burning Blood":0,"Blood Vial":13,"Sozu":34,"Peace Pipe":46,"Ornamental Fan":26,"Gambling Chip":6,"MealTicket":25,"Prayer Wheel":44,"WingedGreaves":14,"StrikeDummy":9,"Runic Cube":0,"Runic Pyramid":17},{"Ice Cream":13,"Calipers":17,"Singing Bowl":12,"Nilry\u0027s Codex":10,"Vajra":5,"Mango":16,"Pen Nib":13,"The Courier":20,"Burning Blood":0,"Blood Vial":6,"Sozu":14,"Peace Pipe":19,"Ornamental Fan":11,"Gambling Chip":4,"MealTicket":11,"Prayer Wheel":18,"WingedGreaves":6,"StrikeDummy":5,"Runic Cube":0,"Runic Pyramid":7},{"Ice Cream":58,"Calipers":82,"Singing Bowl":51,"Nilry\u0027s Codex":43,"Vajra":22,"Mango":75,"Pen Nib":58,"The Courier":97,"Burning Blood":0,"Blood Vial":25,"Sozu":65,"Peace Pipe":93,"Ornamental Fan":48,"Gambling Chip":20,"MealTicket":48,"Prayer Wheel":89,"WingedGreaves":25,"StrikeDummy":22,"Runic Cube":0,"Runic Pyramid":34}],"Runic Cube":[59]},"card_choices":[{"not_picked":["Dark Embrace","Clash"],"picked":"Inflame","floor":1.0},{"not_picked":["Heavy Blade","Headbutt"],"picked":"Clothesline","floor":2.0},{"not_picked":["Flex","Thunderclap"],"picked":"Inflame","floor":4.0},{"not_picked":["Shrug It Off","Evolve"],"picked":"Immolate","floor":6.0},{"not_picked":["Sword Boomerang","Pummel"],"picked":"Shrug It Off","floor":8.0},{"not_picked":["Evolve","Clash"],"picked":"Dropkick","floor":13.0},{"not_picked":["Juggernaut","Bludgeon"],"picked":"Impervious","floor":16},{"not_picked":["Pommel Strike","Metallicize"],"picked":"True Grit","floor":18},{"not_picked":["Rampage","Entrench"],"picked":"Sentinel","floor":20},{"not_picked":["Seeing Red","Metallicize"],"picked":"Shockwave","floor":21},{"not_picked":["Twin Strike+1","Iron Wave"],"picked":"Bloodletting","floor":25},{"not_picked":["Thunderclap","Shockwave","Dark Embrace"],"picked":"Singing Bowl","floor":28},{"not_picked":["Searing Blow","Headbutt"],"picked":"Shrug It Off","floor":29},{"not_picked":["Limit Break","Exhume"],"picked":"Barricade","floor":33},{"not_picked":["Flex","Armaments"],"picked":"True Grit","floor":35},{"not_picked":["Headbutt","Clothesline"],"picked":"Entrench","floor":36},{"not_picked":["Searing Blow","Disarm"],"picked":"Spot Weakness+1","floor":41},{"not_picked":["Body Slam","Second Wind","Clash"],"picked":"Singing Bowl","floor":44},{"not_picked":["Burning Pact","Iron Wave+1"],"picked":"Bloodletting","floor":46},{"not_picked":["Heavy Blade","Intimidate","Power Through"],"picked":"Singing Bowl","floor":47},{"not_picked":["Thunderclap","Heavy Blade","Whirlwind"],"picked":"Singing Bowl","floor":47}],"player_experience":457843,"relics_obtained":[{"floor":6.0,"key":"Gambling Chip"},{"floor":9.0,"key":"StrikeDummy"},{"floor":13.0,"key":"Blood Vial"},{"floor":22,"key":"Nilry\u0027s Codex"},{"floor":25,"key":"MealTicket"},{"floor":26,"key":"Ornamental Fan"},{"floor":28,"key":"Singing Bowl"},{"floor":29,"key":"Pen Nib"},{"floor":36,"key":"Mango"},{"floor":43,"key":"Calipers"},{"floor":44,"key":"Prayer Wheel"},{"floor":46,"key":"Peace Pipe"},{"floor":48,"key":"The Courier"}],"event_choices":[{"damage_healed":18.0,"max_hp_gain":0.0,"max_hp_loss":0.0,"gold_gain":0.0,"event_name":"The Cleric","player_choice":"Healed","floor":3.0,"gold_loss":35.0,"damage_taken":0.0},{"damage_healed":0.0,"max_hp_gain":0.0,"max_hp_loss":0.0,"gold_gain":0.0,"event_name":"Living Wall","player_choice":"Grow","floor":5.0,"gold_loss":0.0,"damage_taken":0.0,"cards_upgraded":["Bash"]},{"damage_healed":0.0,"max_hp_gain":0.0,"max_hp_loss":0.0,"gold_gain":0.0,"event_name":"Scrap Ooze","player_choice":"Success","floor":14.0,"gold_loss":0.0,"damage_taken":18.0,"relics_obtained":["WingedGreaves"]},{"damage_healed":0,"gold_gain":0,"player_choice":"Upgraded","damage_taken":0,"max_hp_gain":0,"max_hp_loss":0,"event_name":"Upgrade Shrine","floor":19,"gold_loss":0,"cards_upgraded":["True Grit"]},{"damage_healed":0,"gold_gain":0,"player_choice":"Obtained Book","damage_taken":21,"max_hp_gain":0,"max_hp_loss":0,"event_name":"Cursed Tome","floor":22,"gold_loss":0},{"damage_healed":0,"gold_gain":0,"player_choice":"Obtained Relic","damage_taken":0,"relics_obtained":["Ice Cream"],"max_hp_gain":0,"max_hp_loss":0,"event_name":"Addict","floor":30,"gold_loss":85},{"damage_healed":0,"gold_gain":0,"player_choice":"Fight","damage_taken":0,"max_hp_gain":0,"max_hp_loss":0,"event_name":"MindBloom","floor":36,"gold_loss":0},{"damage_healed":0,"gold_gain":0,"player_choice":"Ignored","damage_taken":0,"max_hp_gain":0,"max_hp_loss":0,"event_name":"Tomb of Lord Red Mask","floor":37,"gold_loss":0},{"damage_healed":0,"gold_gain":0,"player_choice":"Max HP","damage_taken":0,"max_hp_gain":0,"max_hp_loss":5,"event_name":"Winding Halls","floor":39,"gold_loss":0},{"damage_healed":0,"gold_gain":0,"player_choice":"Fight","damage_taken":0,"max_hp_gain":0,"max_hp_loss":0,"event_name":"Mysterious Sphere","floor":46,"gold_loss":0}],"is_beta":false,"boss_relics":[{"not_picked":["Coffee Dripper","Philosopher\u0027s Stone"],"picked":"Runic Pyramid"},{"not_picked":["SlaversCollar","Velvet Choker"],"picked":"Sozu"}],"items_purged_floors":[31,38],"is_endless":false,"potions_floor_spawned":[1,6,8,16,18,25,33,35,41,47],"killed_by":"Awakened One","ascension_level":20}}