{"host":"np4f5reu8f2vit8r","time":1613819083,"event":{"mods":["BaseMod","Bestiary","Curses Come First","Minty Spire (QoL Compilation)","Permanent Neow","Relic Stats","StSLib"],"gold_per_floor":[114,127,72,84,97,129,129,187,210,210,210,247,270,291,291,374,374,391,334,114,133,157,191,191,229,297,317,326,326,361,373,373,373,373],"floor_reached":33,"language":"ENG","playtime":1307,"items_purged":["Strike_R"],"score":684,"play_id":"a9566b84-aaaf-4b5a-8157-4fc82423e4fd","local_time":"20210221000443","is_ascension_mode":true,"campfire_choices":[{"data":"Whirlwind","floor":7,"key":"SMITH"},{"floor":10,"key":"REST"},{"floor":15,"key":"REST"},{"floor":24,"key":"REST"},{"data":"Limit Break","floor":32,"key":"SMITH"}],"circlet_count":0,"master_deck":["AscendersBane","Strike_R+1","Strike_R+1","Defend_R","Defend_R","Defend_R","Defend_R","Bash","Uppercut","Shrug It Off","Rage","Inflame","Whirlwind+1","Headbutt","Limit Break+1","Feel No Pain","Double Tap","Feel No Pain","Barricade","Flame Barrier","Battle Trance","Carnage","Spot Weakness","Reaper","Shrug It Off","True Grit","Disarm","Inflame"],"relics":["SlaversCollar","Oddly Smooth Stone","Whetstone","CeramicFish","Akabeko","Sozu","Self Forming Clay","Gremlin Horn","Centennial Puzzle"],"acts_visited":["Exordium","TheCity"],"potions_floor_usage":[6,12,18,23],"damage_taken":[{"damage":4,"enemies":"2 Louse","floor":1,"turns":3},{"damage":1,"enemies":"Small Slimes","floor":2,"turns":4},{"damage":1,"enemies":"Cultist","floor":4,"turns":4},{"damage":8,"enemies":"Looter","floor":5,"turns":3},{"damage":27,"enemies":"Gremlin Nob","floor":6,"turns":4},{"damage":26,"enemies":"Gremlin Nob","floor":8,"turns":4},{"damage":0,"enemies":"Lagavulin","floor":12,"turns":4},{"damage":0,"enemies":"Lots of Slimes","floor":13,"turns":1},{"damage":0,"enemies":"3 Louse","floor":14,"turns":1},{"damage":14,"enemies":"Hexaghost","floor":16,"turns":8},{"damage":6,"enemies":"Chosen","floor":18,"turns":5},{"damage":13,"enemies":"2 Thieves","floor":21,"turns":2},{"damage":26,"enemies":"Centurion and Healer","floor":22,"turns":7},{"damage":14,"enemies":"Book of Stabbing","floor":23,"turns":4},{"damage":35,"enemies":"Slavers","floor":25,"turns":3},{"damage":17,"enemies":"Snake Plant","floor":27,"turns":6},{"damage":28,"enemies":"Book of Stabbing","floor":30,"turns":6},{"damage":14,"enemies":"Sentry and Sphere","floor":31,"turns":8},{"damage":10,"enemies":"Champ","floor":33,"turns":6}],"seed_played":"-8175543237136638554","potions_obtained":[{"floor":2,"key":"BlessingOfTheForge"},{"floor":6,"key":"Strength Potion"},{"floor":12,"key":"ColorlessPotion"},{"floor":13,"key":"DistilledChaos"}],"is_trial":false,"path_per_floor":["M","M","$","M","M","E","R","?","T","R","?","E","M","M","R","B",null,"M","?","$","M","M","E","R","E","T","M","?","?","E","M","R","B"],"character_chosen":"IRONCLAD","items_purchased":["Fire Potion","Flame Barrier","Battle Trance"],"campfire_rested":3,"item_purchase_floors":[3,20,20],"current_hp_per_floor":[64,63,63,62,54,27,27,1,1,23,5,5,5,5,27,13,60,54,54,54,41,15,1,23,40,40,29,29,29,10,8,8,0,0],"gold":373,"neow_bonus":"BOSS_RELIC","is_daily":false,"chose_seed":false,"campfire_upgraded":2,"win_rate":0.0,"timestamp":1613819083,"path_taken":["M","M","$","M","M","E","R","?","T","R","?","E","M","M","R","BOSS","M","?","$","?","M","E","R","E","T","M","?","?","E","M","R","BOSS"],"items_purchased_type":["Potion","Card","Card"],"build_version":"2020-12-22","purchased_purges":1,"victory":false,"max_hp_per_floor":[75,75,75,75,75,75,75,75,75,75,75,75,75,75,75,75,75,75,75,75,75,75,75,75,75,75,75,75,75,75,75,75,75,75],"relic_stats":{"Sozu":4,"Centennial Puzzle":[3],"Gremlin Horn":[1,1],"counters":[19,83],"Self Forming Clay":[45],"CeramicFish":135,"Whetstone":["Strike_R","Strike_R"],"obtain_stats":[{"Sozu":17,"SlaversCollar":0,"Centennial Puzzle":30,"Gremlin Horn":25,"Self Forming Clay":23,"CeramicFish":9,"Oddly Smooth Stone":6,"Whetstone":8,"Burning Blood":0,"Akabeko":12},{"Sozu":10,"SlaversCollar":0,"Centennial Puzzle":17,"Gremlin Horn":15,"Self Forming Clay":14,"CeramicFish":6,"Oddly Smooth Stone":5,"Whetstone":6,"Burning Blood":0,"Akabeko":7},{"Sozu":36,"SlaversCollar":0,"Centennial Puzzle":69,"Gremlin Horn":57,"Self Forming Clay":54,"CeramicFish":22,"Oddly Smooth Stone":18,"Whetstone":22,"Burning Blood":0,"Akabeko":26}]},"card_choices":[{"not_picked":["Armaments","Sword Boomerang"],"picked":"Uppercut","floor":1},{"not_picked":["Warcry","Entrench"],"picked":"Shrug It Off","floor":2},{"not_picked":["Body Slam","Shockwave"],"picked":"Rage","floor":4},{"not_picked":["Evolve","Anger"],"picked":"Inflame","floor":5},{"not_picked":["Cleave","Intimidate"],"picked":"Whirlwind","floor":6},{"not_picked":["Rupture","Dark Embrace"],"picked":"Headbutt","floor":12},{"not_picked":["Clash","Flex"],"picked":"Limit Break","floor":13},{"not_picked":["Perfected Strike","Anger"],"picked":"Feel No Pain","floor":14},{"not_picked":["Corruption","Juggernaut"],"picked":"Double Tap","floor":16},{"not_picked":["Clash","Cleave","Anger"],"picked":"SKIP","floor":18},{"not_picked":["Wild Strike","Metallicize"],"picked":"Carnage","floor":21},{"not_picked":["Shrug It Off","Pommel Strike"],"picked":"Spot Weakness","floor":22},{"not_picked":["Havoc","Dropkick"],"picked":"Reaper","floor":23},{"not_picked":["Infernal Blade","Combust"],"picked":"Shrug It Off","floor":25},{"not_picked":["Rage","Sword Boomerang"],"picked":"True Grit","floor":27},{"not_picked":["Intimidate","Anger"],"picked":"Inflame","floor":30},{"not_picked":["Hemokinesis","Rupture+1","Warcry"],"picked":"SKIP","floor":31}],"player_experience":966738,"relics_obtained":[{"floor":6,"key":"Oddly Smooth Stone"},{"floor":8,"key":"Whetstone"},{"floor":9,"key":"CeramicFish"},{"floor":12,"key":"Akabeko"},{"floor":23,"key":"Self Forming Clay"},{"floor":25,"key":"Gremlin Horn"},{"floor":30,"key":"Centennial Puzzle"}],"event_choices":[{"damage_healed":0,"gold_gain":0,"player_choice":"Searched \u00272\u0027 times","damage_taken":0,"max_hp_gain":0,"max_hp_loss":0,"event_name":"Dead Adventurer","floor":8,"gold_loss":0},{"damage_healed":0,"gold_gain":0,"player_choice":"Fled","damage_taken":18,"max_hp_gain":0,"max_hp_loss":0,"event_name":"Scrap Ooze","floor":11,"gold_loss":0},{"damage_healed":0,"gold_gain":0,"cards_transformed":["Strike_R","Strike_R"],"player_choice":"Transformed Cards","damage_taken":0,"max_hp_gain":0,"max_hp_loss":0,"event_name":"Designer","floor":19,"gold_loss":75,"cards_obtained":["Feel No Pain","Barricade"]},{"damage_healed":0,"gold_gain":0,"player_choice":"Read","damage_taken":0,"max_hp_gain":0,"max_hp_loss":0,"event_name":"The Library","floor":28,"gold_loss":0,"cards_obtained":["Disarm"]},{"damage_healed":0,"gold_gain":0,"player_choice":"Ignored","damage_taken":0,"max_hp_gain":0,"max_hp_loss":0,"event_name":"The Mausoleum","floor":29,"gold_loss":0}],"is_beta":false,"boss_relics":[{"not_picked":["Mark of Pain","Empty Cage"],"picked":"Sozu"}],"items_purged_floors":[20],"is_endless":false,"potions_floor_spawned":[2,6,12,13,14,16,18,21,27,31],"killed_by":"Champ","ascension_level":20}}