{"host":"gk9qdtkqd8dwfeg2","time":1613833633,"event":{"mods":["ATMod(∞¢Ë™Mod)","Act Like it!","Aspiration","BaseMod","Colored Powertips","Gensokyo","Minty Spire (QoL Compilation)","Quick Restart","Reimu£®≤©¿ˆ¡È√Œ£©","Remilia£®¿Ÿ√◊¿Ú—«£©","Shop Mod","StSLib","TestMod","The Servant 0.9.4","Waifu the Spire","Youmu£®ªÍ∆«—˝√Œ£©"],"gold_per_floor":[119,41,59,70,90,90,190,210,210,210,242,253,270,270,270,344,344,355,52,64,64,64,98,98,124,124,217,280,280,323,389,389,389,389],"floor_reached":33,"language":"ZHS","playtime":1008,"items_purged":["Strike_B"],"score":632,"play_id":"4473a0b4-49ad-4787-8b61-4cc980342141","local_time":"20210220230713","is_ascension_mode":true,"campfire_choices":[{"data":"AT_FamilyPortrait","floor":15.0,"key":"SMITH"},{"data":"AT_RightCognition","floor":24,"key":"SMITH"},{"floor":29,"key":"REST"},{"data":"Fission","floor":32,"key":"SMITH"}],"circlet_count":0,"master_deck":["AscendersBane","Strike_B","Defend_B","Defend_B","Defend_B","Dualcast","AT_FamilyPortrait+1","AT_EMC2","Defragment","Defragment","Ball Lightning","Coolheaded","Chill","Clumsy","AT_RightCognition+1","Fission+1","Backstab","Sucker Punch","Calculated Gamble","Biased Cognition","Cold Snap","AT_ThreeBodyProblem","White Noise","Glacier"],"relics":["Cracked Core","testmod-TestBox","AT_ATBox","testmod-Justice","NeowsBlessing","testmod-ConstraintPeriapt","Gensokyo:Justice","Bronze Scales","Gensokyo:NagashiBinaDoll","aspiration:Stellarator","MerchantsRug","Pen Nib","testmod-CyclicPeriapt","AT_MibuBalloonWealth"],"acts_visited":["Exordium","Gensokyo:Gensokyo"],"potions_floor_usage":[19,25,33,33],"damage_taken":[{"damage":0.0,"enemies":"Gensokyo:2_Kodama","floor":1.0,"turns":1.0},{"damage":0.0,"enemies":"Gensokyo:Python","floor":3.0,"turns":1.0},{"damage":0.0,"enemies":"Gensokyo:3_Fairies","floor":4.0,"turns":1.0},{"damage":2.0,"enemies":"Gensokyo:LivingMonolith","floor":5.0,"turns":3.0},{"damage":15.0,"enemies":"Gensokyo:2_Rabbits","floor":8.0,"turns":5.0},{"damage":0.0,"enemies":"Gensokyo:Mamizou","floor":11.0,"turns":5.0},{"damage":5.0,"enemies":"Gensokyo:3_Kodama","floor":12.0,"turns":1.0},{"damage":12.0,"enemies":"Gensokyo:Python_and_Kodama","floor":13.0,"turns":3.0},{"damage":17.0,"enemies":"Gensokyo:Reimu","floor":16.0,"turns":10.0},{"damage":0,"enemies":"Gensokyo:2_Gloops","floor":18,"turns":2},{"damage":17,"enemies":"Gensokyo:AngelMirror","floor":20,"turns":3},{"damage":8,"enemies":"Gensokyo:Reisen","floor":23,"turns":7},{"damage":0,"enemies":"Gensokyo:Koishi","floor":25,"turns":2},{"damage":3,"enemies":"Gensokyo:3_Gloops","floor":27,"turns":4},{"damage":20,"enemies":"Gensokyo:Slime_Group","floor":28,"turns":6},{"damage":21,"enemies":"Gensokyo:Wraith","floor":30,"turns":4},{"damage":7,"enemies":"Gensokyo:Monolith_and_Dog","floor":31,"turns":6},{"damage":28,"enemies":"Gensokyo:Eiki","floor":33,"turns":2}],"seed_played":"-2617498679410025575","potions_obtained":[{"floor":1.0,"key":"DuplicationPotion"},{"floor":8.0,"key":"LiquidMemories"},{"floor":18,"key":"SteroidPotion"},{"floor":23,"key":"testmod-EscapePotion"},{"floor":27,"key":"PowerPotion"},{"floor":31,"key":"Weak Potion"}],"is_trial":false,"path_per_floor":["M","$","M","M","M","?","?","M","T","?","E","M","M","?","R","B",null,"M","$","M","?","?","E","R","E","T","M","M","R","M","M","R","B"],"character_chosen":"DEFECT","items_purchased":["Defragment","MerchantsRug","testmod-SpacePotion"],"campfire_rested":1,"item_purchase_floors":[2,19,19],"current_hp_per_floor":[64,64,64,64,62,62,62,47,47,47,51,48,38,38,38,31,61,63,63,49,49,49,45,45,45,45,45,28,47,29,26,26,0,0],"gold":389,"neow_bonus":"THREE_ENEMY_KILL","is_daily":false,"chose_seed":false,"campfire_upgraded":3,"win_rate":0.0,"timestamp":1613833633,"path_taken":["M","?","M","M","M","?","?","M","T","?","E","?","M","?","R","BOSS","M","$","M","?","?","E","R","E","T","M","?","R","M","M","R","BOSS"],"items_purchased_type":["Card","Relic","Potion"],"build_version":"2020-12-22","purchased_purges":1,"victory":false,"max_hp_per_floor":[71,71,71,71,71,71,71,71,71,71,71,71,71,71,71,71,71,71,71,71,64,64,64,64,64,64,64,64,64,64,64,64,64,64],"card_choices":[{"not_picked":["Stack","Cold Snap"],"picked":"AT_EMC2","floor":1.0},{"not_picked":["AT_HeatAcrobatics","AT_DarkMatter"],"picked":"Defragment","floor":3.0},{"not_picked":["Stack","Cold Snap"],"picked":"Ball Lightning","floor":4.0},{"not_picked":["AT_WarpDrive","Scrape"],"picked":"Coolheaded","floor":5.0},{"not_picked":["Hologram","Cold Snap","AT_HeatAcrobatics"],"picked":"SKIP","floor":8.0},{"not_picked":["Leap","Gash","Compile Driver"],"picked":"SKIP","floor":11.0},{"not_picked":["Redo","AT_EMC2","Multi-Cast"],"picked":"SKIP","floor":12.0},{"not_picked":["Beam Cell","Compile Driver"],"picked":"Chill","floor":13.0},{"not_picked":["Fission","Multi-Cast"],"picked":"AT_RightCognition","floor":16.0},{"not_picked":["Go for the Eyes","Steam+1","Ball Lightning"],"picked":"SKIP","floor":18},{"not_picked":["Go for the Eyes","Ball Lightning"],"picked":"Fission","floor":20},{"not_picked":["Beam Cell","Ball Lightning"],"picked":"Biased Cognition","floor":23},{"not_picked":["Barrage","Reinforced Body"],"picked":"Cold Snap","floor":25},{"not_picked":["Beam Cell","Cold Snap"],"picked":"AT_ThreeBodyProblem","floor":27},{"not_picked":["Rebound+1","Redo"],"picked":"White Noise","floor":28},{"not_picked":["Hello World","Barrage","Compile Driver"],"picked":"SKIP","floor":30},{"not_picked":["Coolheaded","Hologram"],"picked":"Glacier","floor":31}],"player_experience":802742,"relics_obtained":[{"floor":9.0,"key":"testmod-ConstraintPeriapt"},{"floor":11.0,"key":"Bronze Scales"},{"floor":23,"key":"testmod-CyclicPeriapt"},{"floor":25,"key":"AT_MibuBalloonWealth"}],"event_choices":[],"is_beta":false,"boss_relics":[{"not_picked":["aspiration:RunicSpoon","Calling Bell"],"picked":"aspiration:Stellarator"}],"items_purged_floors":[19],"is_endless":false,"potions_floor_spawned":[1,8,11,12,18,23,27,31],"killed_by":"Gensokyo:Eiki","ascension_level":20}}