{"host":"0utx1lcxgx5vu4k0","time":1613856510,"event":{"mods":["BaseMod","Colored Powertips","Minty Spire (QoL Compilation)","Permanent Neow","Relic Stats","StSLib"],"gold_per_floor":[117,117,117,141,212,212,247,247,315,346,365,401,401,12,12,136,136,161,4,4,20,33,33,69,69,69,109,133,152,185,110,110,231,231,246,246,246,260,278,319,20,64,64,64,77,115,448,468,468,468,468,468,25,56,56],"floor_reached":56,"language":"ENG","playtime":2791,"items_purged":["Strike_R","Strike_R"],"score":1723,"play_id":"8ecfc1a7-5830-4a3e-8d83-9019b7b4873d","local_time":"20210220162830","is_ascension_mode":true,"campfire_choices":[{"data":"Bash","floor":6,"key":"SMITH"},{"data":"Barricade","floor":8,"key":"SMITH"},{"data":"Armaments","floor":13,"key":"SMITH"},{"data":"Disarm","floor":15,"key":"SMITH"},{"data":"Juggernaut","floor":23,"key":"SMITH"},{"data":"Metallicize","floor":32,"key":"SMITH"},{"floor":44,"key":"RECALL"},{"floor":49,"key":"REST"},{"data":"Impervious","floor":52,"key":"SMITH"}],"circlet_count":0,"master_deck":["Strike_R","Strike_R+1","Strike_R","Defend_R","Defend_R","Defend_R","Defend_R","Bash+1","Carnage+1","Barricade+1","Disarm+1","Anger+1","Armaments+1","Juggernaut+1","Inflame+1","Havoc+1","Rage","Impatience","Power Through","Metallicize+1","Body Slam+1","Thunderclap+1","Shrug It Off","Offering","Shrug It Off+1","Blind","Impervious+1","Rupture","Pommel Strike+1","Clothesline+1","Second Wind"],"relics":["Philosopher\u0027s Stone","Happy Flower","InkBottle","Mummified Hand","Whetstone","PreservedInsect","OrangePellets","Runic Dome","Blood Vial","Oddly Smooth Stone","Red Skull","Lizard Tail","Pear","Kunai","SacredBark","Bag of Preparation","Toolbox","CaptainsWheel","The Courier","Bronze Scales","Toy Ornithopter","FossilizedHelix"],"acts_visited":["Exordium","TheCity","TheBeyond","TheEnding"],"potions_floor_usage":[10,12,22,24,27,30,35,46,54,55],"damage_taken":[{"damage":11,"enemies":"Small Slimes","floor":1,"turns":4},{"damage":8,"enemies":"Jaw Worm","floor":4,"turns":2},{"damage":20,"enemies":"3 Sentries","floor":7,"turns":7},{"damage":11,"enemies":"Gremlin Nob","floor":10,"turns":3},{"damage":0,"enemies":"Cultist","floor":11,"turns":3},{"damage":24,"enemies":"3 Sentries","floor":12,"turns":7},{"damage":0,"enemies":"Hexaghost","floor":16,"turns":7},{"damage":5,"enemies":"Shell Parasite","floor":18,"turns":2},{"damage":8,"enemies":"Chosen","floor":21,"turns":4},{"damage":12,"enemies":"Snake Plant","floor":22,"turns":2},{"damage":21,"enemies":"Slavers","floor":24,"turns":3},{"damage":17,"enemies":"Gremlin Leader","floor":27,"turns":4},{"damage":0,"enemies":"Cultist and Chosen","floor":28,"turns":4},{"damage":0,"enemies":"Snecko","floor":29,"turns":3},{"damage":12,"enemies":"Slavers","floor":30,"turns":4},{"damage":4,"enemies":"Champ","floor":33,"turns":6},{"damage":7,"enemies":"3 Darklings","floor":35,"turns":5},{"damage":6,"enemies":"3 Shapes","floor":38,"turns":2},{"damage":6,"enemies":"Writhing Mass","floor":39,"turns":4},{"damage":5,"enemies":"Nemesis","floor":40,"turns":3},{"damage":6,"enemies":"Giant Head","floor":42,"turns":5},{"damage":0,"enemies":"Maw","floor":45,"turns":4},{"damage":29,"enemies":"Nemesis","floor":46,"turns":4},{"damage":0,"enemies":"3 Darklings","floor":48,"turns":4},{"damage":6,"enemies":"Awakened One","floor":50,"turns":15},{"damage":6,"enemies":"Shield and Spear","floor":54,"turns":3},{"damage":14,"enemies":"The Heart","floor":55,"turns":8}],"seed_played":"136233181451502470","potions_obtained":[{"floor":4,"key":"BlessingOfTheForge"},{"floor":7,"key":"FearPotion"},{"floor":11,"key":"ColorlessPotion"},{"floor":16,"key":"AttackPotion"},{"floor":21,"key":"EssenceOfSteel"},{"floor":24,"key":"Strength Potion"},{"floor":27,"key":"FairyPotion"},{"floor":29,"key":"Weak Potion"},{"floor":30,"key":"Strength Potion"},{"floor":39,"key":"GamblersBrew"},{"floor":42,"key":"Block Potion"}],"is_trial":false,"path_per_floor":["M","?","?","M","?","R","E","R","T","E","M","E","R","$","R","B",null,"M","$","?","M","M","R","E","?","T","E","M","M","E","?","R","B",null,"M","?","?","M","M","E","$","E","T","R","M","E","?","M","R","B",null,"R","$","E","B",null],"character_chosen":"IRONCLAD","items_purchased":["PreservedInsect","OrangePellets","Blood Vial","Bag of Preparation","Toolbox","Bronze Scales","Toy Ornithopter","DistilledChaos","Second Wind"],"campfire_rested":1,"item_purchase_floors":[14,14,19,41,41,53,53,53,53],"current_hp_per_floor":[69,69,69,61,61,61,41,41,41,30,30,6,6,6,6,6,74,69,69,69,63,53,53,34,34,34,29,31,33,23,23,23,21,84,77,77,77,73,69,66,66,62,62,62,64,37,37,39,64,60,84,84,84,78,71],"gold":56,"neow_bonus":"BOSS_RELIC","is_daily":false,"chose_seed":false,"campfire_upgraded":7,"win_rate":0.0,"timestamp":1613856510,"path_taken":["M","?","?","M","?","R","E","R","T","E","M","E","R","$","R","BOSS","M","$","?","M","M","R","E","?","T","E","M","?","E","?","R","BOSS","M","?","?","M","M","E","$","E","T","R","M","E","?","M","R","BOSS","R","$","E","BOSS"],"items_purchased_type":["Relic","Relic","Relic","Relic","Relic","Relic","Relic","Potion","Card"],"build_version":"2020-12-22","purchased_purges":2,"victory":true,"max_hp_per_floor":[80,80,74,74,74,74,74,74,74,74,74,74,74,74,74,74,74,74,74,74,74,74,74,74,74,74,84,84,84,84,84,84,84,84,84,84,84,84,84,84,84,84,84,84,84,84,84,84,84,84,84,84,84,84,84],"relic_stats":{"Happy Flower":[36],"counters":[27,122],"PreservedInsect":422,"Bag of Preparation":[14],"Whetstone":["Anger","Strike_R"],"Blood Vial":34,"OrangePellets":[13],"Lizard Tail":0,"Mummified Hand":[79],"Bronze Scales":[99],"Kunai":[35],"obtain_stats":[{"Pear":27,"Happy Flower":7,"Golden Idol":3,"SacredBark":34,"Oddly Smooth Stone":20,"PreservedInsect":14,"The Courier":46,"Bag of Preparation":41,"Whetstone":12,"Burning Blood":0,"Blood Vial":19,"OrangePellets":14,"Runic Dome":17,"Lizard Tail":26,"CaptainsWheel":42,"Mummified Hand":10,"Bronze Scales":53,"Toolbox":41,"Philosopher\u0027s Stone":0,"Kunai":30,"InkBottle":9,"Red Skull":24,"Toy Ornithopter":53,"FossilizedHelix":54},{"Pear":12,"Happy Flower":3,"Golden Idol":1,"SacredBark":16,"Oddly Smooth Stone":8,"PreservedInsect":6,"The Courier":23,"Bag of Preparation":20,"Whetstone":6,"Burning Blood":0,"Blood Vial":8,"OrangePellets":6,"Runic Dome":7,"Lizard Tail":11,"CaptainsWheel":21,"Mummified Hand":4,"Bronze Scales":25,"Toolbox":20,"Philosopher\u0027s Stone":0,"Kunai":15,"InkBottle":3,"Red Skull":11,"Toy Ornithopter":25,"FossilizedHelix":26},{"Pear":48,"Happy Flower":13,"Golden Idol":4,"SacredBark":65,"Oddly Smooth Stone":35,"PreservedInsect":26,"The Courier":92,"Bag of Preparation":79,"Whetstone":26,"Burning Blood":0,"Blood Vial":35,"OrangePellets":26,"Runic Dome":33,"Lizard Tail":44,"CaptainsWheel":84,"Mummified Hand":16,"Bronze Scales":111,"Toolbox":79,"Philosopher\u0027s Stone":0,"Kunai":59,"InkBottle":13,"Red Skull":44,"Toy Ornithopter":111,"FossilizedHelix":114}],"InkBottle":[60],"Toy Ornithopter":5},"card_choices":[{"not_picked":["Anger","Rage"],"picked":"Carnage","floor":1},{"not_picked":["Whirlwind","Body Slam","Heavy Blade"],"picked":"SKIP","floor":4},{"not_picked":["Infernal Blade","Havoc"],"picked":"Barricade","floor":7},{"not_picked":["Clothesline","Sentinel"],"picked":"Disarm","floor":10},{"not_picked":["Clothesline","Feel No Pain"],"picked":"Anger","floor":11},{"not_picked":["Sword Boomerang","Cleave"],"picked":"Armaments","floor":12},{"not_picked":["Brutality","Immolate"],"picked":"Juggernaut","floor":16},{"not_picked":["Combust","Heavy Blade","Twin Strike"],"picked":"SKIP","floor":18},{"not_picked":["Sever Soul","Perfected Strike"],"picked":"Inflame+1","floor":21},{"not_picked":["Clash+1","Sword Boomerang"],"picked":"Havoc+1","floor":22},{"not_picked":["Clash+1","Pommel Strike"],"picked":"Rage","floor":24},{"not_picked":["Hemokinesis+1","Feed"],"picked":"Metallicize","floor":27},{"not_picked":["Perfected Strike","Heavy Blade"],"picked":"Body Slam+1","floor":28},{"not_picked":["Rampage","Wild Strike"],"picked":"Thunderclap+1","floor":29},{"not_picked":["True Grit","Anger"],"picked":"Shrug It Off","floor":30},{"not_picked":["Exhume","Double Tap"],"picked":"Offering","floor":33},{"not_picked":["Thunderclap","Havoc+1"],"picked":"Shrug It Off+1","floor":35},{"not_picked":["Jack Of All Trades","Forethought"],"picked":"Blind","floor":37},{"not_picked":["Cleave","Sever Soul+1","Havoc"],"picked":"SKIP","floor":38},{"not_picked":["True Grit+1","Intimidate"],"picked":"Impervious","floor":39},{"not_picked":["Flex+1","Anger+1","Warcry"],"picked":"SKIP","floor":40},{"not_picked":["Brutality","Seeing Red"],"picked":"Rupture","floor":42},{"not_picked":["Sentinel","Heavy Blade+1"],"picked":"Pommel Strike+1","floor":45},{"not_picked":["Combust+1","Searing Blow+1"],"picked":"Clothesline+1","floor":46},{"not_picked":["Heavy Blade","Hemokinesis+1","Anger"],"picked":"SKIP","floor":48},{"not_picked":["Whirlwind","Headbutt+1","Flex"],"picked":"SKIP","floor":54}],"player_experience":74529,"relics_obtained":[{"floor":7,"key":"Happy Flower"},{"floor":9,"key":"InkBottle"},{"floor":10,"key":"Mummified Hand"},{"floor":12,"key":"Whetstone"},{"floor":24,"key":"Red Skull"},{"floor":26,"key":"Lizard Tail"},{"floor":27,"key":"Pear"},{"floor":30,"key":"Kunai"},{"floor":42,"key":"CaptainsWheel"},{"floor":46,"key":"The Courier"},{"floor":54,"key":"FossilizedHelix"}],"event_choices":[{"damage_healed":0,"gold_gain":0,"player_choice":"Grow","damage_taken":0,"max_hp_gain":0,"max_hp_loss":0,"event_name":"Living Wall","floor":2,"gold_loss":0,"cards_upgraded":["Carnage"]},{"damage_healed":0,"gold_gain":0,"player_choice":"Lose Max HP","damage_taken":0,"relics_obtained":["Golden Idol"],"max_hp_gain":0,"max_hp_loss":6,"event_name":"Golden Idol","floor":3,"gold_loss":0},{"damage_healed":0,"gold_gain":71,"player_choice":"Gained Gold","damage_taken":0,"max_hp_gain":0,"max_hp_loss":0,"event_name":"Golden Wing","floor":5,"gold_loss":0},{"damage_healed":0,"gold_gain":0,"player_choice":"Opened","damage_taken":0,"relics_obtained":["Oddly Smooth Stone"],"max_hp_gain":0,"max_hp_loss":0,"event_name":"The Mausoleum","floor":20,"gold_loss":0,"cards_obtained":["Writhe"]},{"damage_healed":0,"gold_gain":0,"player_choice":"2 cards matched","damage_taken":0,"max_hp_gain":0,"max_hp_loss":0,"event_name":"Match and Keep!","floor":25,"gold_loss":0,"cards_obtained":["Impatience","Power Through"]},{"cards_removed":["Writhe"],"damage_healed":0,"gold_gain":0,"player_choice":"Gave Gold","damage_taken":0,"max_hp_gain":0,"max_hp_loss":0,"event_name":"Beggar","floor":31,"gold_loss":75},{"damage_healed":0,"gold_gain":0,"player_choice":"Ignored","damage_taken":0,"max_hp_gain":0,"max_hp_loss":0,"event_name":"Tomb of Lord Red Mask","floor":36,"gold_loss":0},{"damage_healed":0,"gold_gain":0,"player_choice":"Memory 1","damage_taken":0,"max_hp_gain":0,"max_hp_loss":0,"event_name":"SensoryStone","floor":37,"gold_loss":0},{"damage_healed":0,"gold_gain":333,"player_choice":"Gave Idol","damage_taken":0,"max_hp_gain":0,"max_hp_loss":0,"event_name":"The Moai Head","floor":47,"relics_lost":["Golden Idol"],"gold_loss":0}],"is_beta":false,"boss_relics":[{"not_picked":["Mark of Pain","Sozu"],"picked":"Runic Dome"},{"not_picked":["Calling Bell","Cursed Key"],"picked":"SacredBark"}],"items_purged_floors":[14,53],"is_endless":false,"potions_floor_spawned":[4,7,11,16,21,24,27,29,30,39,42,45],"ascension_level":4}}