{"host":"d52brwsy6af8zvaq","time":1613795828,"event":{"mods":["AchievementEnabler","BaseMod","Bestiary","Highlight Path","Minty Spire (QoL Compilation)","Quick Restart","Relic Stats","ojb\u0027s Better Paths Mod"],"gold_per_floor":[115,40,59,59,75,107,107,140,140,140,158,158,189,201,201,201,201],"floor_reached":16,"language":"ENG","playtime":628,"items_purged":[],"score":240,"play_id":"bb5aa53b-0603-4aec-afb8-7027cf72e66a","local_time":"20210219213708","is_ascension_mode":true,"campfire_choices":[{"floor":7.0,"key":"REST"},{"data":"Zap","floor":10.0,"key":"SMITH"},{"data":"Darkness","floor":15,"key":"SMITH"}],"circlet_count":0,"master_deck":["AscendersBane","Strike_B","Strike_B","Strike_B","Defend_B","Defend_B","Defend_B","Defend_B","Zap+1","Dualcast","Blind","Darkness+1","Coolheaded","Steam","Auto Shields","Ball Lightning","Conserve Battery","Undo"],"relics":["Cracked Core","Dream Catcher","CaptainsWheel","Kunai","Potion Belt"],"acts_visited":[],"potions_floor_usage":[],"damage_taken":[{"damage":4.0,"enemies":"Jaw Worm","floor":1.0,"turns":3.0},{"damage":0.0,"enemies":"Cultist","floor":3.0,"turns":3.0},{"damage":6.0,"enemies":"Small Slimes","floor":5.0,"turns":4.0},{"damage":43.0,"enemies":"3 Sentries","floor":6.0,"turns":13.0},{"damage":4.0,"enemies":"Lagavulin","floor":8.0,"turns":6.0},{"damage":8.0,"enemies":"Exordium Wildlife","floor":11.0,"turns":3.0},{"damage":6,"enemies":"3 Sentries","floor":13,"turns":9},{"damage":0,"enemies":"Exordium Thugs","floor":14,"turns":5},{"damage":21,"enemies":"Hexaghost","floor":16,"turns":11}],"seed_played":"9140099583199451102","potions_obtained":[{"floor":3.0,"key":"BlessingOfTheForge"},{"floor":6.0,"key":"DuplicationPotion"},{"floor":13,"key":"FocusPotion"},{"floor":14,"key":"PowerPotion"}],"is_trial":false,"path_per_floor":["M","?","M","?","M","E","R","E","T","R","M","?","E","M","R","B"],"character_chosen":"DEFECT","items_purchased":[],"campfire_rested":1,"item_purchase_floors":[],"current_hp_per_floor":[60,60,60,65,59,16,38,34,34,34,26,26,20,20,20,0,0],"gold":201,"neow_bonus":"RANDOM_COLORLESS","is_daily":false,"chose_seed":false,"campfire_upgraded":2,"win_rate":0.0,"timestamp":1613795828,"path_taken":["M","?","M","?","M","E","R","E","T","R","M","?","E","M","R","BOSS"],"items_purchased_type":[],"build_version":"2020-12-22","purchased_purges":0,"victory":false,"max_hp_per_floor":[71,71,71,76,76,76,76,76,76,76,76,76,76,76,76,76,76],"relic_stats":{"Dream Catcher":1,"counters":[9,57],"Kunai":[1],"obtain_stats":[{"Potion Belt":13,"Dream Catcher":6,"CaptainsWheel":8,"Kunai":9,"Cracked Core":0},{"Potion Belt":7,"Dream Catcher":4,"CaptainsWheel":5,"Kunai":5,"Cracked Core":0},{"Potion Belt":41,"Dream Catcher":23,"CaptainsWheel":29,"Kunai":29,"Cracked Core":0}]},"card_choices":[{"not_picked":["Flash of Steel","Deep Breath"],"picked":"Blind","floor":0.0},{"not_picked":["Hologram","Rebound"],"picked":"Darkness","floor":1.0},{"not_picked":["Double Energy","White Noise"],"picked":"Coolheaded","floor":3.0},{"not_picked":["Double Energy","Redo"],"picked":"Steam","floor":5.0},{"not_picked":["Chaos","Storm"],"picked":"Auto Shields","floor":6.0},{"not_picked":["Redo","Rebound"],"picked":"Ball Lightning","floor":7.0},{"not_picked":["Stack","Double Energy"],"picked":"Conserve Battery","floor":8.0},{"not_picked":["Sweeping Beam","Steam Power"],"picked":"Undo","floor":11.0},{"not_picked":["Steam","Rebound","Thunder Strike"],"picked":"SKIP","floor":13},{"not_picked":["Rip and Tear","Stack","Aggregate"],"picked":"SKIP","floor":14}],"player_experience":2319955,"relics_obtained":[{"floor":6.0,"key":"Dream Catcher"},{"floor":8.0,"key":"CaptainsWheel"},{"floor":9.0,"key":"Kunai"},{"floor":13,"key":"Potion Belt"}],"event_choices":[{"cards_removed":["Strike_B"],"damage_healed":0.0,"max_hp_gain":0.0,"max_hp_loss":0.0,"gold_gain":0.0,"event_name":"The Cleric","player_choice":"Card Removal","floor":2.0,"gold_loss":75.0,"damage_taken":0.0},{"damage_healed":0.0,"max_hp_gain":5.0,"max_hp_loss":0.0,"gold_gain":0.0,"event_name":"Big Fish","player_choice":"Donut","floor":4.0,"gold_loss":0.0,"damage_taken":0.0},{"damage_healed":0.0,"max_hp_gain":0.0,"max_hp_loss":0.0,"gold_gain":0.0,"event_name":"Liars Game","player_choice":"Ignored","floor":12.0,"gold_loss":0.0,"damage_taken":0.0}],"is_beta":false,"boss_relics":[],"items_purged_floors":[],"is_endless":false,"potions_floor_spawned":[3,6,13,14],"killed_by":"Hexaghost","ascension_level":20}}