{"host":"7bb7osqc91rjfyph","time":1613833669,"event":{"mods":["AchievementEnabler","BaseMod","BetterRewards","Colored Map","Colored Powertips","Downfall","Googly Eyes","Hermit","Hubris","Marisa????????","Minty Spire (QoL Compilation)","Shop Mod","StSLib","The Cursed"],"gold_per_floor":[118,138,155,155,330,330,57,72,98,129,129,148,167,203,203,324,324,345,444,143,158,158,199,199,239,239,274,299,329,363,387,387,518,518,534,558,567,290,62,106,106,106,106,130,130,173,193,218,218,218,218,218,14,66,66],"floor_reached":56,"language":"ENG","playtime":2232,"items_purged":["Doubt","Strike_P"],"score":1771,"play_id":"feb41c2b-0b48-4e8f-b67b-b7fad6a7e74b","local_time":"20210220090749","is_ascension_mode":true,"campfire_choices":[{"data":"Eruption","floor":6.0,"key":"SMITH"},{"data":"LessonLearned","floor":11.0,"key":"SMITH"},{"floor":15.0,"key":"RECALL"},{"data":"Defend_P","floor":24.0,"key":"PURGE"},{"floor":32,"key":"REST"},{"data":"Strike_P","floor":42,"key":"PURGE"},{"data":"Vault","floor":49,"key":"SMITH"},{"floor":52,"key":"REST"}],"circlet_count":0,"master_deck":["Strike_P+1","Strike_P+1","Defend_P+1","Defend_P+1","Defend_P+1","Eruption+1","Vigilance+1","Weave+1","CutThroughFate+1","FollowUp+1","LessonLearned+1","Consecrate+1","Halt+1","CutThroughFate+1","Blasphemy+1","FlurryOfBlows+1","DevaForm+1","Halt+1","FlurryOfBlows+1","Consecrate+1","FlurryOfBlows+1","WheelKick+1","Vault+1","Halt"],"relics":["Runic Pyramid","Golden Idol","Akabeko","hubris:MysteriousPyramids","Peace Pipe","hubris:HollowSoul","Vajra","Matryoshka","Gambling Chip","Shuriken","Pen Nib","CeramicFish","Juzu Bracelet","SlaversCollar","Membership Card","Pear","Potion Belt","Happy Flower","Lee\u0027s Waffle","Bag of Preparation","hubris:Icosahedron","Oddly Smooth Stone","hubris:Metronome","Ice Cream","Regal Pillow","Toolbox","hubris:DeckOfHolding","Anchor"],"acts_visited":["Exordium","TheCity","TheBeyond","TheEnding"],"potions_floor_usage":[55,55,55],"damage_taken":[{"damage":0.0,"enemies":"2 Louse","floor":1.0,"turns":2.0},{"damage":0.0,"enemies":"Jaw Worm","floor":2.0,"turns":2.0},{"damage":0.0,"enemies":"Small Slimes","floor":3.0,"turns":2.0},{"damage":10.0,"enemies":"Exordium Wildlife","floor":8.0,"turns":4.0},{"damage":2.0,"enemies":"3 Sentries","floor":10.0,"turns":5.0},{"damage":2.0,"enemies":"3 Louse","floor":12.0,"turns":2.0},{"damage":0.0,"enemies":"Exordium Thugs","floor":13.0,"turns":2.0},{"damage":0.0,"enemies":"Gremlin Nob","floor":14.0,"turns":2.0},{"damage":12.0,"enemies":"Hexaghost","floor":16.0,"turns":6.0},{"damage":0.0,"enemies":"Spheric Guardian","floor":18.0,"turns":2.0},{"damage":3.0,"enemies":"3 Byrds","floor":21.0,"turns":4.0},{"damage":0.0,"enemies":"Gremlin Leader","floor":23.0,"turns":4.0},{"damage":11,"enemies":"Book of Stabbing","floor":25,"turns":3},{"damage":0,"enemies":"Gremlin Leader","floor":27,"turns":3},{"damage":4,"enemies":"Snake Plant","floor":28,"turns":3},{"damage":0,"enemies":"Snecko","floor":29,"turns":3},{"damage":2,"enemies":"Book of Stabbing","floor":30,"turns":2},{"damage":0,"enemies":"3 Cultists","floor":31,"turns":2},{"damage":12,"enemies":"Champ","floor":33,"turns":5},{"damage":0,"enemies":"3 Shapes","floor":35,"turns":2},{"damage":0,"enemies":"Orb Walker","floor":36,"turns":1},{"damage":29,"enemies":"Nemesis","floor":40,"turns":3},{"damage":0,"enemies":"Sphere and 2 Shapes","floor":44,"turns":2},{"damage":0,"enemies":"Giant Head","floor":46,"turns":2},{"damage":0,"enemies":"Spire Growth","floor":47,"turns":1},{"damage":0,"enemies":"3 Darklings","floor":48,"turns":1},{"damage":28,"enemies":"Time Eater","floor":50,"turns":5},{"damage":0,"enemies":"Shield and Spear","floor":54,"turns":1},{"damage":56,"enemies":"The Heart","floor":55,"turns":6}],"seed_played":"8309189875454170791","potions_obtained":[{"floor":2.0,"key":"GamblersBrew"},{"floor":3.0,"key":"sneckomod:MuddlingPotion"},{"floor":13.0,"key":"DistilledChaos"},{"floor":14.0,"key":"hexamod:SoulburnPotion"},{"floor":16.0,"key":"SteroidPotion"},{"floor":27,"key":"SteroidPotion"},{"floor":33,"key":"LiquidMemories"},{"floor":44,"key":"Weak Potion"},{"floor":47,"key":"Block Potion"}],"is_trial":false,"path_per_floor":["M","M","M","?","?","R","$","M","T","E","R","M","M","E","R","B",null,"M","?","$","M","?","E","R","E","T","E","M","M","E","M","R","B",null,"M","M","?","$","$","E","?","R","T","M","T","E","M","M","R","B",null,"R","$","E","B",null],"character_chosen":"WATCHER","items_purchased":["LessonLearned","Consecrate","Vajra","Halt","Membership Card","Pear","Potion Belt","Happy Flower","Lee\u0027s Waffle","Toolbox","hubris:DeckOfHolding"],"campfire_rested":2,"item_purchase_floors":[7,7,20,20,38,38,39,39,39,53,53],"current_hp_per_floor":[72,72,72,54,54,54,54,44,44,42,42,40,40,40,40,28,61,61,61,61,58,58,58,58,47,47,47,43,43,41,41,62,50,67,67,67,67,77,89,60,60,60,60,60,60,60,60,60,60,32,75,89,89,89,33],"gold":66,"neow_bonus":"BOSS_RELIC","is_daily":false,"chose_seed":false,"campfire_upgraded":3,"win_rate":0.0,"timestamp":1613833669,"path_taken":["M","M","M","?","?","R","?","M","T","E","R","M","M","E","R","BOSS","M","?","$","M","?","E","R","E","T","E","M","M","E","M","R","BOSS","M","M","?","?","$","E","?","R","T","M","?","E","M","M","R","BOSS","R","$","E","BOSS"],"items_purchased_type":["Card","Card","Relic","Card","Relic","Relic","Relic","Relic","Relic","Relic","Relic"],"build_version":"2020-12-22","purchased_purges":2,"victory":true,"max_hp_per_floor":[72,72,72,72,72,72,72,72,72,72,72,72,72,72,72,72,72,72,72,72,72,72,72,72,72,72,72,72,72,72,72,72,72,72,72,72,72,82,89,89,89,89,89,89,89,89,89,89,89,89,89,89,89,89,89],"card_choices":[{"not_picked":["ThirdEye","CrushJoints"],"picked":"Weave","floor":1.0},{"not_picked":["CarveReality","JustLucky"],"picked":"CutThroughFate","floor":2.0},{"not_picked":["EmptyBody","PathToVictory"],"picked":"FollowUp","floor":3.0},{"not_picked":["PathToVictory","SandsOfTime"],"picked":"Halt","floor":8.0},{"not_picked":["EmptyFist","Protect"],"picked":"CutThroughFate","floor":10.0},{"not_picked":["FlyingSleeves","ForeignInfluence","Protect"],"picked":"SKIP","floor":12.0},{"not_picked":["FlyingSleeves","ThirdEye"],"picked":"Blasphemy","floor":13.0},{"not_picked":["WindmillStrike","Weave"],"picked":"FlurryOfBlows","floor":14.0},{"not_picked":["Judgement","Scrawl"],"picked":"DevaForm","floor":16.0},{"not_picked":["FlyingSleeves","ThirdEye","Wallop+1"],"picked":"SKIP","floor":18.0},{"not_picked":["SashWhip+1","Prostrate","Meditate+1"],"picked":"SKIP","floor":21.0},{"not_picked":["Indignation","EmptyFist","SashWhip+1"],"picked":"SKIP","floor":23.0},{"not_picked":["ClearTheMind","ThirdEye","FearNoEvil"],"picked":"SKIP","floor":25},{"not_picked":["Indignation","Prostrate","Study"],"picked":"SKIP","floor":27},{"not_picked":["EmptyFist","SignatureMove"],"picked":"FlurryOfBlows+1","floor":28},{"not_picked":["Halt","Collect+1"],"picked":"Consecrate+1","floor":29},{"not_picked":["PathToVictory","Evaluate","WaveOfTheHand"],"picked":"SKIP","floor":30},{"not_picked":["FearNoEvil","BowlingBash","Collect+1"],"picked":"SKIP","floor":31},{"not_picked":["Evaluate","SandsOfTime+1","Vengeance+1"],"picked":"SKIP","floor":35},{"not_picked":["Worship+1","Crescendo","SashWhip+1"],"picked":"SKIP","floor":36},{"not_picked":["Worship+1","Crescendo","SashWhip+1"],"picked":"SKIP","floor":36},{"not_picked":["Evaluate+1","WheelKick","SashWhip"],"picked":"SKIP","floor":40},{"not_picked":["FlyingSleeves+1","EmptyMind+1","ReachHeaven"],"picked":"SKIP","floor":44},{"not_picked":["Study+1","WreathOfFlame"],"picked":"WheelKick+1","floor":46},{"not_picked":["Protect","ForeignInfluence","Prostrate"],"picked":"SKIP","floor":47},{"not_picked":["EmptyBody+1","Fasting2+1"],"picked":"Vault","floor":48},{"not_picked":["WindmillStrike","FlyingSleeves"],"picked":"Halt","floor":54}],"player_experience":116771,"relics_obtained":[{"floor":9.0,"key":"Akabeko"},{"floor":10.0,"key":"hubris:MysteriousPyramids"},{"floor":14.0,"key":"Peace Pipe"},{"floor":23.0,"key":"Gambling Chip"},{"floor":25,"key":"Shuriken"},{"floor":26,"key":"Pen Nib"},{"floor":27,"key":"CeramicFish"},{"floor":30,"key":"Juzu Bracelet"},{"floor":40,"key":"Bag of Preparation"},{"floor":43,"key":"Oddly Smooth Stone"},{"floor":43,"key":"hubris:Metronome"},{"floor":45,"key":"Ice Cream"},{"floor":46,"key":"Regal Pillow"},{"floor":54,"key":"Anchor"}],"event_choices":[{"damage_healed":0.0,"max_hp_gain":0.0,"max_hp_loss":0.0,"gold_gain":0.0,"event_name":"Golden Idol","player_choice":"Take Damage","floor":4.0,"gold_loss":0.0,"damage_taken":18.0,"relics_obtained":["Golden Idol"]},{"damage_healed":0.0,"max_hp_gain":0.0,"max_hp_loss":0.0,"gold_gain":175.0,"event_name":"Liars Game","player_choice":"AGREE","floor":5.0,"gold_loss":0.0,"damage_taken":0.0,"cards_obtained":["Doubt"]},{"damage_healed":0.0,"max_hp_gain":0.0,"max_hp_loss":0.0,"gold_gain":99.0,"event_name":"Nest","player_choice":"Stole From Cult","floor":19.0,"gold_loss":0.0,"damage_taken":0.0},{"damage_healed":0.0,"max_hp_gain":0.0,"max_hp_loss":0.0,"gold_gain":0.0,"event_name":"The Mausoleum","player_choice":"Opened","floor":22.0,"gold_loss":0.0,"damage_taken":0.0,"relics_obtained":["Matryoshka"]},{"damage_healed":0,"gold_gain":0,"player_choice":"Copied","damage_taken":0,"max_hp_gain":0,"max_hp_loss":0,"event_name":"Duplicator","floor":37,"gold_loss":0,"cards_obtained":["FlurryOfBlows"]}],"is_beta":false,"boss_relics":[{"not_picked":["VioletLotus","Ectoplasm"],"picked":"hubris:HollowSoul"},{"not_picked":["Cursed Key","hubris:CrackedHourglass"],"picked":"SlaversCollar"}],"items_purged_floors":[7,20],"is_endless":false,"potions_floor_spawned":[2,3,13,14,16,27,29,30,31,33,36,44,47],"ascension_level":5}}