{"host":"2ccem01eblg14btk","time":1613855569,"event":{"mods":["BaseMod","Colored Map","Minty Spire (QoL Compilation)","Quick Restart","Replay The Spire","StSLib"],"gold_per_floor":[119,44,57,57,23,52,69,69,92,92,104,104,120,130,130,234,234,249,261,275,154,197,197,197,257,283,316,12,38,38,74,74,171,171,209,209,209,279,318,351,387,398,448,448,486,486,523,539,539,539],"floor_reached":51,"language":"ENG","playtime":1358,"items_purged":["Defend_R"],"score":630,"play_id":"6f1899f1-128b-422c-af42-2dcda9b75fe0","local_time":"20210220221249","is_ascension_mode":false,"campfire_choices":[{"data":"Fire Breathing","floor":12,"key":"SMITH"},{"data":"Spot Weakness","floor":15,"key":"SMITH"},{"data":"Apotheosis","floor":23,"key":"SMITH"},{"floor":30,"key":"REST"},{"floor":32,"key":"REST"},{"data":"Demon Form","floor":44,"key":"SMITH"},{"data":"Exhume","floor":46,"key":"SMITH"},{"floor":49,"key":"REST"}],"circlet_count":0,"master_deck":["Strike_R","Strike_R","Strike_R+1","Strike_R","Strike_R","Defend_R","Defend_R","Defend_R","Bash+1","Thunderclap","Fire Breathing+1","Armaments+1","Dropkick","Parasite","Power Through","Cleave","Spot Weakness+1","Demon Form+1","Cleave+1","Disarm+1","Pummel","HandOfGreed","Apotheosis+1","Swift Strike","Entrench+1","Necronomicurse","Metallicize","Pummel","Flex","Seeing Red","Exhume+1","Swift Strike","Heavy Blade+1","Sword Boomerang+1","Sword Boomerang+1","Thunderclap+1","Fire Breathing+1","Pummel+1","Sword Boomerang"],"relics":["Burning Blood","Du-Vu Doll","Centennial Puzzle","Nunchaku","Honey Jar","ReplayTheSpireMod:ShopPack","Necronomicon","Replay:Baseball","Replay:Mystery Machine","Brimstone","Ornamental Fan","Mark of Pain","Bottled Flame","Counterbalance","ReplayTheSpireMod:Spearhead"],"acts_visited":["Exordium","TheCity","TheBeyond"],"potions_floor_usage":[25,27,29,33,50,50,50,50],"damage_taken":[{"damage":0,"enemies":"2 Louse","floor":1,"turns":3},{"damage":6,"enemies":"Cultist","floor":3,"turns":3},{"damage":25,"enemies":"Gremlin Nob","floor":6,"turns":4},{"damage":2,"enemies":"Small Slimes","floor":7,"turns":3},{"damage":7,"enemies":"Exordium Thugs","floor":11,"turns":5},{"damage":0,"enemies":"Gremlin Gang","floor":13,"turns":3},{"damage":1,"enemies":"2 Fungi Beasts","floor":14,"turns":3},{"damage":35,"enemies":"The Guardian","floor":16,"turns":9},{"damage":10,"enemies":"Shell Parasite","floor":18,"turns":4},{"damage":10,"enemies":"Chosen","floor":19,"turns":3},{"damage":30,"enemies":"Shelled Parasite and Fungi","floor":20,"turns":6},{"damage":7,"enemies":"Snake Plant","floor":22,"turns":4},{"damage":10,"enemies":"Sentry and Sphere","floor":25,"turns":5},{"damage":4,"enemies":"Cultist and Chosen","floor":27,"turns":3},{"damage":13,"enemies":"Replay:Snechameleon","floor":29,"turns":2},{"damage":11,"enemies":"3 Cultists","floor":31,"turns":3},{"damage":0,"enemies":"Automaton","floor":33,"turns":4},{"damage":16,"enemies":"3 Darklings","floor":35,"turns":2},{"damage":0,"enemies":"3 Shapes","floor":39,"turns":3},{"damage":32,"enemies":"Reptomancer","floor":40,"turns":4},{"damage":3,"enemies":"Jaw Worm Horde","floor":41,"turns":2},{"damage":0,"enemies":"Spire Growth","floor":42,"turns":2},{"damage":7,"enemies":"Sphere and 2 Shapes","floor":45,"turns":6},{"damage":4,"enemies":"Jaw Worm Horde","floor":47,"turns":3},{"damage":10,"enemies":"Spire Growth","floor":48,"turns":2},{"damage":16,"enemies":"Replay:Hell Engine","floor":50,"turns":3}],"seed_played":"1238025336338955172","potions_obtained":[{"floor":6,"key":"Energy Potion"},{"floor":11,"key":"Block Potion"},{"floor":16,"key":"Dexterity Potion"},{"floor":19,"key":"FearPotion"},{"floor":22,"key":"Adrenaline Potion"},{"floor":25,"key":"DuplicationPotion"},{"floor":35,"key":"Swift Potion"},{"floor":39,"key":"Doom Potion"},{"floor":41,"key":"EssenceOfSteel"},{"floor":47,"key":"Energy Potion"}],"is_trial":false,"path_per_floor":["M","$","M","?","$","E","M","?","T","?","M","R","M","M","R","B",null,"M","M","M","$","M","R","?","M","T","M","$","E","R","M","R","B",null,"M","?","?","T","M","E","M","M","T","R","M","R","M","M","R","B",null],"character_chosen":"IRONCLAD","items_purchased":["Armaments+1","ReplayTheSpireMod:ShopPack","Replay:Mystery Machine","Brimstone"],"campfire_rested":3,"item_purchase_floors":[5,21,28,28],"current_hp_per_floor":[62,62,62,62,62,43,47,67,67,67,66,66,72,77,77,48,80,76,72,48,48,47,47,31,27,27,29,29,22,46,41,65,71,80,70,70,70,70,76,50,53,59,59,59,58,58,60,56,80,70],"gold":539,"neow_bonus":"ONE_RARE_RELIC","is_daily":false,"chose_seed":false,"campfire_upgraded":5,"win_rate":0.0,"timestamp":1613855569,"path_taken":["M","$","M","?","?","E","?","?","T","?","M","R","?","M","R","BOSS","M","M","?","$","M","R","?","M","T","M","$","E","R","M","R","BOSS","M","?","?","?","M","E","M","M","T","R","M","R","M","?","R","BOSS"],"items_purchased_type":["Card","Relic","Relic","Relic"],"build_version":"2020-12-22","purchased_purges":1,"victory":true,"max_hp_per_floor":[80,80,80,80,80,80,80,80,80,80,80,80,80,80,80,80,80,80,80,80,80,80,80,80,80,80,80,80,80,80,80,80,80,80,80,80,80,80,80,80,80,80,80,80,80,80,80,80,80,80],"card_choices":[{"not_picked":["Bloodletting","Sever Soul"],"picked":"Thunderclap","floor":1},{"not_picked":["Twin Strike","ReplayTheSpireMod:Strike From Hell"],"picked":"Fire Breathing","floor":3},{"not_picked":["ReplayTheSpireMod:LeadingStrike","Rupture"],"picked":"Dropkick","floor":6},{"not_picked":["Havoc","Entrench","Clash"],"picked":"SKIP","floor":7},{"not_picked":["Body Slam","ReplayTheSpireMod:Corrosion Curse"],"picked":"Power Through","floor":11},{"not_picked":["ReplayTheSpireMod:Muscle Training","Warcry"],"picked":"Cleave","floor":13},{"not_picked":["Clash","Cleave"],"picked":"Spot Weakness","floor":14},{"not_picked":["Hemogenesis","Demonic Infusion"],"picked":"Demon Form","floor":16},{"not_picked":["Evolve","True Grit","Body Slam"],"picked":"Cleave+1","floor":18},{"not_picked":["Blood for Blood","Wild Strike+1","Rage"],"picked":"Disarm+1","floor":19},{"not_picked":["Havoc","Flame Barrier","ReplayTheSpireMod:Muscle Training"],"picked":"Pummel","floor":20},{"not_picked":["Magnetism","Secret Technique","Secret Weapon"],"picked":"HandOfGreed","floor":21},{"not_picked":["Finesse","Transmutation","Midas Touch"],"picked":"Apotheosis","floor":21},{"not_picked":["Forethought","Discovery","Good Instincts"],"picked":"Swift Strike","floor":21},{"not_picked":["ReplayTheSpireMod:LeadingStrike","Rupture+1","Havoc"],"picked":"Entrench+1","floor":22},{"not_picked":["Hemogenesis","Wild Strike","Power Through"],"picked":"Metallicize","floor":25},{"not_picked":["Clash","Clothesline","Replay:Undeath\u0027s Touch+1"],"picked":"Pummel","floor":27},{"not_picked":["Defy Death","ReplayReversal","Perfected Strike"],"picked":"Flex","floor":29},{"not_picked":["Twin Strike","Flex","ReplayTheSpireMod:Corrosion Curse"],"picked":"Seeing Red","floor":31},{"not_picked":["Hemogenesis","Fiend Fire","Bludgeon"],"picked":"Exhume","floor":33},{"not_picked":["Shockwave","Pommel Strike","Seeing Red"],"picked":"Intimidate","floor":35},{"not_picked":["Dark Shackles","Blind","Replay:Sssssssssstrike"],"picked":"Swift Strike","floor":37},{"not_picked":["Defy Death+1","Carnage","Battle Trance"],"picked":"Heavy Blade+1","floor":39},{"not_picked":["Pommel Strike+1","Flex+1","Life Link+1"],"picked":"Sword Boomerang+1","floor":40},{"not_picked":["Dark Embrace+1","Clash+1","Twin Strike"],"picked":"Sword Boomerang+1","floor":41},{"not_picked":["Warcry","Wild Strike","Headbutt+1"],"picked":"Thunderclap+1","floor":42},{"not_picked":["Bloodletting+1","Wild Strike+1","Pommel Strike"],"picked":"Fire Breathing+1","floor":45},{"not_picked":["Armaments","Juggernaut","Rupture+1"],"picked":"Pummel+1","floor":47},{"not_picked":["Anger","Body Slam+1","Perfected Strike+1"],"picked":"Sword Boomerang","floor":48}],"player_experience":133417,"relics_obtained":[{"floor":6,"key":"Centennial Puzzle"},{"floor":9,"key":"Nunchaku"},{"floor":24,"key":"Necronomicon"},{"floor":26,"key":"Replay:Baseball"},{"floor":29,"key":"Ornamental Fan"},{"floor":38,"key":"Bottled Flame"},{"floor":40,"key":"Counterbalance"},{"floor":43,"key":"ReplayTheSpireMod:Spearhead"}],"event_choices":[{"damage_healed":0,"gold_gain":0,"player_choice":"Upgraded","damage_taken":0,"max_hp_gain":0,"max_hp_loss":0,"event_name":"Upgrade Shrine","floor":4,"gold_loss":0,"cards_upgraded":["Bash"]},{"damage_healed":20,"gold_gain":0,"player_choice":"Healed and dodged fight","damage_taken":0,"max_hp_gain":0,"max_hp_loss":0,"event_name":"Mushrooms","floor":8,"gold_loss":0,"cards_obtained":["Parasite"]},{"damage_healed":0,"gold_gain":0,"player_choice":"Obtained Book","damage_taken":16,"max_hp_gain":0,"max_hp_loss":0,"event_name":"Cursed Tome","floor":24,"gold_loss":0},{"cards_removed":["Intimidate"],"damage_healed":0,"gold_gain":0,"player_choice":"Removed Skill","damage_taken":0,"max_hp_gain":0,"max_hp_loss":0,"event_name":"Falling","floor":36,"gold_loss":0},{"damage_healed":0,"gold_gain":0,"player_choice":"Memory 1","damage_taken":0,"max_hp_gain":0,"max_hp_loss":0,"event_name":"SensoryStone","floor":37,"gold_loss":0}],"is_beta":false,"boss_relics":[{"not_picked":["Coffee Dripper","Tiny House"],"picked":"Honey Jar"},{"not_picked":["Ooze Armor","Velvet Choker"],"picked":"Mark of Pain"}],"items_purged_floors":[2],"is_endless":false,"potions_floor_spawned":[6,11,16,19,22,25,35,39,41,47],"ascension_level":0}}