{"host":"9ndbo4kgsfoemf7y","time":1613827139,"event":{"mods":["AchievementEnabler","BaseMod","Colored Map","DeckTracker","Keyboard Shortcuts","Minty Spire (QoL Compilation)","Permanent Neow","Quick Restart","Relic Stats","StSLib","SuperFastMode"],"gold_per_floor":[16,16,30,43,56,56,83,83,83,145,145,161,171,225,225,329,329,346,361,361,373,48,48,48,48,72,107,126,126,62,82,82,182,182,201,211,227,243,243,243,243],"floor_reached":40,"language":"KOR","playtime":3033,"items_purged":[],"score":615,"play_id":"28cd2acf-1014-4a45-9c0c-177410e14e90","local_time":"20210220221859","is_ascension_mode":true,"campfire_choices":[{"data":"Mayhem","floor":6.0,"key":"SMITH"},{"data":"Hologram","floor":8.0,"key":"SMITH"},{"floor":11.0,"key":"REST"},{"floor":15.0,"key":"REST"},{"floor":23.0,"key":"REST"},{"floor":25.0,"key":"REST"},{"data":"Beam Cell","floor":29.0,"key":"SMITH"},{"data":"Leap","floor":32.0,"key":"SMITH"}],"circlet_count":0,"master_deck":["AscendersBane","Strike_B","Defend_B","Defend_B","Defend_B","Zap","Dualcast","Mayhem+1","Leap+1","Sunder","Sweeping Beam","Reboot","Beam Cell+1","Hologram+1","Defragment","Go for the Eyes","Coolheaded","Electrodynamics","Doom and Gloom+1","Amplify+1","Rip and Tear+1","Turbo","Glacier","Recycle+1","Self Repair","Hologram+1","Loop","Defragment"],"relics":["Cracked Core","Incense Burner","Mummified Hand","The Courier","Astrolabe","Enchiridion","Medical Kit","Cables","Nunchaku","Bottled Flame","Snecko Eye"],"acts_visited":["Exordium","TheCity","TheBeyond"],"potions_floor_usage":[],"damage_taken":[{"damage":0.0,"enemies":"Small Slimes","floor":1.0,"turns":3.0},{"damage":2.0,"enemies":"Jaw Worm","floor":3.0,"turns":4.0},{"damage":0.0,"enemies":"2 Louse","floor":4.0,"turns":2.0},{"damage":13.0,"enemies":"Large Slime","floor":5.0,"turns":5.0},{"damage":21.0,"enemies":"Lagavulin","floor":7.0,"turns":6.0},{"damage":18.0,"enemies":"Lagavulin Event","floor":10.0,"turns":6.0},{"damage":12.0,"enemies":"Blue Slaver","floor":12.0,"turns":3.0},{"damage":22.0,"enemies":"Lots of Slimes","floor":13.0,"turns":2.0},{"damage":21.0,"enemies":"Hexaghost","floor":16.0,"turns":10.0},{"damage":0.0,"enemies":"Chosen","floor":18.0,"turns":3.0},{"damage":17.0,"enemies":"Shell Parasite","floor":19.0,"turns":4.0},{"damage":13.0,"enemies":"Sentry and Sphere","floor":21.0,"turns":4.0},{"damage":11.0,"enemies":"Book of Stabbing","floor":27.0,"turns":6.0},{"damage":6.0,"enemies":"Snecko","floor":28.0,"turns":5.0},{"damage":0.0,"enemies":"Centurion and Healer","floor":31.0,"turns":2.0},{"damage":26.0,"enemies":"Automaton","floor":33.0,"turns":11.0},{"damage":4.0,"enemies":"Orb Walker","floor":35.0,"turns":4.0},{"damage":13.0,"enemies":"3 Shapes","floor":36.0,"turns":3.0},{"damage":0.0,"enemies":"Writhing Mass","floor":37.0,"turns":3.0},{"damage":46.0,"enemies":"Jaw Worm Horde","floor":38.0,"turns":5.0},{"damage":41,"enemies":"Nemesis","floor":40,"turns":3}],"seed_played":"-6369064437892266764","potions_obtained":[{"floor":1.0,"key":"Block Potion"},{"floor":10.0,"key":"FocusPotion"},{"floor":12.0,"key":"FearPotion"},{"floor":16.0,"key":"Swift Potion"},{"floor":19.0,"key":"Regen Potion"},{"floor":28.0,"key":"DistilledChaos"},{"floor":33.0,"key":"Fire Potion"},{"floor":37.0,"key":"Strength Potion"}],"is_trial":false,"path_per_floor":["M","?","M","M","M","R","E","R","T","?","R","M","M","?","R","B",null,"M","M","?","M","$","R","?","R","T","E","M","R","$","M","R","B",null,"M","M","M","M","?","E"],"character_chosen":"DEFECT","items_purchased":["Medical Kit","Cables","Self Repair"],"campfire_rested":4,"item_purchase_floors":[22,22,30],"current_hp_per_floor":[68,68,66,66,53,53,32,32,32,14,36,24,2,2,24,3,57,57,40,24,11,11,33,19,43,43,46,40,40,40,47,47,28,67,63,50,57,18,18,0,0],"gold":243,"neow_bonus":"RANDOM_COLORLESS_2","is_daily":false,"chose_seed":false,"campfire_upgraded":4,"win_rate":0.0,"timestamp":1613827139,"path_taken":["M","?","M","M","M","R","E","R","T","?","R","?","M","?","R","BOSS","M","M","?","M","$","R","?","R","T","E","M","R","$","M","R","BOSS","M","M","M","M","?","E"],"items_purchased_type":["Relic","Relic","Card"],"build_version":"2020-12-22","purchased_purges":0,"victory":false,"max_hp_per_floor":[75,75,75,75,75,75,75,75,75,75,75,75,75,75,75,75,75,75,75,75,75,75,75,80,80,80,80,80,80,80,80,80,80,80,80,80,80,80,80,80,80],"relic_stats":{"Nunchaku":[7],"counters":[21,94],"Mummified Hand":[82],"Astrolabe":["Doom and Gloom","Amplify","Rip and Tear"],"Snecko Eye":[33,31,33,29],"Medical Kit":[3],"obtain_stats":[{"Nunchaku":26,"Bottled Flame":27,"Mummified Hand":9,"Astrolabe":17,"Enchiridion":20,"Snecko Eye":34,"The Courier":10,"Incense Burner":7,"Cracked Core":0,"Medical Kit":22,"Cables":22},{"Nunchaku":12,"Bottled Flame":13,"Mummified Hand":5,"Astrolabe":9,"Enchiridion":11,"Snecko Eye":16,"The Courier":6,"Incense Burner":5,"Cracked Core":0,"Medical Kit":12,"Cables":12},{"Nunchaku":52,"Bottled Flame":58,"Mummified Hand":20,"Astrolabe":41,"Enchiridion":48,"Snecko Eye":76,"The Courier":26,"Incense Burner":20,"Cracked Core":0,"Medical Kit":52,"Cables":52}],"Cables":[35,20,6,9,0]},"card_choices":[{"not_picked":["Metamorphosis","Chrysalis"],"picked":"Mayhem","floor":0.0},{"not_picked":["Steam","Rebound"],"picked":"Leap","floor":1.0},{"not_picked":["Force Field","Heatsinks"],"picked":"Sweeping Beam","floor":3.0},{"not_picked":["Consume","Compile Driver"],"picked":"Reboot","floor":4.0},{"not_picked":["Turbo","Scrape"],"picked":"Beam Cell","floor":5.0},{"not_picked":["Chill","Reinforced Body"],"picked":"Hologram","floor":7.0},{"not_picked":["Sweeping Beam","Leap"],"picked":"Defragment","floor":10.0},{"not_picked":["Consume","Streamline"],"picked":"Go for the Eyes","floor":12.0},{"not_picked":["Stack","Biased Cognition"],"picked":"Coolheaded","floor":13.0},{"not_picked":["Fission","Core Surge"],"picked":"Electrodynamics","floor":16.0},{"not_picked":["Leap","Stack"],"picked":"Turbo","floor":18.0},{"not_picked":["Consume+1","Ball Lightning","Gash+1"],"picked":"SKIP","floor":19.0},{"not_picked":["Compile Driver","Rip and Tear"],"picked":"Glacier","floor":21.0},{"not_picked":["Rip and Tear+1","Compile Driver","Fission"],"picked":"SKIP","floor":27.0},{"not_picked":["Stack","Gash"],"picked":"Recycle+1","floor":28.0},{"not_picked":["Storm","Self Repair"],"picked":"Hologram+1","floor":31.0},{"not_picked":["Gash+1","Ball Lightning","Scrape"],"picked":"SKIP","floor":35.0},{"not_picked":["Rebound+1","Aggregate+1"],"picked":"Loop","floor":36.0},{"not_picked":["Streamline","Double Energy","Chaos"],"picked":"SKIP","floor":37.0},{"not_picked":["Fusion+1","Ball Lightning+1","White Noise"],"picked":"SKIP","floor":38.0}],"player_experience":871691,"relics_obtained":[{"floor":7.0,"key":"Incense Burner"},{"floor":9.0,"key":"Mummified Hand"},{"floor":10.0,"key":"The Courier"},{"floor":20.0,"key":"Enchiridion"},{"floor":26.0,"key":"Nunchaku"},{"floor":27.0,"key":"Bottled Flame"}],"event_choices":[{"damage_healed":0.0,"max_hp_gain":0.0,"max_hp_loss":0.0,"gold_gain":0.0,"cards_transformed":["Defend_B"],"event_name":"Living Wall","player_choice":"Change","floor":2.0,"gold_loss":0.0,"damage_taken":0.0,"cards_obtained":["Sunder"]},{"damage_healed":0.0,"max_hp_gain":0.0,"max_hp_loss":0.0,"gold_gain":30.0,"event_name":"Dead Adventurer","player_choice":"Searched \u00272\u0027 times","floor":10.0,"gold_loss":0.0,"damage_taken":0.0},{"damage_healed":0.0,"max_hp_gain":0.0,"max_hp_loss":0.0,"gold_gain":54.0,"event_name":"Golden Wing","player_choice":"Gained Gold","floor":14.0,"gold_loss":0.0,"damage_taken":0.0},{"damage_healed":0.0,"max_hp_gain":0.0,"max_hp_loss":0.0,"gold_gain":0.0,"event_name":"Cursed Tome","player_choice":"Obtained Book","floor":20.0,"gold_loss":0.0,"damage_taken":16.0},{"damage_healed":0.0,"max_hp_gain":5.0,"max_hp_loss":0.0,"gold_gain":0.0,"event_name":"Forgotten Altar","player_choice":"Shed Blood","floor":24.0,"gold_loss":0.0,"damage_taken":19.0},{"damage_healed":0.0,"max_hp_gain":0.0,"max_hp_loss":0.0,"gold_gain":0.0,"event_name":"Duplicator","player_choice":"Copied","floor":39.0,"gold_loss":0.0,"damage_taken":0.0,"cards_obtained":["Defragment"]}],"is_beta":false,"boss_relics":[{"not_picked":["Tiny House","Black Star"],"picked":"Astrolabe"},{"not_picked":["Coffee Dripper","Velvet Choker"],"picked":"Snecko Eye"}],"items_purged_floors":[],"is_endless":false,"potions_floor_spawned":[1,10,12,16,19,28,33,35,37],"killed_by":"Nemesis","ascension_level":10}}