{"host":"51f0ad793vly1w6u","time":1613812603,"event":{"mods":["BaseMod","Colored Map","DeckTracker","Minty Spire (QoL Compilation)","StSLib","SuperFastMode"],"gold_per_floor":[17,32,44,58,77,110,110,140,140,140,155,173,173,192,192,288,288,270,86,86,86,115,140,140,160,160,160,75,100,100,20,20,116,116,129,180,402,52,68,97,97,108,108,108,108,128,128,128,128,128],"floor_reached":51,"language":"KOR","playtime":1325,"items_purged":["Uppercut","Inflame","Bludgeon"],"score":1189,"play_id":"45214454-a941-45cc-99c0-ab0453c69a33","local_time":"20210220181643","is_ascension_mode":true,"campfire_choices":[{"data":"Armaments","floor":7,"key":"SMITH"},{"data":"Demon Form","floor":10,"key":"SMITH"},{"data":"Shockwave","floor":15,"key":"SMITH"},{"data":"Barricade","floor":24,"key":"SMITH"},{"data":"Entrench","floor":27,"key":"SMITH"},{"data":"Battle Trance","floor":32,"key":"SMITH"},{"data":"Offering","floor":41,"key":"SMITH"},{"data":"Feel No Pain","floor":44,"key":"SMITH"},{"data":"Forethought","floor":47,"key":"SMITH"},{"data":"Evolve","floor":49,"key":"SMITH"}],"circlet_count":0,"master_deck":["Demon Form+1","Shrug It Off","Armaments+1","Pommel Strike","Heavy Blade","Seeing Red","Shockwave+1","Battle Trance+1","Shrug It Off","Impervious","Second Wind","Shrug It Off","Entrench+1","Shrug It Off","Barricade+1","Cleave","Fiend Fire","Power Through","Seeing Red","Havoc+1","Headbutt","Evolve+1","Feel No Pain+1","Offering+1","Master of Strategy","Forethought+1","Master of Strategy"],"relics":["Burning Blood","The Courier","Pear","Gremlin Horn","Pandora\u0027s Box","Bag of Preparation","Red Mask","Eternal Feather","Boot","HornCleat","Art of War","Enchiridion","Philosopher\u0027s Stone","Shovel","Medical Kit","Nunchaku","Kunai"],"acts_visited":["Exordium","TheCity","TheBeyond"],"potions_floor_usage":[6,16,23,29,36,39,50,50,50,50],"damage_taken":[{"damage":12,"enemies":"Jaw Worm","floor":1,"turns":4},{"damage":2,"enemies":"2 Louse","floor":2,"turns":3},{"damage":4,"enemies":"Small Slimes","floor":3,"turns":4},{"damage":5,"enemies":"3 Louse","floor":4,"turns":6},{"damage":2,"enemies":"2 Fungi Beasts","floor":5,"turns":4},{"damage":24,"enemies":"Gremlin Nob","floor":6,"turns":4},{"damage":13,"enemies":"Large Slime","floor":11,"turns":5},{"damage":1,"enemies":"3 Louse","floor":12,"turns":6},{"damage":0,"enemies":"Exordium Wildlife","floor":14,"turns":3},{"damage":22,"enemies":"The Guardian","floor":16,"turns":7},{"damage":6,"enemies":"2 Thieves","floor":18,"turns":5},{"damage":39,"enemies":"Masked Bandits","floor":22,"turns":6},{"damage":1,"enemies":"Gremlin Leader","floor":23,"turns":10},{"damage":2,"enemies":"Shell Parasite","floor":25,"turns":5},{"damage":0,"enemies":"Book of Stabbing","floor":29,"turns":6},{"damage":19,"enemies":"Champ","floor":33,"turns":9},{"damage":3,"enemies":"Orb Walker","floor":35,"turns":4},{"damage":0,"enemies":"2 Orb Walkers","floor":36,"turns":4},{"damage":0,"enemies":"3 Shapes","floor":39,"turns":4},{"damage":0,"enemies":"Giant Head","floor":40,"turns":7},{"damage":6,"enemies":"Maw","floor":42,"turns":7},{"damage":26,"enemies":"4 Shapes","floor":46,"turns":4},{"damage":6,"enemies":"Donu and Deca","floor":50,"turns":8}],"seed_played":"-6915677719202565147","potions_obtained":[{"floor":3,"key":"ElixirPotion"},{"floor":5,"key":"FearPotion"},{"floor":11,"key":"BloodPotion"},{"floor":14,"key":"AttackPotion"},{"floor":16,"key":"DuplicationPotion"},{"floor":22,"key":"PowerPotion"},{"floor":29,"key":"Fire Potion"},{"floor":33,"key":"Energy Potion"},{"floor":39,"key":"EntropicBrew"},{"floor":46,"key":"BlessingOfTheForge"}],"is_trial":false,"path_per_floor":["M","M","M","M","M","E","R","?","T","R","M","M","?","M","R","B",null,"M","$","?","?","?","E","R","M","T","R","?","E","?","$","R","B",null,"M","?","?","$","M","E","R","M","T","R","?","M","R","?","R","B",null],"character_chosen":"IRONCLAD","items_purchased":["Bag of Preparation","Evolve","Medical Kit","Feel No Pain"],"campfire_rested":0,"item_purchase_floors":[19,38,38,38],"current_hp_per_floor":[66,70,72,73,77,59,59,69,69,69,66,74,67,76,76,60,90,90,90,90,90,57,62,74,82,82,94,94,104,88,88,100,91,107,110,115,115,115,118,118,118,118,118,118,108,91,106,106,121,121],"gold":128,"neow_bonus":"THREE_RARE_CARDS","is_daily":false,"chose_seed":false,"campfire_upgraded":10,"win_rate":0.0,"timestamp":1613812603,"path_taken":["M","M","M","M","M","E","R","?","T","R","M","M","?","M","R","BOSS","M","$","?","?","?","E","R","M","T","R","?","E","?","?","R","BOSS","M","?","?","$","?","E","R","M","T","R","?","M","R","?","R","BOSS"],"items_purchased_type":["Relic","Card","Relic","Card"],"build_version":"2020-12-22","purchased_purges":3,"victory":true,"max_hp_per_floor":[80,80,80,80,80,80,80,90,90,90,94,97,97,100,100,100,100,100,100,100,100,100,100,100,104,104,104,104,108,108,108,108,112,112,112,115,115,115,118,118,118,118,118,118,118,121,121,121,121,121],"card_choices":[{"not_picked":["Impervious","Reaper"],"picked":"Demon Form","floor":0},{"not_picked":["Second Wind","Clash"],"picked":"Shrug It Off","floor":1},{"not_picked":["Warcry","Wild Strike","Armaments"],"picked":"SKIP","floor":2},{"not_picked":["Warcry","Wild Strike"],"picked":"Armaments","floor":2},{"not_picked":["Headbutt","Body Slam"],"picked":"Pommel Strike","floor":3},{"not_picked":["Dual Wield","Flex"],"picked":"Heavy Blade","floor":4},{"not_picked":["Havoc","Pummel"],"picked":"Seeing Red","floor":5},{"not_picked":["Armaments","Whirlwind"],"picked":"Feed","floor":6},{"not_picked":["Fire Breathing","Evolve"],"picked":"Shockwave","floor":11},{"not_picked":["Body Slam","Combust"],"picked":"Battle Trance","floor":12},{"not_picked":["True Grit","Intimidate"],"picked":"Shrug It Off","floor":14},{"not_picked":["Corruption","Feed"],"picked":"Impervious","floor":16},{"not_picked":["Warcry","Armaments"],"picked":"Cleave","floor":18},{"not_picked":["Iron Wave","Flex+1"],"picked":"Seeing Red","floor":22},{"not_picked":["Thunderclap","Body Slam"],"picked":"Havoc+1","floor":23},{"not_picked":["Heavy Blade","Sword Boomerang"],"picked":"Headbutt","floor":25},{"not_picked":["Hemokinesis+1","Searing Blow","Anger"],"picked":"SKIP","floor":29},{"not_picked":["Anger+1","Havoc","Armaments"],"picked":"SKIP","floor":35},{"not_picked":["Havoc+1","Clash","Combust+1"],"picked":"SKIP","floor":39},{"not_picked":["True Grit","Iron Wave+1"],"picked":"Offering","floor":40},{"not_picked":["Dropkick+1","Infernal Blade","Thunderclap+1"],"picked":"SKIP","floor":42},{"not_picked":["Forethought","Dark Shackles"],"picked":"Master of Strategy","floor":45},{"not_picked":["Chrysalis","Trip"],"picked":"Forethought","floor":45},{"not_picked":["Thinking Ahead","Secret Weapon"],"picked":"Master of Strategy","floor":45},{"not_picked":["Iron Wave","Flex+1","Cleave+1"],"picked":"SKIP","floor":46}],"player_experience":1465009,"relics_obtained":[{"floor":6,"key":"The Courier"},{"floor":9,"key":"Gremlin Horn"},{"floor":22,"key":"Red Mask"},{"floor":23,"key":"Eternal Feather"},{"floor":26,"key":"Boot"},{"floor":29,"key":"Art of War"},{"floor":30,"key":"Enchiridion"},{"floor":36,"key":"Shovel"},{"floor":40,"key":"Nunchaku"},{"floor":43,"key":"Kunai"}],"event_choices":[{"damage_healed":0,"gold_gain":30,"player_choice":"Searched \u00273\u0027 times","damage_taken":0,"relics_obtained":["Pear"],"max_hp_gain":0,"max_hp_loss":0,"event_name":"Dead Adventurer","floor":8,"gold_loss":0},{"cards_removed":["Strike_R"],"damage_healed":0,"gold_gain":0,"player_choice":"Card Removal","damage_taken":7,"max_hp_gain":0,"max_hp_loss":0,"event_name":"Golden Wing","floor":13,"gold_loss":0},{"damage_healed":0,"gold_gain":0,"cards_transformed":["Feel No Pain","Bash"],"player_choice":"Became Test Subject","damage_taken":0,"max_hp_gain":0,"max_hp_loss":0,"event_name":"Drug Dealer","floor":20,"gold_loss":0,"cards_obtained":["Fiend Fire","Bludgeon"]},{"damage_healed":0,"gold_gain":0,"player_choice":"Read","damage_taken":0,"max_hp_gain":0,"max_hp_loss":0,"event_name":"The Library","floor":21,"gold_loss":0,"cards_obtained":["Power Through"]},{"damage_healed":0,"gold_gain":0,"player_choice":"Fought Bandits","damage_taken":0,"max_hp_gain":0,"max_hp_loss":0,"event_name":"Masked Bandits","floor":22,"gold_loss":0},{"damage_healed":0,"gold_gain":0,"player_choice":"Obtained Relic","damage_taken":0,"relics_obtained":["HornCleat"],"max_hp_gain":0,"max_hp_loss":0,"event_name":"Addict","floor":28,"gold_loss":85},{"damage_healed":0,"gold_gain":0,"player_choice":"Obtained Book","damage_taken":16,"max_hp_gain":0,"max_hp_loss":0,"event_name":"Cursed Tome","floor":30,"gold_loss":0},{"damage_healed":0,"gold_gain":0,"player_choice":"Fight","damage_taken":0,"max_hp_gain":0,"max_hp_loss":0,"event_name":"Mysterious Sphere","floor":36,"gold_loss":0},{"damage_healed":0,"gold_gain":222,"player_choice":"Wore Mask","damage_taken":0,"max_hp_gain":0,"max_hp_loss":0,"event_name":"Tomb of Lord Red Mask","floor":37,"gold_loss":0},{"damage_healed":0,"gold_gain":0,"player_choice":"Memory 3","damage_taken":10,"max_hp_gain":0,"max_hp_loss":0,"event_name":"SensoryStone","floor":45,"gold_loss":0},{"cards_removed":["Feed"],"damage_healed":0,"gold_gain":0,"player_choice":"Removed Attack","damage_taken":0,"max_hp_gain":0,"max_hp_loss":0,"event_name":"Falling","floor":48,"gold_loss":0}],"is_beta":false,"boss_relics":[{"not_picked":["Mark of Pain","Calling Bell"],"picked":"Pandora\u0027s Box"},{"not_picked":["Astrolabe","SacredBark"],"picked":"Philosopher\u0027s Stone"}],"items_purged_floors":[19,31,38],"is_endless":false,"potions_floor_spawned":[3,5,11,14,16,22,29,33,39,46],"ascension_level":7}}