{"host":"rc0y5s0pznrxft0n","time":1613786574,"event":{"mods":["BaseMod","Downfall","Minty Spire (QoL Compilation)","StSLib"],"gold_per_floor":[99,119,130,230,241,268,295,314,329,347,408,408,442,42,62,163,163,163,183,183,197,197,232,255,267,267,267,39,49,49,60,75,171,171,171,185,235,172,187,202,225,225,255,29,29,55,55,55,65,65],"floor_reached":51,"language":"ENG","playtime":2991,"items_purged":["Slimebound:Defend_Slimebound","downfall:Bewildered"],"score":833,"play_id":"7a425a99-854c-466b-88ad-a075478a1c7b","local_time":"20210219210254","is_ascension_mode":true,"campfire_choices":[{"data":"Slimebound:CorrosiveSpit","floor":1,"key":"SMITH"},{"data":"Slimebound:LeadByExample","floor":12,"key":"SMITH"},{"data":"Slimebound:GoopSpray","floor":18,"key":"SMITH"},{"data":"Slimebound:RainOfGoop","floor":30,"key":"SMITH"},{"data":"Slimebound:SelfFormingGoo","floor":35,"key":"SMITH"},{"data":"Slimebound:Teamwork","floor":42,"key":"SMITH"},{"data":"Slimebound:FormOfPuddle","floor":45,"key":"SMITH"},{"data":"Slimebound:TagTeam","floor":47,"key":"SMITH"}],"circlet_count":0,"master_deck":["Slimebound:Strike_Slimebound","Slimebound:Strike_Slimebound","Slimebound:Strike_Slimebound","Slimebound:Tackle","Slimebound:Defend_Slimebound","Slimebound:Defend_Slimebound","Slimebound:Defend_Slimebound","Slimebound:Split","Slimebound:CorrosiveSpit+1","Slimebound:RallyTheTroops","Slimebound:SplitMire","Slimebound:SlimeSpikes","Slimebound:SamplingLick","Slimebound:SlimeSpikes","Slimebound:SlimeSpikes","Slimebound:RainOfGoop+1","Slimebound:Prepare","Slimebound:LeadByExample+1","Slimebound:OozeBath","Slimebound:GoopSpray+1","Slimebound:PressTheAttack","Slimebound:FirmFortitude","Slimebound:Prepare+1","Slimebound:SplitAcid","Slimebound:FormOfPuddle+1","Slimebound:GoopSpray+1","Slimebound:Teamwork+1","Slimebound:LevelUp","Slimebound:LeechEnergy+1","Slimebound:HauntingLick","Slimebound:HauntingLick+1","Slimebound:SelfFormingGoo+1","Slimebound:Schlurp+1","Slimebound:SlimeBrawl","Slimebound:SamplingLick+1","Slimebound:TagTeam+1","Slimebound:LeechEnergy+1","Slimebound:LeechLife","expansioncontent:YouAreMine","expansioncontent:AwakenDeath","Slimebound:MegaLick"],"relics":["Slimebound:AbsorbEndCombat","Slimebound:AggressiveSlimeRelic","Guardian:PocketSentry","Strawberry","Slimebound:SlimedTailRelic","Runic Pyramid","Nloth\u0027s Gift","Darkstone Periapt","Centennial Puzzle","sneckomod:BabySnecko","Bronze Scales","Coffee Dripper","Slimebound:PotencyRelic","Bag of Preparation","Nunchaku","Blood Vial","Meat on the Bone","Chemical X","Bottled Tornado"],"acts_visited":["Exordium","TheCity","TheBeyond"],"potions_floor_usage":[11,13,25,33,40,49,50,50],"damage_taken":[{"damage":0,"enemies":"2 Louse","floor":2,"turns":2},{"damage":10,"enemies":"Jaw Worm","floor":3,"turns":3},{"damage":0,"enemies":"Small Slimes","floor":5,"turns":3},{"damage":19,"enemies":"3 Sentries","floor":6,"turns":6},{"damage":0,"enemies":"Gremlin Gang","floor":8,"turns":3},{"damage":0,"enemies":"2 Fungi Beasts","floor":9,"turns":3},{"damage":5,"enemies":"3 Louse","floor":10,"turns":3},{"damage":23,"enemies":"Gremlin Nob","floor":11,"turns":4},{"damage":3,"enemies":"Gremlin Nob","floor":13,"turns":3},{"damage":1,"enemies":"downfall:FleeingMerchant","floor":14,"turns":4},{"damage":10,"enemies":"Exordium Wildlife","floor":15,"turns":3},{"damage":7,"enemies":"SI_SHIV_ARCHETYPE","floor":16,"turns":5},{"damage":1,"enemies":"Spheric Guardian","floor":19,"turns":3},{"damage":15,"enemies":"Chosen","floor":21,"turns":3},{"damage":23,"enemies":"Slavers","floor":23,"turns":4},{"damage":7,"enemies":"3 Cultists","floor":25,"turns":4},{"damage":1,"enemies":"downfall:FleeingMerchant","floor":28,"turns":4},{"damage":19,"enemies":"Shelled Parasite and Fungi","floor":29,"turns":4},{"damage":0,"enemies":"Snecko","floor":31,"turns":4},{"damage":0,"enemies":"Centurion and Healer","floor":32,"turns":5},{"damage":9,"enemies":"IC_MUSHROOM_ARCHETYPE","floor":33,"turns":6},{"damage":0,"enemies":"Orb Walker","floor":36,"turns":3},{"damage":0,"enemies":"Orb Walker","floor":37,"turns":4},{"damage":5,"enemies":"downfall:FleeingMerchant","floor":38,"turns":3},{"damage":0,"enemies":"3 Darklings","floor":39,"turns":4},{"damage":0,"enemies":"Spire Growth","floor":40,"turns":3},{"damage":15,"enemies":"Reptomancer","floor":43,"turns":5},{"damage":21,"enemies":"Giant Head","floor":46,"turns":8},{"damage":17,"enemies":"Jaw Worm Horde","floor":49,"turns":3},{"damage":71,"enemies":"DF_ARCHETYPE_ORBS","floor":50,"turns":7}],"seed_played":"-8151681305914788835","potions_obtained":[{"floor":6,"key":"SteroidPotion"},{"floor":9,"key":"ColorlessPotion"},{"floor":10,"key":"sneckomod:MuddlingPotion"},{"floor":11,"key":"PowerPotion"},{"floor":15,"key":"SpeedPotion"},{"floor":20,"key":"CultistPotion"},{"floor":29,"key":"Block Potion"},{"floor":32,"key":"Regen Potion"},{"floor":33,"key":"Strength Potion"},{"floor":49,"key":"LiquidBronze"}],"is_trial":false,"path_per_floor":["R","M","M","?","M","E","T","M","M","M","?","R","E","$","M","B",null,"R","M","?","M","?","E","T","M","?","?","$","M","R","M","M","B",null,"R","M","?","$","M","M","T","R","E","$","R","E","R","?","M","B",null],"character_chosen":"SLIMEBOUND","items_purchased":["Slimebound:SlimedTailRelic","Bronze Scales","Slimebound:LevelUp","Bag of Preparation","Nunchaku","Chemical X","EssenceOfSteel"],"campfire_rested":0,"item_purchase_floors":[14,28,28,38,38,44,44],"current_hp_per_floor":[65,65,59,59,61,50,50,58,60,57,38,38,48,55,49,50,72,72,72,72,59,59,44,44,45,51,51,58,43,43,47,53,50,78,78,78,78,77,78,78,78,78,69,69,69,78,78,73,62,48],"gold":65,"neow_bonus":"ONE_RANDOM_RARE_CARD","is_daily":false,"chose_seed":false,"campfire_upgraded":8,"win_rate":0.0,"timestamp":1613786574,"path_taken":["R","M","M","?","M","E","T","M","M","M","?","R","E","$","M","BOSS","R","M","?","M","?","E","T","?","?","?","$","M","R","M","M","BOSS","R","M","?","$","M","M","T","R","E","$","R","E","R","?","M","BOSS"],"items_purchased_type":["Relic","Relic","Card","Relic","Relic","Relic","Potion"],"build_version":"2020-12-22","purchased_purges":2,"victory":true,"max_hp_per_floor":[65,65,65,65,65,65,65,65,65,65,65,65,72,72,72,72,72,72,72,72,72,72,72,72,72,78,78,78,78,78,78,78,78,78,78,78,78,78,78,78,78,78,78,78,78,78,78,78,78,78],"card_choices":[{"not_picked":["Slimebound:GoopTackle","Slimebound:ComboTackle"],"picked":"Slimebound:SplitMire","floor":2},{"not_picked":["Slimebound:SplitBruiser","Slimebound:ComboTackle"],"picked":"Slimebound:SlimeSpikes","floor":3},{"not_picked":["Slimebound:SplitMire","Slimebound:Chomp"],"picked":"Slimebound:SamplingLick","floor":5},{"not_picked":["Slimebound:SplitAcid","Slimebound:SplitBruiser"],"picked":"Slimebound:SlimeSpikes","floor":6},{"not_picked":["Slimebound:LivingWall","Slimebound:LeechingTouch"],"picked":"Slimebound:SlimeSpikes","floor":8},{"not_picked":["Slimebound:ItLooksTasty","Slimebound:ComboTackle"],"picked":"Slimebound:RainOfGoop","floor":9},{"not_picked":["Slimebound:SlimeTap","Slimebound:Recollect"],"picked":"Slimebound:Prepare","floor":10},{"not_picked":["Slimebound:SlimeTap","Slimebound:Grow"],"picked":"Slimebound:LeadByExample","floor":11},{"not_picked":["Slimebound:SplitLeeching","Slimebound:LeechEnergy"],"picked":"Slimebound:OozeBath","floor":13},{"not_picked":["Slimebound:PrepareCrush","Slimebound:Repurpose"],"picked":"Slimebound:GoopSpray","floor":14},{"not_picked":["Slimebound:Schlurp","Slimebound:LeechEnergy"],"picked":"Slimebound:PressTheAttack","floor":15},{"not_picked":["Slimebound:Teamwork","Slimebound:SelfFormingGoo"],"picked":"Slimebound:FirmFortitude","floor":16},{"not_picked":["Slimebound:GoopTackle+1","Slimebound:SamplingLick"],"picked":"Slimebound:Prepare+1","floor":19},{"not_picked":["Slimebound:WasteNot","Slimebound:ViciousTackle"],"picked":"Slimebound:SplitAcid","floor":21},{"not_picked":["Slimebound:SplitBruiser","Slimebound:FinishingTackle"],"picked":"Slimebound:FormOfPuddle","floor":23},{"not_picked":["Slimebound:HungryTackle+1","Slimebound:SplitBruiser"],"picked":"Slimebound:GoopSpray+1","floor":25},{"not_picked":["Slimebound:RallyTheTroops","Slimebound:Prepare"],"picked":"Slimebound:Teamwork","floor":28},{"not_picked":["Slimebound:ProtectTheBoss","Slimebound:ForwardTackle"],"picked":"Slimebound:LeechEnergy+1","floor":29},{"not_picked":["Slimebound:Replication","Slimebound:PressTheAttack"],"picked":"Slimebound:HauntingLick","floor":31},{"not_picked":["Slimebound:GoopSpray","Slimebound:Prepare+1"],"picked":"Slimebound:HauntingLick+1","floor":32},{"not_picked":["Slimebound:PrepareCrush","Slimebound:WasteNot"],"picked":"Slimebound:SelfFormingGoo","floor":33},{"not_picked":["Slimebound:Replication","Slimebound:FormOfPuddle"],"picked":"Slimebound:Schlurp+1","floor":36},{"not_picked":["Slimebound:LeadByExample+1","Slimebound:SplitMire+1"],"picked":"Slimebound:SlimeBrawl","floor":37},{"not_picked":["Slimebound:HauntingLick","Slimebound:ViciousTackle+1"],"picked":"Slimebound:SamplingLick+1","floor":38},{"not_picked":["Slimebound:Dissolve","Slimebound:RainOfGoop"],"picked":"Slimebound:TagTeam","floor":39},{"not_picked":["Slimebound:PressTheAttack+1","Slimebound:ItLooksTasty+1"],"picked":"Slimebound:LeechEnergy+1","floor":40},{"not_picked":["Slimebound:BestDefense","Slimebound:ComboTackle+1"],"picked":"Slimebound:LeechLife","floor":43},{"not_picked":["Slimebound:OneTwoCombo","Slimebound:SlimeSpikes","Slimebound:FlameTackle"],"picked":"SKIP","floor":46},{"not_picked":["expansioncontent:AwakenDeath","expansioncontent:GuardianWhirl"],"picked":"expansioncontent:YouAreMine","floor":48},{"not_picked":["expansioncontent:PolyBeam","expansioncontent:HyperBeam"],"picked":"expansioncontent:AwakenDeath","floor":48},{"not_picked":["Slimebound:FirmFortitude","Slimebound:LeechingTouch"],"picked":"Slimebound:MegaLick","floor":49}],"player_experience":807510,"relics_obtained":[{"floor":6,"key":"Slimebound:AggressiveSlimeRelic"},{"floor":7,"key":"Guardian:PocketSentry"},{"floor":13,"key":"Strawberry"},{"floor":23,"key":"Darkstone Periapt"},{"floor":24,"key":"Centennial Puzzle"},{"floor":37,"key":"Slimebound:PotencyRelic"},{"floor":41,"key":"Blood Vial"},{"floor":43,"key":"Meat on the Bone"},{"floor":46,"key":"Bottled Tornado"}],"event_choices":[],"is_beta":false,"boss_relics":[{"not_picked":["Astrolabe","Fusion Hammer"],"picked":"Runic Pyramid"},{"not_picked":["Runic Dome","Black Star"],"picked":"Coffee Dripper"}],"items_purged_floors":[14,38],"is_endless":false,"potions_floor_spawned":[6,9,10,11,15,23,29,32,33,39,49],"ascension_level":2}}