{"host":"ia6vzboaxs0e83w2","time":1613813202,"event":{"mods":["2.2 Compatiblity","BaseMod","Colored Map","DeckTracker","Downfall","Highlight Path","Minty Spire (QoL Compilation)","Random Character Button","StSLib"],"gold_per_floor":[99,122,141,81,81,81,81,81,81,101,120,145,145,160,180,180,180,180],"floor_reached":16,"language":"POL","playtime":730,"items_purged":[],"score":92,"play_id":"ad41b724-714e-4148-905c-0ab595313888","local_time":"20210220102642","is_ascension_mode":false,"campfire_choices":[{"data":"sneckomod:Unknown1Cost","floor":9,"key":"SMITH"}],"circlet_count":0,"master_deck":["sneckomod:Strike","sneckomod:Strike","sneckomod:Strike","sneckomod:Defend","sneckomod:Defend","sneckomod:Defend","sneckomod:TailWhip","sneckomod:SnekBite","sneckomod:Unknown","Slimebound:SplitBruiser","sneckomod:WideSting","sneckomod:DiceCrush","sneckomod:Unknown1Cost+1","sneckomod:UnknownBlock","sneckomod:UnknownClassTHE_BRONZE_AUTOMATON","sneckomod:UnknownBoss","sneckomod:UnknownCommonSkill","sneckomod:IronFang","sneckomod:UnknownUncommonAttack"],"relics":["sneckomod:SneckoSoul","Question Card","Blue Candle","Odd Mushroom","HornCleat"],"acts_visited":["Exordium"],"potions_floor_usage":[14],"damage_taken":[{"damage":6.0,"enemies":"2 Louse","floor":2.0,"turns":2.0},{"damage":9.0,"enemies":"Small Slimes","floor":3.0,"turns":3.0},{"damage":10.0,"enemies":"downfall:FleeingMerchant","floor":4.0,"turns":4.0},{"damage":2,"enemies":"Cultist","floor":10,"turns":3},{"damage":5,"enemies":"downfall:LooterAlt","floor":11,"turns":3},{"damage":31,"enemies":"The Mushroom Lair","floor":12,"turns":6},{"damage":0,"enemies":"Lots of Slimes","floor":14,"turns":1},{"damage":4,"enemies":"Exordium Wildlife","floor":15,"turns":4},{"damage":32,"enemies":"SI_SHIV_ARCHETYPE","floor":16,"turns":7}],"seed_played":"767580482591923868","potions_obtained":[{"floor":10,"key":"Guardian:BlockOnCardUsePotion"},{"floor":12,"key":"AttackPotion"},{"floor":15,"key":"sneckomod:MuddlingPotion"}],"is_trial":false,"path_per_floor":["R","M","M","$","?","?","T","?","R","M","M","?","T","M","M","B"],"character_chosen":"THE_SNECKO","items_purchased":["sneckomod:UnknownBlock"],"campfire_rested":0,"item_purchase_floors":[4],"current_hp_per_floor":[99,93,84,74,74,74,74,74,74,72,67,36,36,36,32,0,0,0],"gold":180,"neow_bonus":"TEN_PERCENT_HP_BONUS","is_daily":false,"chose_seed":false,"campfire_upgraded":1,"win_rate":0.0,"timestamp":1613813202,"path_taken":["R","M","M","$","?","?","T","?","R","M","M","?","?","M","M","BOSS"],"items_purchased_type":["Card"],"build_version":"2020-12-22","purchased_purges":0,"victory":false,"max_hp_per_floor":[99,99,99,99,99,99,99,99,99,99,99,99,99,99,99,99,99,99],"card_choices":[{"not_picked":["sneckomod:DiceCrush","sneckomod:UnknownCommonSkill"],"picked":"sneckomod:WideSting","floor":2.0},{"not_picked":["sneckomod:SoulRoll","sneckomod:SnakeSap"],"picked":"sneckomod:DiceCrush","floor":3.0},{"not_picked":["sneckomod:SoulRoll","sneckomod:UnknownUncommonAttack"],"picked":"sneckomod:Unknown1Cost","floor":4.0},{"not_picked":["sneckomod:UnknownCommonAttack","sneckomod:SoulCleanse","sneckomod:WideSting"],"picked":"sneckomod:UnknownClassTHE_BRONZE_AUTOMATON","floor":10},{"not_picked":["sneckomod:UnknownClassTHE_BRONZE_AUTOMATON","sneckomod:UnknownExhaust","sneckomod:SoulDraw"],"picked":"sneckomod:UnknownBoss","floor":11},{"not_picked":["sneckomod:UnknownClassSLIMEBOUND","sneckomod:IronFang","sneckomod:DiceBlock"],"picked":"sneckomod:UnknownCommonSkill","floor":12},{"not_picked":["sneckomod:QuickMove","sneckomod:Mudshield","sneckomod:WideSting"],"picked":"sneckomod:IronFang","floor":14},{"not_picked":["sneckomod:Unknown1Cost","sneckomod:UnknownDraw","sneckomod:UnknownCommonAttack"],"picked":"sneckomod:UnknownUncommonAttack","floor":15}],"player_experience":450591,"relics_obtained":[{"floor":7,"key":"Blue Candle"},{"floor":12,"key":"Odd Mushroom"},{"floor":13,"key":"HornCleat"}],"event_choices":[{"damage_healed":0,"gold_gain":0,"player_choice":"Fought Mushrooms","damage_taken":0,"max_hp_gain":0,"max_hp_loss":0,"event_name":"Mushrooms","floor":12,"gold_loss":0}],"is_beta":false,"boss_relics":[],"items_purged_floors":[],"is_endless":false,"potions_floor_spawned":[10,12,15],"killed_by":"SI_SHIV_ARCHETYPE","ascension_level":0}}