{"host":"a1eatafr7pisesky","time":1613800704,"event":{"mods":["AchievementEnabler","BaseMod","Colored Map","Keyboard Shortcuts","Minty Spire (QoL Compilation)","Say the Spire","StSLib","SuperFastMode","everything is the same but u backflip on backflip"],"gold_per_floor":[112,132,143,143,158,189,203,219,297,325,325,343,343,370,370,444,444,463,463,463,463,478,478,504,343,343,343,343],"floor_reached":27,"language":"KOR","playtime":620,"items_purged":["Defend_P"],"score":450,"play_id":"060de6f8-9ce4-4d6b-984c-37142bfa78cc","local_time":"20210220145824","is_ascension_mode":true,"campfire_choices":[{"data":"EmptyFist","floor":11.0,"key":"SMITH"},{"floor":15.0,"key":"REST"},{"data":"Vault","floor":23.0,"key":"SMITH"}],"circlet_count":0,"master_deck":["AscendersBane","Strike_P","Strike_P","Strike_P","Defend_P","Defend_P","Eruption+1","Vigilance","EmptyFist+1","SandsOfTime","FlurryOfBlows","FearNoEvil","BowlingBash","Swivel","Vault+1","Halt+1","WheelKick","Vengeance","Adaptation"],"relics":["PureWater","NeowsBlessing","Art of War","Question Card","InkBottle","Odd Mushroom","VioletLotus","Dead Branch","Kunai"],"acts_visited":["Exordium","TheCity"],"potions_floor_usage":[27,27],"damage_taken":[{"damage":0.0,"enemies":"Cultist","floor":1.0,"turns":1.0},{"damage":0.0,"enemies":"2 Louse","floor":2.0,"turns":1.0},{"damage":0.0,"enemies":"Jaw Worm","floor":3.0,"turns":1.0},{"damage":9.0,"enemies":"Large Slime","floor":5.0,"turns":5.0},{"damage":25.0,"enemies":"3 Sentries","floor":6.0,"turns":7.0},{"damage":11.0,"enemies":"Exordium Wildlife","floor":7.0,"turns":3.0},{"damage":8.0,"enemies":"Blue Slaver","floor":8.0,"turns":3.0},{"damage":20.0,"enemies":"Lagavulin","floor":10.0,"turns":4.0},{"damage":3.0,"enemies":"Large Slime","floor":12.0,"turns":4.0},{"damage":0.0,"enemies":"The Mushroom Lair","floor":14.0,"turns":3.0},{"damage":26.0,"enemies":"The Guardian","floor":16.0,"turns":11.0},{"damage":7.0,"enemies":"Chosen","floor":18.0,"turns":4.0},{"damage":0.0,"enemies":"Spheric Guardian","floor":22.0,"turns":1.0},{"damage":19.0,"enemies":"Book of Stabbing","floor":24.0,"turns":4.0},{"damage":55,"enemies":"Slavers","floor":27,"turns":3}],"seed_played":"-4639841132397486369","potions_obtained":[{"floor":6.0,"key":"SpeedPotion"},{"floor":8.0,"key":"FairyPotion"},{"floor":10.0,"key":"AttackPotion"},{"floor":12.0,"key":"DuplicationPotion"},{"floor":14.0,"key":"Fire Potion"},{"floor":16.0,"key":"Regen Potion"},{"floor":24.0,"key":"StancePotion"}],"is_trial":false,"path_per_floor":["M","M","M","?","M","E","M","M","T","E","R","M","?","?","R","B",null,"M","?","?","?","M","R","E","$","T","E"],"character_chosen":"WATCHER","items_purchased":["Adaptation"],"campfire_rested":1,"item_purchase_floors":[25],"current_hp_per_floor":[61,61,61,61,52,27,16,8,8,20,20,17,10,10,30,4,52,45,45,45,45,45,45,35,35,35,0,0],"gold":343,"neow_bonus":"THREE_ENEMY_KILL","is_daily":false,"chose_seed":false,"campfire_upgraded":2,"win_rate":0.0,"timestamp":1613800704,"path_taken":["M","?","M","?","M","E","M","M","T","E","R","?","?","?","R","BOSS","M","?","?","?","M","R","E","?","T","E"],"items_purchased_type":["Card"],"build_version":"2020-12-22","purchased_purges":1,"victory":false,"max_hp_per_floor":[68,68,68,68,68,68,68,68,68,68,68,68,68,68,68,68,68,68,68,68,68,68,68,68,68,68,68,68],"card_choices":[{"not_picked":["ThirdEye","Halt"],"picked":"EmptyFist","floor":1.0},{"not_picked":["EmptyBody","Halt","JustLucky"],"picked":"SKIP","floor":2.0},{"not_picked":["LikeWater","Evaluate"],"picked":"SandsOfTime","floor":3.0},{"not_picked":["JustLucky","FlyingSleeves"],"picked":"FlurryOfBlows","floor":5.0},{"not_picked":["SashWhip","SignatureMove"],"picked":"FearNoEvil","floor":6.0},{"not_picked":["Brilliance","Collect"],"picked":"BowlingBash","floor":7.0},{"not_picked":["PathToVictory","Crescendo"],"picked":"Swivel","floor":8.0},{"not_picked":["Crescendo","FearNoEvil","PathToVictory","Perseverance"],"picked":"SKIP","floor":10.0},{"not_picked":["CutThroughFate","Crescendo","Study","SashWhip"],"picked":"SKIP","floor":12.0},{"not_picked":["Devotion","Judgement","Wish"],"picked":"Vault","floor":16.0},{"not_picked":["EmptyMind","Consecrate","CrushJoints"],"picked":"Halt+1","floor":18.0},{"not_picked":["FollowUp","BowlingBash","WreathOfFlame","ClearTheMind"],"picked":"SKIP","floor":22.0},{"not_picked":["Brilliance","Wireheading","SashWhip+1"],"picked":"Vengeance","floor":24.0}],"player_experience":475488,"relics_obtained":[{"floor":6.0,"key":"Art of War"},{"floor":9.0,"key":"Question Card"},{"floor":10.0,"key":"InkBottle"},{"floor":14.0,"key":"Odd Mushroom"},{"floor":24.0,"key":"Dead Branch"},{"floor":26.0,"key":"Kunai"}],"event_choices":[{"damage_healed":0.0,"max_hp_gain":0.0,"max_hp_loss":0.0,"gold_gain":0.0,"event_name":"Accursed Blacksmith","player_choice":"Forge","floor":4.0,"gold_loss":0.0,"damage_taken":0.0,"cards_upgraded":["Eruption"]},{"cards_removed":["Strike_P"],"damage_healed":0.0,"max_hp_gain":0.0,"max_hp_loss":0.0,"gold_gain":0.0,"event_name":"Golden Wing","player_choice":"Card Removal","floor":13.0,"gold_loss":0.0,"damage_taken":7.0},{"damage_healed":0.0,"max_hp_gain":0.0,"max_hp_loss":0.0,"gold_gain":0.0,"event_name":"Mushrooms","player_choice":"Fought Mushrooms","floor":14.0,"gold_loss":0.0,"damage_taken":0.0},{"cards_removed":["Defend_P"],"damage_healed":0.0,"max_hp_gain":0.0,"max_hp_loss":0.0,"gold_gain":0.0,"event_name":"Back to Basics","player_choice":"Elegance","floor":19.0,"gold_loss":0.0,"damage_taken":0.0},{"damage_healed":0.0,"max_hp_gain":0.0,"max_hp_loss":0.0,"gold_gain":0.0,"event_name":"Vampires","player_choice":"Ignored","floor":20.0,"gold_loss":0.0,"damage_taken":0.0},{"damage_healed":0.0,"max_hp_gain":0.0,"max_hp_loss":0.0,"gold_gain":0.0,"event_name":"The Library","player_choice":"Read","floor":21.0,"gold_loss":0.0,"damage_taken":0.0,"cards_obtained":["WheelKick"]}],"is_beta":false,"boss_relics":[{"not_picked":["Tiny House","Ectoplasm"],"picked":"VioletLotus"}],"items_purged_floors":[25],"is_endless":false,"potions_floor_spawned":[6,8,10,12,14,16,24],"killed_by":"Slavers","ascension_level":17}}