{"host":"l2lylj0omvglf5x0","time":1613842832,"event":{"mods":["2.2 Compatiblity","BaseMod","Bestiary","Block Reminder","Colored Map","Colored Powertips","Curses Come First","Highlight Path","Keyboard Shortcuts","Minty Spire (QoL Compilation)","Relic Sorter","Relic Stats","Slay the Relics Exporter","StSLib","SuperFastMode"],"gold_per_floor":[119,119,132,132,148,148,228,403,403,24,24,24,44,44,44,143,143,159,84,284,295,310,310,343,129,154,188,200,212,212],"floor_reached":29,"language":"ENG","playtime":623,"items_purged":["Strike_R"],"score":398,"play_id":"67cf36f4-7b4b-44e6-9d09-71e410da2bb5","local_time":"20210220184032","is_ascension_mode":true,"campfire_choices":[{"data":"Bash","floor":6,"key":"SMITH"},{"data":"Shockwave","floor":12,"key":"SMITH"},{"data":"Spot Weakness","floor":15,"key":"SMITH"},{"data":"Offering","floor":23,"key":"SMITH"}],"circlet_count":0,"master_deck":["AscendersBane","Strike_R","Strike_R","Strike_R+1","Strike_R","Defend_R","Defend_R","Defend_R+1","Defend_R","Bash+1","Whirlwind+1","Spot Weakness+1","Twin Strike","Shockwave+1","Offering+1","Battle Trance","Thunderclap+1","Uppercut+1","Rupture","Rage+1"],"relics":["Burning Blood","NeowsBlessing","Meat on the Bone","The Courier","MealTicket","Lantern","ClockworkSouvenir","Bottled Flame","Black Star","Bag of Preparation","Pantograph","Blood Vial","CeramicFish","Orichalcum","MawBank"],"acts_visited":["Exordium","TheCity"],"potions_floor_usage":[24,27],"damage_taken":[{"damage":0,"enemies":"2 Louse","floor":1,"turns":1},{"damage":0,"enemies":"Small Slimes","floor":3,"turns":1},{"damage":0,"enemies":"Jaw Worm","floor":5,"turns":1},{"damage":0,"enemies":"Exordium Wildlife","floor":13,"turns":1},{"damage":68,"enemies":"The Guardian","floor":16,"turns":14},{"damage":33,"enemies":"Spheric Guardian","floor":18,"turns":4},{"damage":32,"enemies":"Shell Parasite","floor":21,"turns":4},{"damage":12,"enemies":"Sentry and Sphere","floor":22,"turns":3},{"damage":48,"enemies":"Book of Stabbing","floor":24,"turns":5},{"damage":43,"enemies":"Slavers","floor":27,"turns":4},{"damage":28,"enemies":"Book of Stabbing","floor":29,"turns":3}],"seed_played":"-8698178306550855170","potions_obtained":[{"floor":1,"key":"Regen Potion"},{"floor":3,"key":"EssenceOfSteel"}],"is_trial":false,"path_per_floor":["M","?","M","?","M","R","T","?","T","$","?","R","M","T","R","B",null,"M","?","?","M","M","R","E","$","T","E","?","E"],"character_chosen":"IRONCLAD","items_purchased":["MealTicket","Lantern","ClockworkSouvenir","Shockwave","Blood Vial","Rupture"],"campfire_rested":0,"item_purchase_floors":[10,10,10,10,25,25],"current_hp_per_floor":[78,78,80,64,70,70,70,70,70,70,75,75,81,81,81,31,72,57,57,57,43,49,49,19,34,34,23,23,0,0],"gold":212,"neow_bonus":"THREE_ENEMY_KILL","is_daily":false,"chose_seed":false,"campfire_upgraded":4,"win_rate":0.0,"timestamp":1613842832,"path_taken":["M","?","M","?","?","R","?","?","T","$","?","R","M","?","R","BOSS","M","?","?","?","M","R","E","$","T","E","?","E"],"items_purchased_type":["Relic","Relic","Relic","Card","Relic","Card"],"build_version":"2020-12-22","purchased_purges":1,"victory":false,"max_hp_per_floor":[80,80,80,80,80,80,80,80,80,80,85,85,85,85,85,85,85,85,85,85,85,85,85,85,85,85,85,85,85,85],"relic_stats":{"Blood Vial":4,"counters":[11,41],"Pantograph":0,"CeramicFish":9,"MealTicket":15,"Black Star":2,"Bag of Preparation":[4],"Orichalcum":[12],"MawBank":24,"obtain_stats":[{"Lantern":10,"NeowsBlessing":0,"CeramicFish":26,"The Courier":9,"Bag of Preparation":24,"Orichalcum":27,"MawBank":27,"Burning Blood":0,"ClockworkSouvenir":10,"Blood Vial":25,"Bottled Flame":14,"Pantograph":24,"MealTicket":10,"Black Star":17,"Meat on the Bone":7},{"Lantern":3,"NeowsBlessing":0,"CeramicFish":9,"The Courier":3,"Bag of Preparation":9,"Orichalcum":10,"MawBank":10,"Burning Blood":0,"ClockworkSouvenir":3,"Blood Vial":9,"Bottled Flame":4,"Pantograph":9,"MealTicket":3,"Black Star":5,"Meat on the Bone":3},{"Lantern":3,"NeowsBlessing":0,"CeramicFish":34,"The Courier":3,"Bag of Preparation":34,"Orichalcum":38,"MawBank":38,"Burning Blood":0,"ClockworkSouvenir":3,"Blood Vial":34,"Bottled Flame":4,"Pantograph":34,"MealTicket":3,"Black Star":18,"Meat on the Bone":3}],"Burning Blood":56,"Meat on the Bone":72},"card_choices":[{"not_picked":["Entrench","Disarm"],"picked":"Whirlwind","floor":1},{"not_picked":["Headbutt","Thunderclap"],"picked":"Spot Weakness","floor":3},{"not_picked":["Warcry","Body Slam"],"picked":"Twin Strike","floor":5},{"not_picked":["Evolve","Perfected Strike","Flex"],"picked":"SKIP","floor":13},{"not_picked":["Reaper","Juggernaut"],"picked":"Offering","floor":16},{"not_picked":["Clothesline","Cleave","Searing Blow+1"],"picked":"SKIP","floor":18},{"not_picked":["Flex","Sentinel"],"picked":"Battle Trance","floor":21},{"not_picked":["Armaments","Clothesline"],"picked":"Thunderclap+1","floor":22},{"not_picked":["Dropkick","Sword Boomerang"],"picked":"Uppercut+1","floor":24},{"not_picked":["Cleave","Headbutt"],"picked":"Rage+1","floor":27}],"player_experience":1015394,"relics_obtained":[{"floor":7,"key":"Meat on the Bone"},{"floor":9,"key":"The Courier"},{"floor":14,"key":"Bottled Flame"},{"floor":24,"key":"Bag of Preparation"},{"floor":24,"key":"Pantograph"},{"floor":26,"key":"CeramicFish"},{"floor":27,"key":"Orichalcum"},{"floor":27,"key":"MawBank"}],"event_choices":[{"damage_healed":0,"gold_gain":0,"player_choice":"Grow","damage_taken":0,"max_hp_gain":0,"max_hp_loss":0,"event_name":"Living Wall","floor":2,"gold_loss":0,"cards_upgraded":["Whirlwind"]},{"damage_healed":0,"gold_gain":0,"player_choice":"Entered Light","damage_taken":16,"max_hp_gain":0,"max_hp_loss":0,"event_name":"Shining Light","floor":4,"gold_loss":0,"cards_upgraded":["Strike_R","Defend_R"]},{"damage_healed":0,"gold_gain":175,"player_choice":"AGREE","damage_taken":0,"max_hp_gain":0,"max_hp_loss":0,"event_name":"Liars Game","floor":8,"gold_loss":0,"cards_obtained":["Doubt"]},{"damage_healed":0,"gold_gain":0,"player_choice":"Donut","damage_taken":0,"max_hp_gain":5,"max_hp_loss":0,"event_name":"Big Fish","floor":11,"gold_loss":0},{"cards_removed":["Doubt"],"damage_healed":0,"gold_gain":0,"player_choice":"Gave Gold","damage_taken":0,"max_hp_gain":0,"max_hp_loss":0,"event_name":"Beggar","floor":19,"gold_loss":75},{"damage_healed":0,"gold_gain":250,"player_choice":"Bet on Owner","damage_taken":0,"max_hp_gain":0,"max_hp_loss":0,"event_name":"The Joust","floor":20,"gold_loss":50},{"damage_healed":0,"gold_gain":0,"player_choice":"Ignored","damage_taken":0,"max_hp_gain":0,"max_hp_loss":0,"event_name":"Vampires","floor":28,"gold_loss":0}],"is_beta":false,"boss_relics":[{"not_picked":["Coffee Dripper","Sozu"],"picked":"Black Star"}],"items_purged_floors":[25],"is_endless":false,"potions_floor_spawned":[1,3,21],"killed_by":"Book of Stabbing","ascension_level":12}}