{"host":"khwpnvgc3av0w6xd","time":1613831294,"event":{"mods":["BaseMod","Block Reminder","Colored Map","DeckTracker","Highlight Path","Minty Spire (QoL Compilation)","Quick Restart"],"gold_per_floor":[117,129,129,144,154,180,180,34,34,34,34,34,52,72,72,72,72],"floor_reached":16,"language":"DEU","playtime":683,"items_purged":[],"score":112,"play_id":"bcc95bb2-426f-4f24-b933-75e3eb78c77d","local_time":"20210220152814","is_ascension_mode":true,"campfire_choices":[{"data":"Eruption","floor":7,"key":"SMITH"},{"data":"ClearTheMind","floor":11,"key":"SMITH"},{"floor":15,"key":"REST"}],"circlet_count":0,"master_deck":["Strike_P","Strike_P","Strike_P","Strike_P","Defend_P","Defend_P","Defend_P","Eruption+1","Vigilance","ClearTheMind+1","Prostrate","WreathOfFlame","Perseverance","FlurryOfBlows","EmptyFist","Regret","Injury","ClearTheMind","FlurryOfBlows+1"],"relics":["PureWater","Nunchaku","Membership Card","Juzu Bracelet","Molten Egg 2","Golden Idol"],"acts_visited":["Exordium"],"potions_floor_usage":[],"damage_taken":[{"damage":4,"enemies":"Jaw Worm","floor":1,"turns":2},{"damage":1,"enemies":"Cultist","floor":2,"turns":3},{"damage":2,"enemies":"2 Louse","floor":4,"turns":2},{"damage":1,"enemies":"Blue Slaver","floor":5,"turns":4},{"damage":19,"enemies":"Lagavulin","floor":6,"turns":6},{"damage":6,"enemies":"3 Louse","floor":13,"turns":3},{"damage":6,"enemies":"Looter","floor":14,"turns":3},{"damage":54,"enemies":"Hexaghost","floor":16,"turns":9}],"seed_played":"-6604518075591675771","potions_obtained":[{"floor":2,"key":"GamblersBrew"},{"floor":5,"key":"PowerPotion"}],"is_trial":false,"path_per_floor":["M","M","?","M","M","E","R","$","T","?","R","?","M","M","R","B"],"character_chosen":"WATCHER","items_purchased":["Membership Card"],"campfire_rested":1,"item_purchase_floors":[8],"current_hp_per_floor":[68,67,67,65,64,45,45,45,45,45,45,45,39,33,54,0,0],"gold":72,"neow_bonus":"THREE_CARDS","is_daily":false,"chose_seed":false,"campfire_upgraded":2,"win_rate":0.0,"timestamp":1613831294,"path_taken":["M","M","?","M","?","E","R","$","T","?","R","?","M","M","R","BOSS"],"items_purchased_type":["Relic"],"build_version":"2020-12-22","purchased_purges":0,"victory":false,"max_hp_per_floor":[72,72,72,72,72,72,72,72,72,72,72,72,72,72,72,72,72],"card_choices":[{"not_picked":["Prostrate","ThirdEye"],"picked":"ClearTheMind","floor":0},{"not_picked":["Evaluate","EmptyBody"],"picked":"Prostrate","floor":1},{"not_picked":["Pray","Sanctity"],"picked":"WreathOfFlame","floor":2},{"not_picked":["CutThroughFate","Protect"],"picked":"Perseverance","floor":4},{"not_picked":["FollowUp","Evaluate"],"picked":"FlurryOfBlows","floor":5},{"not_picked":["Judgement","CrushJoints"],"picked":"EmptyFist","floor":6},{"not_picked":["WreathOfFlame","EmptyBody"],"picked":"ClearTheMind","floor":13},{"not_picked":["PathToVictory","CutThroughFate+1"],"picked":"FlurryOfBlows+1","floor":14}],"player_experience":108521,"relics_obtained":[{"floor":6,"key":"Nunchaku"},{"floor":9,"key":"Juzu Bracelet"}],"event_choices":[{"cards_removed":["Defend_P"],"damage_healed":0,"gold_gain":0,"player_choice":"Offered Basic","damage_taken":0,"max_hp_gain":0,"max_hp_loss":0,"event_name":"Bonfire Elementals","floor":3,"gold_loss":0},{"damage_healed":0,"gold_gain":0,"player_choice":"Box","damage_taken":0,"relics_obtained":["Molten Egg 2"],"max_hp_gain":0,"max_hp_loss":0,"event_name":"Big Fish","floor":10,"gold_loss":0,"cards_obtained":["Regret"]},{"damage_healed":0,"gold_gain":0,"player_choice":"Take Wound","damage_taken":0,"relics_obtained":["Golden Idol"],"max_hp_gain":0,"max_hp_loss":0,"event_name":"Golden Idol","floor":12,"gold_loss":0,"cards_obtained":["Injury"]}],"is_beta":false,"boss_relics":[],"items_purged_floors":[],"is_endless":false,"potions_floor_spawned":[2,5],"killed_by":"Hexaghost","ascension_level":2}}