{"host":"9rqk712yu6s3287p","time":1613817757,"event":{"mods":["ATMod(°¢èªMod)","Act Like it!","BaseMod","CapriCore","Chen","Gensokyo","Googly Eyes","Marisa£¨ìFÓê¡¡Ä§ÀíÉ³£©","Minty Spire (QoL Compilation)","MostiFishMod","Onozuka Komachi Mod","Reimu£¨²©ÀöÁéÃÎ£©","Remilia_Scarlet Moed£¨ÀÙÃ×ÀòÑÇ¡¤Ë¹¿¨À×ÌØ£©3.3.5","Remilia£¨ÀÙÃ×ÀòÑÇ£©","RumiaBox-Â¶Ã×æ«µÄÉñÃØºÐ×Ó","StSLib","The Administrix","The Immortal","The Servant 0.9.4","Yakumo Yukari mod","Youmu£¨»êÆÇÑýÃÎ£©","Yuyuko","[IsaacMod]ÒÔÈö¼âËþ","¡¾ÒÅÎï¿¨ÅÆ¡¿REMEMod"],"gold_per_floor":[117,131,56,66,85,114,145,145,193,228,254,271,301,334,334,413,413,432,261,281,294,608,637,668,694,694,723,723,215,244,275,275,350,350,369,383,157,170,170,196,224,252,252,312,323,441,469,486,486,486,486,486,486,319,351,351],"floor_reached":57,"language":"ZHS","playtime":2194,"items_purged":["Faramita\u0027s Temptation"],"score":4621,"play_id":"c0a3588f-268c-4d98-9281-c06cc956616a","local_time":"20210220184237","daily_mods":["Vintage","Heirloom","Time Dilation","Flight","Elite Swarm","Lethality","Binary"],"is_ascension_mode":true,"campfire_choices":[{"data":"Ghost Spot","floor":15.0,"key":"SMITH"},{"floor":32.0,"key":"RECALL"},{"data":"Sweet of Phantom","floor":49,"key":"SMITH"},{"data":"Unfulfilling Attachment","floor":53,"key":"SMITH"}],"circlet_count":0,"master_deck":["AscendersBane","Fantasy Butterflies","Fantasy Butterflies","Fantasy Butterflies+1","Fantasy Butterflies","Fantasy Butterflies","Dreamy Sakura+1","Dreamy Sakura","Dreamy Sakura+1","Dreamy Sakura","Dreamy Sakura+1","Deathly Ground","Full Inky Sakura+1","Ghost Spot+1","Sweet of Phantom+1","Unfulfilling Attachment+1"],"relics":["Coronal","Yuyuko\u0027s fan","Busted Crown","AT_ATBox","DaveBox","REME_ComplimentaryCards","HushsDoor","PillsDrop","ArrowTower","YumHeart","RuthlessExorcism:ReiMu","SynthV:TestCard","Blood Vial","AT_DeathDance","War Paint","Mango","MagicDraw3","AT_Kusabimaru","HowToJump","HornCleat","Lantern","Nunchaku","SlaversCollar","AT_PhaseBoots","Technique","Akabeko","BookofShadows","Old Coin","TuHaoJin","InkBottle","Blue Candle","Bottled Lightning","DianPoetry","Civilization","BionicSphere","PreservedInsect","StrikeDummy","Black Star","Regal Pillow","AT_ChloranthyRing","Chaos","Philosopher\u0027s Stone","Singing Bowl","ExusiaiGun","AT_TimeSand","Anchor","Toxic Egg 2","Lizard Tail","GuppysPaw","Orrery","SentryEyes","Tiny House","AT_RedNoBalance","Trap Lamp","GodSword5","TimeFreeze","MegaBlast","Ying"],"acts_visited":["Exordium","TheCity","TheBeyond","TheEnding"],"potions_floor_usage":[],"damage_taken":[{"damage":14.0,"enemies":"Jaw Worm","floor":1.0,"turns":2.0},{"damage":2.0,"enemies":"Cultist","floor":2.0,"turns":2.0},{"damage":2.0,"enemies":"Small Slimes","floor":4.0,"turns":2.0},{"damage":7.0,"enemies":"Exordium Wildlife","floor":5.0,"turns":2.0},{"damage":2.0,"enemies":"Gremlin Nob","floor":6.0,"turns":2.0},{"damage":2.0,"enemies":"Lagavulin","floor":7.0,"turns":2.0},{"damage":2.0,"enemies":"Gremlin Nob","floor":10.0,"turns":2.0},{"damage":12.0,"enemies":"Lagavulin","floor":11.0,"turns":3.0},{"damage":1.0,"enemies":"Looter","floor":12.0,"turns":1.0},{"damage":8.0,"enemies":"3 Sentries","floor":13.0,"turns":2.0},{"damage":2.0,"enemies":"Gremlin Nob","floor":14.0,"turns":2.0},{"damage":22.0,"enemies":"The Guardian","floor":16.0,"turns":6.0},{"damage":2.0,"enemies":"Chosen","floor":18.0,"turns":2.0},{"damage":13.0,"enemies":"3 Byrds","floor":20.0,"turns":2.0},{"damage":12.0,"enemies":"Snake Plant","floor":21.0,"turns":2.0},{"damage":2.0,"enemies":"Chosen and Byrds","floor":22.0,"turns":2.0},{"damage":3.0,"enemies":"Gremlin Leader","floor":23.0,"turns":3.0},{"damage":11.0,"enemies":"Slavers","floor":24.0,"turns":2.0},{"damage":15.0,"enemies":"Book of Stabbing","floor":25.0,"turns":2.0},{"damage":2.0,"enemies":"REME_1_Revenger","floor":27.0,"turns":2.0},{"damage":2.0,"enemies":"Gremlin Leader","floor":30.0,"turns":2.0},{"damage":1.0,"enemies":"Book of Stabbing","floor":31.0,"turns":1.0},{"damage":4.0,"enemies":"Collector","floor":33.0,"turns":4.0},{"damage":1.0,"enemies":"Orb Walker","floor":35.0,"turns":1.0},{"damage":1.0,"enemies":"3 Shapes","floor":36.0,"turns":1.0},{"damage":2.0,"enemies":"Writhing Mass","floor":38.0,"turns":2.0},{"damage":3.0,"enemies":"Giant Head","floor":40.0,"turns":3.0},{"damage":1.0,"enemies":"Reptomancer","floor":41.0,"turns":1.0},{"damage":1.0,"enemies":"Nemesis","floor":42.0,"turns":1.0},{"damage":2.0,"enemies":"Giant Head","floor":44.0,"turns":2.0},{"damage":1.0,"enemies":"3 Darklings","floor":45.0,"turns":1.0},{"damage":1.0,"enemies":"Nemesis","floor":46.0,"turns":1.0},{"damage":1,"enemies":"Reptomancer","floor":47,"turns":1},{"damage":1,"enemies":"Maw","floor":48,"turns":1},{"damage":1,"enemies":"Donu and Deca","floor":50,"turns":1},{"damage":2,"enemies":"Time Eater","floor":51,"turns":2},{"damage":1,"enemies":"Shield and Spear","floor":55,"turns":1},{"damage":16,"enemies":"The Heart","floor":56,"turns":4}],"seed_played":"7435266980239905994","potions_obtained":[{"floor":5.0,"key":"DistilledChaos"},{"floor":6.0,"key":"SpeedPotion"},{"floor":7.0,"key":"Strength Potion"},{"floor":16.0,"key":"DuplicationPotion"},{"floor":24.0,"key":"Turbid Wine"},{"floor":25.0,"key":"Turbid Wine"},{"floor":27.0,"key":"Turbid Wine"},{"floor":31.0,"key":"Turbid Wine"},{"floor":33.0,"key":"Turbid Wine"},{"floor":44.0,"key":"DuplicationPotion"},{"floor":44.0,"key":"DuplicationPotion"},{"floor":46,"key":"GrandPatriotsElixir:ReiMu"}],"is_trial":true,"path_per_floor":["M","M","$","M","M","E","E","$","T","E","E","M","E","E","R","B",null,"M","$","M","M","M","E","E","E","T","E","$","$","E","E","R","B",null,"M","M","$","M","$","E","E","E","T","E","M","E","E","M","R","B","B",null,"R","$","E","B",null],"character_chosen":"YUYOKO","items_purchased":["Technique","Civilization","BionicSphere","Sweet of Phantom","Chaos","TimeFreeze"],"campfire_rested":0,"item_purchase_floors":[19,29,29,37,37,54],"current_hp_per_floor":[26,29,29,34,35,52,52,52,52,49,45,49,49,53,53,47,53,53,53,50,51,53,52,49,46,46,53,53,53,54,57,57,57,60,64,69,69,73,73,79,88,95,95,109,115,127,132,87,87,96,109,145,145,145,154,151],"gold":351,"neow_bonus":"","is_daily":false,"chose_seed":false,"campfire_upgraded":3,"win_rate":0.0,"timestamp":1613817757,"path_taken":["M","M","$","M","M","E","E","$","T","E","E","M","E","E","R","BOSS","M","$","M","M","M","E","E","E","T","E","$","$","E","E","R","BOSS","M","M","$","M","$","E","E","E","T","E","M","E","E","M","R","BOSS","BOSS","R","$","E","BOSS"],"items_purchased_type":["Relic","Relic","Relic","Card","Card","Relic"],"build_version":"2020-12-22","purchased_purges":1,"victory":true,"max_hp_per_floor":[37,37,37,37,37,54,54,54,54,49,52,55,55,55,55,55,55,55,55,55,55,55,55,55,55,55,55,55,55,56,58,58,61,61,65,70,70,75,75,82,89,96,96,111,116,128,133,138,138,143,148,148,148,148,155,160],"card_choices":[{"not_picked":["Sakura Sakura","Revive The Butterflies"],"picked":"SKIP","floor":6.0},{"not_picked":["Explore Ghostdom"],"picked":"Full Inky Sakura","floor":7.0},{"not_picked":["Full Inky Sakura","Infinite Reviving"],"picked":"SKIP","floor":10.0},{"not_picked":["Full Inky Sakura","Infinite Reviving"],"picked":"SKIP","floor":11.0},{"not_picked":["Explore Ghostdom","Home of Suicide"],"picked":"SKIP","floor":13.0},{"not_picked":["Bury in The Template"],"picked":"Ghost Spot","floor":14.0},{"not_picked":["Home of Suicide","Living to Die"],"picked":"SKIP","floor":23.0},{"not_picked":["The Way to Death","Full Inky Sakura"],"picked":"SKIP","floor":24.0},{"not_picked":["The Way to Death","Full Inky Sakura"],"picked":"SKIP","floor":24.0},{"not_picked":["Explore Ghostdom","Sakura Sakura"],"picked":"SKIP","floor":25.0},{"not_picked":["Living to Die","Mirror of Mind"],"picked":"SKIP","floor":27.0},{"not_picked":["The Way to Death","Home of Suicide"],"picked":"SKIP","floor":30.0},{"not_picked":["Revive The Butterflies","Sakura Sakura"],"picked":"SKIP","floor":31.0},{"not_picked":["Mirror of Mind","Bury in The Template"],"picked":"Singing Bowl","floor":40.0},{"not_picked":["Infinite Reviving","Dream of Spring"],"picked":"Singing Bowl","floor":41.0},{"not_picked":["Full Inky Sakura","The Inky Sakura"],"picked":"Singing Bowl","floor":42.0},{"not_picked":["Float on Moon","Supernatural Nether+1"],"picked":"Singing Bowl","floor":44.0},{"not_picked":["Snowing Sakura+1","Ghost Spot+1"],"picked":"Singing Bowl","floor":44.0},{"not_picked":["Mirror of Mind+1","Ghost Spot+1"],"picked":"Singing Bowl","floor":44.0},{"not_picked":["Bury in The Template+1","Full Inky Sakura"],"picked":"Singing Bowl","floor":44.0},{"not_picked":["Supernatural Nether+1","Mirror of Mind+1"],"picked":"Singing Bowl","floor":44.0},{"not_picked":["Supernatural Nether+1","The Inky Sakura"],"picked":"Singing Bowl","floor":46},{"not_picked":["Full Inky Sakura"],"picked":"Unfulfilling Attachment","floor":47},{"not_picked":["Mirror of Mind+1","Dream of Spring+1"],"picked":"Singing Bowl","floor":55}],"player_experience":571816,"relics_obtained":[{"floor":1.0,"key":"RuthlessExorcism:ReiMu"},{"floor":1.0,"key":"SynthV:TestCard"},{"floor":2.0,"key":"Blood Vial"},{"floor":4.0,"key":"AT_DeathDance"},{"floor":5.0,"key":"War Paint"},{"floor":6.0,"key":"Mango"},{"floor":7.0,"key":"MagicDraw3"},{"floor":10.0,"key":"AT_Kusabimaru"},{"floor":11.0,"key":"HowToJump"},{"floor":12.0,"key":"HornCleat"},{"floor":13.0,"key":"Lantern"},{"floor":14.0,"key":"Nunchaku"},{"floor":18.0,"key":"AT_SpeedBoots"},{"floor":20.0,"key":"Akabeko"},{"floor":21.0,"key":"BookofShadows"},{"floor":22.0,"key":"Old Coin"},{"floor":23.0,"key":"TuHaoJin"},{"floor":24.0,"key":"InkBottle"},{"floor":25.0,"key":"Blue Candle"},{"floor":26.0,"key":"Bottled Lightning"},{"floor":27.0,"key":"DianPoetry"},{"floor":30.0,"key":"PreservedInsect"},{"floor":31.0,"key":"StrikeDummy"},{"floor":35.0,"key":"Regal Pillow"},{"floor":36.0,"key":"AT_ChloranthyRing"},{"floor":38.0,"key":"Philosopher\u0027s Stone"},{"floor":40.0,"key":"Singing Bowl"},{"floor":40.0,"key":"ExusiaiGun"},{"floor":41.0,"key":"AT_TimeSand"},{"floor":41.0,"key":"Anchor"},{"floor":42.0,"key":"Toxic Egg 2"},{"floor":43.0,"key":"Lizard Tail"},{"floor":44.0,"key":"GuppysPaw"},{"floor":44.0,"key":"Orrery"},{"floor":46,"key":"SentryEyes"},{"floor":46,"key":"Tiny House"},{"floor":47,"key":"AT_SilverBalance"},{"floor":47,"key":"Trap Lamp"},{"floor":48,"key":"GodSword5"},{"floor":55,"key":"MegaBlast"},{"floor":55,"key":"Ying"}],"event_choices":[],"is_beta":false,"boss_relics":[{"not_picked":["Velvet Choker","Pandora\u0027s Box"],"picked":"SlaversCollar"},{"not_picked":[]},{"not_picked":["MagicMushroom","FeatherPendant"],"picked":"Black Star"},{"not_picked":[]}],"items_purged_floors":[3],"is_endless":false,"potions_floor_spawned":[5,6,7,11,12,16,22,24,25,31,33,35,42,44,47,55],"ascension_level":20}}