{"host":"d2gh6suihlstufn7","time":1613811776,"event":{"mods":["AchievementEnabler","BaseMod","Colored Map","Colored Powertips","Minty Spire (QoL Compilation)","Permanent Neow","Quick Restart"],"gold_per_floor":[115,115,65,65,84,84,100,134,186,212,224,224,251,263,263,358,358],"floor_reached":16,"language":"KOR","playtime":550,"items_purged":[],"score":160,"play_id":"881f5c9e-97c9-4c69-b725-df79a99e39d1","local_time":"20210220180256","is_ascension_mode":false,"campfire_choices":[{"data":"Armaments","floor":6,"key":"SMITH"},{"floor":12,"key":"REST"},{"data":"Immolate","floor":15,"key":"SMITH"}],"circlet_count":0,"master_deck":["Strike_R","Strike_R","Strike_R","Strike_R","Strike_R","Defend_R","Defend_R","Defend_R","Bash","Battle Trance","Shrug It Off","Armaments+1","Rage","Inflame","Headbutt","Immolate+1"],"relics":["Snecko Eye","Vajra","Darkstone Periapt","Dream Catcher","Oddly Smooth Stone","Bag of Marbles"],"acts_visited":["Exordium"],"potions_floor_usage":[13],"damage_taken":[{"damage":2,"enemies":"2 Louse","floor":1,"turns":3},{"damage":0,"enemies":"Jaw Worm","floor":5,"turns":3},{"damage":0,"enemies":"Cultist","floor":7,"turns":4},{"damage":24,"enemies":"3 Sentries","floor":8,"turns":9},{"damage":0,"enemies":"Large Slime","floor":11,"turns":5},{"damage":41,"enemies":"Gremlin Nob","floor":13,"turns":5},{"damage":0,"enemies":"3 Louse","floor":14,"turns":1},{"damage":25,"enemies":"Hexaghost","floor":16,"turns":7}],"seed_played":"-2509689127201146449","potions_obtained":[{"floor":1,"key":"Ancient Potion"},{"floor":8,"key":"DuplicationPotion"},{"floor":11,"key":"FairyPotion"},{"floor":13,"key":"BloodPotion"},{"floor":16,"key":"Ancient Potion"}],"is_trial":false,"path_per_floor":["M","?","$","?","M","R","M","E","T","T","M","R","E","M","R","B"],"character_chosen":"IRONCLAD","items_purchased":["Shrug It Off"],"campfire_rested":1,"item_purchase_floors":[3],"current_hp_per_floor":[78,71,71,68,68,68,68,44,44,44,44,68,43,43,43,18,18],"gold":358,"neow_bonus":"BOSS_RELIC","is_daily":false,"chose_seed":false,"campfire_upgraded":2,"win_rate":0.0,"timestamp":1613811776,"path_taken":["M","?","?","?","M","R","M","E","T","?","M","R","E","?","R","BOSS"],"items_purchased_type":["Card"],"build_version":"2020-12-22","purchased_purges":0,"victory":false,"max_hp_per_floor":[80,80,80,80,80,80,80,80,80,80,80,80,80,80,80,80,80],"card_choices":[{"not_picked":["Sever Soul","Shrug It Off"],"picked":"Battle Trance","floor":1},{"not_picked":["Body Slam","Second Wind"],"picked":"Armaments","floor":5},{"not_picked":["Battle Trance","Carnage"],"picked":"Rage","floor":7},{"not_picked":["Sever Soul","Armaments"],"picked":"Inflame","floor":8},{"not_picked":["Shrug It Off","Bloodletting","Dropkick"],"picked":"SKIP","floor":11},{"not_picked":["Clash","Shrug It Off"],"picked":"Headbutt","floor":12},{"not_picked":["Sever Soul","True Grit"],"picked":"Immolate","floor":13},{"not_picked":["Bloodletting","Pommel Strike","Infernal Blade"],"picked":"SKIP","floor":14}],"player_experience":179284,"relics_obtained":[{"floor":8,"key":"Darkstone Periapt"},{"floor":9,"key":"Dream Catcher"},{"floor":10,"key":"Oddly Smooth Stone"},{"floor":13,"key":"Bag of Marbles"}],"event_choices":[{"cards_removed":["Defend_R"],"damage_healed":0,"gold_gain":0,"player_choice":"Card Removal","damage_taken":7,"max_hp_gain":0,"max_hp_loss":0,"event_name":"Golden Wing","floor":2,"gold_loss":0},{"damage_healed":0,"gold_gain":0,"player_choice":"Success","damage_taken":3,"relics_obtained":["Vajra"],"max_hp_gain":0,"max_hp_loss":0,"event_name":"Scrap Ooze","floor":4,"gold_loss":0}],"is_beta":false,"boss_relics":[],"items_purged_floors":[],"is_endless":false,"potions_floor_spawned":[1,8,11,13,16],"killed_by":"Hexaghost","ascension_level":0}}