{"host":"krw8kyiy0um8ye49","time":1613857865,"event":{"mods":["BaseMod","Minty Spire (QoL Compilation)","StSLib","The Runesmith"],"gold_per_floor":[117,136,63,63,238,238,250,250,250,250,250],"floor_reached":10,"language":"ENG","playtime":232,"items_purged":[],"score":62,"play_id":"f7524961-f398-4a94-9953-43374ccc0204","local_time":"20210220225105","is_ascension_mode":true,"campfire_choices":[{"data":"Runesmith:LithiumIon","floor":6,"key":"SMITH"},{"data":"Runesmith:BackupBattery","floor":8,"key":"SMITH"}],"circlet_count":0,"master_deck":["Runesmith:Strike_RS","Runesmith:Strike_RS","Runesmith:Defend_RS","Runesmith:Defend_RS","Runesmith:Defend_RS","Runesmith:Defend_RS","Runesmith:CraftFirestone","Runesmith:Fortify","Runesmith:CraftIncendium","Runesmith:Grindstone","Runesmith:BackupBattery+1","Runesmith:LithiumIon+1","Doubt","Runesmith:Empowerment"],"relics":["Runesmith:BrokenRuby","The Courier"],"acts_visited":["Exordium"],"potions_floor_usage":[],"damage_taken":[{"damage":3,"enemies":"Cultist","floor":1,"turns":4},{"damage":2,"enemies":"Jaw Worm","floor":2,"turns":4},{"damage":4,"enemies":"2 Louse","floor":7,"turns":4},{"damage":65,"enemies":"Gremlin Nob","floor":10,"turns":4}],"seed_played":"-3231399429952669752","potions_obtained":[],"is_trial":false,"path_per_floor":["M","M","$","?","?","R","M","R","T","E"],"character_chosen":"RUNESMITH_CLASS","items_purchased":["Runesmith:LithiumIon"],"campfire_rested":0,"item_purchase_floors":[3],"current_hp_per_floor":[67,65,65,58,58,58,54,54,54,0,0],"gold":250,"neow_bonus":"TRANSFORM_CARD","is_daily":false,"chose_seed":false,"campfire_upgraded":2,"win_rate":0.0,"timestamp":1613857865,"path_taken":["M","?","$","?","?","R","M","R","T","E"],"items_purchased_type":["Card"],"build_version":"2020-12-22","purchased_purges":0,"victory":false,"max_hp_per_floor":[70,70,70,70,70,70,70,70,70,70,70],"card_choices":[{"not_picked":["Runesmith:UnstableHammer","Runesmith:ShiftingStrike"],"picked":"Runesmith:Grindstone","floor":1},{"not_picked":["Runesmith:UnstableHammer","Runesmith:Repurpose"],"picked":"Runesmith:BackupBattery","floor":2},{"not_picked":["Runesmith:EarthShield","Runesmith:Discharge"],"picked":"Runesmith:Empowerment","floor":7}],"player_experience":215226,"relics_obtained":[{"floor":9,"key":"The Courier"}],"event_choices":[{"cards_removed":["Runesmith:Strike_RS"],"damage_healed":0,"gold_gain":0,"player_choice":"Card Removal","damage_taken":7,"max_hp_gain":0,"max_hp_loss":0,"event_name":"Golden Wing","floor":4,"gold_loss":0},{"damage_healed":0,"gold_gain":175,"player_choice":"AGREE","damage_taken":0,"max_hp_gain":0,"max_hp_loss":0,"event_name":"Liars Game","floor":5,"gold_loss":0,"cards_obtained":["Doubt"]}],"is_beta":false,"boss_relics":[],"items_purged_floors":[],"is_endless":false,"potions_floor_spawned":[],"killed_by":"Gremlin Nob","ascension_level":2}}