{"host":"skr63qsdfgeey3it","time":1613861725,"event":{"mods":["BaseMod","Colored Map","Hubris","Minty Spire (QoL Compilation)","Monster B Gone","Reliquary","Replay The Spire","Spicy Shops","StSLib"],"gold_per_floor":[115,132,55,69,88,88,151,165,214,214,26,55,55,70,70,141,141,160,178,178,30,30,30,42,54,54,54,164,6,23,23,23,99,149,164,184,46,0,19,19,0,0],"floor_reached":41,"language":"ENG","playtime":1481,"items_purged":[],"score":691,"play_id":"3d40e127-42ec-474b-b615-bb6d8b272521","local_time":"20210220165525","is_ascension_mode":true,"campfire_choices":[{"data":"Sunder","floor":6,"key":"SMITH"},{"floor":10,"key":"REST"},{"floor":13,"key":"REST"},{"floor":23,"key":"REST"},{"floor":27,"key":"REST"},{"floor":32,"key":"REST"},{"floor":40,"key":"REST"}],"circlet_count":0,"master_deck":["AscendersBane","Strike_B","Strike_B","Strike_B","Strike_B","Defend_B","Defend_B","Defend_B","Defend_B","Zap","Dualcast","Sunder+1","Undo","Doom and Gloom+1","White Noise","Biased Cognition","Rebound+1","FTL","hubris:PowerSurge","Redo","ReplayRNGCard","Beam Cell+1","ReplayTheSpireMod:System Scan","ReplayRNGCard","Machine Learning","White Noise","Double Energy","Lockon","hubris:PowerSurge+1","Mirror Shield","Barrage","Leap+1","Madness"],"relics":["Painkiller Herb","Onion Ring","reliquary:TuningFork","Membership Card","hubris:BundleOfHerbs","Replay:Grab Bag","reliquary:RedCape","Sozu","Inserter","Nilry\u0027s Codex","Chemical X","DollysMirror","hubris:Icosahedron","hubris:CrystalStatue","Kunai","Tiny House","Red Mask"],"acts_visited":["Exordium","TheCity","TheBeyond"],"potions_floor_usage":[7,8,16,16],"damage_taken":[{"damage":3,"enemies":"Jaw Worm","floor":1,"turns":4},{"damage":6,"enemies":"2 Louse","floor":2,"turns":2},{"damage":5,"enemies":"Small Slimes","floor":4,"turns":2},{"damage":0,"enemies":"Exordium Wildlife","floor":5,"turns":3},{"damage":41,"enemies":"Lagavulin Event","floor":7,"turns":7},{"damage":0,"enemies":"2 Fungi Beasts","floor":8,"turns":2},{"damage":10,"enemies":"3 Sentries","floor":12,"turns":4},{"damage":0,"enemies":"3 Louse","floor":14,"turns":3},{"damage":39,"enemies":"Hexaghost","floor":16,"turns":6},{"damage":0,"enemies":"Spheric Guardian","floor":18,"turns":2},{"damage":24,"enemies":"2 Thieves","floor":19,"turns":4},{"damage":0,"enemies":"Snecko","floor":24,"turns":2},{"damage":34,"enemies":"Snake Plant","floor":25,"turns":5},{"damage":7,"enemies":"Shelled Parasite and Fungi","floor":28,"turns":4},{"damage":0,"enemies":"Centurion and Healer","floor":30,"turns":4},{"damage":52,"enemies":"Pondfish","floor":33,"turns":9},{"damage":0,"enemies":"Orb Walker","floor":35,"turns":2},{"damage":17,"enemies":"3 Darklings","floor":36,"turns":6},{"damage":37,"enemies":"Jaw Worm Horde","floor":39,"turns":4},{"damage":54,"enemies":"Reptomancer","floor":41,"turns":2}],"seed_played":"4214638400366939413","potions_obtained":[{"floor":1,"key":"PowerPotion"},{"floor":7,"key":"Adrenaline Potion"},{"floor":8,"key":"FearPotion"},{"floor":14,"key":"SneckoOil"}],"is_trial":false,"path_per_floor":["?","?","T","?","?","T","?","?","T","T","T","E","T","?","R_BF","B",null,"?","?","?","T","?","T","?","?","T","T","?","T","?","T","T","B",null,"?","?","T","?","?","T","E"],"character_chosen":"DEFECT","items_purchased":["Doom and Gloom","Membership Card","FTL","Chemical X","DollysMirror","Kunai","Lockon","Madness"],"campfire_rested":6,"item_purchase_floors":[3,11,11,21,21,29,29,37],"current_hp_per_floor":[61,55,55,50,50,50,9,9,9,30,30,20,41,41,62,59,68,68,44,23,23,23,44,44,10,10,31,24,24,24,24,45,37,68,68,51,51,51,14,36,0,0],"gold":0,"neow_bonus":"BOSS_RELIC","is_daily":false,"chose_seed":false,"campfire_upgraded":1,"win_rate":0.0,"timestamp":1613861725,"path_taken":["?","?","T","?","?","T","?","?","T","T","T","E","T","?","R_BF","BOSS","?","?","?","T","?","T","?","?","T","T","?","T","?","?","T","BOSS","?","?","T","?","?","T","E"],"items_purchased_type":["Card","Relic","Card","Relic","Relic","Relic","Card","Card"],"build_version":"2020-12-22","purchased_purges":0,"victory":false,"max_hp_per_floor":[71,71,71,71,71,71,71,71,71,71,71,71,71,71,71,71,71,71,71,71,71,71,71,71,71,71,71,71,71,71,71,71,71,76,76,76,76,76,76,76,76,76],"card_choices":[{"not_picked":["Capacitor","Turbo"],"picked":"Sunder","floor":1},{"not_picked":["Sweeping Beam","Gash"],"picked":"Undo","floor":2},{"not_picked":["Sweeping Beam","Streamline"],"picked":"White Noise","floor":4},{"not_picked":["Hello World","Coolheaded","Steam"],"picked":"SKIP","floor":5},{"not_picked":["ReplayTheSpireMod:Calculation Training","Self Repair"],"picked":"Biased Cognition","floor":7},{"not_picked":["Blizzard","Sweeping Beam"],"picked":"Rebound","floor":8},{"not_picked":["Reprogram","hubris:Ukulele"],"picked":"hubris:PowerSurge","floor":12},{"not_picked":["Barrage","Gash"],"picked":"Redo","floor":14},{"not_picked":["Rainbow","Hyperbeam"],"picked":"ReplayRNGCard","floor":16},{"not_picked":["Ball Lightning","Streamline"],"picked":"Beam Cell+1","floor":18},{"not_picked":["Sweeping Beam","Steam"],"picked":"ReplayTheSpireMod:System Scan","floor":19},{"not_picked":["Turbo","Go for the Eyes"],"picked":"Machine Learning","floor":24},{"not_picked":["BasicCrystalCard","Recycle"],"picked":"White Noise","floor":25},{"not_picked":["ReplayTheSpireMod:Reroute Power","Redo"],"picked":"Double Energy","floor":28},{"not_picked":["Ball Lightning","Cold Snap"],"picked":"hubris:PowerSurge+1","floor":30},{"not_picked":["hubris:Prefetch","Amplify"],"picked":"Mirror Shield","floor":33},{"not_picked":["Fusion","Go for the Eyes"],"picked":"Barrage","floor":34},{"not_picked":["Aggregate","Chaos"],"picked":"Leap+1","floor":35},{"not_picked":["Stack","Redo+1","Aggregate"],"picked":"SKIP","floor":36},{"not_picked":["Barrage","Hello World","Leap"],"picked":"SKIP","floor":39}],"player_experience":978286,"relics_obtained":[{"floor":7,"key":"Onion Ring"},{"floor":9,"key":"reliquary:TuningFork"},{"floor":12,"key":"hubris:BundleOfHerbs"},{"floor":20,"key":"Nilry\u0027s Codex"},{"floor":26,"key":"hubris:CrystalStatue"}],"event_choices":[{"damage_healed":0,"gold_gain":30,"player_choice":"Searched \u00273\u0027 times","damage_taken":0,"max_hp_gain":0,"max_hp_loss":0,"event_name":"Dead Adventurer","floor":7,"gold_loss":0},{"damage_healed":0,"gold_gain":0,"player_choice":"Obtained Book","damage_taken":21,"max_hp_gain":0,"max_hp_loss":0,"event_name":"Cursed Tome","floor":20,"gold_loss":0},{"damage_healed":0,"gold_gain":0,"player_choice":"Paid","damage_taken":0,"relics_obtained":["Red Mask"],"max_hp_gain":0,"max_hp_loss":0,"event_name":"Tomb of Lord Red Mask","floor":38,"gold_loss":46}],"is_beta":false,"boss_relics":[{"not_picked":["hubris:ScarierMask","hubris:Stopwatch"],"picked":"Replay:Grab Bag"},{"not_picked":["Runic Dome","hubris:GrandSneckoEye"],"picked":"reliquary:RedCape"},{"not_picked":["reliquary:Ember","Replay:Wanted Poster"],"picked":"Sozu"},{"not_picked":["Astrolabe","Snecko Heart"],"picked":"Inserter"},{"not_picked":["Kintsugi","Honey Jar"],"picked":"Tiny House"}],"items_purged_floors":[],"is_endless":false,"potions_floor_spawned":[1,7,8,14,19,24,30,33,35],"killed_by":"Reptomancer","ascension_level":15}}