{"host":"uceopoba4zvqsgiy","time":1613813786,"event":{"mods":["2.2 Compatiblity","Act Like it!","BaseMod","Better Skull","Better Third Choice","Elementarium","Evolution","GifTheSpireLib","Hermit","Humility","Infinite Spire","Jorbs\u0027s Wanderer Trilogy","Marked Mod","Minty Spire (QoL Compilation)","Potionbrewer","Reliquary","Replay The Spire","Robot Space Explorer","Shade Mod","Spicy Shops","StS++","StSLib","Stuff the Spire","The Blue Laboratory","The Caster","The Cursed","The Dragon Tamer","The Dragonkin","The Hierophant","The Judge","The Jungle","TheSurvivalist","Wandering Minibosses"],"gold_per_floor":[112,130,130,405,421,421,421],"floor_reached":6,"language":"ENG","playtime":160,"items_purged":[],"score":102,"play_id":"96e901bf-2a86-4815-8873-711575c851e3","local_time":"20210220200626","is_ascension_mode":true,"campfire_choices":[],"circlet_count":0,"master_deck":["Sweeping Beam","Sweeping Beam","Sweeping Beam","Sweeping Beam","Leap","Leap","Leap","Leap","Zap","Dualcast","StuffTheSpire:Coldhearted","Regret"],"relics":["Replay:M_StaffOfTheSnake","EVO:Axolotl","NeowsBlessing","infinitespire:Cubic Diamond"],"acts_visited":["Exordium"],"potions_floor_usage":[],"damage_taken":[{"damage":0,"enemies":"Cultist","floor":1,"turns":1},{"damage":0,"enemies":"2 Louse","floor":2,"turns":1},{"damage":0,"enemies":"Small Slimes","floor":5,"turns":1},{"damage":69,"enemies":"Gremlin Nob","floor":6,"turns":5}],"seed_played":"638487990734373282","potions_obtained":[{"floor":1,"key":"blueLaboratory:ConsumingVoid"},{"floor":5,"key":"BlessingOfTheForge"}],"is_trial":false,"path_per_floor":["M","M","?","?","M","E"],"character_chosen":"DEFECT","items_purchased":[],"campfire_rested":0,"item_purchase_floors":[],"current_hp_per_floor":[69,69,69,69,69,0,0],"gold":421,"neow_bonus":"THREE_ENEMY_KILL","is_daily":false,"chose_seed":false,"campfire_upgraded":0,"win_rate":0.0,"timestamp":1613813786,"path_taken":["M","?","?","?","?","E"],"items_purchased_type":[],"build_version":"2020-12-22","purchased_purges":0,"victory":false,"max_hp_per_floor":[76,76,76,76,76,76,76],"card_choices":[{"not_picked":["Coolheaded","Go for the Eyes"],"picked":"StuffTheSpire:Coldhearted","floor":1},{"not_picked":["StSpp:Mask","Aggregate","StuffTheSpire:CleanHardDrive"],"picked":"SKIP","floor":2},{"not_picked":["BasicCrystalCard","ReplayTheSpireMod:Repulse","Streamline"],"picked":"SKIP","floor":5}],"player_experience":1848309,"relics_obtained":[],"event_choices":[{"damage_healed":0,"gold_gain":275,"player_choice":"Desecrate","damage_taken":0,"max_hp_gain":0,"max_hp_loss":0,"event_name":"Golden Shrine","floor":4,"gold_loss":0,"cards_obtained":["Regret"]}],"is_beta":false,"boss_relics":[],"items_purged_floors":[],"is_endless":false,"potions_floor_spawned":[1,5],"killed_by":"Gremlin Nob","ascension_level":9,"is_humility":true}}