{"host":"rbccvrvdyhsypb23","time":1613805416,"event":{"mods":["2.2 Compatiblity","AchievementEnabler","Act Like it!","Arknights","Aspiration","BaseMod","Beaked The Cultist","Better Third Choice","BetterRewards","Defuse TimeMaze Blight","Fox Events","Friendly Minions","GungeonMod","Hubris","Infinite Spire","Ironclad Rager","KomeijiMod","Marisa????????","Minty Spire (QoL Compilation)","Random Character Button","Reimu??????","Reliquary","Replay The Spire","Shade Mod","StSLib","The Animator","The Blackbeard","The Cursed","The Disciple","The Hierophant","The Jungle","The Marked","The Mystic","The Necromancer","Wandering Minibosses"],"gold_per_floor":[113,113,113,133,18,43,43,78,78,91,107,141,141,70,70,175,175,185,185,254,274,289,314,330,407,407,485,485,110,110,110,110,267,317,350,384,429,429,429,429,483,483,516,563,643,700,775,835,835,992,1092,1170,856,922,767,838,904,904,904,904,979,979,1054,1136,1136,1136,1299,1299,1385,1385,1385,1408,1254,1410,1410,1491,1491,1588,1588,1588,1699,1814,1814,2010,2010,2146,2146,2246,2002,2134,2290,2290,2424,2448,2136,2273,2423,2590,2818,2818,3087,3087,3087],"floor_reached":102,"language":"ENG","playtime":4845,"items_purged":["hubris:Sloth","Strike_MRS"],"score":2845,"play_id":"20be7521-e803-46cb-a0cf-c91c9221411a","local_time":"20210220101656","is_ascension_mode":false,"campfire_choices":[{"data":"GalacticHalo","floor":7,"key":"SMITH"},{"data":"GrandCross","floor":13,"key":"SMITH"},{"data":"DoubleSpark","floor":15,"key":"SMITH"},{"data":"CollectingQuirk","floor":32,"key":"SMITH"},{"data":"blackbeard:Rum","floor":40,"key":"SMITH"},{"data":"MillisecondPulsars","floor":49,"key":"SMITH"},{"data":"ManaRampage","floor":59,"key":"SMITH"},{"data":"blackbeard:BoostMorale","floor":66,"key":"SMITH"},{"data":"BinaryStars","floor":75,"key":"SMITH"},{"data":"infinitespire:Punishment","floor":83,"key":"SMITH"},{"data":"infinitespire:Collect","floor":92,"key":"SMITH"},{"data":"OortCloud","floor":100,"key":"SMITH"}],"circlet_count":0,"master_deck":["Strike_MRS","Strike_MRS+1","Strike_MRS","Defend_MRS","Defend_MRS","Defend_MRS","Defend_MRS","MasterSpark","UpSweep+1","GrandCross+1","PulseMagic","GalacticHalo+1","GalacticHalo","6A+1","DoubleSpark+1","BinaryStars+1","infinitespire:Collect+1","Replay:Fractal Strike+1","OortCloud+1","blackbeard:RemoveScurvy","DeepEcoloBomb+1","CollectingQuirk+1","MillisecondPulsars+1","EarthLightRay+1","OortCloud+1","blackbeard:BoostMorale+1","ManaRampage+1","infinitespire:Punishment+1","JA"],"relics":["MiniHakkero","Thread and Needle","DemoMod:GnawedKey","reliquary:NewFriend","reliquary:Sod","hubris:DisguiseKit","Bottled Flame","ReplayTheSpireMod:CursedCoin","Whetstone","hubris:Backtick","aspiration:StickyExplosives","hubris:MobiusCoin","aspiration:Nostalgia","Replay:M_SmolderingBlood","DemoMod:ChaffGrenade","DemoMod:OrangeGuonStone","SproutingBranch","infinitespire:Lucky Rock","Tiny Chest","MutagenicStrength","Mango","infinitespire:EvilPickle","reliquary:RedCape","Singing Bowl","infinitespire:Joker Card","Lantern","Sundial","Replay:Wanted Poster","Replay:Rubber Ducky","reliquary:FingerTrap","Replay:Accelerometer","DemoMod:ClearGuonStone","BewitchedHakkero","DemoMod:MemoryAlloy","PureWhite:ReiMu","reliquary:SharkskinSheath","GremlinMask","aspiration:RitualDagger","wanderingMiniBosses:CarrionFlame","DemoMod:BlueGuonStone","Red Mask","reliquary:ExpiredCoupon","DemoMod:GlassGuonStoneRelic","reliquary:Aerogel","hubris:CrystalStatue","Orichalcum","infinitespire:FocusingShard","Centennial Puzzle","Replay:Mystery Machine","reliquary:Buckler","reliquary:RoseTintedGlasses","reliquary:Bookmark","hubris:ScarierMask"],"acts_visited":["Exordium","TheCity","TheBeyond","Exordium","TheCity","TheBeyond"],"potions_floor_usage":[6,16,21,23,24,25,41,47,50,50,74],"damage_taken":[{"damage":2,"enemies":"ats:Genji","floor":1,"turns":4},{"damage":2,"enemies":"Jaw Worm","floor":4,"turns":3},{"damage":7,"enemies":"Gremlin Nob","floor":6,"turns":3},{"damage":9,"enemies":"3 Sentries","floor":8,"turns":8},{"damage":0,"enemies":"2 Louse","floor":10,"turns":3},{"damage":0,"enemies":"Large Slime","floor":11,"turns":5},{"damage":0,"enemies":"Gremlin Nob","floor":12,"turns":4},{"damage":15,"enemies":"The Guardian","floor":16,"turns":9},{"damage":1,"enemies":"2 Thieves","floor":18,"turns":3},{"damage":0,"enemies":"Spheric Guardian","floor":20,"turns":3},{"damage":1,"enemies":"Centurion and Healer","floor":21,"turns":5},{"damage":0,"enemies":"Shelled Parasite and Fungi","floor":22,"turns":4},{"damage":19,"enemies":"Gremlin Leader","floor":23,"turns":6},{"damage":13,"enemies":"Snake Plant","floor":24,"turns":7},{"damage":0,"enemies":"Nightmare","floor":25,"turns":7},{"damage":0,"enemies":"Replay:Snechameleon","floor":27,"turns":4},{"damage":1,"enemies":"Pondfish","floor":33,"turns":8},{"damage":6,"enemies":"3 Darklings","floor":35,"turns":3},{"damage":3,"enemies":"3 Shapes","floor":36,"turns":2},{"damage":0,"enemies":"3 Darklings","floor":37,"turns":3},{"damage":0,"enemies":"beaked:SuperParasite","floor":41,"turns":7},{"damage":10,"enemies":"Jaw Worm Horde","floor":43,"turns":7},{"damage":15,"enemies":"Jaw Worm Horde","floor":44,"turns":3},{"damage":23,"enemies":"R_Hoarder","floor":45,"turns":5},{"damage":3,"enemies":"Maw","floor":46,"turns":5},{"damage":0,"enemies":"Reptomancer","floor":47,"turns":5},{"damage":4,"enemies":"Sphere and 2 Shapes","floor":48,"turns":4},{"damage":114,"enemies":"infinitespire:MassOfShapes","floor":50,"turns":11},{"damage":8,"enemies":"Jaw Worm","floor":52,"turns":2},{"damage":0,"enemies":"Small Slimes","floor":54,"turns":2},{"damage":0,"enemies":"3 Sentries","floor":57,"turns":3},{"damage":0,"enemies":"Replay:BlueRogue","floor":61,"turns":2},{"damage":0,"enemies":"2 Louse","floor":63,"turns":1},{"damage":0,"enemies":"2 Fungi Beasts","floor":64,"turns":1},{"damage":0,"enemies":"Fading Forest","floor":67,"turns":9},{"damage":0,"enemies":"Spheric Guardian","floor":69,"turns":2},{"damage":0,"enemies":"Masked Bandits","floor":72,"turns":2},{"damage":4,"enemies":"Slavers","floor":74,"turns":2},{"damage":0,"enemies":"Shell Parasite","floor":78,"turns":2},{"damage":0,"enemies":"Snecko","floor":81,"turns":1},{"damage":0,"enemies":"Centurion and Healer","floor":82,"turns":2},{"damage":0,"enemies":"Collector","floor":84,"turns":3},{"damage":0,"enemies":"3 Shapes","floor":86,"turns":1},{"damage":0,"enemies":"3 Darklings","floor":90,"turns":1},{"damage":0,"enemies":"beaked:SuperParasite","floor":91,"turns":2},{"damage":0,"enemies":"Transient","floor":93,"turns":4},{"damage":0,"enemies":"Spire Growth","floor":96,"turns":1},{"damage":0,"enemies":"3 Darklings","floor":97,"turns":2},{"damage":0,"enemies":"Sphere and 2 Shapes","floor":98,"turns":1},{"damage":0,"enemies":"4 Shapes","floor":99,"turns":1},{"damage":0,"enemies":"Time Eater","floor":101,"turns":3}],"seed_played":"6197624996491725758","potions_obtained":[{"floor":4,"key":"DuplicationPotion"},{"floor":10,"key":"SteroidPotion"},{"floor":12,"key":"AttackPotion"},{"floor":21,"key":"PowerPotion"},{"floor":22,"key":"BlessingOfTheForge"},{"floor":24,"key":"EssenceOfSteel"},{"floor":33,"key":"Elixir"},{"floor":35,"key":"Milkshake"},{"floor":36,"key":"Block Potion"},{"floor":45,"key":"LiquidBronze"},{"floor":47,"key":"Death Potion"},{"floor":50,"key":"Block Potion"},{"floor":54,"key":"LiquidMemories"}],"is_trial":false,"path_per_floor":["M","?","T","M","$","E","R","E","T","M","M","E","R","$","R","B",null,"M","AVR","M","M","M","E","M","NM","T","E","?","$","?","T","R","B",null,"M","M","M","T","?","R","E","?","T","M","E","M","E","M","R","B",null,"M","$","M","$","T","E","AVR","R","T","E","?","M","M","?","R","B",null,"M","$","T","?","$","E","R","T","T","M","T","$","M","M","R","B",null,"M","?","?","$","M","E","R","M","T","$","M","M","M","M","R","B",null],"character_chosen":"MARISA","items_purchased":["DemoMod:GnawedKey","ReplayTheSpireMod:CursedCoin","Whetstone","infinitespire:Lucky Rock","Tiny Chest","CollectingQuirk","Replay:Rubber Ducky","ManaRampage","reliquary:FingerTrap","reliquary:ExpiredCoupon","Centennial Puzzle","reliquary:RoseTintedGlasses","reliquary:Bookmark"],"campfire_rested":0,"item_purchase_floors":[5,14,14,29,29,29,53,53,55,73,89,95,95],"current_hp_per_floor":[80,80,80,78,78,71,71,62,62,62,62,62,62,62,62,47,82,81,81,81,80,80,61,53,58,58,58,42,42,42,56,56,78,101,95,97,101,101,101,101,103,105,97,94,85,104,111,109,109,11,113,107,107,114,114,114,119,119,119,119,121,121,123,125,128,128,130,130,132,132,132,134,134,132,132,132,132,138,138,138,140,142,142,144,144,146,146,146,146,148,150,150,152,152,152,154,156,158,160,160,160,160,160],"gold":3087,"neow_bonus":"TEN_PERCENT_HP_BONUS","is_daily":false,"chose_seed":false,"campfire_upgraded":12,"win_rate":0.0,"timestamp":1613805416,"path_taken":["M","?","?","M","?","E","R","E","T","M","M","E","R","$","R","BOSS","M","AVR","M","M","M","E","M","NM","T","E","?","?","?","?","R","BOSS","M","?","M","?","?","R","E","?","T","?","E","M","E","M","R","BOSS","M","$","M","$","?","E","AVR","R","T","E","?","M","?","?","R","BOSS","M","$","?","?","?","E","R","?","T","M","?","$","M","M","R","BOSS","M","?","?","$","M","E","R","M","T","$","M","?","M","M","R","BOSS"],"items_purchased_type":["Relic","Relic","Relic","Relic","Relic","Card","Relic","Card","Relic","Relic","Relic","Relic","Relic"],"build_version":"2020-12-22","purchased_purges":2,"victory":false,"max_hp_per_floor":[82,82,82,82,82,82,82,82,82,82,82,82,82,82,82,82,82,82,82,82,82,82,82,82,82,82,82,87,87,87,101,101,101,101,101,101,101,101,101,101,103,105,107,109,109,111,111,113,113,113,113,115,115,117,117,117,119,119,119,119,121,121,123,125,128,128,130,130,132,132,132,134,134,136,136,136,136,138,138,138,140,142,142,144,144,146,146,146,146,148,150,150,152,152,152,154,156,158,160,160,160,160,160],"card_choices":[{"not_picked":["EnergyFlow","UnstableBomb"],"picked":"GrandCross","floor":1},{"not_picked":["GasGiant","EventHorizon"],"picked":"PulseMagic","floor":4},{"not_picked":["ChargingUp","IllusionStar"],"picked":"GalacticHalo","floor":6},{"not_picked":["PulseMagic","SuperNova"],"picked":"GalacticHalo","floor":8},{"not_picked":["Robbery","DC","blackbeard:Dagger"],"picked":"6A","floor":10},{"not_picked":["IllusionStar","SuperPerseids","blackbeard:BeatUp"],"picked":"DoubleSpark","floor":11},{"not_picked":["DragonMeteor","MilkyWay","FairyDestructionRay","blackbeard:Salvager"],"picked":"SKIP","floor":12},{"not_picked":["SuperNova","MaximisePower","blackbeard:Lifeboat"],"picked":"BinaryStars","floor":16},{"not_picked":["Acceleration+1","6A","WitchLeyline","blackbeard:Scrap"],"picked":"SKIP","floor":18},{"not_picked":["NonDirectionalLaser","ShootingEcho+1","MilkyWay","blackbeard:JollyRoger"],"picked":"SKIP","floor":20},{"not_picked":["UnstableBomb","SprinkleStarSeal+1","blackbeard:CatONineTails"],"picked":"OortCloud+1","floor":21},{"not_picked":["DoubleSpark","GravityBeat+1","NonDirectionalLaser"],"picked":"blackbeard:RemoveScurvy","floor":22},{"not_picked":["MachineGunSpark+1","ShootingEcho","blackbeard:DelayedPain"],"picked":"DeepEcoloBomb+1","floor":23},{"not_picked":["EmptyFist","Acceleration+1","MilkyWay","blackbeard:Spear"],"picked":"SKIP","floor":24},{"not_picked":["FlyingSleeves","MeteoricShower+1","GrandCross","blackbeard:Intoxication"],"picked":"SKIP","floor":25},{"not_picked":["Acceleration","MysteriousBeam","StarBarrage","blackbeard:CatONineTails"],"picked":"SKIP","floor":27},{"not_picked":["Bludgeon","BlazingStar","blackbeard:Lifeboat"],"picked":"MillisecondPulsars","floor":33},{"not_picked":["FairyDestructionRay+1","WitchOfGreed+1","Singularity+1","blackbeard:ArmorUp"],"picked":"SKIP","floor":35},{"not_picked":["Acceleration+1","GrandCross+1","BigCrunch"],"picked":"blackbeard:Rum","floor":36},{"not_picked":["ShootTheMoon","SporeBomb","blackbeard:Revenge"],"picked":"EventHorizon","floor":37},{"not_picked":["EventHorizon","StarBarrage+1","LuminesStrike+1","blackbeard:Intoxication"],"picked":"Singing Bowl","floor":41},{"not_picked":["ThoughtExtend","ReplayTheSpireMod:Uncanny Aura","hubris:Ssssneak"],"picked":"Singing Bowl","floor":42},{"not_picked":["StarlightTyphoon+1","MilkyWay+1","GrandCross","blackbeard:RearmingStrike"],"picked":"Singing Bowl","floor":43},{"not_picked":["EventHorizon","GalacticHalo+1","LuminesStrike+1","blackbeard:ChaoticDefense"],"picked":"Singing Bowl","floor":44},{"not_picked":["WitchLeyline","CollectingQuirk","blackbeard:RearmingStrike"],"picked":"EarthLightRay+1","floor":45},{"not_picked":["MilkyWay","WitchOfGreed+1","IllusionStar+1","blackbeard:InfiniteBarrage"],"picked":"Singing Bowl","floor":46},{"not_picked":["DarkMatter+1","SporeBomb+1","blackbeard:BlindAttacks"],"picked":"OortCloud","floor":47},{"not_picked":["MachineGunSpark","DC","DoubleSpark","blackbeard:Shrapnel"],"picked":"Singing Bowl","floor":48},{"not_picked":["TreasureHunter","BinaryStars","SatelliteIllusion"],"picked":"blackbeard:BoostMorale","floor":50},{"not_picked":["DoubleSpark","AlicesGift","MilkyWay","blackbeard:GoldenDefense"],"picked":"Singing Bowl","floor":52},{"not_picked":["6A","PulseMagic","AsteroidBelt","blackbeard:WeaponProficiency"],"picked":"Singing Bowl","floor":54},{"not_picked":["ManaRampage","SuperPerseids","EventHorizon","blackbeard:VengefulSpirit"],"picked":"Singing Bowl","floor":57},{"not_picked":["OrrerysSun","PropBag","EnergyFlow","blackbeard:Provisioning"],"picked":"Singing Bowl","floor":61},{"not_picked":["ShootingEcho","ManaConvection","WitchLeyline","blackbeard:Shrapnel"],"picked":"Singing Bowl","floor":63},{"not_picked":["UnstableBomb","StarlightTyphoon","DragonMeteor","blackbeard:Parrot"],"picked":"Singing Bowl","floor":64},{"not_picked":["infinitespire:Gouge","infinitespire:SealOfDarkness+"],"picked":"infinitespire:Punishment","floor":67},{"not_picked":["MaximisePower","StarDustReverie","CasketOfStar","blackbeard:CaptainsHat"],"picked":"Singing Bowl","floor":67},{"not_picked":["DarkSpark","AsteroidBelt","SprinkleStarSeal+1","blackbeard:Sharpening"],"picked":"Singing Bowl","floor":69},{"not_picked":["AsteroidBelt","SporeBomb","MillisecondPulsars","blackbeard:SwordDance"],"picked":"Singing Bowl","floor":72},{"not_picked":["Singularity","ShootingEcho","DC+1","blackbeard:Anchor"],"picked":"Singing Bowl","floor":74},{"not_picked":["DarkSpark+1","DoubleSpark+1","PowerUp","blackbeard:JollyRoger"],"picked":"Singing Bowl","floor":78},{"not_picked":["DC+1","LuminesStrike","EnergyRecoil","blackbeard:GoldenStrike"],"picked":"Singing Bowl","floor":81},{"not_picked":["MaximisePower","DoubleSpark","SuperPerseids","blackbeard:GoldenDefense"],"picked":"Singing Bowl","floor":82},{"not_picked":["CasketOfStar","EscapeVelocity","StarDustReverie","blackbeard:FinalBarrage"],"picked":"Singing Bowl","floor":84},{"not_picked":["OortCloud+1","EnergyFlow+1","DarkSpark+1","blackbeard:GoldenStrike"],"picked":"Singing Bowl","floor":86},{"not_picked":["SporeBomb","Singularity","OpenUniverse+1","blackbeard:GoldenStrike"],"picked":"Singing Bowl","floor":90},{"not_picked":["AsteroidBelt+1","MysteriousBeam+1","6A","blackbeard:Rum"],"picked":"Singing Bowl","floor":91},{"not_picked":["DragonMeteor+1","DC+1","GalacticHalo+1","blackbeard:RearmingStrike"],"picked":"Singing Bowl","floor":93},{"not_picked":["Singularity","DoubleSpark+1","GrandCross+1","blackbeard:BrownPants"],"picked":"Singing Bowl","floor":96},{"not_picked":["GravityBeat","MachineGunSpark+1","DC","blackbeard:SwordDance"],"picked":"Singing Bowl","floor":97},{"not_picked":["AlicesGift","GravityBeat+1","DragonMeteor+1","blackbeard:WeaponProficiency"],"picked":"Singing Bowl","floor":98},{"not_picked":["WitchLeyline+1","SuperPerseids+1","GravityBeat","blackbeard:DeadlyArsenal"],"picked":"Singing Bowl","floor":99},{"not_picked":["CollectingQuirk","CasketOfStar","blackbeard:HumongousCannonball"],"picked":"JA","floor":101}],"player_experience":668229,"relics_obtained":[{"floor":3,"key":"Thread and Needle"},{"floor":6,"key":"reliquary:NewFriend"},{"floor":8,"key":"reliquary:Sod"},{"floor":9,"key":"hubris:DisguiseKit"},{"floor":12,"key":"Bottled Flame"},{"floor":23,"key":"aspiration:Nostalgia"},{"floor":25,"key":"DemoMod:ChaffGrenade"},{"floor":26,"key":"DemoMod:OrangeGuonStone"},{"floor":27,"key":"SproutingBranch"},{"floor":31,"key":"Mango"},{"floor":41,"key":"Singing Bowl"},{"floor":43,"key":"infinitespire:Joker Card"},{"floor":45,"key":"Lantern"},{"floor":47,"key":"Sundial"},{"floor":56,"key":"Replay:Accelerometer"},{"floor":57,"key":"DemoMod:ClearGuonStone"},{"floor":60,"key":"PureWhite:ReiMu"},{"floor":61,"key":"reliquary:SharkskinSheath"},{"floor":69,"key":"wanderingMiniBosses:CarrionFlame"},{"floor":71,"key":"DemoMod:BlueGuonStone"},{"floor":72,"key":"Red Mask"},{"floor":74,"key":"reliquary:Aerogel"},{"floor":76,"key":"hubris:CrystalStatue"},{"floor":77,"key":"Orichalcum"},{"floor":79,"key":"infinitespire:FocusingShard"},{"floor":91,"key":"Replay:Mystery Machine"},{"floor":94,"key":"reliquary:Buckler"}],"event_choices":[{"damage_healed":0,"gold_gain":0,"player_choice":"Shed Blood","damage_taken":21,"max_hp_gain":5,"max_hp_loss":0,"event_name":"Forgotten Altar","floor":28,"gold_loss":0},{"damage_healed":0,"gold_gain":0,"player_choice":"Inject Mutagens","damage_taken":0,"relics_obtained":["MutagenicStrength"],"max_hp_gain":0,"max_hp_loss":0,"event_name":"Drug Dealer","floor":30,"gold_loss":0},{"cards_removed":["EventHorizon"],"damage_healed":0,"gold_gain":0,"player_choice":"Removed Power","damage_taken":0,"max_hp_gain":0,"max_hp_loss":0,"event_name":"Falling","floor":39,"gold_loss":0},{"damage_healed":0,"gold_gain":0,"player_choice":"Memory 1","damage_taken":0,"max_hp_gain":0,"max_hp_loss":0,"event_name":"SensoryStone","floor":42,"gold_loss":0},{"damage_healed":0,"gold_gain":0,"player_choice":"Trade","damage_taken":0,"relics_obtained":["GremlinMask"],"max_hp_gain":0,"max_hp_loss":0,"event_name":"FaceTrader","floor":62,"gold_loss":0},{"damage_healed":0,"gold_gain":0,"player_choice":"Fought Bandits","damage_taken":0,"max_hp_gain":0,"max_hp_loss":0,"event_name":"Masked Bandits","floor":72,"gold_loss":0},{"cards_removed":["blackbeard:Rum"],"damage_healed":0,"gold_gain":0,"player_choice":"Removed Power","damage_taken":0,"max_hp_gain":0,"max_hp_loss":0,"event_name":"Falling","floor":87,"gold_loss":0},{"damage_healed":0,"gold_gain":100,"player_choice":"Pray","damage_taken":0,"max_hp_gain":0,"max_hp_loss":0,"event_name":"Golden Shrine","floor":88,"gold_loss":0}],"is_beta":false,"boss_relics":[{"not_picked":["aspiration:PoetsPen","Ring of Chaos"],"picked":"hubris:Backtick"},{"not_picked":["Runic Pyramid","aspiration:RunicSpoon"],"picked":"reliquary:RedCape"},{"not_picked":["reliquary:Ember","Replay:Fungal Core"],"picked":"Replay:Wanted Poster"},{"not_picked":["ChewingGum","Tiny House"],"picked":"aspiration:RitualDagger"},{"not_picked":["hubris:RunicObelisk","hubris:CrackedHourglass","Honey Jar"]},{"not_picked":["Pandora\u0027s Box","Runic Dome"],"picked":"hubris:ScarierMask"}],"items_purged_floors":[14,89],"is_endless":true,"potions_floor_spawned":[4,10,12,21,22,24,33,35,36,44,47,50,54,64,72,78,82,90,97,99],"ascension_level":0}}