{"host":"1y3caoxlf2txzqg0","time":1613808803,"event":{"mods":["Alarm Clock","BaseMod","Colored Map","DeckTracker","Downfall","GifTheSpireLib","Minty Spire (QoL Compilation)","Rare Cards Sparkle","Relic Stats","Spire Birthday Party","StSLib"],"gold_per_floor":[99,117,132,132,307,340,364,377,277,303,318,348,368,468,482,580,580,480,493,505,204,204,220,270,127,159,176,192,92,0,35,51,146,146,146,146,202,202,60,71,95,122,122,142,142,176,50,78,89,89,89,120,84,84,84,84,84,84],"floor_reached":56,"language":"DEU","playtime":9430,"items_purged":["downfall:Malfunctioning"],"score":963,"play_id":"658b4337-6b74-485e-9747-7717bfa54f40","local_time":"20210220091323","is_ascension_mode":true,"campfire_choices":[{"floor":1.0,"key":"RECALL"},{"data":"Guardian:CompilePackage","floor":9.0,"key":"SMITH"},{"data":"Guardian:PiercingHide","floor":18.0,"key":"SMITH"},{"floor":29.0,"key":"REST"},{"data":"expansioncontent:QuickStudy","floor":35.0,"key":"SMITH"},{"data":"Guardian:WalkerClaw","floor":43.0,"key":"SMITH"},{"data":"Guardian:TimeCapacitor","floor":54,"key":"SMITH"}],"circlet_count":0,"master_deck":["Guardian:Strike_Guardian+1","Guardian:Strike_Guardian+1","Guardian:Strike_Guardian+1","Guardian:Strike_Guardian+1","Guardian:Defend_Guardian+1","Guardian:Defend_Guardian+1","Guardian:Defend_Guardian+1","Guardian:Defend_Guardian+1","Guardian:CurlUp+1","Guardian:TwinSlam+1","Mind Blast+1","Guardian:Reroute+1","Guardian:CompilePackage+1","Guardian:TemporalStrike+1","Guardian:ShieldCharger+1","Guardian:SentryBeam+1","Guardian:ShieldSpikes+1","Guardian:PiercingHide+1","Guardian:ShieldCharger+1","Guardian:SpikerProtocol+1","Guardian:PrismaticBeam+1","Guardian:Orbwalk+1","expansioncontent:QuickStudy+1","Guardian:WalkerClaw+1","Guardian:DonusPower+1","Guardian:ShieldSpikes+1","Guardian:DonusPower+1","Guardian:CrystalBeam+1","Guardian:CrystalBeam+1","Guardian:WalkerClaw+1","Guardian:TemporalShield+1","Guardian:BodySlam+1","Guardian:GemFinder+1","Guardian:PrimingBeam+1","expansioncontent:Chronoboost+1","Guardian:FuturePlans+1","Guardian:PiercingHide+1","Guardian:BronzeOrb+1","Guardian:TimeCapacitor+1","expansioncontent:PrepareCrush","Guardian:Reroute+1","Guardian:TimeCapacitor"],"relics":["Guardian:ModeShifter","Thread and Needle","Potion Belt","Odd Mushroom","bronze:MakeshiftBattery","downfall:RedIOU","Boot","Akabeko","Busted Crown","Toy Ornithopter","Pen Nib","Regal Pillow","Lantern","MealTicket","Art of War"],"acts_visited":["Exordium","TheCity","TheBeyond","TheEnding"],"potions_floor_usage":[49,50,55,55,56,56,56,56,56,56],"damage_taken":[{"damage":5.0,"enemies":"Small Slimes","floor":2.0,"turns":4.0},{"damage":0.0,"enemies":"Cultist","floor":3.0,"turns":4.0},{"damage":14.0,"enemies":"Gremlin Nob","floor":6.0,"turns":5.0},{"damage":0.0,"enemies":"Jaw Worm","floor":8.0,"turns":2.0},{"damage":2.0,"enemies":"The Mushroom Lair","floor":10.0,"turns":4.0},{"damage":7.0,"enemies":"Exordium Thugs","floor":11.0,"turns":2.0},{"damage":5.0,"enemies":"3 Sentries","floor":12.0,"turns":6.0},{"damage":12.0,"enemies":"Large Slime","floor":13.0,"turns":6.0},{"damage":0.0,"enemies":"Blue Slaver","floor":15.0,"turns":2.0},{"damage":0.0,"enemies":"WA_ARCHETYPE_RETAIN","floor":16.0,"turns":9.0},{"damage":10.0,"enemies":"Shell Parasite","floor":19.0,"turns":4.0},{"damage":0.0,"enemies":"downfall:LooterAlt2","floor":20.0,"turns":5.0},{"damage":0.0,"enemies":"downfall:FleeingMerchant","floor":21.0,"turns":4.0},{"damage":10.0,"enemies":"Centurion and Healer","floor":23.0,"turns":3.0},{"damage":0.0,"enemies":"downfall:FleeingMerchant","floor":25.0,"turns":4.0},{"damage":0.0,"enemies":"Book of Stabbing","floor":26.0,"turns":6.0},{"damage":0.0,"enemies":"Snecko","floor":27.0,"turns":3.0},{"damage":8.0,"enemies":"Shelled Parasite and Fungi","floor":28.0,"turns":3.0},{"damage":0.0,"enemies":"downfall:FleeingMerchant","floor":30.0,"turns":4.0},{"damage":11.0,"enemies":"Gremlin Leader","floor":31.0,"turns":5.0},{"damage":8.0,"enemies":"Cultist and Chosen","floor":32.0,"turns":3.0},{"damage":6.0,"enemies":"IC_MUSHROOM_ARCHETYPE","floor":33.0,"turns":5.0},{"damage":0.0,"enemies":"downfall:FleeingMerchant","floor":37.0,"turns":1.0},{"damage":8.0,"enemies":"3 Darklings","floor":40.0,"turns":7.0},{"damage":0.0,"enemies":"Orb Walker","floor":44.0,"turns":2.0},{"damage":17.0,"enemies":"Nemesis","floor":46.0,"turns":5.0},{"damage":0.0,"enemies":"Reptomancer","floor":48.0,"turns":5.0},{"damage":0,"enemies":"3 Darklings","floor":49,"turns":3},{"damage":40,"enemies":"DF_ARCHETYPE_ORBS","floor":50,"turns":6},{"damage":21,"enemies":"downfall:CharBossMerchant","floor":52,"turns":7},{"damage":77,"enemies":"downfall:NeowBoss","floor":55,"turns":15},{"damage":115,"enemies":"downfall:NeowBossFinal","floor":56,"turns":11}],"seed_played":"9015732035166077627","potions_obtained":[{"floor":3.0,"key":"BlessingOfTheForge"},{"floor":8.0,"key":"Swift Potion"},{"floor":10.0,"key":"BlessingOfTheForge"},{"floor":12.0,"key":"Regen Potion"},{"floor":15.0,"key":"hexamod:SoulburnPotion"},{"floor":20.0,"key":"AttackPotion"},{"floor":23.0,"key":"champ:CounterPotion"},{"floor":26.0,"key":"SpeedPotion"},{"floor":27.0,"key":"Guardian:StasisDiscoveryPotion"},{"floor":31.0,"key":"Explosive Potion"},{"floor":32.0,"key":"EntropicBrew"},{"floor":44.0,"key":"Explosive Potion"},{"floor":48.0,"key":"SneckoOil"},{"floor":49,"key":"CultistPotion"}],"is_trial":false,"path_per_floor":["R","M","M","?","?","E","T","M","R","?","M","E","M","?","M","B",null,"R","M","M","$","?","M","T","$","E","M","M","R","$","E","M","B",null,"R","?","$","?","$","M","T","T","R","M","?","E","$","E","M","B",null,"E","$","R","B","B"],"character_chosen":"GUARDIAN","items_purchased":["Guardian:Orbwalk","expansioncontent:QuickStudy","Guardian:WalkerClaw","FairyPotion","Guardian:Gem_Cyan","Guardian:CrystalBeam","Guardian:WalkerClaw","Toy Ornithopter","expansioncontent:Chronoboost","Fire Potion","Guardian:FuturePlans","Guardian:TimeCapacitor","expansioncontent:PrepareCrush","Guardian:TimeCapacitor"],"campfire_rested":1,"item_purchase_floors":[21,21,21,25,25,30,30,37,37,37,39,47,47,53],"current_hp_per_floor":[80,75,75,75,75,61,61,61,61,59,52,47,35,35,35,50,80,80,70,70,70,70,60,60,60,60,60,52,89,89,78,70,64,90,90,90,90,90,90,82,82,82,82,82,80,68,68,68,73,38,80,59,74,74,7,0,0,0],"gold":84,"neow_bonus":"RANDOM_COLORLESS","is_daily":false,"chose_seed":false,"campfire_upgraded":5,"win_rate":0.0,"timestamp":1613808803,"path_taken":["R","M","M","?","?","E","T","M","R","?","M","E","M","?","M","BOSS","R","M","M","$","?","M","T","?","E","M","M","R","$","E","M","BOSS","R","?","$","?","$","M","T","?","R","?","?","E","?","E","M","BOSS","E","$","R","BOSS","BOSS"],"items_purchased_type":["Card","Card","Card","Potion","Card","Card","Card","Relic","Card","Potion","Card","Card","Card","Card"],"build_version":"2020-12-22","purchased_purges":1,"victory":false,"max_hp_per_floor":[80,80,80,80,80,80,80,80,80,80,80,80,80,80,80,80,80,80,80,80,80,80,80,80,80,80,80,80,90,90,90,90,90,90,90,90,90,90,90,90,90,90,90,90,80,80,80,80,80,80,80,80,80,80,80,80,80,80],"relic_stats":{"Regal Pillow":0,"Busted Crown":24,"counters":[32,155],"MealTicket":15,"Pen Nib":[13],"Art of War":[1],"Boot":[48],"obtain_stats":[{"Potion Belt":7,"Regal Pillow":42,"Lantern":46,"downfall:HeartBlessingRed":9,"Guardian:ModeShifter":0,"Thread and Needle":6,"downfall:HeartBlessingGreen":18,"Pen Nib":41,"Odd Mushroom":10,"Boot":26,"Akabeko":31,"Busted Crown":34,"downfall:HeartBlessingBlue":29,"Tiny Chest":12,"MealTicket":48,"downfall:RedIOU":22,"Art of War":52,"bronze:MakeshiftBattery":17,"Toy Ornithopter":37},{"Potion Belt":3,"Regal Pillow":24,"Lantern":26,"downfall:HeartBlessingRed":4,"Guardian:ModeShifter":0,"Thread and Needle":3,"downfall:HeartBlessingGreen":10,"Pen Nib":24,"Odd Mushroom":5,"Boot":16,"Akabeko":20,"Busted Crown":22,"downfall:HeartBlessingBlue":18,"Tiny Chest":7,"MealTicket":27,"downfall:RedIOU":13,"Art of War":30,"bronze:MakeshiftBattery":10,"Toy Ornithopter":23},{"Potion Belt":13,"Regal Pillow":101,"Lantern":108,"downfall:HeartBlessingRed":15,"Guardian:ModeShifter":0,"Thread and Needle":13,"downfall:HeartBlessingGreen":44,"Pen Nib":101,"Odd Mushroom":19,"Boot":70,"Akabeko":85,"Busted Crown":93,"downfall:HeartBlessingBlue":76,"Tiny Chest":27,"MealTicket":113,"downfall:RedIOU":57,"Art of War":129,"bronze:MakeshiftBattery":44,"Toy Ornithopter":94}],"Toy Ornithopter":55},"card_choices":[{"not_picked":["Deep Breath","Madness"],"picked":"Mind Blast","floor":0.0},{"not_picked":["Guardian:PolyBeam","Guardian:Preprogram"],"picked":"Guardian:Reroute","floor":2.0},{"not_picked":["Guardian:Incinerate","Guardian:ChargeUp"],"picked":"Guardian:Gem_Red","floor":3.0},{"not_picked":["Guardian:TemporalShield","Guardian:RefractedBeam"],"picked":"Guardian:CompilePackage","floor":6.0},{"not_picked":["Guardian:EvasiveProtocol","Guardian:Repulse"],"picked":"Guardian:TemporalStrike","floor":8.0},{"not_picked":["Guardian:Incinerate","Guardian:MultiBeam"],"picked":"Guardian:ShieldCharger","floor":10.0},{"not_picked":["Guardian:ShieldCharger","Guardian:PrimingBeam"],"picked":"Guardian:SentryBeam","floor":11.0},{"not_picked":["Guardian:PrimingBeam","Guardian:Preprogram"],"picked":"Guardian:Gem_Cyan","floor":12.0},{"not_picked":["Guardian:PrismaticBeam","Guardian:ShieldCharger"],"picked":"Guardian:ShieldSpikes","floor":13.0},{"not_picked":["Guardian:DecasProtection","Guardian:Reroute"],"picked":"Guardian:PiercingHide","floor":15.0},{"not_picked":["Guardian:Gem_Synthetic","Guardian:BaubleBeam"],"picked":"Guardian:Gem_Orange","floor":16.0},{"not_picked":["Guardian:Planning","Guardian:Recover"],"picked":"Guardian:ShieldCharger+1","floor":19.0},{"not_picked":["Guardian:TimeBomb","Guardian:DonusPower"],"picked":"Guardian:SpikerProtocol+1","floor":20.0},{"not_picked":["Guardian:PiercingHide","Guardian:Gem_Red"],"picked":"Guardian:PrismaticBeam+1","floor":21.0},{"not_picked":["Guardian:Harden+1","Guardian:Repulse"],"picked":"Guardian:DonusPower","floor":23.0},{"not_picked":["Guardian:Gem_Yellow","Guardian:Clone"],"picked":"Guardian:ShieldSpikes+1","floor":25.0},{"not_picked":["Guardian:Reroute+1","Guardian:Gem_Cyan"],"picked":"Guardian:Gem_Purple","floor":26.0},{"not_picked":["Guardian:Harden+1","Guardian:Recover"],"picked":"Guardian:Gem_Crimson","floor":27.0},{"not_picked":["Guardian:VentSteam+1","Guardian:Incinerate+1"],"picked":"Guardian:DonusPower+1","floor":28.0},{"not_picked":["Guardian:Reroute","Guardian:Gem_Green"],"picked":"Guardian:CrystalBeam","floor":30.0},{"not_picked":["Guardian:TimeCapacitor","Guardian:DecasProtection"],"picked":"Guardian:TemporalShield+1","floor":31.0},{"not_picked":["Guardian:PrismaticBarrier+1","Guardian:RollAttack+1"],"picked":"Guardian:BodySlam+1","floor":32.0},{"not_picked":["Guardian:StasisField","Guardian:CompilePackage"],"picked":"Guardian:GemFinder","floor":33.0},{"not_picked":[],"picked":"Guardian:PrimingBeam+1","floor":37.0},{"not_picked":["Guardian:Gem_Red","Guardian:Gem_Lightblue"],"picked":"Guardian:Gem_Cyan","floor":40.0},{"not_picked":[],"picked":"Guardian:PiercingHide+1","floor":40.0},{"not_picked":[],"picked":"Guardian:BronzeOrb+1","floor":44.0},{"not_picked":["Guardian:FastForward"],"picked":"SKIP","floor":46.0},{"not_picked":["Guardian:Gem_Lightblue","Guardian:Gem_Red"],"picked":"Guardian:Gem_Cyan","floor":48.0},{"not_picked":["Guardian:TimeSifter"],"picked":"SKIP","floor":48.0},{"not_picked":[],"picked":"Guardian:Gem_Lightblue","floor":49},{"not_picked":["Guardian:Gem_Lightblue","Guardian:Gem_Green"],"picked":"Guardian:Gem_Red","floor":52},{"not_picked":[],"picked":"Guardian:Reroute+1","floor":52}],"player_experience":1027544,"relics_obtained":[{"floor":6.0,"key":"Thread and Needle"},{"floor":7.0,"key":"Potion Belt"},{"floor":10.0,"key":"Odd Mushroom"},{"floor":12.0,"key":"Tiny Chest"},{"floor":26.0,"key":"Boot"},{"floor":31.0,"key":"Akabeko"},{"floor":41.0,"key":"Pen Nib"},{"floor":42.0,"key":"Regal Pillow"},{"floor":46.0,"key":"Lantern"},{"floor":48.0,"key":"MealTicket"},{"floor":52,"key":"Art of War"}],"event_choices":[{"damage_healed":0.0,"max_hp_gain":0.0,"max_hp_loss":0.0,"gold_gain":0.0,"event_name":"Mushrooms","player_choice":"Fought Mushrooms","floor":10.0,"gold_loss":0.0,"damage_taken":0.0}],"is_beta":false,"boss_relics":[{"not_picked":["Philosopher\u0027s Stone","Astrolabe"],"picked":"bronze:MakeshiftBattery"},{"not_picked":["Velvet Choker","Pandora\u0027s Box"],"picked":"Busted Crown"}],"items_purged_floors":[39],"is_endless":false,"potions_floor_spawned":[3,8,10,12,15,20,23,26,27,31,32,44,48,49],"killed_by":"downfall:NeowBossFinal","ascension_level":2}}