{"host":"cpsutu8lprjuipd6","time":1613798169,"event":{"mods":["BaseMod","Colored Map","Minty Spire (QoL Compilation)","Permanent Neow","Quick Restart","StSLib","SuperFastMode","The Bug Knight","Together in Spire"],"gold_per_floor":[115,115,92,102,120,120,151,151,151,151,251,267,293,303,303,400,400,415,170,85,96,21,49,49,60,60,60,60,60,60,77,77,172,172,184,204,204,214,234,268,268,268,268,268,268,278,288,323,323,323,323,323,94,127,127,127],"floor_reached":55,"language":"KOR","playtime":2531,"items_purged":["Strike_P"],"score":908,"play_id":"1d255063-fd66-4e5b-a0e0-8d161d2a9dcb","local_time":"20210220141609","is_ascension_mode":true,"campfire_choices":[{"data":"Eruption","floor":6,"key":"SMITH"},{"data":"ForeignInfluence","floor":15,"key":"SMITH"},{"floor":24,"key":"REST"},{"floor":27,"key":"REST"},{"floor":32,"key":"RECALL"},{"data":"CutThroughFate","floor":41,"key":"SMITH"},{"data":"Scrawl","floor":44,"key":"SMITH"},{"data":"Violence","floor":49,"key":"SMITH"},{"data":"TalkToTheHand","floor":52,"key":"SMITH"}],"circlet_count":0,"master_deck":["Strike_P+1","Strike_P","Strike_P","Defend_P","Defend_P+1","Defend_P","Eruption+1","Vigilance","Discovery","FollowUp","FlurryOfBlows","FollowUp","Vengeance","FollowUp","JustLucky","ForeignInfluence+1","Crescendo+1","DeusExMachina","CutThroughFate+1","EmptyFist+1","CrushJoints","Halt","TalkToTheHand+1","Scrawl+1","Indignation+1","FollowUp+1","Tantrum+1","Violence+1","BowlingBash","ForeignInfluence+1","FlurryOfBlows"],"relics":["HolyWater","Pen Nib","Ornamental Fan","Gambling Chip","Shuriken","Anchor","Darkstone Periapt","MutagenicStrength","Bag of Marbles","SlaversCollar","Peace Pipe","Blood Vial","Juzu Bracelet","Bag of Preparation","Happy Flower"],"acts_visited":["Exordium","TheCity","TheBeyond","TheEnding"],"potions_floor_usage":[7,23,23,55,55],"damage_taken":[{"damage":0,"enemies":"2 Louse","floor":1,"turns":1},{"damage":0,"enemies":"Cultist","floor":4,"turns":4},{"damage":0,"enemies":"Small Slimes","floor":5,"turns":2},{"damage":1,"enemies":"HollowMod:MossKnight","floor":7,"turns":5},{"damage":0,"enemies":"Looter","floor":12,"turns":1},{"damage":5,"enemies":"Lagavulin","floor":13,"turns":5},{"damage":1,"enemies":"Gremlin Gang","floor":14,"turns":2},{"damage":36,"enemies":"Hexaghost","floor":16,"turns":5},{"damage":22,"enemies":"Shell Parasite","floor":18,"turns":2},{"damage":0,"enemies":"Spheric Guardian","floor":21,"turns":1},{"damage":35,"enemies":"Gremlin Leader","floor":23,"turns":4},{"damage":11,"enemies":"Snake Plant","floor":25,"turns":3},{"damage":0,"enemies":"3 Cultists","floor":31,"turns":3},{"damage":19,"enemies":"Automaton","floor":33,"turns":5},{"damage":0,"enemies":"Orb Walker","floor":35,"turns":1},{"damage":0,"enemies":"3 Shapes","floor":36,"turns":1},{"damage":0,"enemies":"Maw","floor":38,"turns":4},{"damage":0,"enemies":"Spire Growth","floor":39,"turns":2},{"damage":14,"enemies":"Nemesis","floor":40,"turns":3},{"damage":0,"enemies":"Sphere and 2 Shapes","floor":46,"turns":3},{"damage":0,"enemies":"Maw","floor":47,"turns":3},{"damage":0,"enemies":"Giant Head","floor":48,"turns":1},{"damage":24,"enemies":"Donu and Deca","floor":50,"turns":4},{"damage":0,"enemies":"Shield and Spear","floor":54,"turns":2},{"damage":137,"enemies":"The Heart","floor":55,"turns":3}],"seed_played":"1712387876013399269","potions_obtained":[{"floor":2,"key":"FearPotion"},{"floor":2,"key":"FairyPotion"},{"floor":2,"key":"Explosive Potion"},{"floor":5,"key":"SkillPotion"},{"floor":16,"key":"Weak Potion"},{"floor":23,"key":"Strength Potion"},{"floor":25,"key":"DistilledChaos"}],"is_trial":false,"path_per_floor":["M","?","$","M","M","R","E","?","T","?","?","M","E","M","R","B",null,"M","$","?","M","?","E","R","M","T","R","?","$","T","M","R","B",null,"M","M","?","M","M","E","R","?","T","R","?","M","M","E","R","B",null,"R","$","E","B"],"character_chosen":"WATCHER","items_purchased":["FlurryOfBlows","Shuriken","Bag of Preparation"],"campfire_rested":2,"item_purchase_floors":[3,19,53],"current_hp_per_floor":[72,72,72,72,72,72,71,76,76,61,61,61,56,55,55,19,77,55,55,55,55,55,20,43,32,32,55,55,55,55,55,55,36,77,77,77,77,77,77,63,63,63,63,63,63,65,67,69,69,47,77,77,77,77,0,0],"gold":127,"neow_bonus":"RANDOM_COLORLESS","is_daily":false,"chose_seed":false,"campfire_upgraded":6,"win_rate":0.0,"timestamp":1613798169,"path_taken":["M","?","?","M","?","R","E","?","T","?","?","?","E","M","R","BOSS","M","$","?","M","?","E","R","M","T","R","?","?","?","?","R","BOSS","M","M","?","?","?","E","R","?","T","R","?","M","M","E","R","BOSS","R","$","E","BOSS"],"items_purchased_type":["Card","Relic","Relic"],"build_version":"2020-12-22","purchased_purges":1,"victory":false,"max_hp_per_floor":[72,72,72,72,72,72,72,77,77,77,77,77,77,77,77,77,77,77,77,77,77,77,77,77,77,77,77,77,77,77,77,77,77,77,77,77,77,77,77,77,77,77,77,77,77,77,77,77,77,77,77,77,77,77,77,77],"card_choices":[{"not_picked":["Deep Breath","Purity"],"picked":"Discovery","floor":0},{"not_picked":["BowlingBash","Fasting2"],"picked":"FollowUp","floor":1},{"not_picked":["PathToVictory","Protect"],"picked":"FollowUp","floor":4},{"not_picked":["Protect","EmptyBody"],"picked":"Vengeance","floor":5},{"not_picked":["Wallop","CarveReality"],"picked":"FollowUp","floor":7},{"not_picked":["CrushJoints","Blasphemy"],"picked":"JustLucky","floor":12},{"not_picked":["WaveOfTheHand","WheelKick"],"picked":"ForeignInfluence","floor":13},{"not_picked":["Nirvana","JustLucky"],"picked":"Crescendo","floor":14},{"not_picked":["SpiritShield","MasterReality"],"picked":"DeusExMachina","floor":16},{"not_picked":["Worship","Wallop"],"picked":"CutThroughFate","floor":18},{"not_picked":["EmptyBody","Protect"],"picked":"EmptyFist+1","floor":21},{"not_picked":["WindmillStrike+1","ThirdEye+1"],"picked":"CrushJoints","floor":23},{"not_picked":["EmptyFist","CrushJoints+1"],"picked":"Halt","floor":25},{"not_picked":["DeceiveReality","LikeWater"],"picked":"TalkToTheHand","floor":31},{"not_picked":["SpiritShield","Wish"],"picked":"Scrawl","floor":33},{"not_picked":["SignatureMove+1","FlyingSleeves"],"picked":"Indignation+1","floor":35},{"not_picked":["InnerPeace","FlyingSleeves","JustLucky+1"],"picked":"SKIP","floor":36},{"not_picked":["WreathOfFlame+1","Weave"],"picked":"FollowUp+1","floor":38},{"not_picked":["Brilliance","JustLucky"],"picked":"Tantrum+1","floor":39},{"not_picked":["WaveOfTheHand","CrushJoints+1","Protect+1"],"picked":"SKIP","floor":40},{"not_picked":["Panacea","Deep Breath"],"picked":"Violence","floor":45},{"not_picked":["EmptyBody","Adaptation"],"picked":"BowlingBash","floor":46},{"not_picked":["PathToVictory+1","TalkToTheHand"],"picked":"ForeignInfluence+1","floor":47},{"not_picked":["Indignation+1","Meditate"],"picked":"FlurryOfBlows","floor":48},{"not_picked":["CrushJoints","Perseverance+1","Evaluate"],"picked":"SKIP","floor":54}],"player_experience":128443,"relics_obtained":[{"floor":7,"key":"Pen Nib"},{"floor":9,"key":"Ornamental Fan"},{"floor":13,"key":"Gambling Chip"},{"floor":23,"key":"Darkstone Periapt"},{"floor":30,"key":"Bag of Marbles"},{"floor":40,"key":"Peace Pipe"},{"floor":43,"key":"Blood Vial"},{"floor":48,"key":"Juzu Bracelet"},{"floor":54,"key":"Happy Flower"}],"event_choices":[{"damage_healed":0,"gold_gain":0,"player_choice":"Got Potions","damage_taken":0,"max_hp_gain":0,"max_hp_loss":0,"event_name":"Lab","floor":2,"gold_loss":0},{"damage_healed":0,"gold_gain":0,"player_choice":"Donut","damage_taken":0,"max_hp_gain":5,"max_hp_loss":0,"event_name":"Big Fish","floor":8,"gold_loss":0},{"damage_healed":0,"gold_gain":0,"player_choice":"Entered Light","damage_taken":15,"max_hp_gain":0,"max_hp_loss":0,"event_name":"Shining Light","floor":10,"gold_loss":0,"cards_upgraded":["Strike_P","Defend_P"]},{"damage_healed":0,"gold_gain":100,"player_choice":"Pray","damage_taken":0,"max_hp_gain":0,"max_hp_loss":0,"event_name":"Golden Shrine","floor":11,"gold_loss":0},{"damage_healed":0,"gold_gain":0,"player_choice":"Obtained Relic","damage_taken":0,"relics_obtained":["Anchor"],"max_hp_gain":0,"max_hp_loss":0,"event_name":"Addict","floor":20,"gold_loss":85},{"cards_removed":["Defend_P"],"damage_healed":0,"gold_gain":0,"player_choice":"Gave Gold","damage_taken":0,"max_hp_gain":0,"max_hp_loss":0,"event_name":"Beggar","floor":22,"gold_loss":75},{"damage_healed":0,"gold_gain":0,"player_choice":"Inject Mutagens","damage_taken":0,"relics_obtained":["MutagenicStrength"],"max_hp_gain":0,"max_hp_loss":0,"event_name":"Drug Dealer","floor":28,"gold_loss":0},{"damage_healed":0,"gold_gain":0,"player_choice":"Forge","damage_taken":0,"max_hp_gain":0,"max_hp_loss":0,"event_name":"Accursed Blacksmith","floor":37,"gold_loss":0,"cards_upgraded":["Crescendo"]},{"damage_healed":0,"gold_gain":0,"player_choice":"Ignored","damage_taken":0,"max_hp_gain":0,"max_hp_loss":0,"event_name":"Tomb of Lord Red Mask","floor":42,"gold_loss":0},{"damage_healed":0,"gold_gain":0,"player_choice":"Memory 1","damage_taken":0,"max_hp_gain":0,"max_hp_loss":0,"event_name":"SensoryStone","floor":45,"gold_loss":0}],"is_beta":false,"boss_relics":[{"not_picked":["Tiny House","Empty Cage"],"picked":"HolyWater"},{"not_picked":["SacredBark","VioletLotus"],"picked":"SlaversCollar"}],"items_purged_floors":[53],"is_endless":false,"potions_floor_spawned":[4,5,16,21,23,25,31,35,40,46,48],"killed_by":"The Heart","ascension_level":2}}