{"host":"bf5upntvbdompq33","time":1613788428,"event":{"mods":["BaseMod","Bestiary","Colored Map","Colored Powertips","Curses Come First","Highlight Path","Minty Spire (QoL Compilation)","StSLib","ojb\u0027s Info Mod"],"gold_per_floor":[116,116,128,303,177,177,208,228,308,335,335,34,59,79,79,175,175,193,193,213,31,31,31,31,65,139,139,169,169,186,217,217,217,217],"floor_reached":33,"language":"ENG","playtime":3669,"items_purged":["Doubt"],"score":608,"play_id":"2ee52f95-40e5-4c9f-b52b-cae13a86a32d","local_time":"20210219193348","is_ascension_mode":true,"campfire_choices":[{"data":"Catalyst","floor":6,"key":"SMITH"},{"floor":11,"key":"REST"},{"floor":15,"key":"REST"},{"floor":23,"key":"REST"},{"floor":27,"key":"REST"},{"floor":32,"key":"REST"}],"circlet_count":0,"master_deck":["AscendersBane","Strike_G","Strike_G","Strike_G","Defend_G","Defend_G","Defend_G","Defend_G","Defend_G","Survivor","Neutralize","Catalyst+1","All Out Attack","Slice","Envenom","Blade Dance","Crippling Poison","Sadistic Nature","Slice+1","Noxious Fumes","Endless Agony+1","Backflip","After Image","Leg Sweep","Finisher+1","Apotheosis","Dagger Spray+1","Blade Dance+1","Blade Dance+1"],"relics":["Ring of the Snake","NeowsBlessing","Bag of Preparation","Odd Mushroom","Molten Egg 2","Question Card","StrikeDummy","WristBlade","Bag of Marbles","Bronze Scales","Toxic Egg 2","Sundial","Turnip"],"acts_visited":["Exordium","TheCity"],"potions_floor_usage":[20,20,33],"damage_taken":[{"damage":0,"enemies":"2 Louse","floor":1,"turns":1},{"damage":0,"enemies":"Cultist","floor":3,"turns":1},{"damage":0,"enemies":"Lagavulin","floor":7,"turns":1},{"damage":26,"enemies":"The Mushroom Lair","floor":8,"turns":5},{"damage":28,"enemies":"Gremlin Nob","floor":10,"turns":5},{"damage":20,"enemies":"Lagavulin","floor":13,"turns":4},{"damage":4,"enemies":"Jaw Worm","floor":14,"turns":2},{"damage":5,"enemies":"Hexaghost","floor":16,"turns":6},{"damage":28,"enemies":"Spheric Guardian","floor":18,"turns":5},{"damage":13,"enemies":"2 Thieves","floor":20,"turns":3},{"damage":0,"enemies":"Gremlin Leader","floor":25,"turns":4},{"damage":41,"enemies":"Book of Stabbing","floor":28,"turns":5},{"damage":2,"enemies":"Snecko","floor":30,"turns":3},{"damage":0,"enemies":"Gremlin Leader","floor":31,"turns":2},{"damage":66,"enemies":"Collector","floor":33,"turns":7}],"seed_played":"-7987969123283695763","potions_obtained":[{"floor":1,"key":"Energy Potion"},{"floor":13,"key":"ColorlessPotion"},{"floor":20,"key":"Strength Potion"},{"floor":25,"key":"SmokeBomb"}],"is_trial":false,"path_per_floor":["M","?","M","?","$","R","E","?","T","E","R","$","E","M","R","B",null,"M","?","M","$","?","R","$","E","T","R","E","?","M","E","R","B"],"character_chosen":"THE_SILENT","items_purchased":["Slice","Sadistic Nature","Slice+1","Noxious Fumes","Apotheosis"],"campfire_rested":5,"item_purchase_floors":[5,12,12,12,21],"current_hp_per_floor":[63,63,63,63,63,63,63,37,37,9,30,30,10,6,27,22,58,30,30,17,17,17,38,38,38,38,59,18,18,16,16,37,0,0],"gold":217,"neow_bonus":"THREE_ENEMY_KILL","is_daily":false,"chose_seed":false,"campfire_upgraded":1,"win_rate":0.0,"timestamp":1613788428,"path_taken":["M","?","?","?","$","R","E","?","T","E","R","$","E","?","R","BOSS","M","?","M","$","?","R","?","E","T","R","E","?","M","E","R","BOSS"],"items_purchased_type":["Card","Card","Card","Card","Card"],"build_version":"2020-12-22","purchased_purges":1,"victory":false,"max_hp_per_floor":[70,70,70,70,70,70,70,70,70,70,70,70,70,70,70,70,70,70,70,70,70,70,70,70,70,70,70,70,70,70,70,70,70,70],"card_choices":[{"not_picked":["PiercingWail","Slice"],"picked":"Catalyst","floor":1},{"not_picked":["Predator","Deadly Poison"],"picked":"All Out Attack","floor":3},{"not_picked":["All Out Attack","Masterful Stab"],"picked":"Envenom","floor":7},{"not_picked":["Prepared","Dagger Throw"],"picked":"Blade Dance","floor":8},{"not_picked":["Prepared","PiercingWail"],"picked":"Crippling Poison","floor":10},{"not_picked":["Riddle With Holes+1","Infinite Blades","Calculated Gamble"],"picked":"Endless Agony+1","floor":13},{"not_picked":["Dodge and Roll","All Out Attack+1","Riddle With Holes+1"],"picked":"Backflip","floor":14},{"not_picked":["Die Die Die+1","Venomology","Envenom"],"picked":"After Image","floor":16},{"not_picked":["Prepared+1","Deflect+1","Outmaneuver+1"],"picked":"Leg Sweep","floor":18},{"not_picked":["Tactician","Prepared","Flying Knee+1"],"picked":"Finisher+1","floor":20},{"not_picked":["Masterful Stab+1","Escape Plan","Dodge and Roll+1"],"picked":"Dagger Spray+1","floor":25},{"not_picked":["Unload+1","Finisher+1","Blur+1"],"picked":"Blade Dance+1","floor":28},{"not_picked":["Terror+1","Poisoned Stab+1","Quick Slash+1"],"picked":"Blade Dance+1","floor":30},{"not_picked":["Sucker Punch+1","Dagger Spray+1","Dodge and Roll+1","Expertise+1"],"picked":"SKIP","floor":31}],"player_experience":1648552,"relics_obtained":[{"floor":7,"key":"Bag of Preparation"},{"floor":8,"key":"Odd Mushroom"},{"floor":9,"key":"Molten Egg 2"},{"floor":10,"key":"Question Card"},{"floor":13,"key":"StrikeDummy"},{"floor":25,"key":"Bronze Scales"},{"floor":26,"key":"Toxic Egg 2"},{"floor":28,"key":"Sundial"},{"floor":31,"key":"Turnip"}],"event_choices":[{"cards_removed":["Strike_G"],"damage_healed":0,"gold_gain":0,"player_choice":"Offered Basic","damage_taken":0,"max_hp_gain":0,"max_hp_loss":0,"event_name":"Bonfire Elementals","floor":2,"gold_loss":0},{"damage_healed":0,"gold_gain":175,"player_choice":"AGREE","damage_taken":0,"max_hp_gain":0,"max_hp_loss":0,"event_name":"Liars Game","floor":4,"gold_loss":0,"cards_obtained":["Doubt"]},{"damage_healed":0,"gold_gain":0,"player_choice":"Fought Mushrooms","damage_taken":0,"max_hp_gain":0,"max_hp_loss":0,"event_name":"Mushrooms","floor":8,"gold_loss":0},{"cards_removed":["Strike_G"],"damage_healed":0,"gold_gain":0,"player_choice":"Elegance","damage_taken":0,"max_hp_gain":0,"max_hp_loss":0,"event_name":"Back to Basics","floor":19,"gold_loss":0},{"damage_healed":0,"gold_gain":0,"player_choice":"Opened","damage_taken":0,"relics_obtained":["Bag of Marbles"],"max_hp_gain":0,"max_hp_loss":0,"event_name":"The Mausoleum","floor":22,"gold_loss":0},{"damage_healed":0,"gold_gain":0,"player_choice":"Ignored","damage_taken":0,"max_hp_gain":0,"max_hp_loss":0,"event_name":"Vampires","floor":29,"gold_loss":0}],"is_beta":false,"boss_relics":[{"not_picked":["Fusion Hammer","Astrolabe"],"picked":"WristBlade"}],"items_purged_floors":[5],"is_endless":false,"potions_floor_spawned":[1,13,14,16,20,25,31],"killed_by":"Collector","ascension_level":11}}