{"host":"ifvrsrzj00f2ebkn","time":1613808809,"event":{"mods":["BaseMod","Bestiary","Block Reminder","Colored Map","Colored Powertips","Defuse TimeMaze Blight","Downfall","Minty Spire (QoL Compilation)","Permanent Neow","Quick Restart","Random Character Button","Shop Mod","Spicy Shops","StSLib","????"],"gold_per_floor":[99,113,113,563,71,102,102,137,137,137,137,237,272,299,325,422,422,38,56,67,131,193,234,234,248,398,477,377,419,419,451,470,573,573,71,180,230,306,141,141,190,190,240,305,391,426,426,359,377,473,473,473,497,193,243,336,405,405,444,62,62,62,62,62,144,155,254,254,254,269,94,111,161,250,278,278,30,55,105,186,211,238,238,238],"floor_reached":83,"language":"ENG","playtime":8166,"items_purged":["downfall:Icky","downfall:Icky","downfall:Icky","Normality","Consume+1"],"score":2051,"play_id":"8a8f51af-a1e4-47a2-875d-db5a45e9f663","local_time":"20210220161329","daily_mods":["SealedDeck","Blue Cards","Heirloom","Time Dilation","Flight","DeadlyEvents","Elite Swarm"],"is_ascension_mode":true,"campfire_choices":[{"data":"Conserve Battery","floor":1.0,"key":"SMITH"},{"data":"Conserve Battery","floor":9.0,"key":"SMITH"},{"data":"Conserve Battery","floor":10.0,"key":"SMITH"},{"data":"Steam","floor":11.0,"key":"SMITH"},{"floor":28.0,"key":"REST"},{"data":"Injury","floor":30.0,"key":"PURGE"},{"data":"Electrodynamics","floor":40.0,"key":"SMITH"},{"data":"Defragment","floor":42.0,"key":"SMITH"},{"data":"Defragment","floor":47.0,"key":"SMITH"},{"data":"Consume","floor":52.0,"key":"SMITH"},{"data":"Capacitor","floor":61.0,"key":"SMITH"},{"data":"Conserve Battery","floor":62.0,"key":"SMITH"},{"data":"Capacitor","floor":63.0,"key":"SMITH"},{"data":"Biased Cognition","floor":64.0,"key":"SMITH"},{"data":"Consume+1","floor":69,"key":"PURGE"},{"data":"Biased Cognition","floor":76,"key":"SMITH"}],"circlet_count":0,"master_deck":["Capacitor+1","Ball Lightning","Ball Lightning+1","Defragment+1","Steam+1","Conserve Battery+1","Steam+1","Conserve Battery+1","Conserve Battery+1","Defragment+1","Ball Lightning","Ball Lightning","Biased Cognition+1","Electrodynamics+1","Conserve Battery+1","Biased Cognition+1","Conserve Battery+1","Biased Cognition+1","Capacitor+1","Biased Cognition"],"relics":["Cracked Core","Peace Pipe","DataDisk","Happy Flower","CeramicFish","Anchor","Nunchaku","downfall:CloakOfManyFaces","CultistMask","FaceOfCleric","NlothsMask","GremlinMask","SsserpentHead","Thread and Needle","Guardian:PocketSentry","Sozu","Gremlin Horn","hexamod:Sixitude","MutagenicStrength","Tiny Chest","downfall:HeartBlessingGreen","Bottled Tornado","Bottled Lightning","SlaversCollar","Bag of Marbles","StoneCalendar","hexamod:CandleOfCauterizing","Turnip","CaptainsWheel","PreservedInsect","Ornamental Fan","Molten Egg 2","MerchantsRug","Ice Cream","ClockworkSouvenir","Black Star","Pantograph"],"acts_visited":["Exordium","TheCity","TheBeyond","Exordium","TheCity"],"potions_floor_usage":[],"damage_taken":[{"damage":0.0,"enemies":"2 Louse","floor":2.0,"turns":3.0},{"damage":0.0,"enemies":"downfall:FleeingMerchant","floor":5.0,"turns":4.0},{"damage":8.0,"enemies":"Gremlin Nob","floor":6.0,"turns":4.0},{"damage":8.0,"enemies":"Lagavulin","floor":8.0,"turns":6.0},{"damage":18.0,"enemies":"downfall:FaceTrader","floor":12.0,"turns":7.0},{"damage":8.0,"enemies":"Gremlin Nob","floor":13.0,"turns":4.0},{"damage":0.0,"enemies":"Lagavulin","floor":14.0,"turns":6.0},{"damage":0.0,"enemies":"Small Slimes","floor":15.0,"turns":3.0},{"damage":0.0,"enemies":"DF_ARCHETYPE_STREAMLINE","floor":16.0,"turns":6.0},{"damage":0.0,"enemies":"3 Byrds","floor":19.0,"turns":4.0},{"damage":0.0,"enemies":"Spheric Guardian","floor":20.0,"turns":3.0},{"damage":4.0,"enemies":"Cultist and Chosen","floor":21.0,"turns":5.0},{"damage":7.0,"enemies":"Sentry and Sphere","floor":22.0,"turns":4.0},{"damage":56.0,"enemies":"Slavers","floor":23.0,"turns":7.0},{"damage":4.0,"enemies":"Snecko","floor":25.0,"turns":4.0},{"damage":1.0,"enemies":"downfall:Augmenter","floor":26.0,"turns":5.0},{"damage":0.0,"enemies":"Gremlin Leader","floor":27.0,"turns":6.0},{"damage":9.0,"enemies":"Slavers","floor":29.0,"turns":4.0},{"damage":5.0,"enemies":"Book of Stabbing","floor":31.0,"turns":3.0},{"damage":0.0,"enemies":"Centurion and Healer","floor":32.0,"turns":3.0},{"damage":8.0,"enemies":"WA_ARCHETYPE_CALM","floor":33.0,"turns":5.0},{"damage":36.0,"enemies":"WA_ARCHETYPE_CALM","floor":36.0,"turns":6.0},{"damage":27.0,"enemies":"Reptomancer","floor":38.0,"turns":6.0},{"damage":0.0,"enemies":"downfall:FleeingMerchant","floor":39.0,"turns":4.0},{"damage":0.0,"enemies":"3 Darklings","floor":44.0,"turns":2.0},{"damage":6.0,"enemies":"Giant Head","floor":45.0,"turns":6.0},{"damage":17.0,"enemies":"Reptomancer","floor":46.0,"turns":4.0},{"damage":16.0,"enemies":"downfall:FleeingMerchant","floor":48.0,"turns":3.0},{"damage":0.0,"enemies":"3 Shapes","floor":49.0,"turns":1.0},{"damage":18.0,"enemies":"IC_BLOCK_ARCHETYPE","floor":50.0,"turns":6.0},{"damage":0.0,"enemies":"Jaw Worm","floor":53.0,"turns":2.0},{"damage":0.0,"enemies":"Gremlin Nob","floor":56.0,"turns":2.0},{"damage":0.0,"enemies":"Small Slimes","floor":57.0,"turns":2.0},{"damage":25.0,"enemies":"Lagavulin","floor":59.0,"turns":3.0},{"damage":0.0,"enemies":"Gremlin Nob","floor":65.0,"turns":2.0},{"damage":5.0,"enemies":"Cultist","floor":66.0,"turns":3.0},{"damage":87.0,"enemies":"Hexaghost","floor":67.0,"turns":5.0},{"damage":0,"enemies":"Shell Parasite","floor":70,"turns":3},{"damage":0,"enemies":"downfall:LooterAlt2","floor":72,"turns":3},{"damage":1,"enemies":"Gremlin Leader","floor":74,"turns":3},{"damage":27,"enemies":"Book of Stabbing","floor":75,"turns":3},{"damage":34,"enemies":"Slavers","floor":78,"turns":3},{"damage":0,"enemies":"Gremlin Leader","floor":80,"turns":3},{"damage":4,"enemies":"Book of Stabbing","floor":81,"turns":3},{"damage":47,"enemies":"Slavers","floor":82,"turns":4},{"damage":27,"enemies":"Shelled Parasite and Fungi","floor":83,"turns":2}],"seed_played":"-7653003993729007473","potions_obtained":[{"floor":2.0,"key":"Fire Potion"},{"floor":6.0,"key":"SpeedPotion"},{"floor":14.0,"key":"champ:CounterPotion"}],"is_trial":true,"path_per_floor":["R","M","?","?","$","E","T","E","R","R","R","?","E","E","M","B",null,"R","M","M","M","M","E","T","M","?","E","R","E","R","E","M","B",null,"R","?","?","E","$","R","T","R","T","M","E","E","R","$","M","B",null,"R","M","$","?","E","M","T","E","R","R","R","R","R","E","M","B",null,"R","M","$","M","?","E","E","R","$","E","$","E","E","E","M"],"character_chosen":"DEFECT","items_purchased":["Conserve Battery","Defragment","DataDisk","Happy Flower","Ball Lightning","Gremlin Horn","Lee\u0027s Waffle","Bag of Marbles","StoneCalendar","PreservedInsect","Ornamental Fan","Strawberry","War Paint","MerchantsRug","Capacitor","Ice Cream","ClockworkSouvenir","Pantograph"],"campfire_rested":1,"item_purchase_floors":[5,5,5,5,18,18,35,35,35,48,48,54,54,60,60,60,60,77],"current_hp_per_floor":[75,75,80,80,80,79,79,78,78,78,78,67,67,75,83,84,84,84,85,86,87,88,40,40,44,44,52,79,78,78,81,89,89,96,103,75,67,48,56,56,56,56,56,57,59,50,50,42,43,33,112,112,113,120,120,121,122,122,98,98,98,98,98,98,99,95,9,126,126,127,127,128,128,128,102,102,102,69,69,70,67,21,0,0],"gold":238,"neow_bonus":"","is_daily":false,"chose_seed":false,"campfire_upgraded":13,"win_rate":0.0,"timestamp":1613808809,"path_taken":["R","M","?","?","$","E","T","E","R","R","R","?","E","E","M","BOSS","R","M","M","?","?","E","T","M","?","?","R","E","R","E","M","BOSS","R","?","?","?","$","R","T","R","?","?","?","E","R","$","M","BOSS","R","M","$","?","?","?","T","E","R","R","R","R","R","?","M","BOSS","R","M","$","M","?","?","E","R","$","E","?","?","E","E","M"],"items_purchased_type":["Card","Card","Relic","Relic","Card","Relic","Relic","Relic","Relic","Relic","Relic","Relic","Relic","Relic","Card","Relic","Relic","Relic"],"build_version":"2020-12-22","purchased_purges":5,"victory":false,"max_hp_per_floor":[75,75,80,80,80,80,80,80,80,80,80,80,81,82,83,84,84,84,85,86,87,88,89,89,90,91,92,92,93,93,94,95,96,96,103,104,104,105,106,106,106,106,106,107,108,109,109,110,111,112,112,112,113,120,120,121,122,122,123,123,123,123,123,123,124,125,126,126,126,127,127,128,128,129,130,130,130,131,131,132,133,134,134,134],"card_choices":[{"not_picked":["Scrape","Rebound","Melter"],"picked":"SKIP","floor":2.0},{"not_picked":["Redo","Barrage","Rainbow"],"picked":"SKIP","floor":5.0},{"not_picked":["Reboot","Core Surge","Echo Form"],"picked":"SKIP","floor":6.0},{"not_picked":["Amplify","Reboot","Hyperbeam"],"picked":"SKIP","floor":8.0},{"not_picked":["Amplify","Reboot","Hyperbeam"],"picked":"SKIP","floor":8.0},{"not_picked":["Reboot","Meteor Strike","Rainbow"],"picked":"SKIP","floor":13.0},{"not_picked":["Amplify","Meteor Strike","Creative AI"],"picked":"SKIP","floor":14.0},{"not_picked":["Barrage","Sweeping Beam"],"picked":"Ball Lightning","floor":15.0},{"not_picked":["Turbo","Redo","Beam Cell"],"picked":"SKIP","floor":19.0},{"not_picked":["Aggregate","Double Energy","Capacitor"],"picked":"SKIP","floor":20.0},{"not_picked":["Streamline","Go for the Eyes","Thunder Strike"],"picked":"SKIP","floor":21.0},{"not_picked":["Steam","Go for the Eyes","Redo"],"picked":"SKIP","floor":22.0},{"not_picked":["Hyperbeam","Reboot"],"picked":"Biased Cognition","floor":23.0},{"not_picked":["Cold Snap","Sweeping Beam","Beam Cell"],"picked":"SKIP","floor":25.0},{"not_picked":["Rainbow","Meteor Strike","Echo Form"],"picked":"SKIP","floor":27.0},{"not_picked":["Rainbow","Reboot"],"picked":"Electrodynamics","floor":29.0},{"not_picked":["Buffer","Thunder Strike","Fission"],"picked":"SKIP","floor":31.0},{"not_picked":["Coolheaded+1","Steam Power","Barrage"],"picked":"SKIP","floor":32.0},{"not_picked":["Doom and Gloom+1","Redo"],"picked":"Consume+1","floor":36.0},{"not_picked":["Seek","Creative AI","Electrodynamics"],"picked":"SKIP","floor":38.0},{"not_picked":["Seek","Creative AI","Electrodynamics"],"picked":"SKIP","floor":38.0},{"not_picked":["Rebound","Streamline+1","Barrage+1"],"picked":"SKIP","floor":39.0},{"not_picked":["Coolheaded+1","Chaos+1","Stack"],"picked":"SKIP","floor":44.0},{"not_picked":["Reboot","Multi-Cast"],"picked":"Thunder Strike","floor":45.0},{"not_picked":["Echo Form","Amplify","Creative AI"],"picked":"SKIP","floor":46.0},{"not_picked":["Echo Form","Amplify","Creative AI"],"picked":"SKIP","floor":46.0},{"not_picked":["Turbo","Barrage+1","Lockon+1"],"picked":"SKIP","floor":48.0},{"not_picked":["Steam+1","Scrape","Doom and Gloom"],"picked":"SKIP","floor":49.0},{"not_picked":["Ball Lightning","Leap"],"picked":"Conserve Battery","floor":53.0},{"not_picked":["Creative AI","Seek"],"picked":"Biased Cognition","floor":56.0},{"not_picked":["Cold Snap","Redo"],"picked":"Conserve Battery","floor":57.0},{"not_picked":["Reboot","Echo Form"],"picked":"Biased Cognition","floor":59.0},{"not_picked":["Hyperbeam+1","Buffer","All For One+1"],"picked":"SKIP","floor":65.0},{"not_picked":["Ball Lightning+1","Steam","Stack"],"picked":"SKIP","floor":66.0},{"not_picked":["Stack","Streamline+1","Gash+1"],"picked":"SKIP","floor":70},{"not_picked":["Stack","Barrage+1","Cold Snap+1"],"picked":"SKIP","floor":72},{"not_picked":["Reboot","Multi-Cast"],"picked":"Biased Cognition","floor":74},{"not_picked":["Seek","Hyperbeam+1","Buffer"],"picked":"SKIP","floor":75},{"not_picked":["Hyperbeam+1","Fission","Machine Learning"],"picked":"SKIP","floor":78},{"not_picked":["Rainbow","Echo Form","Multi-Cast"],"picked":"SKIP","floor":80},{"not_picked":["Machine Learning","Creative AI","Core Surge+1"],"picked":"SKIP","floor":81},{"not_picked":["Seek","Reboot","All For One+1"],"picked":"SKIP","floor":82}],"player_experience":134390,"relics_obtained":[{"floor":6.0,"key":"CeramicFish"},{"floor":7.0,"key":"Anchor"},{"floor":8.0,"key":"Nunchaku"},{"floor":12.0,"key":"downfall:CloakOfManyFaces"},{"floor":13.0,"key":"Thread and Needle"},{"floor":14.0,"key":"Guardian:PocketSentry"},{"floor":23.0,"key":"hexamod:Sixitude"},{"floor":26.0,"key":"MutagenicStrength"},{"floor":27.0,"key":"Tiny Chest"},{"floor":29.0,"key":"Bottled Tornado"},{"floor":31.0,"key":"Bottled Lightning"},{"floor":36.0,"key":"Pocketwatch"},{"floor":38.0,"key":"hexamod:CandleOfCauterizing"},{"floor":41.0,"key":"Potion Belt"},{"floor":43.0,"key":"Turnip"},{"floor":45.0,"key":"CaptainsWheel"},{"floor":46.0,"key":"Centennial Puzzle"},{"floor":58.0,"key":"Molten Egg 2"}],"event_choices":[{"damage_healed":0.0,"max_hp_gain":5.0,"max_hp_loss":0.0,"gold_gain":0.0,"event_name":"Big Fish","player_choice":"Donut","floor":3.0,"gold_loss":0.0,"damage_taken":0.0},{"damage_healed":0.0,"max_hp_gain":0.0,"max_hp_loss":0.0,"gold_gain":0.0,"event_name":"Living Wall","player_choice":"Grow","floor":55.0,"gold_loss":0.0,"damage_taken":0.0,"cards_upgraded":["Biased Cognition"]}],"is_beta":false,"boss_relics":[{"not_picked":["Tiny House","Inserter"],"picked":"Sozu"},{"not_picked":["FrozenCore","Astrolabe"],"picked":"SlaversCollar"},{"not_picked":["Velvet Choker","SacredBark"],"picked":"Empty Cage"},{"not_picked":["Nuclear Battery","Calling Bell"],"picked":"Black Star"}],"items_purged_floors":[5,18,18,39,71],"is_endless":true,"potions_floor_spawned":[2,6,13,14,16,19,21,27,31,32,44,46,49,50,57,59,65,67,72,78,80],"killed_by":"Shelled Parasite and Fungi","ascension_level":4}}