{"host":"TheHustler","time":1613824501,"event":{"mods":["BaseMod","Block Reminder","Colored Map","Colored Powertips","Minty Spire (QoL Compilation)","Quick Restart","StSLib","SuperFastMode","Unceasing Turn Reminder"],"gold_per_floor":[114,129,129,14,29,29,29,59,59,59,89,89,89,104,104,204,204,219,219,219,92,107,137,137,152,177,177,177,207,222,237,237,337,337,352,367,217,217,232,262,262,612,687,717,732,732,747,791,791,791],"floor_reached":51,"language":"ENG","playtime":1631,"items_purged":["Writhe"],"score":928,"play_id":"32d641f9-2e7b-4e88-898d-9154825e3dd7","local_time":"20210220133501","daily_mods":["Shiny","Red Cards","DeadlyEvents"],"is_ascension_mode":false,"campfire_choices":[{"data":"Barricade","floor":6,"key":"SMITH"},{"data":"Corruption","floor":10,"key":"SMITH"},{"data":"Entrench","floor":13,"key":"SMITH"},{"data":"Turbo","floor":15,"key":"SMITH"},{"data":"Offering","floor":24,"key":"SMITH"},{"data":"Bludgeon","floor":28,"key":"SMITH"},{"data":"Skim","floor":32,"key":"SMITH"},{"data":"Creative AI","floor":41,"key":"SMITH"},{"data":"Seek","floor":46,"key":"SMITH"},{"data":"Seek","floor":49,"key":"SMITH"}],"circlet_count":0,"master_deck":["Double Tap","Demon Form","Bludgeon+1","Feed","Limit Break","Corruption+1","Barricade+1","Fiend Fire","Berserk","Impervious","Juggernaut","Brutality","Reaper","Exhume","Offering+1","Immolate","Multi-Cast","Thunder Strike","Machine Learning","Electrodynamics","Buffer","Rainbow","Seek+1","Meteor Strike","Echo Form","All For One","Reboot","Amplify","Creative AI+1","Fission","Core Surge","Intimidate","Entrench+1","Coolheaded","Good Instincts","Coolheaded","Conserve Battery","Turbo+1","Core Surge","Battle Trance+1","Conserve Battery","Shrug It Off","BootSequence","Burning Pact","Necronomicurse","Sweeping Beam+1","Skim+1","Seek+1","Thunderclap+1","Parasite","Intimidate+1","Heatsinks+1","Chill+1"],"relics":["Cracked Core","Anchor","Oddly Smooth Stone","Mercury Hourglass","Gambling Chip","Runic Dome","Strawberry","Centennial Puzzle","MealTicket","Necronomicon","Matryoshka","Busted Crown","OrangePellets","Letter Opener","Old Coin","Ornamental Fan","Symbiotic Virus","Blood Vial","TungstenRod"],"acts_visited":["Exordium","TheCity","TheBeyond"],"potions_floor_usage":[50,50,50],"damage_taken":[{"damage":6,"enemies":"Cultist","floor":1,"turns":3},{"damage":15,"enemies":"Jaw Worm","floor":2,"turns":3},{"damage":0,"enemies":"Small Slimes","floor":5,"turns":2},{"damage":31,"enemies":"3 Sentries","floor":8,"turns":4},{"damage":8,"enemies":"Gremlin Nob","floor":11,"turns":5},{"damage":0,"enemies":"Looter","floor":14,"turns":4},{"damage":29,"enemies":"Hexaghost","floor":16,"turns":9},{"damage":0,"enemies":"Spheric Guardian","floor":18,"turns":3},{"damage":0,"enemies":"Chosen","floor":22,"turns":4},{"damage":0,"enemies":"Slavers","floor":23,"turns":3},{"damage":6,"enemies":"Snecko","floor":25,"turns":3},{"damage":39,"enemies":"Gremlin Leader","floor":29,"turns":3},{"damage":6,"enemies":"Snake Plant","floor":30,"turns":2},{"damage":0,"enemies":"Cultist and Chosen","floor":31,"turns":4},{"damage":40,"enemies":"Collector","floor":33,"turns":7},{"damage":10,"enemies":"3 Shapes","floor":35,"turns":2},{"damage":0,"enemies":"Orb Walker","floor":36,"turns":2},{"damage":6,"enemies":"Writhing Mass","floor":39,"turns":5},{"damage":6,"enemies":"Nemesis","floor":40,"turns":7},{"damage":0,"enemies":"Mind Bloom Boss Battle","floor":42,"turns":5},{"damage":0,"enemies":"Giant Head","floor":44,"turns":6},{"damage":0,"enemies":"Maw","floor":45,"turns":4},{"damage":0,"enemies":"Jaw Worm Horde","floor":47,"turns":1},{"damage":0,"enemies":"2 Orb Walkers","floor":48,"turns":3},{"damage":45,"enemies":"Time Eater","floor":50,"turns":6}],"seed_played":"3618718455484561711","potions_obtained":[{"floor":14,"key":"BlessingOfTheForge"},{"floor":16,"key":"GamblersBrew"},{"floor":22,"key":"CultistPotion"},{"floor":33,"key":"EssenceOfSteel"},{"floor":47,"key":"FocusPotion"}],"is_trial":false,"path_per_floor":["M","M","?","$","M","R","T","E","T","R","E","$","R","M","R","B",null,"M","?","?","$","M","E","R","M","T","?","R","E","M","M","R","B",null,"M","M","$","?","M","E","R","?","T","E","M","R","M","?","R","B",null],"character_chosen":"DEFECT","items_purchased":["Coolheaded","Good Instincts","Conserve Battery","OrangePellets"],"campfire_rested":0,"item_purchase_floors":[4,4,21,37],"current_hp_per_floor":[72,60,60,60,63,63,63,32,32,32,24,24,24,24,24,5,84,84,84,91,91,91,91,91,88,88,72,72,33,28,44,44,28,94,84,84,94,94,88,82,82,82,82,94,94,94,94,94,94,49],"gold":791,"neow_bonus":"","is_daily":true,"chose_seed":false,"campfire_upgraded":10,"win_rate":0.0,"timestamp":1613824501,"path_taken":["M","M","?","$","M","R","?","?","T","R","?","$","R","M","R","BOSS","M","?","?","$","M","E","R","M","T","?","R","E","M","M","R","BOSS","M","M","$","?","M","E","R","?","T","E","M","R","M","?","R","BOSS"],"items_purchased_type":["Card","Card","Card","Relic"],"build_version":"2020-12-18","purchased_purges":1,"victory":true,"max_hp_per_floor":[78,81,81,81,84,84,84,84,84,84,84,84,84,84,84,84,84,84,84,91,91,91,91,91,94,94,94,94,94,94,94,94,94,94,94,94,94,94,94,94,94,94,94,94,94,94,94,94,94,94],"card_choices":[{"not_picked":["Gash","Cold Snap"],"picked":"Intimidate","floor":1},{"not_picked":["Clothesline","Dual Wield"],"picked":"Entrench","floor":2},{"not_picked":["Sword Boomerang","Dark Embrace"],"picked":"Coolheaded","floor":5},{"not_picked":["Sword Boomerang","True Grit","Intimidate"],"picked":"SKIP","floor":8},{"not_picked":["Biased Cognition","Dual Wield"],"picked":"Conserve Battery","floor":11},{"not_picked":["Rebound","Coolheaded"],"picked":"Turbo","floor":14},{"not_picked":["Fiend Fire","Corruption"],"picked":"Core Surge","floor":16},{"not_picked":["Beam Cell","Seeing Red"],"picked":"Battle Trance+1","floor":18},{"not_picked":["Cleave","Beam Cell"],"picked":"Shrug It Off","floor":22},{"not_picked":["Havoc+1","Force Field"],"picked":"BootSequence","floor":23},{"not_picked":["Burning Pact","Headbutt","Streamline"],"picked":"SKIP","floor":25},{"not_picked":["Headbutt","Streamline"],"picked":"Burning Pact","floor":25},{"not_picked":["Redo+1","BootSequence"],"picked":"Sweeping Beam+1","floor":29},{"not_picked":["Flex+1","Burning Pact","Sword Boomerang"],"picked":"SKIP","floor":30},{"not_picked":["Pommel Strike","Gash"],"picked":"Skim","floor":31},{"not_picked":["Reaper","Thunder Strike"],"picked":"Seek","floor":33},{"not_picked":["Twin Strike"],"picked":"SKIP","floor":35},{"not_picked":[],"picked":"Thunderclap+1","floor":36},{"not_picked":[],"picked":"Intimidate+1","floor":39},{"not_picked":["Rebound+1"],"picked":"SKIP","floor":40},{"not_picked":[],"picked":"Heatsinks+1","floor":44},{"not_picked":[],"picked":"Chill+1","floor":45},{"not_picked":["Compile Driver+1"],"picked":"SKIP","floor":47}],"player_experience":682758,"relics_obtained":[{"floor":7,"key":"Anchor"},{"floor":8,"key":"Oddly Smooth Stone"},{"floor":9,"key":"Mercury Hourglass"},{"floor":11,"key":"Gambling Chip"},{"floor":23,"key":"Centennial Puzzle"},{"floor":26,"key":"MealTicket"},{"floor":27,"key":"Necronomicon"},{"floor":29,"key":"Matryoshka"},{"floor":40,"key":"Letter Opener"},{"floor":42,"key":"Old Coin"},{"floor":43,"key":"Ornamental Fan"},{"floor":43,"key":"Symbiotic Virus"},{"floor":44,"key":"Blood Vial"},{"floor":48,"key":"TungstenRod"}],"event_choices":[{"damage_healed":0,"gold_gain":0,"player_choice":"Ignored","damage_taken":0,"max_hp_gain":0,"max_hp_loss":0,"event_name":"Liars Game","floor":3,"gold_loss":0},{"cards_removed":["Hyperbeam"],"damage_healed":0,"gold_gain":0,"player_choice":"Elegance","damage_taken":0,"max_hp_gain":0,"max_hp_loss":0,"event_name":"Back to Basics","floor":19,"gold_loss":0},{"damage_healed":0,"gold_gain":0,"player_choice":"Opened","damage_taken":0,"relics_obtained":["Strawberry"],"max_hp_gain":0,"max_hp_loss":0,"event_name":"The Mausoleum","floor":20,"gold_loss":0,"cards_obtained":["Writhe"]},{"damage_healed":0,"gold_gain":0,"player_choice":"Obtained Book","damage_taken":16,"max_hp_gain":0,"max_hp_loss":0,"event_name":"Cursed Tome","floor":27,"gold_loss":0},{"cards_removed":["Biased Cognition"],"damage_healed":0,"gold_gain":0,"player_choice":"Removed Power","damage_taken":0,"max_hp_gain":0,"max_hp_loss":0,"event_name":"Falling","floor":38,"gold_loss":0},{"damage_healed":0,"gold_gain":0,"player_choice":"Fight","damage_taken":0,"max_hp_gain":0,"max_hp_loss":0,"event_name":"MindBloom","floor":42,"gold_loss":0},{"damage_healed":0,"gold_gain":0,"player_choice":"Fight","damage_taken":0,"max_hp_gain":0,"max_hp_loss":0,"event_name":"Mysterious Sphere","floor":48,"gold_loss":0}],"is_beta":true,"boss_relics":[{"not_picked":["Tiny House","Empty Cage"],"picked":"Runic Dome"},{"not_picked":["Astrolabe","Cursed Key"],"picked":"Busted Crown"}],"items_purged_floors":[21],"is_endless":false,"potions_floor_spawned":[14,16,22,23,25,33,35,39,47],"ascension_level":0}}