{"host":"lz4xqhdipxskteyg","time":1613830769,"event":{"mods":["2.2 Compatiblity","BaseMod","Bestiary","Colored Map","Colored Powertips","Curses Come First","Highlight Path","Keyboard Shortcuts","Minty Spire (QoL Compilation)","Relic Stats","Slay the Relics Exporter","StSLib","SuperFastMode"],"gold_per_floor":[112,123,134,84,44,44,73,73,73,73,105,116,116,116,116,215,215,234,247,247,264,80,80,90,90,143,143,155,182,182,18,18,120,120,131,131,131,143,159,159,173,183,183,183,102,102,128,128,128,128],"floor_reached":51,"language":"TUR","playtime":3691,"items_purged":["Strike_B"],"score":653,"play_id":"78c7f1ba-5a68-429e-99b8-40fc4d262f26","local_time":"20210220171929","is_ascension_mode":false,"campfire_choices":[{"data":"Zap","floor":6,"key":"SMITH"},{"floor":8,"key":"REST"},{"data":"Dualcast","floor":10,"key":"SMITH"},{"floor":15,"key":"REST"},{"floor":25,"key":"REST"},{"floor":30,"key":"REST"},{"floor":32,"key":"REST"},{"floor":40,"key":"REST"},{"data":"Barrage","floor":44,"key":"SMITH"},{"data":"Reboot","floor":46,"key":"SMITH"},{"floor":49,"key":"REST"}],"circlet_count":0,"master_deck":["Strike_B","Strike_B","Strike_B","Defend_B","Defend_B","Defend_B","Zap+1","Dualcast+1","Leap","Rebound","Glacier+1","Self Repair","Buffer+1","Tempest+1","Sunder","BootSequence","Darkness+1","Defragment+1","Sweeping Beam","Barrage+1","Static Discharge+1","Reprogram","Reboot+1","Chill+1","Cold Snap+1","Ball Lightning+1","Defragment+1","Turbo+1"],"relics":["Cracked Core","Bag of Marbles","Matryoshka","Frozen Egg 2","Vajra","White Beast Statue","Oddly Smooth Stone","Inserter","Sling","Omamori","Orichalcum","Blood Vial","Empty Cage","WarpedTongs","Bottled Lightning","Toxic Egg 2"],"acts_visited":["Exordium","TheCity","TheBeyond"],"potions_floor_usage":[16,16,16,19,21,23,28,28,29,33,33,38,41,42,47,47,50],"damage_taken":[{"damage":4,"enemies":"2 Louse","floor":1,"turns":3},{"damage":4,"enemies":"Jaw Worm","floor":2,"turns":3},{"damage":0,"enemies":"Small Slimes","floor":3,"turns":3},{"damage":23,"enemies":"Lagavulin","floor":7,"turns":6},{"damage":22,"enemies":"3 Sentries","floor":11,"turns":7},{"damage":0,"enemies":"Exordium Thugs","floor":12,"turns":4},{"damage":20,"enemies":"The Guardian","floor":16,"turns":12},{"damage":20,"enemies":"Shell Parasite","floor":18,"turns":7},{"damage":0,"enemies":"Spheric Guardian","floor":19,"turns":4},{"damage":0,"enemies":"Chosen and Byrds","floor":21,"turns":5},{"damage":50,"enemies":"Masked Bandits","floor":23,"turns":4},{"damage":9,"enemies":"Snake Plant","floor":24,"turns":5},{"damage":29,"enemies":"Shelled Parasite and Fungi","floor":28,"turns":6},{"damage":14,"enemies":"Slavers","floor":29,"turns":6},{"damage":50,"enemies":"Champ","floor":33,"turns":12},{"damage":20,"enemies":"Orb Walker","floor":35,"turns":4},{"damage":16,"enemies":"3 Shapes","floor":38,"turns":4},{"damage":0,"enemies":"Jaw Worm Horde","floor":39,"turns":6},{"damage":1,"enemies":"Spire Growth","floor":41,"turns":8},{"damage":18,"enemies":"3 Darklings","floor":42,"turns":6},{"damage":43,"enemies":"Reptomancer","floor":47,"turns":6},{"damage":16,"enemies":"Time Eater","floor":50,"turns":11}],"seed_played":"-3720603970698446892","potions_obtained":[{"floor":1,"key":"PotionOfCapacity"},{"floor":7,"key":"PotionOfCapacity"},{"floor":12,"key":"SkillPotion"},{"floor":16,"key":"Ancient Potion"},{"floor":18,"key":"AttackPotion"},{"floor":19,"key":"GamblersBrew"},{"floor":21,"key":"SmokeBomb"},{"floor":24,"key":"Dexterity Potion"},{"floor":28,"key":"SpeedPotion"},{"floor":29,"key":"CultistPotion"},{"floor":33,"key":"AttackPotion"},{"floor":35,"key":"SteroidPotion"},{"floor":38,"key":"EssenceOfDarkness"},{"floor":39,"key":"Swift Potion"},{"floor":41,"key":"Energy Potion"},{"floor":42,"key":"FairyPotion"},{"floor":47,"key":"EssenceOfSteel"}],"is_trial":false,"path_per_floor":["M","M","M","?","$","R","E","R","T","R","E","M","?","?","R","B",null,"M","M","?","M","$","?","M","R","T","?","M","E","R","$","R","B",null,"M","$","?","M","M","R","M","M","T","R","$","R","E","?","R","B",null],"character_chosen":"DEFECT","items_purchased":["Self Repair","Defragment+1","Sling","Reprogram","SpeedPotion","Defragment+1"],"campfire_rested":7,"item_purchase_floors":[5,22,22,31,31,45],"current_hp_per_floor":[71,67,67,67,67,67,51,73,73,73,58,65,47,47,69,56,75,62,69,69,75,75,32,30,52,52,52,30,16,38,38,60,19,75,62,62,62,48,57,75,74,64,64,64,64,64,23,23,45,41],"gold":128,"neow_bonus":"RANDOM_COMMON_RELIC","is_daily":false,"chose_seed":false,"campfire_upgraded":4,"win_rate":0.0,"timestamp":1613830769,"path_taken":["M","M","M","?","$","R","E","R","T","R","E","M","?","?","R","BOSS","M","M","?","M","$","?","M","R","T","?","?","E","R","?","R","BOSS","M","$","?","?","M","R","M","M","T","R","$","R","E","?","R","BOSS"],"items_purchased_type":["Card","Card","Relic","Card","Potion","Card"],"build_version":"2020-12-22","purchased_purges":1,"victory":true,"max_hp_per_floor":[75,75,75,75,75,75,75,75,75,75,75,75,75,75,75,75,75,75,75,75,75,75,75,75,75,75,75,75,75,75,75,75,75,75,75,75,75,75,75,75,75,75,75,75,75,75,75,75,75,75],"relic_stats":{"Blood Vial":11,"Inserter":[47],"counters":[22,132],"Orichalcum":[120],"obtain_stats":[{"Inserter":17,"Vajra":9,"Oddly Smooth Stone":13,"Omamori":26,"Frozen Egg 2":9,"Orichalcum":26,"Sling":22,"Empty Cage":34,"White Beast Statue":11,"WarpedTongs":37,"Blood Vial":29,"Matryoshka":7,"Bag of Marbles":0,"Bottled Lightning":43,"Toxic Egg 2":47,"Cracked Core":0},{"Inserter":7,"Vajra":4,"Oddly Smooth Stone":6,"Omamori":12,"Frozen Egg 2":4,"Orichalcum":12,"Sling":10,"Empty Cage":15,"White Beast Statue":5,"WarpedTongs":16,"Blood Vial":14,"Matryoshka":4,"Bag of Marbles":0,"Bottled Lightning":20,"Toxic Egg 2":21,"Cracked Core":0},{"Inserter":38,"Vajra":15,"Oddly Smooth Stone":26,"Omamori":63,"Frozen Egg 2":15,"Orichalcum":63,"Sling":54,"Empty Cage":87,"White Beast Statue":22,"WarpedTongs":91,"Blood Vial":75,"Matryoshka":15,"Bag of Marbles":0,"Bottled Lightning":115,"Toxic Egg 2":121,"Cracked Core":0}],"WarpedTongs":[38]},"card_choices":[{"not_picked":["Genetic Algorithm","Beam Cell"],"picked":"Leap","floor":1},{"not_picked":["White Noise","Darkness"],"picked":"Rebound","floor":2},{"not_picked":["Darkness","Blizzard"],"picked":"Glacier","floor":3},{"not_picked":["Glacier","Steam"],"picked":"Storm","floor":7},{"not_picked":["Rebound","Glacier"],"picked":"Blizzard","floor":11},{"not_picked":["Undo","Beam Cell","Scrape"],"picked":"SKIP","floor":12},{"not_picked":["Rainbow","Fission"],"picked":"Buffer+1","floor":16},{"not_picked":["Beam Cell","Hologram"],"picked":"Tempest+1","floor":18},{"not_picked":["Rip and Tear","Cold Snap"],"picked":"Sunder","floor":19},{"not_picked":["Rainbow","Chaos"],"picked":"Darkness+1","floor":21},{"not_picked":["Redo","Beam Cell"],"picked":"Sweeping Beam","floor":24},{"not_picked":["Rebound+1","Coolheaded"],"picked":"Barrage","floor":28},{"not_picked":["Turbo","Heatsinks+1"],"picked":"Static Discharge+1","floor":29},{"not_picked":["Amplify","Meteor Strike"],"picked":"Reboot","floor":33},{"not_picked":["Steam","Blizzard","Coolheaded"],"picked":"SKIP","floor":35},{"not_picked":["Consume+1","Sunder+1"],"picked":"Chill+1","floor":38},{"not_picked":["Self Repair+1","Glacier"],"picked":"Cold Snap+1","floor":39},{"not_picked":["FTL+1","Turbo"],"picked":"Ball Lightning+1","floor":41},{"not_picked":["Darkness","Chill","Stack"],"picked":"SKIP","floor":42},{"not_picked":["Chill+1","Fusion+1"],"picked":"Turbo+1","floor":47}],"player_experience":45780,"relics_obtained":[{"floor":7,"key":"Matryoshka"},{"floor":9,"key":"Frozen Egg 2"},{"floor":9,"key":"Vajra"},{"floor":11,"key":"White Beast Statue"},{"floor":26,"key":"Omamori"},{"floor":26,"key":"Orichalcum"},{"floor":29,"key":"Blood Vial"},{"floor":43,"key":"Bottled Lightning"},{"floor":47,"key":"Toxic Egg 2"}],"event_choices":[{"cards_removed":["Defend_B"],"damage_healed":0,"gold_gain":0,"player_choice":"Card Removal","damage_taken":0,"max_hp_gain":0,"max_hp_loss":0,"event_name":"The Cleric","floor":4,"gold_loss":50},{"damage_healed":0,"gold_gain":0,"player_choice":"Success","damage_taken":18,"relics_obtained":["Oddly Smooth Stone"],"max_hp_gain":0,"max_hp_loss":0,"event_name":"Scrap Ooze","floor":13,"gold_loss":0},{"damage_healed":0,"gold_gain":0,"player_choice":"Ignored","damage_taken":0,"max_hp_gain":0,"max_hp_loss":0,"event_name":"Golden Wing","floor":14,"gold_loss":0},{"damage_healed":0,"gold_gain":0,"player_choice":"Read","damage_taken":0,"max_hp_gain":0,"max_hp_loss":0,"event_name":"The Library","floor":20,"gold_loss":0,"cards_obtained":["BootSequence"]},{"damage_healed":0,"gold_gain":0,"player_choice":"Fought Bandits","damage_taken":0,"max_hp_gain":0,"max_hp_loss":0,"event_name":"Masked Bandits","floor":23,"gold_loss":0},{"damage_healed":0,"gold_gain":0,"player_choice":"Upgraded","damage_taken":0,"max_hp_gain":0,"max_hp_loss":0,"event_name":"Upgrade Shrine","floor":27,"gold_loss":0,"cards_upgraded":["Glacier"]},{"damage_healed":0,"gold_gain":0,"player_choice":"Rummage","damage_taken":0,"relics_obtained":["WarpedTongs"],"max_hp_gain":0,"max_hp_loss":0,"event_name":"Accursed Blacksmith","floor":37,"gold_loss":0,"cards_obtained":["Pain"]},{"damage_healed":0,"gold_gain":0,"player_choice":"Ignored","damage_taken":0,"max_hp_gain":0,"max_hp_loss":0,"event_name":"Mysterious Sphere","floor":48,"gold_loss":0}],"is_beta":false,"boss_relics":[{"not_picked":["Philosopher\u0027s Stone","Fusion Hammer"],"picked":"Inserter"},{"not_picked":["Black Star","Velvet Choker"],"picked":"Empty Cage"}],"items_purged_floors":[31],"is_endless":false,"potions_floor_spawned":[1,7,12,16,18,19,21,23,24,28,29,33,35,38,39,41,42,47],"ascension_level":0}}