{"host":"wshey5htrz8rni6u","time":1613822331,"event":{"mods":["2.2 Compatiblity","BaseMod","Block Reminder","Colored Map","Colored Powertips","Current Relic Mod","Curses Come First","Dark Map","Key Reminder","Keyboard Shortcuts","Minty Spire (QoL Compilation)","Potion Indicator Mod","Quick Restart","Random Character Button","Relic Sorter","Relic Stats","StSLib","SuperFastMode","Unceasing Turn Reminder","UnlockEverythingMod","Weighted Paths"],"gold_per_floor":[110,110,110,124,124,149,160,192,192,207,207,207,234,254,254,352,352,366,15,26,26,36,63,80,114,185,35,35,35,53,88,88,193,193,209,209,227,12,12,44,44,55,55,55,69,128,128,192,192,222,222,222,16,44,74],"floor_reached":56,"language":"ENG","playtime":4766,"items_purged":["EmptyFist","SashWhip"],"score":1522,"play_id":"6156a2fc-4017-4c8c-bbf8-7c584b76ea5b","local_time":"20210220035851","is_ascension_mode":true,"campfire_choices":[{"floor":11.0,"key":"REST"},{"data":"Eruption","floor":15.0,"key":"SMITH"},{"data":"SpiritShield","floor":32.0,"key":"SMITH"},{"floor":41.0,"key":"RECALL"},{"data":"Ragnarok","floor":49,"key":"SMITH"},{"data":"DevaForm","floor":52,"key":"SMITH"}],"circlet_count":0,"master_deck":["Strike_P","Defend_P","Defend_P","Defend_P","Defend_P","Eruption+1","Vigilance","SpiritShield+1","LikeWater","PathToVictory","Weave","CrushJoints","ClearTheMind","WindmillStrike","SashWhip","Tantrum","Ragnarok+1","Wallop+1","TalkToTheHand+1","Prostrate","CutThroughFate+1","ClearTheMind","FlurryOfBlows+1","Blasphemy","Meditate+1","BowlingBash+1","ThirdEye+1","FlurryOfBlows+1","Establishment","Wireheading","Evaluate+1","Evaluate+1","Wallop+1","LikeWater+1","LikeWater","Wish+1","Swivel+1","CutThroughFate+1","DevaForm+1","Strike_B+1","WreathOfFlame+1","ThirdEye+1","Swivel+1"],"relics":["PureWater","MealTicket","Ornamental Fan","Mummified Hand","HornCleat","Dream Catcher","Runic Pyramid","Molten Egg 2","Gremlin Horn","Question Card","Akabeko","Toxic Egg 2","Prayer Wheel","Eternal Feather","Coffee Dripper","ClockworkSouvenir","Bronze Scales","Mango","PreservedInsect","Happy Flower","Medical Kit","Lantern"],"acts_visited":["Exordium","TheCity","TheBeyond","TheEnding"],"potions_floor_usage":[54,55],"damage_taken":[{"damage":0.0,"enemies":"Cultist","floor":1.0,"turns":2.0},{"damage":0.0,"enemies":"2 Louse","floor":4.0,"turns":3.0},{"damage":37.0,"enemies":"Lagavulin","floor":6.0,"turns":9.0},{"damage":0.0,"enemies":"Small Slimes","floor":7.0,"turns":3.0},{"damage":5.0,"enemies":"3 Sentries","floor":8.0,"turns":9.0},{"damage":12.0,"enemies":"Exordium Thugs","floor":10.0,"turns":7.0},{"damage":3.0,"enemies":"Lagavulin","floor":13.0,"turns":7.0},{"damage":0.0,"enemies":"Large Slime","floor":14.0,"turns":5.0},{"damage":7.0,"enemies":"The Guardian","floor":16.0,"turns":10.0},{"damage":17.0,"enemies":"2 Thieves","floor":18.0,"turns":3.0},{"damage":0.0,"enemies":"Spheric Guardian","floor":20.0,"turns":2.0},{"damage":5.0,"enemies":"Centurion and Healer","floor":22.0,"turns":5.0},{"damage":3.0,"enemies":"Book of Stabbing","floor":23.0,"turns":4.0},{"damage":0.0,"enemies":"3 Cultists","floor":24.0,"turns":4.0},{"damage":0.0,"enemies":"Gremlin Leader","floor":25.0,"turns":5.0},{"damage":0.0,"enemies":"Sentry and Sphere","floor":30.0,"turns":2.0},{"damage":2.0,"enemies":"Book of Stabbing","floor":31.0,"turns":5.0},{"damage":17.0,"enemies":"Collector","floor":33.0,"turns":8.0},{"damage":0.0,"enemies":"3 Darklings","floor":35.0,"turns":3.0},{"damage":0.0,"enemies":"3 Shapes","floor":37.0,"turns":2.0},{"damage":0.0,"enemies":"Giant Head","floor":40.0,"turns":7.0},{"damage":0.0,"enemies":"3 Darklings","floor":42.0,"turns":4.0},{"damage":0.0,"enemies":"Transient","floor":45.0,"turns":5.0},{"damage":9,"enemies":"Nemesis","floor":46,"turns":5},{"damage":30,"enemies":"Reptomancer","floor":48,"turns":5},{"damage":17,"enemies":"Awakened One","floor":50,"turns":12},{"damage":0,"enemies":"Shield and Spear","floor":54,"turns":2},{"damage":37,"enemies":"The Heart","floor":55,"turns":11}],"seed_played":"-8173721749725066429","potions_obtained":[{"floor":6.0,"key":"BottledMiracle"},{"floor":10.0,"key":"StancePotion"},{"floor":13.0,"key":"BlessingOfTheForge"},{"floor":14.0,"key":"Ambrosia"},{"floor":16.0,"key":"Fire Potion"},{"floor":22.0,"key":"Strength Potion"},{"floor":23.0,"key":"Swift Potion"},{"floor":25.0,"key":"FairyPotion"},{"floor":35.0,"key":"Regen Potion"}],"is_trial":false,"path_per_floor":["M","?","?","M","T","E","M","E","T","M","R","?","E","M","R","B",null,"M","$","M","?","M","E","M","E","T","$","?","?","M","E","R","B",null,"M","?","M","$","T","E","R","M","T","$","M","E","?","E","R","B",null,"R","$","E","B",null],"character_chosen":"WATCHER","items_purchased":["Molten Egg 2","Wallop+1","TalkToTheHand+1","Meditate+1","ClockworkSouvenir","Wallop+1","Medical Kit","ThirdEye+1"],"campfire_rested":1,"item_purchase_floors":[19,19,19,27,38,38,53,53],"current_hp_per_floor":[72,65,65,65,65,28,28,23,23,11,32,56,53,53,53,46,72,55,70,70,70,65,62,62,62,62,72,59,59,59,57,72,55,77,77,77,77,77,77,91,91,91,91,91,91,82,82,52,76,59,91,91,91,91,68],"gold":74,"neow_bonus":"ONE_RANDOM_RARE_CARD","is_daily":false,"chose_seed":false,"campfire_upgraded":4,"win_rate":0.0,"timestamp":1613822331,"path_taken":["M","?","?","?","?","E","M","E","T","M","R","?","E","M","R","BOSS","M","$","M","?","M","E","M","E","T","?","?","?","?","E","R","BOSS","M","?","M","$","?","E","R","M","T","?","?","E","?","E","R","BOSS","R","$","E","BOSS"],"items_purchased_type":["Relic","Card","Card","Card","Relic","Card","Relic","Card"],"build_version":"2020-12-13","purchased_purges":2,"victory":true,"max_hp_per_floor":[72,72,72,72,72,72,72,72,72,72,72,72,72,72,72,72,72,72,72,72,72,72,72,72,72,72,72,77,77,77,77,77,77,77,77,77,77,77,77,91,91,91,91,91,91,91,91,91,91,91,91,91,91,91,91],"relic_stats":{"Gremlin Horn":[24,24],"Happy Flower":[8],"counters":[28,149],"Eternal Feather":39,"PreservedInsect":127,"Question Card":18,"Medical Kit":[1],"Dream Catcher":0,"Ornamental Fan":[308],"Mummified Hand":[57],"Bronze Scales":[241],"MealTicket":25,"Prayer Wheel":5,"obtain_stats":[{"Lantern":54,"Gremlin Horn":21,"Happy Flower":48,"Eternal Feather":31,"Mango":40,"PreservedInsect":46,"Question Card":23,"Medical Kit":53,"Akabeko":25,"ClockworkSouvenir":38,"keyreminder:keyreminder":6,"Dream Catcher":13,"HornCleat":9,"Ornamental Fan":6,"Mummified Hand":8,"Bronze Scales":39,"MealTicket":5,"Molten Egg 2":19,"Prayer Wheel":29,"Coffee Dripper":34,"PureWater":0,"Toxic Egg 2":26,"Runic Pyramid":17},{"Lantern":27,"Gremlin Horn":11,"Happy Flower":25,"Eternal Feather":17,"Mango":21,"PreservedInsect":24,"Question Card":13,"Medical Kit":26,"Akabeko":15,"ClockworkSouvenir":20,"keyreminder:keyreminder":3,"Dream Catcher":7,"HornCleat":5,"Ornamental Fan":3,"Mummified Hand":5,"Bronze Scales":20,"MealTicket":2,"Molten Egg 2":10,"Prayer Wheel":15,"Coffee Dripper":18,"PureWater":0,"Toxic Egg 2":15,"Runic Pyramid":9},{"Lantern":138,"Gremlin Horn":60,"Happy Flower":124,"Eternal Feather":85,"Mango":105,"PreservedInsect":119,"Question Card":69,"Medical Kit":136,"Akabeko":78,"ClockworkSouvenir":98,"keyreminder:keyreminder":14,"Dream Catcher":40,"HornCleat":26,"Ornamental Fan":14,"Mummified Hand":26,"Bronze Scales":98,"MealTicket":5,"Molten Egg 2":58,"Prayer Wheel":78,"Coffee Dripper":93,"PureWater":0,"Toxic Egg 2":78,"Runic Pyramid":55}]},"card_choices":[{"not_picked":["Halt","EmptyFist"],"picked":"LikeWater","floor":1.0},{"not_picked":["Halt","Evaluate"],"picked":"PathToVictory","floor":4.0},{"not_picked":["Protect","DeceiveReality"],"picked":"Weave","floor":6.0},{"not_picked":["DeceiveReality","Blasphemy"],"picked":"CrushJoints","floor":7.0},{"not_picked":["Swivel","SignatureMove"],"picked":"ClearTheMind","floor":8.0},{"not_picked":["ForeignInfluence","WreathOfFlame"],"picked":"WindmillStrike","floor":10.0},{"not_picked":["Weave","PathToVictory"],"picked":"SashWhip","floor":13.0},{"not_picked":["CutThroughFate","Indignation"],"picked":"Tantrum","floor":14.0},{"not_picked":["DeusExMachina","ConjureBlade"],"picked":"Ragnarok","floor":16.0},{"not_picked":["FlyingSleeves","Crescendo+1"],"picked":"EmptyFist","floor":18.0},{"not_picked":["Consecrate+1","CrushJoints+1"],"picked":"Prostrate","floor":20.0},{"not_picked":["CarveReality+1","CrushJoints+1"],"picked":"CutThroughFate+1","floor":22.0},{"not_picked":["Fasting2+1","FlyingSleeves+1"],"picked":"ClearTheMind","floor":23.0},{"not_picked":["Consecrate+1","CrushJoints+1","Swivel+1"],"picked":"FlurryOfBlows+1","floor":24.0},{"not_picked":["Pray","EmptyFist+1","Vengeance"],"picked":"Blasphemy","floor":25.0},{"not_picked":["FlurryOfBlows+1","Consecrate+1","Weave+1"],"picked":"BowlingBash+1","floor":30.0},{"not_picked":["FollowUp+1","SandsOfTime+1","Protect+1"],"picked":"ThirdEye+1","floor":30.0},{"not_picked":["Consecrate+1","FollowUp+1","CarveReality+1"],"picked":"FlurryOfBlows+1","floor":31.0},{"not_picked":["Alpha+1","Blasphemy+1","Vault+1"],"picked":"Establishment","floor":33.0},{"not_picked":["InnerPeace+1","ClearTheMind+1","Consecrate+1"],"picked":"Wireheading","floor":35.0},{"not_picked":["Crescendo+1","FlurryOfBlows+1","PathToVictory+1"],"picked":"Evaluate+1","floor":35.0},{"not_picked":["BowlingBash+1","ClearTheMind+1","Crescendo+1"],"picked":"Evaluate+1","floor":37.0},{"not_picked":["SashWhip+1","FlyingSleeves+1","Fasting2+1","ClearTheMind+1"],"picked":"SKIP","floor":37.0},{"not_picked":["SandsOfTime+1","FlurryOfBlows+1","BattleHymn+1"],"picked":"LikeWater+1","floor":40.0},{"not_picked":["PathToVictory+1","BattleHymn","FlurryOfBlows+1"],"picked":"LikeWater","floor":42.0},{"not_picked":["ForeignInfluence+1","BowlingBash+1","Crescendo+1"],"picked":"Wish+1","floor":42.0},{"not_picked":["Halt+1","CutThroughFate+1","EmptyFist+1"],"picked":"Swivel+1","floor":45.0},{"not_picked":["Vengeance+1","Evaluate+1","SashWhip+1"],"picked":"CutThroughFate+1","floor":45.0},{"not_picked":["ClearTheMind+1","Consecrate+1","Crescendo+1"],"picked":"DevaForm","floor":46},{"not_picked":["Sanctity+1","EmptyBody+1","Scrawl+1"],"picked":"WreathOfFlame+1","floor":48},{"not_picked":["Wireheading","Halt+1","FlurryOfBlows+1"],"picked":"Swivel+1","floor":54}],"player_experience":149924,"relics_obtained":[{"floor":5.0,"key":"MealTicket"},{"floor":6.0,"key":"Ornamental Fan"},{"floor":8.0,"key":"Mummified Hand"},{"floor":9.0,"key":"HornCleat"},{"floor":13.0,"key":"Dream Catcher"},{"floor":23.0,"key":"Question Card"},{"floor":25.0,"key":"Akabeko"},{"floor":26.0,"key":"Toxic Egg 2"},{"floor":31.0,"key":"Eternal Feather"},{"floor":39.0,"key":"Bronze Scales"},{"floor":40.0,"key":"Mango"},{"floor":46,"key":"PreservedInsect"},{"floor":48,"key":"Happy Flower"},{"floor":54,"key":"Lantern"}],"event_choices":[{"cards_removed":["Strike_P"],"damage_healed":0.0,"max_hp_gain":0.0,"max_hp_loss":0.0,"gold_gain":0.0,"event_name":"Golden Wing","player_choice":"Card Removal","floor":2.0,"gold_loss":0.0,"damage_taken":7.0},{"cards_removed":["Strike_P"],"damage_healed":0.0,"max_hp_gain":0.0,"max_hp_loss":0.0,"gold_gain":0.0,"event_name":"Wheel of Change","player_choice":"Card Removal","floor":3.0,"gold_loss":0.0,"damage_taken":0.0},{"damage_healed":24.0,"max_hp_gain":0.0,"max_hp_loss":0.0,"gold_gain":0.0,"event_name":"Big Fish","player_choice":"Banana","floor":12.0,"gold_loss":0.0,"damage_taken":0.0},{"damage_healed":0.0,"max_hp_gain":0.0,"max_hp_loss":0.0,"gold_gain":0.0,"event_name":"The Mausoleum","player_choice":"Opened","floor":21.0,"gold_loss":0.0,"damage_taken":0.0,"relics_obtained":["Gremlin Horn"]},{"damage_healed":0.0,"max_hp_gain":5.0,"max_hp_loss":0.0,"gold_gain":0.0,"event_name":"Forgotten Altar","player_choice":"Shed Blood","floor":28.0,"gold_loss":0.0,"damage_taken":18.0},{"cards_removed":["EmptyFist"],"damage_healed":0.0,"max_hp_gain":0.0,"max_hp_loss":0.0,"gold_gain":0.0,"event_name":"WeMeetAgain","player_choice":"Gave Card","floor":29.0,"gold_loss":0.0,"damage_taken":0.0,"relics_obtained":["Prayer Wheel"]},{"damage_healed":0.0,"max_hp_gain":0.0,"max_hp_loss":0.0,"gold_gain":0.0,"event_name":"The Woman in Blue","player_choice":"Bought 0 Potions","floor":36.0,"gold_loss":0.0,"damage_taken":0.0},{"cards_removed":["Strike_P"],"damage_healed":0,"gold_gain":0,"player_choice":"Took Card","damage_taken":0,"max_hp_gain":0,"max_hp_loss":0,"event_name":"NoteForYourself","floor":47,"gold_loss":0,"cards_obtained":["Strike_B"]}],"is_beta":false,"boss_relics":[{"not_picked":["SacredBark","Tiny House"],"picked":"Runic Pyramid"},{"not_picked":["Snecko Eye","Runic Dome"],"picked":"Coffee Dripper"}],"items_purged_floors":[27,27],"is_endless":false,"potions_floor_spawned":[6,10,13,14,16,20,22,23,24,25,35,40],"ascension_level":2}}