{"host":"skr63qsdfgeey3it","time":1613860236,"event":{"mods":["BaseMod","Colored Map","Hubris","Minty Spire (QoL Compilation)","Monster B Gone","Reliquary","Replay The Spire","Spicy Shops","StSLib"],"gold_per_floor":[109,21,21,36,36,36,71,96,96,137,137,161,179,179,179,179,179],"floor_reached":16,"language":"ENG","playtime":406,"items_purged":[],"score":236,"play_id":"8791381d-7d75-4dd1-8c04-7301c55ce29e","local_time":"20210220163036","is_ascension_mode":true,"campfire_choices":[{"data":"ReplayTheSpireMod:Calculation Training","floor":6,"key":"SMITH"},{"floor":11,"key":"REST"},{"floor":15,"key":"REST"}],"circlet_count":0,"master_deck":["AscendersBane","Strike_B","Strike_B","Strike_B","Strike_B","Defend_B","Defend_B","Defend_B+1","Defend_B+1","Zap","Dualcast","Crystallizer","Gash+1","Streamline","ReplayTheSpireMod:Calculation Training+1","Gash","Reprogram","Skim","Stack","BootSequence","Conserve Battery"],"relics":["Cracked Core","NeowsBlessing","Golden Idol","hubris:FunFungus","Replay:Rubber Ducky","War Paint","hubris:Icosahedron"],"acts_visited":["Exordium"],"potions_floor_usage":[10,16,16],"damage_taken":[{"damage":0,"enemies":"2 Louse","floor":1,"turns":1},{"damage":0,"enemies":"Small Slimes","floor":4,"turns":1},{"damage":0,"enemies":"Gremlin Nob","floor":7,"turns":1},{"damage":4,"enemies":"Jaw Worm","floor":8,"turns":3},{"damage":29,"enemies":"3 Sentries","floor":10,"turns":6},{"damage":11,"enemies":"3 Louse","floor":12,"turns":4},{"damage":17,"enemies":"Gremlin Gang","floor":13,"turns":4},{"damage":28,"enemies":"The Guardian","floor":16,"turns":4}],"seed_played":"-1589566168802371648","potions_obtained":[{"floor":7,"key":"Energy Potion"},{"floor":13,"key":"SkillPotion"}],"is_trial":false,"path_per_floor":["M","$","?","M","?","R","E","M","T","E","R","M","M","?","R","B"],"character_chosen":"DEFECT","items_purchased":["Gash+1","Streamline"],"campfire_rested":2,"item_purchase_floors":[2,2],"current_hp_per_floor":[64,64,40,40,40,40,40,36,36,9,30,19,2,2,23,0,0],"gold":179,"neow_bonus":"THREE_ENEMY_KILL","is_daily":false,"chose_seed":false,"campfire_upgraded":1,"win_rate":0.0,"timestamp":1613860236,"path_taken":["M","$","?","M","?","R","E","M","T","E","R","M","M","?","R","BOSS"],"items_purchased_type":["Card","Card"],"build_version":"2020-12-22","purchased_purges":0,"victory":false,"max_hp_per_floor":[71,71,71,71,71,71,71,71,71,71,71,71,71,71,71,71,71],"card_choices":[{"not_picked":["Sweeping Beam","Darkness"],"picked":"Crystallizer","floor":1},{"not_picked":["Compile Driver","Redo"],"picked":"ReplayTheSpireMod:Calculation Training","floor":4},{"not_picked":["Sweeping Beam","Leap"],"picked":"Reprogram","floor":7},{"not_picked":["Tempest","Go for the Eyes"],"picked":"Skim","floor":8},{"not_picked":["Compile Driver","Steam"],"picked":"Stack","floor":10},{"not_picked":["Redo","Coolheaded"],"picked":"BootSequence","floor":12},{"not_picked":["Turbo","Stack"],"picked":"Conserve Battery","floor":13}],"player_experience":977880,"relics_obtained":[{"floor":7,"key":"hubris:FunFungus"},{"floor":9,"key":"Replay:Rubber Ducky"},{"floor":10,"key":"War Paint"}],"event_choices":[{"damage_healed":0,"gold_gain":0,"player_choice":"Take Damage","damage_taken":24,"relics_obtained":["Golden Idol"],"max_hp_gain":0,"max_hp_loss":0,"event_name":"Golden Idol","floor":3,"gold_loss":0}],"is_beta":false,"boss_relics":[],"items_purged_floors":[],"is_endless":false,"potions_floor_spawned":[7,13],"killed_by":"The Guardian","ascension_level":15}}