{"host":"ju66gn9zov5ov15o","time":1613807239,"event":{"mods":["100% Spire Juice","2.2 Compatiblity","Act Like it!","Aspiration","BaseMod","Conspire","Downfall","GifTheSpireLib","Hubris","Lobotomy","LobotomyExtend","Marisa????????","Minty Spire (QoL Compilation)","Pale of the Ancients","Rare Cards Sparkle","Relic Stats","Ruina","Shapeshifter Mod","StSLib","The Alterego","The Animator"],"gold_per_floor":[111,111,111,124,136,136,168,185,237,237,251,251,286,309,309,410,410,429,429,354,370,370,396,396,416,440,472,485,485,485],"floor_reached":29,"language":"ENG","playtime":1191,"items_purged":["SpecialBullet"],"score":363,"play_id":"6676a3db-0842-4938-91ad-c0e10e190373","local_time":"20210220084719","is_ascension_mode":false,"campfire_choices":[],"circlet_count":0,"master_deck":["SpecialBullet","SpecialBullet","SpecialBullet","SpecialBullet","SpecialBullet","SpecialBullet","SecurityCode","ExtractionCode","ControlCode","Logging","Scorched","Moonlight+1","Noise","TT2Protocol","SilentOrchestra","CrumblingArmor","CherryBlossoms","LifeForTheDareDevil","Lantern+1","DisciplinaryCode","CENSORED_ego","NothingThere","SpecialBullet","MagicBullet+1","Soda+1","DreamingCurrent"],"relics":["CogitoBucket","LetterFromLob","Molten Egg 2","Bag of Marbles","Theresia","Toy Ornithopter","Odd Mushroom","aspiration:RitualDagger","Frozen Eye","AdjustmentMirror","Pen Nib","Vajra","conspire:TopHat"],"acts_visited":["Exordium","ruina:Briah"],"potions_floor_usage":[21],"damage_taken":[{"damage":10,"enemies":"Small Slimes","floor":1,"turns":3},{"damage":0,"enemies":"Cultist","floor":4,"turns":2},{"damage":0,"enemies":"2 Louse","floor":5,"turns":1},{"damage":0,"enemies":"Gremlin Nob","floor":7,"turns":2},{"damage":0,"enemies":"Gremlin Gang","floor":8,"turns":1},{"damage":24,"enemies":"3 Louse","floor":11,"turns":2},{"damage":0,"enemies":"conspire:MimicChest","floor":13,"turns":2},{"damage":0,"enemies":"The Mushroom Lair","floor":14,"turns":1},{"damage":0,"enemies":"Slime Boss","floor":16,"turns":3},{"damage":14,"enemies":"ruina:BadWolf","floor":18,"turns":2},{"damage":69,"enemies":"ruina:2_Scarecrows","floor":21,"turns":3},{"damage":9,"enemies":"ruina:ServantOfWrath","floor":23,"turns":3},{"damage":83,"enemies":"ruina:KnightOfDespair","floor":25,"turns":4},{"damage":108,"enemies":"ruina:Mountain","floor":27,"turns":6},{"damage":66,"enemies":"ruina:KingOfGreed","floor":28,"turns":3},{"damage":134,"enemies":"ruina:Nos_and_Bat","floor":29,"turns":4}],"seed_played":"8551868704914057180","potions_obtained":[{"floor":1,"key":"SpeedPotion"},{"floor":4,"key":"FairyPotion"},{"floor":5,"key":"Regen Potion"},{"floor":21,"key":"Dexterity Potion"},{"floor":25,"key":"bronze:BurnAndBuffPotion"}],"is_trial":false,"path_per_floor":["M","?","?","M","M","R","E","M","T","?","M","R","?","?","R","B",null,"M","?","$","M","?","E","R","M","T","E","M","M"],"character_chosen":"Angela","items_purchased":[],"campfire_rested":0,"item_purchase_floors":[],"current_hp_per_floor":[68,68,68,70,70,70,70,70,70,70,54,54,66,66,66,66,70,56,63,63,8,8,41,41,70,70,19,29,0,0],"gold":485,"neow_bonus":"TRANSFORM_CARD","is_daily":false,"chose_seed":false,"campfire_upgraded":0,"win_rate":0.0,"timestamp":1613807239,"path_taken":["M","?","?","?","M","R","E","M","T","?","?","R","?","?","R","BOSS","M","?","$","M","?","E","R","M","T","E","M","M"],"items_purchased_type":[],"build_version":"2020-12-22","purchased_purges":1,"victory":false,"max_hp_per_floor":[70,70,70,70,70,70,70,70,70,70,70,70,70,70,70,70,70,70,70,70,70,70,70,70,70,70,70,70,70,70],"relic_stats":{"counters":[19,45],"Pen Nib":[2],"obtain_stats":[{"Vajra":26,"Pen Nib":23,"Odd Mushroom":14,"AdjustmentMirror":21,"conspire:TopHat":27,"Frozen Eye":21,"CogitoBucket":0,"Molten Egg 2":7,"LetterFromLob":1,"Bag of Marbles":9,"aspiration:RitualDagger":17,"Theresia":11,"Toy Ornithopter":13},{"Vajra":15,"Pen Nib":14,"Odd Mushroom":9,"AdjustmentMirror":13,"conspire:TopHat":16,"Frozen Eye":11,"CogitoBucket":0,"Molten Egg 2":4,"LetterFromLob":1,"Bag of Marbles":5,"aspiration:RitualDagger":10,"Theresia":7,"Toy Ornithopter":8},{"Vajra":31,"Pen Nib":27,"Odd Mushroom":15,"AdjustmentMirror":24,"conspire:TopHat":37,"Frozen Eye":20,"CogitoBucket":0,"Molten Egg 2":8,"LetterFromLob":3,"Bag of Marbles":9,"aspiration:RitualDagger":18,"Theresia":12,"Toy Ornithopter":14}],"Toy Ornithopter":5},"card_choices":[{"not_picked":["GalaxyChild","Alriune"],"picked":"Scorched","floor":1},{"not_picked":["RedEyes"],"picked":"Moonlight","floor":1},{"not_picked":["SolemnVow","Harmony"],"picked":"SKIP","floor":1},{"not_picked":["PunishingBird","GreedKing"],"picked":"DespairKnight","floor":4},{"not_picked":["Hypocrisy","Logging"],"picked":"SKIP","floor":4},{"not_picked":["RedEyes"],"picked":"Noise","floor":5},{"not_picked":["MHz","PunishingBird"],"picked":"SilentOrchestra","floor":7},{"not_picked":["Regret_ego","FourthMatchFlame+1"],"picked":"SKIP","floor":7},{"not_picked":["Regret_ego","FourthMatchFlame+1"],"picked":"SKIP","floor":7},{"not_picked":["TodaysExpression","Loneliness"],"picked":"SKIP","floor":8},{"not_picked":["MHz","BeautyBeast"],"picked":"CrumblingArmor","floor":11},{"not_picked":["SomewhereSpear","Horn+1"],"picked":"SKIP","floor":11},{"not_picked":["Horn+1","Loneliness"],"picked":"SKIP","floor":11},{"not_picked":["SpiderBud","FieryBird"],"picked":"CherryBlossoms","floor":13},{"not_picked":["Noise"],"picked":"LifeForTheDareDevil","floor":13},{"not_picked":["TodaysExpression"],"picked":"Lantern+1","floor":14},{"not_picked":["Pinks"],"picked":"CENSORED_ego","floor":16},{"not_picked":["SomewhereSpear+1","Harvest+1"],"picked":"SKIP","floor":18},{"not_picked":["Lantern+1","TodaysExpression"],"picked":"SKIP","floor":21},{"not_picked":["Yin","GreedKing"],"picked":"NothingThere","floor":23},{"not_picked":["Lamp+1"],"picked":"MagicBullet+1","floor":23},{"not_picked":["GoldRush+1"],"picked":"Soda+1","floor":23},{"not_picked":["CUTE","RapturousDream"],"picked":"SKIP","floor":25},{"not_picked":["Galaxy+1","MagicBullet+1"],"picked":"SKIP","floor":25},{"not_picked":["UniverseFragment","WallGazer"],"picked":"DreamingCurrent","floor":27},{"not_picked":["Amita+1","Soda"],"picked":"SKIP","floor":27},{"not_picked":["Logging+1","SomewhereSpear"],"picked":"SKIP","floor":28}],"player_experience":519323,"relics_obtained":[{"floor":1,"key":"LetterFromLob"},{"floor":7,"key":"Molten Egg 2"},{"floor":9,"key":"Bag of Marbles"},{"floor":13,"key":"Toy Ornithopter"},{"floor":14,"key":"Odd Mushroom"},{"floor":23,"key":"Pen Nib"},{"floor":26,"key":"Vajra"},{"floor":27,"key":"conspire:TopHat"}],"event_choices":[{"damage_healed":0,"gold_gain":0,"player_choice":"Leave","damage_taken":0,"max_hp_gain":0,"max_hp_loss":0,"event_name":"conspire:Investor","floor":2,"gold_loss":0},{"cards_removed":["DespairKnight"],"damage_healed":0,"gold_gain":0,"player_choice":"Offered Uncommon","damage_taken":0,"max_hp_gain":0,"max_hp_loss":0,"event_name":"Bonfire Elementals","floor":10,"gold_loss":0},{"damage_healed":0,"gold_gain":0,"player_choice":"Fought Mushrooms","damage_taken":0,"max_hp_gain":0,"max_hp_loss":0,"event_name":"Mushrooms","floor":14,"gold_loss":0}],"is_beta":false,"boss_relics":[{"not_picked":["Cursed Key","conspire:SlowCooker"],"picked":"aspiration:RitualDagger"}],"items_purged_floors":[20],"is_endless":false,"potions_floor_spawned":[1,4,5,13,14,21,25],"killed_by":"ruina:Nos_and_Bat","ascension_level":0}}