{"host":"7108daw7adv7mxyd","time":1613853094,"event":{"mods":["BaseMod","Minty Spire (QoL Compilation)","StSLib"],"gold_per_floor":[112,126,4,4,20,45,10,10,10,10,20,35,35,35,35,136,136,147,147,62,73,73,73],"floor_reached":22,"language":"ENG","playtime":703,"items_purged":["Defend_P"],"score":212,"play_id":"13f97427-9ca2-4834-bac5-ab8d5f579f11","local_time":"20210220153134","is_ascension_mode":true,"campfire_choices":[{"floor":8,"key":"REST"},{"floor":10,"key":"REST"},{"floor":13,"key":"REST"},{"data":"ForeignInfluence","floor":15,"key":"SMITH"}],"circlet_count":0,"master_deck":["Strike_P","Strike_P","Defend_P","Defend_P","Eruption","Vigilance","Prostrate","Prostrate","Devotion","ForeignInfluence+1","Conclude","Devotion","FearNoEvil+1","Collect+1","Swivel+1","Protect"],"relics":["PureWater","NeowsBlessing","Lizard Tail","TungstenRod","Astrolabe","The Courier"],"acts_visited":["Exordium","TheCity"],"potions_floor_usage":[6,11,18,22],"damage_taken":[{"damage":0,"enemies":"Cultist","floor":1,"turns":1},{"damage":0,"enemies":"Jaw Worm","floor":2,"turns":1},{"damage":0,"enemies":"2 Louse","floor":5,"turns":1},{"damage":42,"enemies":"Gremlin Nob","floor":6,"turns":5},{"damage":10,"enemies":"Blue Slaver","floor":11,"turns":3},{"damage":17,"enemies":"3 Louse","floor":12,"turns":3},{"damage":78,"enemies":"Hexaghost","floor":16,"turns":11},{"damage":16,"enemies":"Shell Parasite","floor":18,"turns":7},{"damage":22,"enemies":"2 Thieves","floor":21,"turns":4},{"damage":30,"enemies":"Cultist and Chosen","floor":22,"turns":5}],"seed_played":"1163346981567934203","potions_obtained":[{"floor":5,"key":"Dexterity Potion"},{"floor":6,"key":"PowerPotion"},{"floor":16,"key":"Dexterity Potion"},{"floor":21,"key":"Strength Potion"}],"is_trial":false,"path_per_floor":["M","M","$","?","M","E","$","R","T","R","M","M","R","$","R","B",null,"M","?","?","M","M"],"character_chosen":"WATCHER","items_purchased":["Prostrate","ForeignInfluence"],"campfire_rested":3,"item_purchase_floors":[3,7],"current_hp_per_floor":[72,72,72,77,77,35,35,58,58,77,67,50,73,73,73,38,77,61,48,48,26,0,0],"gold":73,"neow_bonus":"THREE_ENEMY_KILL","is_daily":false,"chose_seed":false,"campfire_upgraded":1,"win_rate":0.0,"timestamp":1613853094,"path_taken":["M","?","$","?","M","E","$","R","T","R","M","M","R","?","R","BOSS","M","?","?","M","M"],"items_purchased_type":["Card","Card"],"build_version":"2020-12-22","purchased_purges":1,"victory":false,"max_hp_per_floor":[72,72,72,77,77,77,77,77,77,77,77,77,77,77,77,77,77,77,82,82,82,82,82],"card_choices":[{"not_picked":["CrushJoints","MentalFortress","SashWhip"],"picked":"SKIP","floor":1},{"not_picked":["Protect","WindmillStrike","Halt"],"picked":"SKIP","floor":2},{"not_picked":["JustLucky","EmptyMind"],"picked":"Prostrate","floor":5},{"not_picked":["FearNoEvil","Scrawl"],"picked":"Devotion","floor":6},{"not_picked":["CrushJoints","WheelKick"],"picked":"Conclude","floor":11},{"not_picked":["Evaluate","ReachHeaven","BowlingBash"],"picked":"SKIP","floor":12},{"not_picked":["Omniscience","ConjureBlade"],"picked":"Devotion","floor":16},{"not_picked":["CutThroughFate","EmptyFist","WaveOfTheHand"],"picked":"SKIP","floor":18},{"not_picked":["PathToVictory+1","BowlingBash"],"picked":"Protect","floor":21}],"player_experience":316518,"relics_obtained":[{"floor":6,"key":"Lizard Tail"},{"floor":9,"key":"TungstenRod"}],"event_choices":[{"damage_healed":0,"gold_gain":0,"player_choice":"Donut","damage_taken":0,"max_hp_gain":5,"max_hp_loss":0,"event_name":"Big Fish","floor":4,"gold_loss":0},{"damage_healed":0,"gold_gain":0,"player_choice":"Shed Blood","damage_taken":19,"max_hp_gain":5,"max_hp_loss":0,"event_name":"Forgotten Altar","floor":19,"gold_loss":0},{"damage_healed":0,"gold_gain":0,"player_choice":"Obtained Relic","damage_taken":0,"relics_obtained":["The Courier"],"max_hp_gain":0,"max_hp_loss":0,"event_name":"Addict","floor":20,"gold_loss":85}],"is_beta":false,"boss_relics":[{"not_picked":["Velvet Choker","Coffee Dripper"],"picked":"Astrolabe"}],"items_purged_floors":[3],"is_endless":false,"potions_floor_spawned":[5,6,16,21],"killed_by":"Cultist and Chosen","ascension_level":3}}