{"host":"or8fr2mp0k3eluj8","time":1613835363,"event":{"mods":["AchievementEnabler","BaseMod","Colored Map","DeckTracker","Keyboard Shortcuts","Minty Spire (QoL Compilation)","StSLib","SuperFastMode","everything is the same but u backflip on backflip"],"gold_per_floor":[118,118,118,118,131,131,163,174,225,258,270,282,319,347,359,472,484,513,450,450,469,469,469,482,511,511,511,511,540,51,69,69,173,173,193,0,0,0,13,46,63,63,63],"floor_reached":42,"language":"KOR","playtime":3099,"items_purged":["Strike_B","Defend_B"],"score":547,"play_id":"5a332aaf-f20a-4374-a7fd-e33cfb3d0bb1","local_time":"20210221003603","is_ascension_mode":true,"campfire_choices":[{"data":"Zap","floor":6.0,"key":"SMITH"},{"data":"Dualcast","floor":11.0,"key":"SMITH"},{"floor":15.0,"key":"DIG"},{"floor":23.0,"key":"DIG"},{"floor":28.0,"key":"REST"},{"floor":32,"key":"REST"}],"circlet_count":0,"master_deck":["Strike_B","Strike_B+1","Defend_B","Defend_B+1","Defend_B","Zap+1","Dualcast+1","Steam","Rebound","Defragment+1","Capacitor","Coolheaded","Redo","Ball Lightning","Double Energy+1","Chill","Seek","Heatsinks","Coolheaded","Machine Learning","Heatsinks+1","Fission"],"relics":["Cracked Core","NeowsBlessing","DataDisk","Shovel","MawBank","Odd Mushroom","Pantograph","Strawberry","Inserter","Shuriken","Calipers","Mummified Hand","PreservedInsect","Membership Card","Happy Flower","Torii","Sozu","Red Mask","Ornamental Fan"],"acts_visited":["Exordium","TheCity","TheBeyond"],"potions_floor_usage":[],"damage_taken":[{"damage":0.0,"enemies":"Jaw Worm","floor":1.0,"turns":1.0},{"damage":0.0,"enemies":"2 Louse","floor":5.0,"turns":1.0},{"damage":0.0,"enemies":"Lagavulin","floor":7.0,"turns":1.0},{"damage":7.0,"enemies":"Small Slimes","floor":8.0,"turns":3.0},{"damage":21.0,"enemies":"The Mushroom Lair","floor":10.0,"turns":3.0},{"damage":13.0,"enemies":"3 Sentries","floor":13.0,"turns":7.0},{"damage":0.0,"enemies":"2 Fungi Beasts","floor":14.0,"turns":3.0},{"damage":42.0,"enemies":"Hexaghost","floor":16.0,"turns":11.0},{"damage":6.0,"enemies":"Chosen","floor":18.0,"turns":4.0},{"damage":22.0,"enemies":"3 Byrds","floor":21.0,"turns":4.0},{"damage":15.0,"enemies":"3 Cultists","floor":24.0,"turns":5.0},{"damage":41.0,"enemies":"Slavers","floor":25.0,"turns":6.0},{"damage":13.0,"enemies":"Gremlin Leader","floor":29.0,"turns":8.0},{"damage":16.0,"enemies":"Snecko","floor":31.0,"turns":5.0},{"damage":15,"enemies":"Collector","floor":33,"turns":14},{"damage":24,"enemies":"3 Shapes","floor":35,"turns":6},{"damage":7,"enemies":"3 Darklings","floor":39,"turns":7},{"damage":40,"enemies":"Reptomancer","floor":40,"turns":11},{"damage":1,"enemies":"Sphere and 2 Shapes","floor":41,"turns":6},{"damage":24,"enemies":"Nemesis","floor":42,"turns":7}],"seed_played":"-6453684884344407946","potions_obtained":[{"floor":5.0,"key":"PotionOfCapacity"},{"floor":8.0,"key":"LiquidMemories"},{"floor":10.0,"key":"PotionOfCapacity"},{"floor":25.0,"key":"BlessingOfTheForge"},{"floor":31,"key":"BlessingOfTheForge"}],"is_trial":false,"path_per_floor":["M","?","T","?","M","R","E","M","T","?","R","?","E","M","R","B",null,"M","$","?","M","?","R","M","E","T","T","R","E","$","M","R","B",null,"M","?","$","?","M","E","M","E"],"character_chosen":"DEFECT","items_purchased":["Membership Card","Happy Flower","Torii","Heatsinks","Regen Potion"],"campfire_rested":2,"item_purchase_floors":[30,30,30,30,30],"current_hp_per_floor":[75,60,60,65,65,65,65,58,58,37,37,37,24,24,31,14,87,81,81,81,59,59,59,44,3,3,3,29,16,16,14,40,50,87,63,63,63,63,56,16,15,0,0],"gold":63,"neow_bonus":"THREE_ENEMY_KILL","is_daily":false,"chose_seed":false,"campfire_upgraded":2,"win_rate":0.0,"timestamp":1613835363,"path_taken":["M","?","?","?","M","R","E","M","T","?","R","?","E","?","R","BOSS","M","$","?","?","?","R","M","E","T","?","R","E","$","M","R","BOSS","M","?","$","?","?","E","M","E"],"items_purchased_type":["Relic","Relic","Relic","Card","Potion"],"build_version":"2020-12-22","purchased_purges":2,"victory":false,"max_hp_per_floor":[75,75,75,80,80,80,80,80,80,80,80,80,80,80,87,87,87,87,87,87,87,87,87,87,87,87,87,87,87,87,87,87,87,87,87,87,87,83,83,83,83,83,83],"card_choices":[{"not_picked":["Barrage","Static Discharge"],"picked":"Steam","floor":1.0},{"not_picked":["Turbo","Auto Shields"],"picked":"Rebound","floor":5.0},{"not_picked":["Gash","Rebound"],"picked":"Defragment","floor":7.0},{"not_picked":["Sweeping Beam","Beam Cell"],"picked":"Capacitor","floor":8.0},{"not_picked":["Multi-Cast","Sweeping Beam"],"picked":"Coolheaded","floor":10.0},{"not_picked":["Echo Form","Buffer"],"picked":"Redo","floor":13.0},{"not_picked":["Barrage","Leap","Coolheaded"],"picked":"SKIP","floor":14.0},{"not_picked":["Go for the Eyes","Streamline"],"picked":"Ball Lightning","floor":18.0},{"not_picked":["Static Discharge","Heatsinks","Aggregate"],"picked":"SKIP","floor":21.0},{"not_picked":["Reprogram","Chaos"],"picked":"Double Energy+1","floor":24.0},{"not_picked":["Rip and Tear","Heatsinks"],"picked":"Chill","floor":25.0},{"not_picked":["Turbo+1","Force Field"],"picked":"Seek","floor":29.0},{"not_picked":["Redo","Rebound"],"picked":"Coolheaded","floor":31},{"not_picked":["All For One","Seek"],"picked":"Machine Learning","floor":33},{"not_picked":["Turbo+1","Streamline+1"],"picked":"Heatsinks+1","floor":35},{"not_picked":["Conserve Battery+1","Hologram","Steam"],"picked":"SKIP","floor":39},{"not_picked":["Rebound","Barrage","Conserve Battery"],"picked":"SKIP","floor":40},{"not_picked":["Genetic Algorithm+1","Stack"],"picked":"Fission","floor":41}],"player_experience":406206,"relics_obtained":[{"floor":3.0,"key":"DataDisk"},{"floor":7.0,"key":"Shovel"},{"floor":9.0,"key":"MawBank"},{"floor":10.0,"key":"Odd Mushroom"},{"floor":13.0,"key":"Pantograph"},{"floor":15.0,"key":"Strawberry"},{"floor":23.0,"key":"Shuriken"},{"floor":25.0,"key":"Calipers"},{"floor":27.0,"key":"Mummified Hand"},{"floor":29.0,"key":"PreservedInsect"},{"floor":40,"key":"Ornamental Fan"}],"event_choices":[{"damage_healed":0.0,"max_hp_gain":0.0,"max_hp_loss":0.0,"gold_gain":0.0,"event_name":"Shining Light","player_choice":"Entered Light","floor":2.0,"gold_loss":0.0,"damage_taken":15.0,"cards_upgraded":["Defend_B","Strike_B"]},{"damage_healed":0.0,"max_hp_gain":5.0,"max_hp_loss":0.0,"gold_gain":0.0,"event_name":"Big Fish","player_choice":"Donut","floor":4.0,"gold_loss":0.0,"damage_taken":0.0},{"damage_healed":0.0,"max_hp_gain":0.0,"max_hp_loss":0.0,"gold_gain":0.0,"event_name":"Mushrooms","player_choice":"Fought Mushrooms","floor":10.0,"gold_loss":0.0,"damage_taken":0.0},{"damage_healed":0.0,"max_hp_gain":0.0,"max_hp_loss":0.0,"gold_gain":0.0,"event_name":"Liars Game","player_choice":"Ignored","floor":12.0,"gold_loss":0.0,"damage_taken":0.0},{"damage_healed":0.0,"max_hp_gain":0.0,"max_hp_loss":0.0,"gold_gain":0.0,"event_name":"Upgrade Shrine","player_choice":"Upgraded","floor":20.0,"gold_loss":0.0,"damage_taken":0.0,"cards_upgraded":["Defragment"]},{"cards_removed":["Strike_B"],"damage_healed":0.0,"max_hp_gain":0.0,"max_hp_loss":0.0,"gold_gain":0.0,"event_name":"Back to Basics","player_choice":"Elegance","floor":22.0,"gold_loss":0.0,"damage_taken":0.0},{"damage_healed":0,"gold_gain":0,"player_choice":"Paid","damage_taken":0,"relics_obtained":["Red Mask"],"max_hp_gain":0,"max_hp_loss":0,"event_name":"Tomb of Lord Red Mask","floor":36,"gold_loss":193},{"damage_healed":0,"gold_gain":0,"player_choice":"Max HP","damage_taken":0,"max_hp_gain":0,"max_hp_loss":4,"event_name":"Winding Halls","floor":38,"gold_loss":0}],"is_beta":false,"boss_relics":[{"not_picked":["Ectoplasm","Nuclear Battery"],"picked":"Inserter"},{"not_picked":["SacredBark","Tiny House"],"picked":"Sozu"}],"items_purged_floors":[19,30],"is_endless":false,"potions_floor_spawned":[5,8,10,21,25,31,41],"killed_by":"Nemesis","ascension_level":2}}