{"host":"zq15pup7vna0uxo1","time":1613822947,"event":{"mods":["BaseMod","Bestiary","Colored Map","Downfall","Infinite Spire","Minty Spire (QoL Compilation)","Replay The Spire","Robot Space Explorer","StSLib"],"gold_per_floor":[110,122,122,133,150,178,178,205,205,205,205,205],"floor_reached":11,"language":"ENG","playtime":453,"items_purged":[],"score":91,"play_id":"e4ecffc3-5786-44ed-b1d5-396bd78d9940","local_time":"20210220130907","is_ascension_mode":true,"campfire_choices":[{"data":"FIFO Queue","floor":7,"key":"SMITH"}],"circlet_count":0,"master_deck":["Strike_B","Strike_B","Strike_B","Defend_B","Defend_B","Defend_B","Defend_B","Zap+1","Dualcast","Leap","Static Discharge","BasicCrystalCard","Conserve Battery","FIFO Queue+1","Redo","downfall:Haunted","downfall:Haunted","Overencumbered","Thunder Strike+1"],"relics":["Cracked Core","Replay:Wax Seal","Iron Hammer","Golden Egg","Du-Vu Doll"],"acts_visited":[],"potions_floor_usage":[],"damage_taken":[{"damage":2,"enemies":"Jaw Worm","floor":1,"turns":3},{"damage":2,"enemies":"Cultist","floor":2,"turns":4},{"damage":8,"enemies":"Small Slimes","floor":4,"turns":4},{"damage":5,"enemies":"3 Louse","floor":5,"turns":3},{"damage":18,"enemies":"3 Sentries","floor":6,"turns":8},{"damage":28,"enemies":"Gremlin Nob","floor":8,"turns":5},{"damage":18,"enemies":"Lagavulin","floor":11,"turns":3}],"seed_played":"-6519586786042222394","potions_obtained":[{"floor":5,"key":"Milkshake"},{"floor":6,"key":"Toxic Potion"},{"floor":8,"key":"FearPotion"}],"is_trial":false,"path_per_floor":["M","M","?","M","M","E","R","E","T","?","E"],"character_chosen":"DEFECT","items_purchased":[],"campfire_rested":0,"item_purchase_floors":[],"current_hp_per_floor":[73,71,71,63,58,40,40,12,12,12,0,0],"gold":205,"neow_bonus":"REMOVE_CARD","is_daily":false,"chose_seed":false,"campfire_upgraded":1,"win_rate":0.0,"timestamp":1613822947,"path_taken":["M","M","?","M","?","E","R","E","T","?","E"],"items_purchased_type":[],"build_version":"2020-12-22","purchased_purges":0,"victory":false,"max_hp_per_floor":[75,75,75,75,75,75,75,75,75,75,75,75],"card_choices":[{"not_picked":["Go for the Eyes","Blizzard"],"picked":"Leap","floor":1},{"not_picked":["Crystallizer","Sweeping Beam"],"picked":"Static Discharge","floor":2},{"not_picked":["Barrage","Cold Snap"],"picked":"BasicCrystalCard","floor":4},{"not_picked":["BootSequence","Coolheaded"],"picked":"Conserve Battery","floor":5},{"not_picked":["Gash","Rip and Tear"],"picked":"FIFO Queue","floor":6},{"not_picked":["Static Discharge","Coolheaded"],"picked":"Redo","floor":8}],"player_experience":1218980,"relics_obtained":[{"floor":6,"key":"Replay:Wax Seal"},{"floor":8,"key":"Iron Hammer"},{"floor":9,"key":"Golden Egg"}],"event_choices":[{"damage_healed":0,"gold_gain":0,"player_choice":"Forge","damage_taken":0,"max_hp_gain":0,"max_hp_loss":0,"event_name":"Accursed Blacksmith","floor":3,"gold_loss":0,"cards_upgraded":["Zap"]}],"is_beta":false,"boss_relics":[],"items_purged_floors":[],"is_endless":false,"potions_floor_spawned":[5,6,8],"killed_by":"Lagavulin","ascension_level":2}}