{"host":"kxya7qjdvg38mg2t","time":1613859570,"event":{"mods":["AchievementEnabler","BaseMod","Colored Powertips","Highlight Path","Minty Spire (QoL Compilation)","Rare Cards Sparkle","Replay The Spire","StSLib"],"gold_per_floor":[110,130,130,146,14,14,44,44,44,44,64,77,77,97,97,193,193,206,223,223,223,177,206,206,241,241,271,282,299,319,351,351,456,456,468,3,22,22,35,35,65,65,90,18,53,66,81,91,91,91],"floor_reached":51,"language":"ENG","playtime":9430,"items_purged":["Corruption"],"score":1290,"play_id":"82bd3f8e-22ea-4b99-8151-50490a2a7739","local_time":"20210220141930","is_ascension_mode":true,"campfire_choices":[{"data":"Inflame","floor":6.0,"key":"SMITH"},{"floor":8.0,"key":"REST"},{"data":"Perfected Strike","floor":10.0,"key":"SMITH"},{"data":"Fire Breathing","floor":15.0,"key":"SMITH"},{"data":"Thunderclap","floor":40.0,"key":"SMITH"},{"data":"Juggernaut","floor":40.0,"key":"SMITH"},{"floor":42.0,"key":"REST"}],"circlet_count":0,"master_deck":["Strike_R","Strike_R","Strike_R","Strike_R","Strike_R","Defend_R","Defend_R","Defend_R+1","Defend_R","Perfected Strike+1","Replay:Undeath\u0027s Touch","Inflame+1","Dual Wield","Pommel Strike","ReplayTheSpireMod:Strike From Hell","Whirlwind","Pot Of Greed","Pot Of Greed","Fire Breathing+1","Iron Wave","Seeing Red","Impatience+1","ReplayTheSpireMod:Limb From Limb","Feed","Cleave","Perfected Strike","Pot Of Greed","Hallucinations","Shame","Thunderclap+1","Armaments","Eclipse","ReplayTheSpireMod:Strike From Hell","Perfected Strike+1","Shockwave","Replay:Many Hands","Juggernaut+1","Iron Wave","Pot Of Greed","Wild Strike","ReplayTheSpireMod:Muscle Training+1","Madness","Madness","Pommel Strike+1","Shockwave+1","Rage","Twin Strike+1","Berserk","Replay:Undeath\u0027s Touch+1","Feel No Pain+1"],"relics":["Burning Blood","NeowsBlessing","Iron Hammer","Grinning Jar","Black Star","ReplayTheSpireMod:Ring of Addiction","Chameleon Ring","SacredBark","Ring of Panic","Onion Ring","Ornamental Fan","Ancient Tea Set","Orichalcum","War Paint","Darkstone Periapt","Pet Ghost","Ice Cream","Quantum Egg","Omamori","ChewingGum","Replay:Arrowhead","Replay:Rubber Ducky","Happy Flower","ReplayTheSpireMod:Spearhead","Pear","King of Hearts"],"acts_visited":["Exordium","TheCity","TheBeyond"],"potions_floor_usage":[46,48,50,50],"damage_taken":[{"damage":0.0,"enemies":"2 Louse","floor":1.0,"turns":1.0},{"damage":0.0,"enemies":"Cultist","floor":2.0,"turns":1.0},{"damage":0.0,"enemies":"Small Slimes","floor":4.0,"turns":1.0},{"damage":29.0,"enemies":"3 Sentries","floor":7.0,"turns":7.0},{"damage":9.0,"enemies":"2 Fungi Beasts","floor":11.0,"turns":3.0},{"damage":15.0,"enemies":"Exordium Wildlife","floor":12.0,"turns":4.0},{"damage":8.0,"enemies":"Blue Slaver","floor":14.0,"turns":3.0},{"damage":73.0,"enemies":"The Guardian","floor":16.0,"turns":11.0},{"damage":23.0,"enemies":"Spheric Guardian","floor":18.0,"turns":4.0},{"damage":0.0,"enemies":"Chosen","floor":19.0,"turns":4.0},{"damage":13.0,"enemies":"Slavers","floor":23.0,"turns":2.0},{"damage":0.0,"enemies":"Gremlin Leader","floor":25.0,"turns":4.0},{"damage":3.0,"enemies":"Slavers","floor":27.0,"turns":3.0},{"damage":12.0,"enemies":"Shelled Parasite and Fungi","floor":28.0,"turns":3.0},{"damage":0.0,"enemies":"Cultist and Chosen","floor":29.0,"turns":3.0},{"damage":0.0,"enemies":"Snake Plant","floor":30.0,"turns":1.0},{"damage":16.0,"enemies":"Gremlin Leader","floor":31.0,"turns":5.0},{"damage":50.0,"enemies":"Pondfish","floor":33.0,"turns":7.0},{"damage":0.0,"enemies":"Orb Walker","floor":35.0,"turns":2.0},{"damage":0.0,"enemies":"3 Darklings","floor":37.0,"turns":2.0},{"damage":22.0,"enemies":"Sphere and 2 Shapes","floor":39.0,"turns":4.0},{"damage":13.0,"enemies":"R_Hoarder","floor":41.0,"turns":4.0},{"damage":0.0,"enemies":"Giant Head","floor":45.0,"turns":4.0},{"damage":18,"enemies":"Writhing Mass","floor":46,"turns":4},{"damage":6,"enemies":"Jaw Worm Horde","floor":47,"turns":3},{"damage":6,"enemies":"Spire Growth","floor":48,"turns":4},{"damage":9,"enemies":"Awakened One","floor":50,"turns":5}],"seed_played":"-800821735246582601","potions_obtained":[{"floor":7.0,"key":"EntropicBrew"},{"floor":12.0,"key":"SpeedPotion"},{"floor":18.0,"key":"DistilledChaos"},{"floor":19.0,"key":"AttackPotion"},{"floor":20.0,"key":"BloodPotion"},{"floor":20.0,"key":"Swift Potion"},{"floor":24.0,"key":"Weak Potion"},{"floor":24.0,"key":"Explosive Potion"},{"floor":25.0,"key":"Languid Potion"},{"floor":27.0,"key":"FearPotion"},{"floor":32.0,"key":"Toxic Potion"},{"floor":32.0,"key":"Fruit Juice"},{"floor":33.0,"key":"FearPotion"},{"floor":37.0,"key":"Dexterity Potion"},{"floor":39.0,"key":"Flashbang"},{"floor":41.0,"key":"ElixirPotion"},{"floor":47,"key":"Block Potion"},{"floor":49,"key":"Cursed Concoction"},{"floor":49,"key":"Ancient Potion"}],"is_trial":false,"path_per_floor":["M","M","?","M","$","R","E","R","T","R","M","M","?","M","R","B",null,"M","M","?","?","$","E","R","E","T","E","M","M","M","E","R","B",null,"M","$","M","?","M","R","E","R","T","$","E","M","M","M","R","B",null],"character_chosen":"IRONCLAD","items_purchased":["Dual Wield","Pommel Strike","ReplayTheSpireMod:Strike From Hell","Thunderclap","Replay:Arrowhead","Wild Strike","Explosive Potion","Rage"],"campfire_rested":2,"item_purchase_floors":[5,5,5,22,36,36,36,44],"current_hp_per_floor":[80,80,80,80,80,80,57,80,80,80,77,68,68,66,80,29,80,63,69,80,80,80,73,73,79,79,80,77,83,83,73,88,44,98,101,101,101,88,72,72,65,94,94,94,110,98,98,98,98,95],"gold":91,"neow_bonus":"THREE_ENEMY_KILL","is_daily":false,"chose_seed":false,"campfire_upgraded":5,"win_rate":0.0,"timestamp":1613859570,"path_taken":["M","M","?","?","$","R","E","R","T","R","M","M","?","M","R","BOSS","M","?","?","?","?","E","R","E","T","E","?","M","M","E","R","BOSS","M","$","M","?","M","R","E","R","T","$","E","M","M","M","R","BOSS"],"items_purchased_type":["Card","Card","Card","Card","Relic","Card","Potion","Card"],"build_version":"2020-12-22","purchased_purges":1,"victory":true,"max_hp_per_floor":[80,80,80,80,80,80,80,80,80,80,80,80,80,80,80,80,80,80,80,80,80,80,80,80,80,80,80,83,83,83,83,98,98,98,101,101,101,101,101,101,99,99,99,99,110,110,110,110,110,110],"card_choices":[{"not_picked":["Anger","Metallicize"],"picked":"Perfected Strike","floor":1.0},{"not_picked":["ReplayTheSpireMod:Muscle Training","Sword Boomerang"],"picked":"Replay:Undeath\u0027s Touch","floor":2.0},{"not_picked":["Havoc","Infernal Blade"],"picked":"Inflame","floor":4.0},{"not_picked":["Havoc","Armaments"],"picked":"Whirlwind","floor":7.0},{"not_picked":["Anger","Fiend Fire"],"picked":"Fire Breathing","floor":11.0},{"not_picked":["Replay:Undeath\u0027s Touch","Flex"],"picked":"Iron Wave","floor":12.0},{"not_picked":["Clothesline","Clash"],"picked":"ReplayTheSpireMod:Limb From Limb","floor":14.0},{"not_picked":["Brutality","Hemogenesis"],"picked":"Feed","floor":16.0},{"not_picked":["Havoc+1","Headbutt"],"picked":"Cleave","floor":18.0},{"not_picked":["Replay:Undeath\u0027s Touch","Dual Wield"],"picked":"Perfected Strike","floor":19.0},{"not_picked":["Exhume","Flame Barrier+1"],"picked":"Corruption","floor":23.0},{"not_picked":["Clothesline","Havoc+1"],"picked":"Armaments","floor":25.0},{"not_picked":["Spot Weakness","Sever Soul"],"picked":"Eclipse","floor":27.0},{"not_picked":["Run Through","Clothesline"],"picked":"ReplayTheSpireMod:Strike From Hell","floor":28.0},{"not_picked":["Blood for Blood+1","Combust"],"picked":"Perfected Strike+1","floor":29.0},{"not_picked":["ReplayTheSpireMod:Limb From Limb+1","Blood for Blood"],"picked":"Shockwave","floor":30.0},{"not_picked":["Iron Wave","Wild Strike"],"picked":"Replay:Many Hands","floor":31.0},{"not_picked":["Impervious","Barricade"],"picked":"Juggernaut","floor":33.0},{"not_picked":["Blood for Blood+1","Sever Soul+1"],"picked":"Iron Wave","floor":35.0},{"not_picked":["Sword Boomerang+1","ReplayTheSpireMod:Strike From Hell"],"picked":"ReplayTheSpireMod:Muscle Training+1","floor":37.0},{"not_picked":["Twin Strike+1","Replay:Undeath\u0027s Touch"],"picked":"Pommel Strike+1","floor":39.0},{"not_picked":["Life Link+1","Replay:Undeath\u0027s Touch+1"],"picked":"Shockwave+1","floor":41.0},{"not_picked":["Sever Soul+1","Cleave"],"picked":"Twin Strike+1","floor":45.0},{"not_picked":["Second Wind+1","Perfected Strike+1"],"picked":"Berserk","floor":46},{"not_picked":["Headbutt","Shrug It Off+1"],"picked":"Replay:Undeath\u0027s Touch+1","floor":47},{"not_picked":["Body Slam+1","Flame Barrier"],"picked":"Feel No Pain+1","floor":48}],"player_experience":271721,"relics_obtained":[{"floor":7.0,"key":"Iron Hammer"},{"floor":9.0,"key":"Grinning Jar"},{"floor":20.0,"key":"ReplayTheSpireMod:Ring of Addiction"},{"floor":20.0,"key":"Chameleon Ring"},{"floor":20.0,"key":"SacredBark"},{"floor":20.0,"key":"Ring of Panic"},{"floor":23.0,"key":"Ornamental Fan"},{"floor":23.0,"key":"Ancient Tea Set"},{"floor":25.0,"key":"Orichalcum"},{"floor":25.0,"key":"War Paint"},{"floor":26.0,"key":"Darkstone Periapt"},{"floor":27.0,"key":"Pet Ghost"},{"floor":27.0,"key":"Ice Cream"},{"floor":31.0,"key":"Quantum Egg"},{"floor":31.0,"key":"Omamori"},{"floor":41.0,"key":"Replay:Rubber Ducky"},{"floor":41.0,"key":"Happy Flower"},{"floor":43.0,"key":"ReplayTheSpireMod:Spearhead"},{"floor":45.0,"key":"Pear"},{"floor":45.0,"key":"King of Hearts"}],"event_choices":[{"cards_removed":["Bash"],"damage_healed":0.0,"max_hp_gain":0.0,"max_hp_loss":0.0,"gold_gain":0.0,"event_name":"Bonfire Elementals","player_choice":"Offered Basic","floor":3.0,"gold_loss":0.0,"damage_taken":0.0},{"damage_healed":0.0,"max_hp_gain":0.0,"max_hp_loss":0.0,"gold_gain":0.0,"event_name":"Match and Keep!","player_choice":"2 cards matched","floor":13.0,"gold_loss":0.0,"damage_taken":0.0,"cards_obtained":["Seeing Red","Impatience"]},{"damage_healed":0.0,"max_hp_gain":0.0,"max_hp_loss":0.0,"gold_gain":0.0,"event_name":"Addict","player_choice":"Stole Relic","floor":21.0,"gold_loss":0.0,"damage_taken":0.0,"relics_obtained":["Onion Ring"],"cards_obtained":["Shame"]},{"damage_healed":0.0,"max_hp_gain":0.0,"max_hp_loss":0.0,"gold_gain":0.0,"event_name":"Winding Halls","player_choice":"Embrace Madness","floor":38.0,"gold_loss":0.0,"damage_taken":13.0,"cards_obtained":["Madness","Madness"]}],"is_beta":false,"boss_relics":[{"not_picked":["Sozu","SacredBark"],"picked":"Black Star"},{"not_picked":["Replay:Wanted Poster","Abe\u0027s Treasure"],"picked":"ChewingGum"}],"items_purged_floors":[36],"is_endless":false,"potions_floor_spawned":[7,11,12,18,19,25,27,33,37,39,41,47],"ascension_level":2}}