{"host":"6bsan6hkua32tfq7","time":1613789039,"event":{"mods":["BaseMod","Better Third Choice","Colored Map","Highlight Path","Minty Spire (QoL Compilation)","StSLib"],"gold_per_floor":[118,130,140,42,60,91,106,141,164,164,189,189,199,81,81,154,154,166,216,116,128,3,31,48,48,72,106,31,48,48,60,60,134,184,197,216,241,211,211,211,211,211,211],"floor_reached":42,"language":"ENG","playtime":1452,"items_purged":["Strike_G","Strike_G","Defend_G"],"score":1092,"play_id":"b5f05255-226c-4717-ad17-644c8f806f8d","local_time":"20210220034359","is_ascension_mode":true,"campfire_choices":[{"data":"Bouncing Flask","floor":10,"key":"SMITH"},{"data":"Terror","floor":12,"key":"SMITH"},{"data":"Footwork","floor":15,"key":"SMITH"},{"floor":25,"key":"REST"},{"floor":30,"key":"REST"},{"floor":32,"key":"REST"},{"floor":41,"key":"DIG"}],"circlet_count":0,"master_deck":["AscendersBane","Strike_G","Defend_G","Defend_G","Defend_G","Defend_G","Survivor+1","Neutralize","Bouncing Flask+1","Footwork+1","Slice","PiercingWail","Terror+1","Underhanded Strike","Eviscerate","Corpse Explosion","Noxious Fumes","Die Die Die","PiercingWail","Tactician+1","Catalyst","Tools of the Trade","Bouncing Flask","After Image","Blur","PiercingWail+1","Riddle With Holes"],"relics":["Runic Pyramid","PreservedInsect","Ornamental Fan","Pen Nib","Art of War","Juzu Bracelet","Sozu","Dream Catcher","Snake Skull","Blood Vial","Tiny House","Shovel","Nunchaku"],"acts_visited":["Exordium","TheCity","TheBeyond"],"potions_floor_usage":[8,16,16],"damage_taken":[{"damage":3,"enemies":"Cultist","floor":1,"turns":6},{"damage":0,"enemies":"2 Louse","floor":2,"turns":4},{"damage":7,"enemies":"Jaw Worm","floor":3,"turns":3},{"damage":1,"enemies":"3 Louse","floor":5,"turns":5},{"damage":13,"enemies":"Lagavulin","floor":6,"turns":7},{"damage":2,"enemies":"Exordium Thugs","floor":7,"turns":6},{"damage":0,"enemies":"Gremlin Nob","floor":8,"turns":3},{"damage":4,"enemies":"Looter","floor":13,"turns":3},{"damage":0,"enemies":"Slime Boss","floor":16,"turns":6},{"damage":4,"enemies":"Spheric Guardian","floor":18,"turns":4},{"damage":14,"enemies":"3 Byrds","floor":21,"turns":4},{"damage":5,"enemies":"Book of Stabbing","floor":23,"turns":5},{"damage":19,"enemies":"Centurion and Healer","floor":24,"turns":3},{"damage":7,"enemies":"Gremlin Leader","floor":27,"turns":5},{"damage":0,"enemies":"3 Cultists","floor":29,"turns":3},{"damage":7,"enemies":"Snecko","floor":31,"turns":4},{"damage":8,"enemies":"Champ","floor":33,"turns":8},{"damage":17,"enemies":"3 Darklings","floor":35,"turns":3},{"damage":10,"enemies":"Orb Walker","floor":36,"turns":3},{"damage":0,"enemies":"Mind Bloom Boss Battle","floor":37,"turns":5},{"damage":65,"enemies":"2 Orb Walkers","floor":42,"turns":3}],"seed_played":"8328758564696673019","potions_obtained":[{"floor":1,"key":"FearPotion"},{"floor":5,"key":"DistilledChaos"},{"floor":8,"key":"SpeedPotion"},{"floor":13,"key":"Ancient Potion"}],"is_trial":false,"path_per_floor":["M","M","M","?","M","E","M","E","T","R","T","R","M","$","R","B",null,"M","?","$","M","$","E","M","R","T","E","?","M","R","M","R","B",null,"M","M","?","?","?","?","R","?"],"character_chosen":"THE_SILENT","items_purchased":["Noxious Fumes"],"campfire_rested":3,"item_purchase_floors":[14],"current_hp_per_floor":[56,56,49,49,48,35,33,33,33,33,33,33,29,29,29,29,57,53,53,53,39,39,34,15,34,34,27,27,29,48,43,62,56,69,54,46,48,48,48,48,48,0,0],"gold":211,"neow_bonus":"BOSS_RELIC","is_daily":false,"chose_seed":false,"campfire_upgraded":3,"win_rate":0.0,"timestamp":1613789039,"path_taken":["M","?","M","?","M","E","?","E","T","R","?","R","M","$","R","BOSS","M","?","?","M","$","E","M","R","T","E","?","M","R","M","R","BOSS","M","M","?","?","?","?","R","?"],"items_purchased_type":["Card"],"build_version":"2020-12-22","purchased_purges":3,"victory":false,"max_hp_per_floor":[66,66,66,66,66,66,66,66,66,66,66,66,66,66,66,66,66,66,66,66,66,66,66,66,66,66,66,66,66,66,66,66,66,71,71,71,71,71,71,67,67,67,67],"card_choices":[{"not_picked":["Prepared","Deadly Poison"],"picked":"Bouncing Flask","floor":1},{"not_picked":["Concentrate","Backflip"],"picked":"Footwork","floor":2},{"not_picked":["Tactician","Endless Agony"],"picked":"Slice","floor":3},{"not_picked":["Acrobatics","Bane"],"picked":"PiercingWail","floor":5},{"not_picked":["Slice","Escape Plan"],"picked":"Terror","floor":6},{"not_picked":["Riddle With Holes","Setup"],"picked":"Underhanded Strike","floor":7},{"not_picked":["Flying Knee","Deflect"],"picked":"Eviscerate","floor":8},{"not_picked":["Bouncing Flask","Slice"],"picked":"Corpse Explosion","floor":13},{"not_picked":["Bullet Time","Unload"],"picked":"Die Die Die","floor":16},{"not_picked":["Blur","Expertise","Underhanded Strike"],"picked":"SKIP","floor":18},{"not_picked":["Slice","Terror"],"picked":"PiercingWail","floor":21},{"not_picked":["Sucker Punch","Bouncing Flask"],"picked":"Tactician+1","floor":23},{"not_picked":["Heel Hook","Skewer+1","Dodge and Roll"],"picked":"SKIP","floor":24},{"not_picked":["Sucker Punch","Deflect"],"picked":"Catalyst","floor":25},{"not_picked":["Poisoned Stab","Cloak And Dagger","Bane"],"picked":"SKIP","floor":27},{"not_picked":["Cloak And Dagger","Dodge and Roll","Sucker Punch"],"picked":"SKIP","floor":29},{"not_picked":["Distraction","Concentrate"],"picked":"Tools of the Trade","floor":30},{"not_picked":["Poisoned Stab","Predator"],"picked":"Bouncing Flask","floor":31},{"not_picked":["Night Terror","Corpse Explosion"],"picked":"After Image","floor":33},{"not_picked":["Acrobatics+1","Bane+1"],"picked":"Blur","floor":34},{"not_picked":["Quick Slash","Dagger Spray"],"picked":"PiercingWail+1","floor":35},{"not_picked":["Dodge and Roll","Underhanded Strike","Prepared"],"picked":"SKIP","floor":36}],"player_experience":5450799,"relics_obtained":[{"floor":6,"key":"Ornamental Fan"},{"floor":8,"key":"Pen Nib"},{"floor":9,"key":"Art of War"},{"floor":11,"key":"Juzu Bracelet"},{"floor":23,"key":"Dream Catcher"},{"floor":26,"key":"Snake Skull"},{"floor":27,"key":"Blood Vial"},{"floor":37,"key":"Shovel"},{"floor":41,"key":"Nunchaku"}],"event_choices":[{"damage_healed":0,"gold_gain":0,"player_choice":"Paid Gold","damage_taken":0,"relics_obtained":["PreservedInsect"],"max_hp_gain":0,"max_hp_loss":0,"event_name":"WeMeetAgain","floor":4,"gold_loss":98},{"damage_healed":0,"gold_gain":50,"player_choice":"Steal","damage_taken":0,"max_hp_gain":0,"max_hp_loss":0,"event_name":"betterThird:BetterNest","floor":19,"gold_loss":0},{"cards_removed":["Strike_G"],"damage_healed":0,"gold_gain":0,"player_choice":"Gave Gold","damage_taken":0,"max_hp_gain":0,"max_hp_loss":0,"event_name":"Beggar","floor":28,"gold_loss":75},{"damage_healed":0,"gold_gain":0,"player_choice":"Fight","damage_taken":0,"max_hp_gain":0,"max_hp_loss":0,"event_name":"MindBloom","floor":37,"gold_loss":0},{"damage_healed":0,"gold_gain":0,"player_choice":"Bought 2 Potions","damage_taken":0,"max_hp_gain":0,"max_hp_loss":0,"event_name":"The Woman in Blue","floor":38,"gold_loss":0},{"damage_healed":0,"gold_gain":0,"cards_transformed":["Strike_G"],"player_choice":"Transformed","damage_taken":0,"max_hp_gain":0,"max_hp_loss":0,"event_name":"Transmorgrifier","floor":39,"gold_loss":0,"cards_obtained":["Riddle With Holes"]},{"damage_healed":0,"gold_gain":0,"player_choice":"Max HP","damage_taken":0,"max_hp_gain":0,"max_hp_loss":4,"event_name":"Winding Halls","floor":40,"gold_loss":0},{"damage_healed":0,"gold_gain":0,"player_choice":"Fight","damage_taken":0,"max_hp_gain":0,"max_hp_loss":0,"event_name":"Mysterious Sphere","floor":42,"gold_loss":0}],"is_beta":false,"boss_relics":[{"not_picked":["Snecko Eye","Astrolabe"],"picked":"Sozu"},{"not_picked":["Busted Crown","Coffee Dripper"],"picked":"Tiny House"}],"items_purged_floors":[14,20,22],"is_endless":false,"potions_floor_spawned":[1,5,7,8,13,18,21,27,29,33,35,37],"killed_by":"2 Orb Walkers","ascension_level":20}}