{"host":"vx9g5eyuglzorf3u","time":1613841624,"event":{"mods":["2.2 Compatiblity","BaseMod","DeckTracker","Keyboard Shortcuts","Minty Spire (QoL Compilation)","Relic Stats","StSLib","SuperFastMode","everything is the same but u backflip on backflip"],"gold_per_floor":[113,125,138,152,171,199,217,244,244,244,256,256,294,313,313,393,402,424,435,283,283,301,301,335,165,216,245,245,254,254,282,282,365,365,375,392,392,392,411,411,453,463,463,495,359,413,424,440,440,440,440,440,440,53,81,81],"floor_reached":57,"language":"KOR","playtime":3062,"items_purged":["Riddle With Holes","Dagger Throw","Finisher","Blade Dance"],"score":3073,"play_id":"33a34d96-a513-432d-8fdb-c71598abc246","local_time":"20210221022024","is_ascension_mode":true,"campfire_choices":[{"floor":10.0,"key":"REST"},{"data":"Malaise","floor":15.0,"key":"SMITH"},{"data":"Acrobatics","floor":23.0,"key":"SMITH"},{"floor":28.0,"key":"REST"},{"data":"Tactician","floor":30.0,"key":"SMITH"},{"floor":32.0,"key":"RECALL"},{"data":"Grand Finale","floor":40.0,"key":"SMITH"},{"floor":49.0,"key":"REST"},{"data":"Backflip","floor":53.0,"key":"SMITH"}],"circlet_count":0,"master_deck":["AscendersBane","Survivor","Heel Hook","Escape Plan","Acrobatics","PiercingWail","Backflip+1","Malaise+1","Crippling Poison","Accuracy","Grand Finale+1","CurseOfTheBell","Acrobatics+1","Well Laid Plans+1","PiercingWail","Wraith Form v2+1","Footwork+1","Tactician+1","Prepared+1","Tools of the Trade+1","Escape Plan+1","Calculated Gamble","Footwork+1"],"relics":["Pandora\u0027s Box","HornCleat","CeramicFish","Mummified Hand","Blue Candle","Calling Bell","Omamori","Frozen Egg 2","CaptainsWheel","White Beast Statue","Smiling Mask","HoveringKite","Bottled Lightning","Eternal Feather","Unceasing Top","Bottled Tornado","InkBottle"],"acts_visited":["Exordium","TheCity","TheBeyond","TheEnding"],"potions_floor_usage":[56,56],"damage_taken":[{"damage":0.0,"enemies":"Cultist","floor":1.0,"turns":3.0},{"damage":0.0,"enemies":"2 Louse","floor":2.0,"turns":2.0},{"damage":0.0,"enemies":"Small Slimes","floor":3.0,"turns":3.0},{"damage":7.0,"enemies":"3 Louse","floor":4.0,"turns":3.0},{"damage":0.0,"enemies":"Looter","floor":5.0,"turns":2.0},{"damage":6.0,"enemies":"Gremlin Nob","floor":6.0,"turns":3.0},{"damage":0.0,"enemies":"Large Slime","floor":7.0,"turns":3.0},{"damage":12.0,"enemies":"3 Sentries","floor":8.0,"turns":7.0},{"damage":0.0,"enemies":"Exordium Thugs","floor":11.0,"turns":3.0},{"damage":0.0,"enemies":"Lagavulin","floor":13.0,"turns":4.0},{"damage":5.0,"enemies":"Red Slaver","floor":14.0,"turns":4.0},{"damage":2.0,"enemies":"Hexaghost","floor":16.0,"turns":8.0},{"damage":12.0,"enemies":"Shell Parasite","floor":18.0,"turns":5.0},{"damage":8.0,"enemies":"Chosen","floor":19.0,"turns":5.0},{"damage":11.0,"enemies":"Gremlin Leader","floor":24.0,"turns":4.0},{"damage":1.0,"enemies":"Slavers","floor":27.0,"turns":5.0},{"damage":1.0,"enemies":"Snake Plant","floor":31.0,"turns":3.0},{"damage":1.0,"enemies":"Collector","floor":33.0,"turns":3.0},{"damage":2.0,"enemies":"3 Shapes","floor":35.0,"turns":4.0},{"damage":1.0,"enemies":"Orb Walker","floor":36.0,"turns":3.0},{"damage":6.0,"enemies":"4 Shapes","floor":39.0,"turns":3.0},{"damage":1.0,"enemies":"Reptomancer","floor":41.0,"turns":3.0},{"damage":21.0,"enemies":"Transient","floor":42.0,"turns":6.0},{"damage":10.0,"enemies":"Nemesis","floor":44.0,"turns":5.0},{"damage":3.0,"enemies":"2 Orb Walkers","floor":46.0,"turns":4.0},{"damage":1.0,"enemies":"Jaw Worm Horde","floor":47.0,"turns":2.0},{"damage":1.0,"enemies":"Maw","floor":48.0,"turns":3.0},{"damage":24.0,"enemies":"Time Eater","floor":50.0,"turns":7.0},{"damage":1.0,"enemies":"Donu and Deca","floor":51.0,"turns":3.0},{"damage":15,"enemies":"Shield and Spear","floor":55,"turns":3},{"damage":5,"enemies":"The Heart","floor":56,"turns":8}],"seed_played":"7075786900321656866","potions_obtained":[{"floor":1.0,"key":"PowerPotion"},{"floor":5.0,"key":"Explosive Potion"},{"floor":6.0,"key":"SneckoOil"},{"floor":7.0,"key":"CunningPotion"},{"floor":11.0,"key":"Swift Potion"},{"floor":14.0,"key":"AttackPotion"},{"floor":24.0,"key":"Weak Potion"},{"floor":33.0,"key":"Fruit Juice"},{"floor":35.0,"key":"AttackPotion"},{"floor":39.0,"key":"EssenceOfSteel"},{"floor":42.0,"key":"EssenceOfSteel"},{"floor":44.0,"key":"PowerPotion"},{"floor":46.0,"key":"EssenceOfSteel"},{"floor":47.0,"key":"Weak Potion"}],"is_trial":false,"path_per_floor":["M","M","M","M","M","E","M","E","T","R","M","?","E","M","R","B",null,"M","M","$","?","?","R","E","$","T","E","R","?","R","M","R","B",null,"M","M","?","?","M","R","E","M","T","E","$","?","M","M","R","B","B",null,"R","$","E","B",null],"character_chosen":"THE_SILENT","items_purchased":["Well Laid Plans+1","Footwork+1","Regen Potion","Bottled Tornado","Footwork+1"],"campfire_rested":3,"item_purchase_floors":[20,25,45,54,54],"current_hp_per_floor":[59,59,59,52,52,46,46,34,34,53,53,46,46,41,41,39,59,47,39,39,39,39,39,28,28,28,27,46,46,46,45,45,44,61,64,63,63,63,57,57,56,35,35,25,25,34,33,32,65,41,40,63,71,71,56,51],"gold":81,"neow_bonus":"BOSS_RELIC","is_daily":false,"chose_seed":false,"campfire_upgraded":5,"win_rate":0.0,"timestamp":1613841624,"path_taken":["M","M","M","M","M","E","M","E","T","R","?","?","E","M","R","BOSS","M","M","$","?","?","R","E","$","T","E","R","?","R","M","R","BOSS","M","M","?","?","M","R","E","M","T","E","$","?","M","M","R","BOSS","BOSS","R","$","E","BOSS"],"items_purchased_type":["Card","Card","Potion","Relic","Card"],"build_version":"2020-12-22","purchased_purges":4,"victory":true,"max_hp_per_floor":[66,66,66,66,66,66,66,66,66,66,66,66,66,66,66,66,66,66,66,66,66,66,66,66,66,66,66,66,66,66,66,66,66,66,71,71,71,71,71,71,71,71,71,71,71,71,71,71,71,71,71,71,71,71,71,71],"relic_stats":{"counters":[31,124],"Mummified Hand":[112],"CeramicFish":126,"Blue Candle":[18],"HoveringKite":[51],"Pandora\u0027s Box":["Blade Dance","Deflect","Dodge and Roll","Heel Hook","Riddle With Holes","Escape Plan","Infinite Blades","Acrobatics","Dagger Throw","Finisher"],"Eternal Feather":20,"Smiling Mask":175,"obtain_stats":[{"CeramicFish":8,"Blue Candle":13,"HoveringKite":34,"Eternal Feather":44,"Omamori":17,"Frozen Egg 2":17,"Bottled Tornado":54,"Smiling Mask":27,"White Beast Statue":24,"Calling Bell":17,"CaptainsWheel":17,"HornCleat":6,"Mummified Hand":9,"Pandora\u0027s Box":0,"Bottled Lightning":43,"Unceasing Top":46,"InkBottle":55,"Ring of the Snake":0},{"CeramicFish":8,"Blue Candle":10,"HoveringKite":18,"Eternal Feather":24,"Omamori":12,"Frozen Egg 2":12,"Bottled Tornado":29,"Smiling Mask":16,"White Beast Statue":15,"Calling Bell":12,"CaptainsWheel":12,"HornCleat":6,"Mummified Hand":8,"Pandora\u0027s Box":0,"Bottled Lightning":23,"Unceasing Top":25,"InkBottle":30,"Ring of the Snake":0},{"CeramicFish":26,"Blue Candle":33,"HoveringKite":70,"Eternal Feather":94,"Omamori":45,"Frozen Egg 2":45,"Bottled Tornado":113,"Smiling Mask":64,"White Beast Statue":59,"Calling Bell":45,"CaptainsWheel":45,"HornCleat":16,"Mummified Hand":26,"Pandora\u0027s Box":0,"Bottled Lightning":89,"Unceasing Top":98,"InkBottle":116,"Ring of the Snake":0}],"Unceasing Top":[1],"InkBottle":[11]},"card_choices":[{"not_picked":["Bouncing Flask","Flechettes","Deflect"],"picked":"SKIP","floor":1.0},{"not_picked":["Outmaneuver","Slice","Cloak And Dagger"],"picked":"SKIP","floor":2.0},{"not_picked":["Dodge and Roll","Cloak And Dagger"],"picked":"PiercingWail","floor":3.0},{"not_picked":["Underhanded Strike","Choke"],"picked":"Backflip","floor":4.0},{"not_picked":["Flechettes","Eviscerate","Sucker Punch"],"picked":"SKIP","floor":5.0},{"not_picked":["Poisoned Stab","Deflect"],"picked":"Malaise","floor":6.0},{"not_picked":["Flechettes","Sucker Punch"],"picked":"Crippling Poison","floor":7.0},{"not_picked":["Dodge and Roll","Acrobatics","Outmaneuver"],"picked":"SKIP","floor":8.0},{"not_picked":["PiercingWail","Dash","Predator"],"picked":"SKIP","floor":11.0},{"not_picked":["Bane","Backflip"],"picked":"Accuracy","floor":13.0},{"not_picked":["Bane","Concentrate","PiercingWail"],"picked":"SKIP","floor":14.0},{"not_picked":["Envenom","Glass Knife"],"picked":"Grand Finale","floor":16.0},{"not_picked":["Dagger Throw","PiercingWail"],"picked":"Acrobatics","floor":18.0},{"not_picked":["Flechettes","Riddle With Holes","Dash"],"picked":"SKIP","floor":19.0},{"not_picked":["Backflip","Cloak And Dagger","Malaise"],"picked":"SKIP","floor":24.0},{"not_picked":["Outmaneuver","Deflect","Flechettes"],"picked":"SKIP","floor":27.0},{"not_picked":["Noxious Fumes+1","Calculated Gamble"],"picked":"Prepared+1","floor":31.0},{"not_picked":["Bullet Time","Die Die Die"],"picked":"Tools of the Trade+1","floor":33.0},{"not_picked":["Backstab","Heel Hook","Caltrops+1"],"picked":"SKIP","floor":35.0},{"not_picked":["Blade Dance","Bane","Well Laid Plans+1"],"picked":"SKIP","floor":36.0},{"not_picked":["Acrobatics","Underhanded Strike+1","Bane"],"picked":"SKIP","floor":39.0},{"not_picked":["Outmaneuver","Dodge and Roll"],"picked":"Escape Plan+1","floor":41.0},{"not_picked":["Concentrate","Finisher+1","Eviscerate"],"picked":"SKIP","floor":42.0},{"not_picked":["Noxious Fumes+1","Acrobatics","All Out Attack"],"picked":"SKIP","floor":44.0},{"not_picked":["Underhanded Strike","Dodge and Roll"],"picked":"Calculated Gamble","floor":46.0},{"not_picked":["Deflect","Caltrops+1","Underhanded Strike"],"picked":"SKIP","floor":47.0},{"not_picked":["Sucker Punch","Deadly Poison","Acrobatics"],"picked":"SKIP","floor":48.0},{"not_picked":["Masterful Stab","Envenom+1","Leg Sweep+1"],"picked":"SKIP","floor":55}],"player_experience":1532963,"relics_obtained":[{"floor":6.0,"key":"HornCleat"},{"floor":8.0,"key":"CeramicFish"},{"floor":9.0,"key":"Mummified Hand"},{"floor":13.0,"key":"Blue Candle"},{"floor":17.0,"key":"Omamori"},{"floor":17.0,"key":"Frozen Egg 2"},{"floor":17.0,"key":"CaptainsWheel"},{"floor":24.0,"key":"White Beast Statue"},{"floor":27.0,"key":"Smiling Mask"},{"floor":43.0,"key":"Bottled Lightning"},{"floor":44.0,"key":"Eternal Feather"},{"floor":46.0,"key":"Unceasing Top"},{"floor":55,"key":"InkBottle"}],"event_choices":[{"cards_removed":["Dodge and Roll"],"damage_healed":0.0,"max_hp_gain":0.0,"max_hp_loss":0.0,"gold_gain":0.0,"event_name":"Golden Wing","player_choice":"Card Removal","floor":12.0,"gold_loss":0.0,"damage_taken":7.0},{"damage_healed":0.0,"max_hp_gain":0.0,"max_hp_loss":0.0,"gold_gain":0.0,"event_name":"Cursed Tome","player_choice":"Ignored","floor":21.0,"gold_loss":0.0,"damage_taken":0.0},{"damage_healed":0.0,"max_hp_gain":0.0,"max_hp_loss":0.0,"gold_gain":0.0,"cards_transformed":["Neutralize","Deflect"],"event_name":"Drug Dealer","player_choice":"Became Test Subject","floor":22.0,"gold_loss":0.0,"damage_taken":0.0,"cards_obtained":["PiercingWail","Wraith Form v2"]},{"damage_healed":0.0,"max_hp_gain":0.0,"max_hp_loss":0.0,"gold_gain":0.0,"event_name":"The Library","player_choice":"Read","floor":29.0,"gold_loss":0.0,"damage_taken":0.0,"cards_obtained":["Tactician"]},{"damage_healed":0.0,"max_hp_gain":0.0,"max_hp_loss":0.0,"gold_gain":0.0,"event_name":"Tomb of Lord Red Mask","player_choice":"Ignored","floor":37.0,"gold_loss":0.0,"damage_taken":0.0},{"cards_removed":["Infinite Blades"],"damage_healed":0.0,"max_hp_gain":0.0,"max_hp_loss":0.0,"gold_gain":0.0,"event_name":"Falling","player_choice":"Removed Power","floor":38.0,"gold_loss":0.0,"damage_taken":0.0},{"damage_healed":0.0,"max_hp_gain":0.0,"max_hp_loss":0.0,"gold_gain":0.0,"event_name":"Mysterious Sphere","player_choice":"Fight","floor":46.0,"gold_loss":0.0,"damage_taken":0.0}],"is_beta":false,"boss_relics":[{"not_picked":["Black Star","Philosopher\u0027s Stone"],"picked":"Calling Bell"},{"not_picked":["WristBlade","Astrolabe"],"picked":"HoveringKite"}],"items_purged_floors":[20,25,45,54],"is_endless":false,"potions_floor_spawned":[1,5,6,7,11,14,24,27,31,33,35,36,39,41,42,44,46,47,48,55],"ascension_level":20}}