{"host":"fwdkxxz7291ipt0p","time":1613827769,"event":{"mods":["Act Like it!","BaseMod","Downfall","Minty Spire (QoL Compilation)","Relic Filter Mod","Relic Stats","StSLib","The Administrix","The Cursed","The Gatherer","Yakumo Yukari mod","Youmu£®ªÍ∆«—˝√Œ£©"],"gold_per_floor":[115,133,208,222,235,235,235,13,62,95,113,113,113,123,123,219,219,230,130,130,130,147,147,181,181,181,199,199,214,230,230,230,326,326,337,337,337,387,387,85,85,104,104,104,124,137,137,156,156,156],"floor_reached":51,"language":"ZHS","playtime":5318,"items_purged":["AdministrixMod:Strike_Administrix","AdministrixMod:Strike_Administrix"],"score":867,"play_id":"ce1f12d2-2b63-408e-b63b-ea74f2c9f5d5","local_time":"20210220212929","is_ascension_mode":false,"campfire_choices":[{"data":"AdministrixMod:Katabasis","floor":6.0,"key":"SMITH"},{"data":"AdministrixMod:ShadowPlay","floor":12.0,"key":"SMITH"},{"data":"AdministrixMod:Convergence","floor":15.0,"key":"SMITH"},{"data":"AdministrixMod:WickedPunishment","floor":23.0,"key":"SMITH"},{"data":"AdministrixMod:GirlsDoItBetter","floor":25.0,"key":"SMITH"},{"data":"AdministrixMod:RebukeDesires","floor":28.0,"key":"SMITH"},{"floor":32,"key":"REST"},{"data":"1","floor":41,"key":"LIFT"},{"data":"2","floor":44,"key":"LIFT"},{"data":"3","floor":47,"key":"LIFT"},{"data":"AdministrixMod:NewWardrobe","floor":49,"key":"SMITH"}],"circlet_count":0,"master_deck":["AdministrixMod:Strike_Administrix+1","AdministrixMod:Strike_Administrix+1","AdministrixMod:RedCloak+1","AdministrixMod:Defend_Administrix+1","AdministrixMod:Defend_Administrix+1","AdministrixMod:Defend_Administrix+1","AdministrixMod:BlueCloak+1","AdministrixMod:WickedPunishment+1","AdministrixMod:Transition+1","AdministrixMod:Katabasis+1","AdministrixMod:ShadowPlay+1","AdministrixMod:GirlsDoItBetter+1","AdministrixMod:Convergence+1","AdministrixMod:CosmosControl+1","AdministrixMod:PassageOfAges+1","AdministrixMod:CrackingPangu+1","AdministrixMod:HarmonicReverence+1","AdministrixMod:RebukeDesires+1","AdministrixMod:SipOfSparks+1","AdministrixMod:BattleforgedBonds+1","AdministrixMod:DeathByGlamour+1","AdministrixMod:NewWardrobe+1"],"relics":["AdministrixMod:ConductorRitualBaton","Oddly Smooth Stone","Potion Belt","Boot","Runic Pyramid","Matryoshka","StoneCalendar","Akabeko","Bottled Lightning","Nunchaku","Busted Crown","Blue Candle","Bird Faced Urn","Girya","Bronze Scales","White Beast Statue"],"acts_visited":["Exordium","TheCity","TheBeyond"],"potions_floor_usage":[38,50,50,50],"damage_taken":[{"damage":0.0,"enemies":"Small Slimes","floor":1.0,"turns":3.0},{"damage":0.0,"enemies":"2 Louse","floor":2.0,"turns":2.0},{"damage":0.0,"enemies":"Cultist","floor":4.0,"turns":2.0},{"damage":2.0,"enemies":"Looter","floor":5.0,"turns":3.0},{"damage":12.0,"enemies":"Gremlin Nob","floor":10.0,"turns":4.0},{"damage":0.0,"enemies":"Lots of Slimes","floor":11.0,"turns":4.0},{"damage":11.0,"enemies":"Exordium Wildlife","floor":14.0,"turns":2.0},{"damage":0.0,"enemies":"Slime Boss","floor":16.0,"turns":7.0},{"damage":0.0,"enemies":"3 Byrds","floor":18.0,"turns":3.0},{"damage":6.0,"enemies":"Shell Parasite","floor":22.0,"turns":4.0},{"damage":20.0,"enemies":"Slavers","floor":24.0,"turns":5.0},{"damage":2.0,"enemies":"Centurion and Healer","floor":27.0,"turns":4.0},{"damage":3.0,"enemies":"Snake Plant","floor":29.0,"turns":3.0},{"damage":0.0,"enemies":"Snecko","floor":30.0,"turns":3.0},{"damage":0,"enemies":"Automaton","floor":33,"turns":4},{"damage":0,"enemies":"3 Darklings","floor":35,"turns":2},{"damage":8,"enemies":"3 Darklings","floor":37,"turns":10},{"damage":0,"enemies":"Mind Bloom Boss Battle","floor":38,"turns":3},{"damage":0,"enemies":"Orb Walker","floor":42,"turns":3},{"damage":2,"enemies":"Jaw Worm Horde","floor":45,"turns":3},{"damage":0,"enemies":"Transient","floor":46,"turns":5},{"damage":9,"enemies":"3 Darklings","floor":48,"turns":3},{"damage":10,"enemies":"Time Eater","floor":50,"turns":4}],"seed_played":"5028128853826041759","potions_obtained":[{"floor":1.0,"key":"Weak Potion"},{"floor":2.0,"key":"Weak Potion"},{"floor":10.0,"key":"SkillPotion"},{"floor":16.0,"key":"Explosive Potion"},{"floor":24.0,"key":"LiquidBronze"},{"floor":27.0,"key":"Block Potion"},{"floor":29.0,"key":"PanachePotion"},{"floor":35,"key":"Energy Potion"},{"floor":38,"key":"FearPotion"},{"floor":48,"key":"AdministrixMod:AttunementTonic"}],"is_trial":false,"path_per_floor":["M","M","?","M","M","R","?","$","T","E","M","R","?","M","R","B",null,"M","$","?","T","M","R","E","R","T","M","R","M","M","?","R","B",null,"M","?","?","?","?","$","R","M","T","R","M","M","R","M","R","B",null],"character_chosen":"TheAdministrix","items_purchased":["Oddly Smooth Stone","Girya"],"campfire_rested":1,"item_purchase_floors":[8,40],"current_hp_per_floor":[71,71,60,60,58,58,58,58,58,46,46,46,46,35,35,35,71,71,71,71,71,65,65,45,45,45,43,43,40,40,40,61,61,71,71,66,71,71,67,67,67,67,67,67,67,67,67,64,64,60],"gold":156,"neow_bonus":"TEN_PERCENT_HP_BONUS","is_daily":false,"chose_seed":false,"campfire_upgraded":7,"win_rate":0.0,"timestamp":1613827769,"path_taken":["M","M","?","M","M","R","?","$","T","E","?","R","?","M","R","BOSS","M","?","?","?","?","R","E","R","T","M","R","M","M","?","R","BOSS","M","?","?","?","?","$","R","?","T","R","M","M","R","?","R","BOSS"],"items_purchased_type":["Relic","Relic"],"build_version":"2020-12-22","purchased_purges":2,"victory":true,"max_hp_per_floor":[71,71,71,71,71,71,71,71,71,71,71,71,71,71,71,71,71,71,71,71,71,71,71,71,71,71,71,71,71,71,71,71,71,71,71,71,71,71,67,67,67,67,67,67,67,67,67,67,67,67],"relic_stats":{"Nunchaku":[10],"Busted Crown":20,"counters":[23,86],"Blue Candle":[0],"Bird Faced Urn":[14],"Bronze Scales":[57],"StoneCalendar":[52],"Boot":[138],"obtain_stats":[{"Potion Belt":9,"Girya":40,"Blue Candle":36,"Oddly Smooth Stone":8,"StoneCalendar":24,"AdministrixMod:ConductorRitualBaton":0,"Boot":10,"Akabeko":26,"White Beast Statue":43,"Nunchaku":31,"Matryoshka":21,"Busted Crown":34,"Bird Faced Urn":38,"Bronze Scales":43,"Bottled Lightning":26,"Runic Pyramid":17},{"Potion Belt":4,"Girya":18,"Blue Candle":16,"Oddly Smooth Stone":4,"StoneCalendar":11,"AdministrixMod:ConductorRitualBaton":0,"Boot":5,"Akabeko":11,"White Beast Statue":19,"Nunchaku":14,"Matryoshka":9,"Busted Crown":15,"Bird Faced Urn":18,"Bronze Scales":19,"Bottled Lightning":11,"Runic Pyramid":8},{"Potion Belt":10,"Girya":68,"Blue Candle":55,"Oddly Smooth Stone":10,"StoneCalendar":39,"AdministrixMod:ConductorRitualBaton":0,"Boot":14,"Akabeko":39,"White Beast Statue":71,"Nunchaku":49,"Matryoshka":30,"Busted Crown":53,"Bird Faced Urn":68,"Bronze Scales":71,"Bottled Lightning":39,"Runic Pyramid":27}]},"card_choices":[{"not_picked":["AdministrixMod:HiddenPower","AdministrixMod:CrackingPangu"],"picked":"AdministrixMod:WickedPunishment","floor":1.0},{"not_picked":["AdministrixMod:RegentEdict","AdministrixMod:TouchOfCinnabar"],"picked":"AdministrixMod:Transition","floor":2.0},{"not_picked":["AdministrixMod:SipOfSparks","AdministrixMod:PlateOfAntiquity"],"picked":"AdministrixMod:Katabasis","floor":4.0},{"not_picked":["AdministrixMod:ImmortalPurity","AdministrixMod:HiddenPower"],"picked":"AdministrixMod:ShadowPlay","floor":5.0},{"not_picked":["AdministrixMod:RebukeDesires","AdministrixMod:JustRewards"],"picked":"AdministrixMod:GirlsDoItBetter","floor":10.0},{"not_picked":["AdministrixMod:CrackingPangu","AdministrixMod:SealAway","AdministrixMod:Transcension"],"picked":"SKIP","floor":11.0},{"not_picked":["AdministrixMod:DreamsMausoleum","AdministrixMod:ImmortalPurity"],"picked":"AdministrixMod:Convergence","floor":14.0},{"not_picked":["AdministrixMod:DeathByGlamour","AdministrixMod:FaithfulFlames"],"picked":"AdministrixMod:CosmosControl","floor":16.0},{"not_picked":["AdministrixMod:SyncreticSurge","AdministrixMod:Metempsychosis+1"],"picked":"AdministrixMod:PassageOfAges+1","floor":18.0},{"not_picked":["AdministrixMod:TrickOfTheLight","AdministrixMod:CenturiesAscent+1"],"picked":"AdministrixMod:CrackingPangu+1","floor":22.0},{"not_picked":["AdministrixMod:CastOffRegrets","AdministrixMod:LightOfYourLife"],"picked":"AdministrixMod:HarmonicReverence+1","floor":24.0},{"not_picked":["AdministrixMod:SipOfSparks","AdministrixMod:ImmortalPurity"],"picked":"AdministrixMod:RebukeDesires","floor":27.0},{"not_picked":["AdministrixMod:MixOfMercury","AdministrixMod:DiversionaryTactic"],"picked":"AdministrixMod:SipOfSparks+1","floor":29.0},{"not_picked":["AdministrixMod:ImmortalPurity","AdministrixMod:CenturiesAscent"],"picked":"AdministrixMod:BattleforgedBonds","floor":30},{"not_picked":["AdministrixMod:BattleforgedBonds","AdministrixMod:WifeLightning"],"picked":"AdministrixMod:DeathByGlamour","floor":33},{"not_picked":["AdministrixMod:TrickOfTheLight"],"picked":"SKIP","floor":35},{"not_picked":[],"picked":"AdministrixMod:NewWardrobe","floor":38},{"not_picked":["AdministrixMod:QuietConspiracy+1"],"picked":"SKIP","floor":42},{"not_picked":["AdministrixMod:PlateOfAntiquity+1"],"picked":"SKIP","floor":45},{"not_picked":["AdministrixMod:TouchOfCinnabar+1"],"picked":"SKIP","floor":46},{"not_picked":["AdministrixMod:Transition"],"picked":"SKIP","floor":48}],"player_experience":563595,"relics_obtained":[{"floor":9.0,"key":"Potion Belt"},{"floor":10.0,"key":"Boot"},{"floor":21.0,"key":"Matryoshka"},{"floor":24.0,"key":"StoneCalendar"},{"floor":26.0,"key":"Akabeko"},{"floor":26.0,"key":"Bottled Lightning"},{"floor":38,"key":"Bird Faced Urn"},{"floor":43,"key":"Bronze Scales"},{"floor":43,"key":"White Beast Statue"}],"event_choices":[{"damage_healed":0.0,"max_hp_gain":0.0,"max_hp_loss":0.0,"gold_gain":75.0,"event_name":"World of Goop","player_choice":"Gather Gold","floor":3.0,"gold_loss":0.0,"damage_taken":11.0},{"damage_healed":0.0,"max_hp_gain":0.0,"max_hp_loss":0.0,"gold_gain":0.0,"event_name":"Upgrade Shrine","player_choice":"Upgraded","floor":7.0,"gold_loss":0.0,"damage_taken":0.0,"cards_upgraded":["AdministrixMod:Transition"]},{"cards_removed":["AdministrixMod:Defend_Administrix"],"damage_healed":0.0,"max_hp_gain":0.0,"max_hp_loss":0.0,"gold_gain":0.0,"event_name":"Bonfire Elementals","player_choice":"Offered Basic","floor":13.0,"gold_loss":0.0,"damage_taken":0.0},{"damage_healed":0.0,"max_hp_gain":0.0,"max_hp_loss":0.0,"gold_gain":0.0,"event_name":"Ghosts","player_choice":"Ignored","floor":20.0,"gold_loss":0.0,"damage_taken":0.0},{"damage_healed":0,"gold_gain":0,"player_choice":"Opened","damage_taken":0,"relics_obtained":["Nunchaku"],"max_hp_gain":0,"max_hp_loss":0,"event_name":"The Mausoleum","floor":31,"gold_loss":0},{"damage_healed":0,"gold_gain":0,"player_choice":"Fight","damage_taken":0,"max_hp_gain":0,"max_hp_loss":0,"event_name":"MindBloom","floor":38,"gold_loss":0},{"damage_healed":0,"gold_gain":0,"player_choice":"Max HP","damage_taken":0,"max_hp_gain":0,"max_hp_loss":4,"event_name":"Winding Halls","floor":39,"gold_loss":0}],"is_beta":false,"boss_relics":[{"not_picked":["Sozu","Coffee Dripper"],"picked":"Runic Pyramid"},{"not_picked":["Cursed Key","bronze:MakeshiftBattery"],"picked":"Busted Crown"}],"items_purged_floors":[8,19],"is_endless":false,"potions_floor_spawned":[1,2,10,16,24,27,29,35,38,45,46,48],"ascension_level":0}}