{"host":"kth2ngi076kd734g","time":1613819638,"event":{"mods":["BaseMod","Colored Map","Filter the Spire","Minty Spire (QoL Compilation)","Relic Stats","StSLib"],"gold_per_floor":[112,112,37,50,69,99,99,112,139,166,166,131,131,143,143,246,246,261,281,281,281,291,324,324,336,336,153,178,204,204,234,234,331,331,350,572,584,584,598,623,623,637,690,710,264,295,345,345,345,345,345,345,37,64,64],"floor_reached":56,"language":"ENG","playtime":4946,"items_purged":[],"score":1610,"play_id":"fd8abcef-3989-47df-969f-0af47d92e641","local_time":"20210220121358","is_ascension_mode":true,"campfire_choices":[{"data":"Dark Embrace","floor":7.0,"key":"SMITH"},{"data":"Second Wind","floor":13.0,"key":"SMITH"},{"data":"Double Tap","floor":15.0,"key":"SMITH"},{"floor":24,"key":"RECALL"},{"floor":30,"key":"REST"},{"floor":32,"key":"REST"},{"data":"Corruption","floor":41,"key":"SMITH"},{"data":"Limit Break","floor":49,"key":"SMITH"},{"data":"Inflame","floor":52,"key":"SMITH"}],"circlet_count":0,"master_deck":["Double Tap+1","Second Wind+1","Uppercut","Inflame","Flame Barrier","Seeing Red","Dark Embrace+1","Inflame","Inflame+1","Clothesline+1","Rampage","Sword Boomerang","Battle Trance","Limit Break+1","Body Slam+1","Combust+1","Cleave+1","Sword Boomerang+1","Sword Boomerang+1","Seeing Red","Infernal Blade+1","Power Through+1","Dual Wield+1","True Grit+1","Flex+1","Deep Breath+1","Disarm+1","Corruption+1","Armaments+1","Infernal Blade+1","Reaper","Flex+1","Armaments+1","Secret Technique+1","Madness+1","Feel No Pain","Shockwave+1","Rage+1","Sever Soul+1","Spot Weakness+1","Bandage Up+1","Sadistic Nature","Rupture","Shrug It Off+1","Disarm+1","Second Wind+1","Shockwave+1","Shockwave+1"],"relics":["Pandora\u0027s Box","Blood Vial","Bag of Preparation","Ancient Tea Set","Astrolabe","Toxic Egg 2","Gremlin Horn","Red Mask","Bottled Tornado","Dream Catcher","Runic Pyramid","Thread and Needle","Torii","Ice Cream","Dead Branch","HornCleat"],"acts_visited":["Exordium","TheCity","TheBeyond","TheEnding"],"potions_floor_usage":[29,35,39,55],"damage_taken":[{"damage":0.0,"enemies":"2 Louse","floor":1.0,"turns":2.0},{"damage":16.0,"enemies":"Small Slimes","floor":4.0,"turns":4.0},{"damage":0.0,"enemies":"Jaw Worm","floor":5.0,"turns":3.0},{"damage":20.0,"enemies":"3 Sentries","floor":6.0,"turns":10.0},{"damage":1.0,"enemies":"Looter","floor":8.0,"turns":3.0},{"damage":7.0,"enemies":"Gremlin Nob","floor":10.0,"turns":3.0},{"damage":16.0,"enemies":"Exordium Thugs","floor":14.0,"turns":5.0},{"damage":0.0,"enemies":"Slime Boss","floor":16.0,"turns":6.0},{"damage":22.0,"enemies":"Shell Parasite","floor":18.0,"turns":4.0},{"damage":0.0,"enemies":"Chosen","floor":19.0,"turns":4.0},{"damage":18,"enemies":"Snake Plant","floor":22,"turns":3},{"damage":7,"enemies":"Gremlin Leader","floor":23,"turns":4},{"damage":13,"enemies":"Centurion and Healer","floor":25,"turns":3},{"damage":0,"enemies":"Masked Bandits","floor":28,"turns":2},{"damage":6,"enemies":"Book of Stabbing","floor":29,"turns":4},{"damage":17,"enemies":"Gremlin Leader","floor":31,"turns":3},{"damage":28,"enemies":"Champ","floor":33,"turns":8},{"damage":3,"enemies":"Orb Walker","floor":35,"turns":3},{"damage":4,"enemies":"3 Shapes","floor":37,"turns":3},{"damage":0,"enemies":"Transient","floor":39,"turns":5},{"damage":8,"enemies":"Reptomancer","floor":40,"turns":6},{"damage":1,"enemies":"Maw","floor":42,"turns":5},{"damage":0,"enemies":"Sphere and 2 Shapes","floor":44,"turns":2},{"damage":0,"enemies":"Giant Head","floor":46,"turns":6},{"damage":13,"enemies":"Mind Bloom Boss Battle","floor":47,"turns":8},{"damage":41,"enemies":"Awakened One","floor":50,"turns":7},{"damage":0,"enemies":"Shield and Spear","floor":54,"turns":2},{"damage":49,"enemies":"The Heart","floor":55,"turns":7}],"seed_played":"1678378507023202912","potions_obtained":[{"floor":1.0,"key":"Swift Potion"},{"floor":6.0,"key":"Ancient Potion"},{"floor":10.0,"key":"FearPotion"},{"floor":18.0,"key":"SpeedPotion"},{"floor":23,"key":"GamblersBrew"},{"floor":28,"key":"AttackPotion"},{"floor":37,"key":"SneckoOil"},{"floor":40,"key":"SmokeBomb"}],"is_trial":false,"path_per_floor":["M","?","$","M","M","E","R","M","T","E","?","?","R","M","R","B",null,"M","M","?","?","M","E","R","M","T","$","?","E","R","E","R","B",null,"M","?","M","?","M","E","R","M","T","M","$","E","?","?","R","B",null,"R","$","E","B",null],"character_chosen":"IRONCLAD","items_purchased":["Inflame","True Grit+1","Flex+1","Deep Breath+1","Spot Weakness+1","Bandage Up+1","Sadistic Nature","Rupture","Shrug It Off+1","Dead Branch"],"campfire_rested":2,"item_purchase_floors":[3,27,27,27,45,45,45,45,45,53],"current_hp_per_floor":[80,85,85,69,69,49,49,50,50,45,45,66,66,52,52,54,77,57,59,59,59,43,38,38,27,27,27,29,25,50,35,60,34,72,71,71,82,77,79,85,85,84,84,85,85,85,85,85,85,85,85,85,85,85,36],"gold":64,"neow_bonus":"BOSS_RELIC","is_daily":false,"chose_seed":false,"campfire_upgraded":6,"win_rate":0.0,"timestamp":1613819638,"path_taken":["M","?","$","M","M","E","R","M","T","E","?","?","R","M","R","BOSS","M","M","?","?","M","E","R","?","T","$","?","E","R","E","R","BOSS","M","?","M","?","M","E","R","?","T","M","$","E","?","?","R","BOSS","R","$","E","BOSS"],"items_purchased_type":["Card","Card","Card","Card","Card","Card","Card","Card","Card","Relic"],"build_version":"2020-12-22","purchased_purges":0,"victory":true,"max_hp_per_floor":[80,85,85,85,85,85,85,85,85,85,85,85,85,85,85,85,85,85,85,85,85,85,85,85,85,85,85,85,85,85,85,85,85,85,85,85,85,85,85,85,85,85,85,85,85,85,85,85,85,85,85,85,85,85,85],"relic_stats":{"Blood Vial":35,"Dream Catcher":1,"Gremlin Horn":[13,18],"Torii":47,"counters":[28,125],"Astrolabe":["Body Slam","Combust","Cleave"],"Dead Branch":[34],"Pandora\u0027s Box":["Double Tap","Second Wind","Uppercut","Pommel Strike","Inflame","Flame Barrier","Seeing Red","Dark Embrace","Entrench"],"Bag of Preparation":[46],"obtain_stats":[{"Ice Cream":47,"Gremlin Horn":26,"Torii":46,"Astrolabe":17,"Dead Branch":53,"Thread and Needle":40,"Bag of Preparation":9,"Bottled Tornado":29,"Ancient Tea Set":10,"Burning Blood":0,"Blood Vial":6,"Dream Catcher":31,"HornCleat":54,"Pandora\u0027s Box":0,"Red Mask":28,"Toxic Egg 2":23,"Runic Pyramid":34},{"Ice Cream":25,"Gremlin Horn":13,"Torii":24,"Astrolabe":8,"Dead Branch":26,"Thread and Needle":21,"Bag of Preparation":5,"Bottled Tornado":15,"Ancient Tea Set":6,"Burning Blood":0,"Blood Vial":4,"Dream Catcher":16,"HornCleat":27,"Pandora\u0027s Box":0,"Red Mask":14,"Toxic Egg 2":12,"Runic Pyramid":17},{"Ice Cream":109,"Gremlin Horn":54,"Torii":101,"Astrolabe":36,"Dead Branch":116,"Thread and Needle":88,"Bag of Preparation":22,"Bottled Tornado":60,"Ancient Tea Set":25,"Burning Blood":0,"Blood Vial":19,"Dream Catcher":63,"HornCleat":118,"Pandora\u0027s Box":0,"Red Mask":56,"Toxic Egg 2":51,"Runic Pyramid":71}]},"card_choices":[{"not_picked":["True Grit","Flame Barrier"],"picked":"Inflame","floor":1.0},{"not_picked":["Disarm","Pummel"],"picked":"Clothesline","floor":4.0},{"not_picked":["Iron Wave","Clash","Searing Blow"],"picked":"SKIP","floor":5.0},{"not_picked":["Inflame","Clash"],"picked":"Rampage","floor":6.0},{"not_picked":["Pommel Strike","Flame Barrier"],"picked":"Sword Boomerang","floor":8.0},{"not_picked":["Pommel Strike","Thunderclap","Rampage"],"picked":"SKIP","floor":10.0},{"not_picked":["Whirlwind","Iron Wave"],"picked":"Battle Trance","floor":14.0},{"not_picked":["Double Tap","Berserk"],"picked":"Limit Break","floor":16.0},{"not_picked":["Shrug It Off","Feel No Pain"],"picked":"Sword Boomerang+1","floor":18.0},{"not_picked":["Pommel Strike","Havoc"],"picked":"Sword Boomerang+1","floor":19.0},{"not_picked":["Reckless Charge","Clothesline"],"picked":"Infernal Blade+1","floor":22},{"not_picked":["Shrug It Off+1","Dropkick"],"picked":"Power Through+1","floor":23},{"not_picked":["Uppercut","Dark Embrace+1"],"picked":"Dual Wield+1","floor":25},{"not_picked":["Pummel","Reckless Charge"],"picked":"Disarm+1","floor":28},{"not_picked":["Rage+1","Uppercut"],"picked":"Corruption","floor":29},{"not_picked":["Sword Boomerang","Wild Strike"],"picked":"Armaments+1","floor":31},{"not_picked":["Heavy Blade","Intimidate+1"],"picked":"Infernal Blade+1","floor":32},{"not_picked":["Juggernaut","Double Tap+1"],"picked":"Reaper","floor":33},{"not_picked":["Anger+1","Perfected Strike+1"],"picked":"Flex+1","floor":35},{"not_picked":["Sever Soul","Perfected Strike+1"],"picked":"Armaments+1","floor":37},{"not_picked":["PanicButton+1","Enlightenment+1"],"picked":"Secret Technique+1","floor":38},{"not_picked":["Dramatic Entrance","Purity+1"],"picked":"Madness+1","floor":38},{"not_picked":["Flex+1","Clash"],"picked":"Feel No Pain","floor":39},{"not_picked":["Armaments+1","Anger"],"picked":"Shockwave+1","floor":40},{"not_picked":["Bloodletting+1","Carnage"],"picked":"Rage+1","floor":42},{"not_picked":["Clash+1","Twin Strike+1"],"picked":"Sever Soul+1","floor":44},{"not_picked":["Perfected Strike","Headbutt+1"],"picked":"Disarm+1","floor":46},{"not_picked":["Blood for Blood+1","Spot Weakness+1"],"picked":"Second Wind+1","floor":47},{"not_picked":["Cleave+1","Clothesline"],"picked":"Shockwave+1","floor":54}],"player_experience":709680,"relics_obtained":[{"floor":6.0,"key":"Blood Vial"},{"floor":9.0,"key":"Bag of Preparation"},{"floor":10.0,"key":"Ancient Tea Set"},{"floor":23,"key":"Toxic Egg 2"},{"floor":26,"key":"Gremlin Horn"},{"floor":28,"key":"Red Mask"},{"floor":29,"key":"Bottled Tornado"},{"floor":31,"key":"Dream Catcher"},{"floor":40,"key":"Thread and Needle"},{"floor":46,"key":"Torii"},{"floor":47,"key":"Ice Cream"},{"floor":54,"key":"HornCleat"}],"event_choices":[{"damage_healed":0.0,"max_hp_gain":5.0,"max_hp_loss":0.0,"gold_gain":0.0,"event_name":"Big Fish","player_choice":"Donut","floor":2.0,"gold_loss":0.0,"damage_taken":0.0},{"damage_healed":0.0,"max_hp_gain":0.0,"max_hp_loss":0.0,"gold_gain":0.0,"event_name":"Living Wall","player_choice":"Grow","floor":11.0,"gold_loss":0.0,"damage_taken":0.0,"cards_upgraded":["Clothesline"]},{"damage_healed":21.0,"max_hp_gain":0.0,"max_hp_loss":0.0,"gold_gain":0.0,"event_name":"The Cleric","player_choice":"Healed","floor":12.0,"gold_loss":35.0,"damage_taken":0.0},{"damage_healed":0.0,"max_hp_gain":0.0,"max_hp_loss":0.0,"gold_gain":0.0,"event_name":"The Library","player_choice":"Read","floor":20.0,"gold_loss":0.0,"damage_taken":0.0,"cards_obtained":["Seeing Red"]},{"damage_healed":0,"gold_gain":0,"player_choice":"Ignored","damage_taken":0,"max_hp_gain":0,"max_hp_loss":0,"event_name":"Purifier","floor":21,"gold_loss":0},{"damage_healed":0,"gold_gain":0,"player_choice":"Fought Bandits","damage_taken":0,"max_hp_gain":0,"max_hp_loss":0,"event_name":"Masked Bandits","floor":28,"gold_loss":0},{"damage_healed":0,"gold_gain":222,"player_choice":"Wore Mask","damage_taken":0,"max_hp_gain":0,"max_hp_loss":0,"event_name":"Tomb of Lord Red Mask","floor":36,"gold_loss":0},{"damage_healed":0,"gold_gain":0,"player_choice":"Memory 2","damage_taken":5,"max_hp_gain":0,"max_hp_loss":0,"event_name":"SensoryStone","floor":38,"gold_loss":0},{"damage_healed":0,"gold_gain":0,"player_choice":"Fight","damage_taken":0,"max_hp_gain":0,"max_hp_loss":0,"event_name":"MindBloom","floor":47,"gold_loss":0},{"damage_healed":0,"gold_gain":0,"player_choice":"Copied","damage_taken":0,"max_hp_gain":0,"max_hp_loss":0,"event_name":"Duplicator","floor":48,"gold_loss":0,"cards_obtained":["Shockwave"]}],"is_beta":false,"boss_relics":[{"not_picked":["Empty Cage","Coffee Dripper"],"picked":"Astrolabe"},{"not_picked":["Calling Bell","Black Star"],"picked":"Runic Pyramid"}],"items_purged_floors":[],"is_endless":false,"potions_floor_spawned":[1,6,10,18,23,28,37,40],"ascension_level":5}}