{"host":"9rqxlbwknj581inl","time":1613863486,"event":{"mods":["AchievementEnabler","BaseMod","Colored Map","Colored Powertips","Dark Map","Highlight Path","Minty Spire (QoL Compilation)","Quick Restart","Random Character Button","Random Character Mod"],"gold_per_floor":[117,133,133,156,169,207,228,228,228,228,252,271,285,285,285,285,285],"floor_reached":16,"language":"ENG","playtime":1685,"items_purged":[],"score":104,"play_id":"a147ec0d-2a2e-446e-812a-f9b3676a472e","local_time":"20210220162446","is_ascension_mode":false,"campfire_choices":[{"data":"Eruption","floor":8,"key":"SMITH"},{"data":"Vigilance","floor":10,"key":"SMITH"},{"data":"EmptyBody","floor":15,"key":"SMITH"}],"circlet_count":0,"master_deck":["Strike_P","Strike_P","Strike_P","Defend_P","Defend_P","Defend_P","Defend_P","Eruption+1","Vigilance+1","CarveReality","FollowUp","EmptyBody+1","Injury","Halt","Pray","FlurryOfBlows","FlurryOfBlows","FlurryOfBlows","Worship","Bandage Up","DevaForm+1"],"relics":["PureWater","Golden Idol","Omamori","Pen Nib","Frozen Egg 2"],"acts_visited":["Exordium"],"potions_floor_usage":[6,16],"damage_taken":[{"damage":3,"enemies":"Jaw Worm","floor":1,"turns":3},{"damage":0,"enemies":"Cultist","floor":2,"turns":2},{"damage":0,"enemies":"Small Slimes","floor":5,"turns":2},{"damage":22,"enemies":"3 Sentries","floor":6,"turns":10},{"damage":2,"enemies":"Red Slaver","floor":7,"turns":3},{"damage":7,"enemies":"Blue Slaver","floor":11,"turns":3},{"damage":14,"enemies":"Lots of Slimes","floor":12,"turns":6},{"damage":5,"enemies":"Red Slaver","floor":13,"turns":2},{"damage":28,"enemies":"The Guardian","floor":16,"turns":3}],"seed_played":"8912443073769429376","potions_obtained":[{"floor":1,"key":"DistilledChaos"},{"floor":2,"key":"Fire Potion"},{"floor":5,"key":"Ancient Potion"},{"floor":12,"key":"Ancient Potion"}],"is_trial":false,"path_per_floor":["M","M","?","T","M","E","M","R","T","R","M","M","M","?","R","B"],"character_chosen":"WATCHER","items_purchased":[],"campfire_rested":0,"item_purchase_floors":[],"current_hp_per_floor":[69,69,69,69,69,47,45,45,45,45,38,24,19,19,19,0,0],"gold":285,"neow_bonus":"TRANSFORM_CARD","is_daily":false,"chose_seed":false,"campfire_upgraded":3,"win_rate":0.0,"timestamp":1613863486,"path_taken":["M","M","?","?","?","E","M","R","T","R","M","M","M","?","R","BOSS"],"items_purchased_type":[],"build_version":"2020-12-22","purchased_purges":0,"victory":false,"max_hp_per_floor":[72,72,72,72,72,72,72,72,72,72,72,72,72,72,72,72,72],"card_choices":[{"not_picked":["Meditate","WheelKick"],"picked":"FollowUp","floor":1},{"not_picked":["Evaluate","Halt"],"picked":"EmptyBody","floor":2},{"not_picked":["Collect","Protect"],"picked":"Halt","floor":5},{"not_picked":["Crescendo","ThirdEye"],"picked":"Pray","floor":6},{"not_picked":["Crescendo","ThirdEye"],"picked":"FlurryOfBlows","floor":7},{"not_picked":["BowlingBash","Brilliance"],"picked":"FlurryOfBlows","floor":11},{"not_picked":["WindmillStrike","LikeWater+1"],"picked":"FlurryOfBlows","floor":12},{"not_picked":["Swivel","ClearTheMind"],"picked":"Worship","floor":13}],"player_experience":178860,"relics_obtained":[{"floor":4,"key":"Omamori"},{"floor":6,"key":"Pen Nib"},{"floor":9,"key":"Frozen Egg 2"}],"event_choices":[{"damage_healed":0,"gold_gain":0,"player_choice":"Take Wound","damage_taken":0,"relics_obtained":["Golden Idol"],"max_hp_gain":0,"max_hp_loss":0,"event_name":"Golden Idol","floor":3,"gold_loss":0,"cards_obtained":["Injury"]},{"damage_healed":0,"gold_gain":0,"player_choice":"2 cards matched","damage_taken":0,"max_hp_gain":0,"max_hp_loss":0,"event_name":"Match and Keep!","floor":14,"gold_loss":0,"cards_obtained":["Bandage Up","DevaForm"]}],"is_beta":false,"boss_relics":[],"items_purged_floors":[],"is_endless":false,"potions_floor_spawned":[1,2,5,12],"killed_by":"The Guardian","ascension_level":0}}