{"host":"b9id4afcchnn1rfb","time":1613861654,"event":{"mods":["Act Like it!","BaseMod","Better Note","Colored Map","Colored Powertips","Hallownest","Hermit","Infinite Spire","Minty Spire (QoL Compilation)","StSLib","SuperFastMode","The Death Knight","The Necromancer"],"gold_per_floor":[112,122,122,146,160,160,188,188,213,213,225,235,254,264,264,359,359,371,321,73,73,86,86,86],"floor_reached":23,"language":"ENG","playtime":587,"items_purged":[],"score":290,"play_id":"f55fbf1e-64ea-441f-829a-6937cdc0699c","local_time":"20210220235414","is_ascension_mode":true,"campfire_choices":[{"data":"Beam Cell","floor":6,"key":"SMITH"},{"floor":8,"key":"REST"},{"data":"White Noise","floor":10,"key":"SMITH"},{"floor":15,"key":"REST"}],"circlet_count":0,"master_deck":["AscendersBane","Strike_B","Strike_B+1","Strike_B+1","Strike_B","Defend_B","Defend_B","Defend_B","Defend_B","Zap+1","Dualcast","Chill","Coolheaded+1","Beam Cell+1","Hello World","White Noise+1","Reinforced Body","Fission+1","Conserve Battery","Machine Learning+1","Compile Driver","Redo+1"],"relics":["Cracked Core","Dream Catcher","Meat on the Bone","Whetstone","Toxic Egg 2"],"acts_visited":["Exordium","TheCity"],"potions_floor_usage":[7,16,23],"damage_taken":[{"damage":7,"enemies":"Small Slimes","floor":1,"turns":3},{"damage":2,"enemies":"Jaw Worm","floor":2,"turns":4},{"damage":1,"enemies":"Cultist","floor":5,"turns":4},{"damage":30,"enemies":"3 Sentries","floor":7,"turns":10},{"damage":7,"enemies":"Blue Slaver","floor":11,"turns":2},{"damage":12,"enemies":"Exordium Thugs","floor":12,"turns":6},{"damage":6,"enemies":"Looter","floor":13,"turns":3},{"damage":3,"enemies":"Exordium Wildlife","floor":14,"turns":5},{"damage":20,"enemies":"The Guardian","floor":16,"turns":15},{"damage":12,"enemies":"Chosen","floor":18,"turns":5},{"damage":12,"enemies":"Spheric Guardian","floor":22,"turns":5},{"damage":39,"enemies":"Slavers","floor":23,"turns":5}],"seed_played":"-1671974023746372114","potions_obtained":[{"floor":1,"key":"SpeedPotion"},{"floor":11,"key":"Dexterity Potion"},{"floor":18,"key":"Fire Potion"}],"is_trial":false,"path_per_floor":["M","M","?","T","M","R","E","R","T","R","M","M","M","M","R","B",null,"M","?","$","?","M","E"],"character_chosen":"DEFECT","items_purchased":["Toxic Egg 2"],"campfire_rested":2,"item_purchase_floors":[20],"current_hp_per_floor":[68,66,66,66,65,65,35,59,59,59,52,52,46,43,67,47,73,61,61,61,37,37,0,0],"gold":86,"neow_bonus":"TEN_PERCENT_HP_BONUS","is_daily":false,"chose_seed":false,"campfire_upgraded":2,"win_rate":0.0,"timestamp":1613861654,"path_taken":["M","M","?","?","M","R","E","R","T","R","M","M","?","M","R","BOSS","M","?","?","?","M","E"],"items_purchased_type":["Relic"],"build_version":"2020-12-22","purchased_purges":0,"victory":false,"max_hp_per_floor":[82,82,82,82,82,82,82,82,82,82,82,82,82,82,82,82,82,82,82,82,82,82,82,82],"card_choices":[{"not_picked":["Reinforced Body","Hologram"],"picked":"Chill","floor":1},{"not_picked":["Scrape","Turbo"],"picked":"Coolheaded","floor":2},{"not_picked":["Hologram","Conserve Battery"],"picked":"Beam Cell","floor":5},{"not_picked":["Redo","Streamline"],"picked":"Hello World","floor":7},{"not_picked":["Fusion","Lockon"],"picked":"White Noise","floor":8},{"not_picked":["Conserve Battery","Compile Driver"],"picked":"Reinforced Body","floor":11},{"not_picked":["Cold Snap","Beam Cell","Double Energy"],"picked":"SKIP","floor":12},{"not_picked":["Scrape","Sweeping Beam"],"picked":"Fission","floor":13},{"not_picked":["Rip and Tear","Hologram","Auto Shields"],"picked":"SKIP","floor":14},{"not_picked":["Auto Shields","Hello World"],"picked":"Conserve Battery","floor":15},{"not_picked":["Seek","Hyperbeam"],"picked":"Machine Learning","floor":16},{"not_picked":["Coolheaded","Steam+1"],"picked":"Compile Driver","floor":18},{"not_picked":["Reinforced Body+1","Fusion+1"],"picked":"Redo+1","floor":22}],"player_experience":494590,"relics_obtained":[{"floor":4,"key":"Dream Catcher"},{"floor":7,"key":"Meat on the Bone"},{"floor":9,"key":"Whetstone"}],"event_choices":[{"damage_healed":0,"gold_gain":0,"player_choice":"Grow","damage_taken":0,"max_hp_gain":0,"max_hp_loss":0,"event_name":"Living Wall","floor":3,"gold_loss":0,"cards_upgraded":["Coolheaded"]},{"damage_healed":0,"gold_gain":0,"player_choice":"Bet on Murderer","damage_taken":0,"max_hp_gain":0,"max_hp_loss":0,"event_name":"The Joust","floor":19,"gold_loss":50}],"is_beta":false,"boss_relics":[{"not_picked":["Cursed Key","Coffee Dripper","Runic Pyramid"]}],"items_purged_floors":[],"is_endless":false,"potions_floor_spawned":[1,11,18],"killed_by":"Slavers","ascension_level":10}}