{"host":"snn1c4qsf0fj7fzf","time":1613799620,"event":{"mods":["AchievementEnabler","Act Like it!","Aspiration","Astrologer","BaseMod","Colored Powertips","Downfall","Gensokyo","Hermit","Hubris","Infinite Spire","Lobotomy","Minty Spire (QoL Compilation)","Random Character Button","Rare Cards Sparkle","Reimu??????","Reliquary","Replay The Spire","Shop Mod","Spire Arcade","StSLib","The Administrix","The Cursed","The Gatherer","The Hierophant","The Poker Player","The Runesmith"],"gold_per_floor":[99,118,118,129,39,65,65,78,178,195,25,53,53,53,67,169,169,69,79,96,110,110,110,110],"floor_reached":22,"language":"ENG","playtime":39429,"items_purged":["Slimebound:Defend_Slimebound"],"score":232,"play_id":"06d7148d-a3aa-4587-99f9-0e1adb41a956","local_time":"20210220134020","is_ascension_mode":true,"campfire_choices":[{"data":"Slimebound:Strike_Slimebound","floor":1,"key":"PURGE"},{"data":"Slimebound:CorrosiveSpit","floor":13,"key":"SMITH"}],"circlet_count":0,"master_deck":["Slimebound:Strike_Slimebound","Slimebound:Tackle","Slimebound:Defend_Slimebound","Slimebound:Defend_Slimebound","Slimebound:Defend_Slimebound","Slimebound:Split","Slimebound:CorrosiveSpit+1","Slimebound:DouseInSlime+1","Slimebound:LeechEnergy","Slimebound:GrowthPunch","Slimebound:GoopSpray","Slimebound:LeadByExample","Slimebound:Dissolve","Slimebound:AcidTongue","Slimebound:Gluttony+1","Slimebound:Recollect","Slimebound:Recycling+1","Slimebound:Schlurp","hierophant:Doubloon","hierophant:CursedGold+1"],"relics":["Replay:Bronze Core","Dream Catcher","Toy Ornithopter","Membership Card","Frozen Egg 2","infinitespire:Satchel","Slimebound:TarBlob","downfall:HeartBlessingGreen","PrismaticShard"],"acts_visited":["Exordium","TheCity"],"potions_floor_usage":[9,11,20],"damage_taken":[{"damage":6,"enemies":"Jaw Worm","floor":2,"turns":3},{"damage":0,"enemies":"Cultist","floor":4,"turns":3},{"damage":0,"enemies":"downfall:FleeingMerchant","floor":5,"turns":5},{"damage":0,"enemies":"Lagavulin","floor":6,"turns":3},{"damage":0,"enemies":"2 Louse","floor":8,"turns":3},{"damage":0,"enemies":"downfall:LadyInBlue","floor":9,"turns":9},{"damage":0,"enemies":"2 Fungi Beasts","floor":10,"turns":3},{"damage":8,"enemies":"downfall:FleeingMerchant","floor":11,"turns":5},{"damage":5,"enemies":"Replay:BlueRogue","floor":12,"turns":4},{"damage":9,"enemies":"Lots of Slimes","floor":15,"turns":4},{"damage":13,"enemies":"IC_STATUS_ARCHETYPE","floor":16,"turns":8},{"damage":7,"enemies":"Spheric Guardian","floor":19,"turns":4},{"damage":21,"enemies":"3 Byrds","floor":20,"turns":5},{"damage":25,"enemies":"Cultist and Chosen","floor":21,"turns":6}],"seed_played":"-4346602510799800903","potions_obtained":[{"floor":2,"key":"ColorlessPotion"},{"floor":6,"key":"Elixir"},{"floor":9,"key":"GamblersBrew"},{"floor":9,"key":"DuplicationPotion"},{"floor":9,"key":"LiquidBronze"},{"floor":12,"key":"AttackPotion"},{"floor":20,"key":"GamblersBrew"}],"is_trial":false,"path_per_floor":["R","M","?","M","$","E","T","M","?","M","$","E","R","?","M","B",null,"R","M","M","M","?"],"character_chosen":"SLIMEBOUND","items_purchased":["Membership Card"],"campfire_rested":0,"item_purchase_floors":[11],"current_hp_per_floor":[65,59,59,59,59,59,59,59,59,59,56,51,51,44,35,22,65,57,50,34,9,0,0,0],"gold":110,"neow_bonus":"BOSS_RELIC","is_daily":false,"chose_seed":false,"campfire_upgraded":1,"win_rate":0.0,"timestamp":1613799620,"path_taken":["R","M","?","M","$","E","T","M","?","?","$","E","R","?","M","BOSS","R","M","M","M","?"],"items_purchased_type":["Relic"],"build_version":"2020-12-22","purchased_purges":1,"victory":false,"max_hp_per_floor":[65,65,65,65,65,65,65,65,65,65,65,65,65,65,65,65,65,65,65,65,65,65,65,65],"card_choices":[{"not_picked":["Slimebound:SplitAcid","Slimebound:ForwardTackle","Slimebound:LivingWall"],"picked":"SKIP","floor":2},{"not_picked":["Slimebound:SplitAcid","Slimebound:Schlurp"],"picked":"Slimebound:LeechEnergy","floor":4},{"not_picked":["Slimebound:Nibble","Slimebound:LeechEnergy"],"picked":"Slimebound:GrowthPunch","floor":5},{"not_picked":["Slimebound:ForwardTackle","Slimebound:LeechLife"],"picked":"Slimebound:GoopSpray","floor":6},{"not_picked":["Slimebound:SplitLeeching","Slimebound:Grow"],"picked":"Slimebound:LeadByExample","floor":8},{"not_picked":["Slimebound:ComboTackle","Slimebound:FinishingTackle"],"picked":"Slimebound:Dissolve","floor":10},{"not_picked":["Slimebound:HauntingLick","Slimebound:GoopSpray"],"picked":"Slimebound:AcidTongue","floor":11},{"not_picked":["Slimebound:FlameTackle","Slimebound:Grow+1"],"picked":"Slimebound:Gluttony+1","floor":12},{"not_picked":["Slimebound:FinishingTackle","Slimebound:SlimeSpikes"],"picked":"Slimebound:Recollect","floor":15},{"not_picked":["Slimebound:RallyTheTroops","Slimebound:FirmFortitude"],"picked":"Slimebound:Recycling+1","floor":16},{"not_picked":["Slimebound:SplitSpecialist+1","Slimebound:SplitMire"],"picked":"Slimebound:Schlurp","floor":18},{"not_picked":["astrologer:ShootingStar+1","Runesmith:ChiselStab+1","sneckomod:SoulRoll"],"picked":"SKIP","floor":19},{"not_picked":["Compile Driver","Replay:Hum+1","Gatherer:CarefulStrike"],"picked":"SKIP","floor":20},{"not_picked":["Wild Strike+1","Meditate"],"picked":"hierophant:CursedGold+1","floor":21}],"player_experience":444168,"relics_obtained":[{"floor":6,"key":"Dream Catcher"},{"floor":9,"key":"Toy Ornithopter"},{"floor":12,"key":"Frozen Egg 2"},{"floor":18,"key":"PrismaticShard"}],"event_choices":[{"damage_healed":0,"gold_gain":0,"player_choice":"Success","damage_taken":7,"relics_obtained":["infinitespire:Satchel"],"max_hp_gain":0,"max_hp_loss":0,"event_name":"Scrap Ooze","floor":14,"gold_loss":0}],"is_beta":false,"boss_relics":[{"not_picked":["hubris:Stopwatch","Astrolabe"],"picked":"Slimebound:TarBlob"}],"items_purged_floors":[5],"is_endless":false,"potions_floor_spawned":[2,6,12,16,20,21],"ascension_level":1}}