{"host":"zkqorkqsr6o67e8b","time":1613818387,"event":{"mods":["Act Like it!","BaseMod","Minty Spire (QoL Compilation)","Quick Restart","Ring Of Destiny","StSLib","Waifu the Spire","¡¾ÒÅÎï¿¨ÅÆ¡¿REMEMod"],"gold_per_floor":[115,115,131,131,206,238,238,238,238],"floor_reached":8,"language":"ZHS","playtime":151,"items_purged":[],"score":83,"play_id":"7327209c-b8ae-4521-b731-c8cb4bdc6c2e","local_time":"20210220185307","is_ascension_mode":true,"campfire_choices":[{"data":"REME_Fury","floor":7,"key":"SMITH"}],"circlet_count":0,"master_deck":["RingOfDestiny:Defend_MB","RingOfDestiny:Strike_MB","RingOfDestiny:Strike_MB","RingOfDestiny:Strike_MB","RingOfDestiny:DeathLeakage","RingOfDestiny:DeathLeakage","RingOfDestiny:DarkShield","RingOfDestiny:GrowBullet","RingOfDestiny:RestraintRing","RingOfDestiny:InnerFocus","REME_Fury+1","RingOfDestiny:Determination"],"relics":["RingOfDestiny:Flintlock","REME_ComplimentaryCards","NeowsBlessing","Turnip","MealTicket","StoneCalendar"],"acts_visited":["Exordium"],"potions_floor_usage":[],"damage_taken":[{"damage":0,"enemies":"Cultist","floor":1,"turns":1},{"damage":0,"enemies":"Small Slimes","floor":3,"turns":1},{"damage":0,"enemies":"Lagavulin","floor":6,"turns":3},{"damage":0,"enemies":"Gremlin Nob","floor":8,"turns":3}],"seed_played":"1653216997221743524","potions_obtained":[{"floor":1,"key":"Ancient Potion"}],"is_trial":false,"path_per_floor":["M","T","M","?","?","E","R","E"],"character_chosen":"MagicBullet","items_purchased":[],"campfire_rested":0,"item_purchase_floors":[],"current_hp_per_floor":[98,98,98,95,84,84,84,84,84],"gold":238,"neow_bonus":"THREE_ENEMY_KILL","is_daily":false,"chose_seed":false,"campfire_upgraded":1,"win_rate":0.0,"timestamp":1613818387,"path_taken":["M","?","M","?","?","E","R","E"],"items_purchased_type":[],"build_version":"2020-12-22","purchased_purges":0,"victory":false,"max_hp_per_floor":[98,98,98,98,98,98,98,98,98],"card_choices":[{"not_picked":["RingOfDestiny:Enchantment","RingOfDestiny:Crimson"],"picked":"RingOfDestiny:Determination","floor":1},{"not_picked":["RingOfDestiny:SolidEtch","RingOfDestiny:TestBullet","RingOfDestiny:OriginBullet"],"picked":"SKIP","floor":3},{"not_picked":["RingOfDestiny:Prelude","RingOfDestiny:DanceOfDeath","RingOfDestiny:DeadlyShoot"],"picked":"SKIP","floor":6}],"player_experience":294163,"relics_obtained":[{"floor":2,"key":"Turnip"},{"floor":6,"key":"StoneCalendar"}],"event_choices":[{"damage_healed":0,"gold_gain":0,"player_choice":"Success","damage_taken":3,"relics_obtained":["MealTicket"],"max_hp_gain":0,"max_hp_loss":0,"event_name":"Scrap Ooze","floor":4,"gold_loss":0},{"damage_healed":0,"gold_gain":75,"player_choice":"Gather Gold","damage_taken":11,"max_hp_gain":0,"max_hp_loss":0,"event_name":"World of Goop","floor":5,"gold_loss":0}],"is_beta":false,"boss_relics":[],"items_purged_floors":[],"is_endless":false,"potions_floor_spawned":[1],"killed_by":"Gremlin Nob","ascension_level":1}}