{"host":"kh6fvhxn285ncg0o","time":1613791531,"event":{"mods":["Act Like it!","BaseMod","Colored Map","Friendly Minions","Keyboard Shortcuts","Minty Spire (QoL Compilation)","Quick Restart","Relic Stats","StSLib","SuperFastMode","UnlockEverythingMod"],"gold_per_floor":[20,35,35,35,48,48,48,48,48,81,81,39,82,100,100,189,189,213,238,252,302,186,186,186,186],"floor_reached":24,"language":"KOR","playtime":500,"items_purged":["Strike_R"],"score":408,"play_id":"5d22e9e6-4fbc-4e10-b3bb-a9c0343d62ad","local_time":"20210220122531","is_ascension_mode":true,"campfire_choices":[{"data":"Rage","floor":6.0,"key":"SMITH"},{"data":"Bash","floor":8.0,"key":"SMITH"},{"data":"Hemokinesis","floor":11.0,"key":"SMITH"},{"data":"Clothesline","floor":15,"key":"SMITH"},{"data":"Evolve","floor":23,"key":"SMITH"}],"circlet_count":0,"master_deck":["AscendersBane","Defend_R","Defend_R","Defend_R","Defend_R","Bash+1","Clothesline+1","Rage+1","Havoc","Iron Wave","Hemokinesis+1","Evolve+1","Twin Strike","Barricade","Reckless Charge+1","Fire Breathing+1","Second Wind"],"relics":["Burning Blood","Golden Idol","Shuriken","Red Skull","Bag of Marbles","Coffee Dripper"],"acts_visited":["Exordium","TheCity"],"potions_floor_usage":[16,19,24],"damage_taken":[{"damage":7.0,"enemies":"Cultist","floor":1.0,"turns":4.0},{"damage":6.0,"enemies":"Jaw Worm","floor":2.0,"turns":4.0},{"damage":4.0,"enemies":"2 Louse","floor":5.0,"turns":3.0},{"damage":19.0,"enemies":"Gremlin Nob","floor":10.0,"turns":5.0},{"damage":17.0,"enemies":"Lagavulin","floor":13.0,"turns":6.0},{"damage":2.0,"enemies":"Looter","floor":14.0,"turns":1.0},{"damage":43,"enemies":"Slime Boss","floor":16,"turns":11},{"damage":33,"enemies":"2 Thieves","floor":18,"turns":4},{"damage":2,"enemies":"Spheric Guardian","floor":19,"turns":3},{"damage":11,"enemies":"Snecko","floor":20,"turns":4},{"damage":45,"enemies":"Book of Stabbing","floor":24,"turns":5}],"seed_played":"1835727608139330459","potions_obtained":[{"floor":2.0,"key":"EssenceOfSteel"},{"floor":5.0,"key":"Ancient Potion"},{"floor":13.0,"key":"SmokeBomb"},{"floor":14,"key":"BloodPotion"},{"floor":18,"key":"DuplicationPotion"},{"floor":20,"key":"Dexterity Potion"}],"is_trial":false,"path_per_floor":["M","M","?","?","M","R","?","R","T","E","R","$","E","M","R","B",null,"M","M","M","?","$","R","E"],"character_chosen":"IRONCLAD","items_purchased":["Evolve","Second Wind"],"campfire_rested":0,"item_purchase_floors":[12,22],"current_hp_per_floor":[67,67,60,60,62,62,62,62,62,49,49,49,38,42,42,18,56,29,33,28,28,28,28,0,0],"gold":186,"neow_bonus":"REMOVE_TWO","is_daily":false,"chose_seed":false,"campfire_upgraded":5,"win_rate":0.0,"timestamp":1613791531,"path_taken":["M","M","?","?","?","R","?","R","T","E","R","$","E","M","R","BOSS","M","M","M","?","$","R","E"],"items_purchased_type":["Card","Card"],"build_version":"2020-12-22","purchased_purges":1,"victory":false,"max_hp_per_floor":[75,75,75,75,75,75,68,68,68,68,68,68,68,68,68,68,68,68,68,68,68,68,68,68,68],"relic_stats":{"counters":[11,50],"Golden Idol":55,"Shuriken":[5],"obtain_stats":[{"Golden Idol":7,"Shuriken":9,"Bag of Marbles":13,"Coffee Dripper":17,"Burning Blood":0,"Red Skull":10},{"Golden Idol":3,"Shuriken":3,"Bag of Marbles":5,"Coffee Dripper":7,"Burning Blood":0,"Red Skull":4},{"Golden Idol":11,"Shuriken":11,"Bag of Marbles":22,"Coffee Dripper":34,"Burning Blood":0,"Red Skull":16}],"Burning Blood":60},"card_choices":[{"not_picked":["Heavy Blade","Armaments"],"picked":"Clothesline","floor":1.0},{"not_picked":["Armaments","Metallicize"],"picked":"Rage","floor":2.0},{"not_picked":["Flex","Shrug It Off"],"picked":"Iron Wave","floor":5.0},{"not_picked":["Havoc","Heavy Blade"],"picked":"Hemokinesis","floor":10.0},{"not_picked":["Shrug It Off","Metallicize"],"picked":"Twin Strike","floor":13.0},{"not_picked":["Brutality","Impervious"],"picked":"Barricade","floor":16},{"not_picked":["Armaments","Shrug It Off+1"],"picked":"Reckless Charge+1","floor":18},{"not_picked":["Warcry","Cleave"],"picked":"Fire Breathing+1","floor":19},{"not_picked":["Intimidate","Sentinel","Warcry"],"picked":"SKIP","floor":20}],"player_experience":1480411,"relics_obtained":[{"floor":9.0,"key":"Shuriken"},{"floor":10.0,"key":"Red Skull"},{"floor":13.0,"key":"Bag of Marbles"}],"event_choices":[{"cards_removed":["Strike_R"],"damage_healed":0.0,"max_hp_gain":0.0,"max_hp_loss":0.0,"gold_gain":0.0,"event_name":"Golden Wing","player_choice":"Card Removal","floor":3.0,"gold_loss":0.0,"damage_taken":7.0},{"damage_healed":0.0,"max_hp_gain":0.0,"max_hp_loss":0.0,"gold_gain":0.0,"cards_transformed":["Strike_R"],"event_name":"Transmorgrifier","player_choice":"Transformed","floor":4.0,"gold_loss":0.0,"damage_taken":0.0,"cards_obtained":["Havoc"]},{"damage_healed":0.0,"max_hp_gain":0.0,"max_hp_loss":7.0,"gold_gain":0.0,"event_name":"Golden Idol","player_choice":"Lose Max HP","floor":7.0,"gold_loss":0.0,"damage_taken":0.0,"relics_obtained":["Golden Idol"]},{"damage_healed":0,"gold_gain":50,"player_choice":"Stole From Cult","damage_taken":0,"max_hp_gain":0,"max_hp_loss":0,"event_name":"Nest","floor":21,"gold_loss":0}],"is_beta":false,"boss_relics":[{"not_picked":["Tiny House","Busted Crown"],"picked":"Coffee Dripper"}],"items_purged_floors":[22],"is_endless":false,"potions_floor_spawned":[2,5,13,14,18,20],"killed_by":"Book of Stabbing","ascension_level":20}}