{"host":"6vtgmkkqqeew181q","time":1613862325,"event":{"mods":["BaseMod","Better Skull","Better Third Choice","BetterRewards","Colored Powertips","Downfall","Faster Ascension Climbing","Highlight Path","Minty Spire (QoL Compilation)","Reliquary","Replay The Spire","Spire Birthday Party","StSLib","The Cursed","The IronCluck","The Jungle","The Servant 0.9.4"],"gold_per_floor":[117,117,117,136,153,153,170,200,225,225,242,242,242,242,242,342,342,354,364,364,364,364,394,394,394,449,449,469,569,569,597,597,694,694,711,711,711,769,780,812,812,812,866,911,911],"floor_reached":44,"language":"ENG","playtime":2822,"items_purged":[],"score":737,"play_id":"de63b1d1-e6b7-4574-ab59-8d2a1c2c9751","local_time":"20210220150525","is_ascension_mode":true,"campfire_choices":[{"data":"1","floor":6,"key":"LIFT"},{"data":"2","floor":10,"key":"LIFT"},{"data":"3","floor":12,"key":"LIFT"},{"floor":15,"key":"REST"},{"data":"Slimebound:TagTeam","floor":24,"key":"SMITH"},{"data":"Guardian:FloatingOrbs","floor":27,"key":"SMITH"},{"data":"TheCursedMod:CleanUpWorkshop","floor":30,"key":"SMITH"},{"data":"TheCursedMod:SpreadPlague","floor":32,"key":"SMITH"},{"data":"Envenom","floor":42,"key":"SMITH"}],"circlet_count":0,"master_deck":["TheCursedMod:Strike_TheCursed","TheCursedMod:Strike_TheCursed","TheCursedMod:Strike_TheCursed","TheCursedMod:Strike_TheCursed","TheCursedMod:Defend_TheCursed","TheCursedMod:Defend_TheCursed+1","TheCursedMod:Defend_TheCursed","TheCursedMod:Defend_TheCursed","TheCursedMod:CursedWand","TheCursedMod:CleanUpWorkshop+1","TheCursedMod:Dregs","TheCursedMod:SpitefulPlan","TheCursedMod:CursedBoomerang+1","Flash of Steel","Guardian:FloatingOrbs+1","TheCursedMod:SpitefulStrike+1","bronze:NullPointer","Slimebound:TagTeam+1","TheCursedMod:CursedAmulet","TheCursedMod:SpreadPlague+1","Envenom+1","Specialist","Delirium","Parasite","Intimidate+1","Writhe"],"relics":["TheCursedMod:BlackMagic101","reliquary:Knoch","Girya","PrismaticShard","Guardian:PocketSentry","ReplayFunnel","sneckomod:SneckoTalon","Ornamental Fan","theJungle:WildMango","Onion Ring","theJungle:BirthdayCakeSlice","MealTicket","Replay:Bronze Core","ReplayTheSpireMod:Ring of Challenge","Replay:Bottled Snecko","reliquary:SharkskinSheath"],"acts_visited":["Exordium","Exordium","TheBeyond"],"potions_floor_usage":[11,16,33,35,44],"damage_taken":[{"damage":2,"enemies":"Small Slimes","floor":1,"turns":5},{"damage":7,"enemies":"Jaw Worm","floor":4,"turns":3},{"damage":0,"enemies":"2 Louse","floor":5,"turns":2},{"damage":6,"enemies":"Looter","floor":7,"turns":2},{"damage":26,"enemies":"Lagavulin","floor":8,"turns":5},{"damage":2,"enemies":"Exordium Wildlife","floor":11,"turns":3},{"damage":18,"enemies":"Fading Forest","floor":16,"turns":11},{"damage":2,"enemies":"Shell Parasite","floor":18,"turns":2},{"damage":12,"enemies":"theJungle:5_Spyders","floor":19,"turns":5},{"damage":14,"enemies":"JungleHuntersEvent","floor":21,"turns":5},{"damage":0,"enemies":"theJungle:MamaSnecko","floor":23,"turns":5},{"damage":0,"enemies":"theJungle:Snecko_Cultist_And_Trap","floor":28,"turns":3},{"damage":6,"enemies":"theJungle:Cassacara","floor":31,"turns":4},{"damage":6,"enemies":"theJungle:FunGuy","floor":33,"turns":4},{"damage":0,"enemies":"Orb Walker","floor":35,"turns":1},{"damage":26,"enemies":"3 Shapes","floor":38,"turns":4},{"damage":18,"enemies":"Writhing Mass","floor":39,"turns":4},{"damage":8,"enemies":"Giant Head","floor":40,"turns":5},{"damage":70,"enemies":"Jaw Worm Horde","floor":44,"turns":2}],"seed_played":"2239363959335437592","potions_obtained":[{"floor":5,"key":"Dexterity Potion"},{"floor":11,"key":"Fire Potion"},{"floor":28,"key":"DistilledChaos"},{"floor":31,"key":"Reflective Coating"},{"floor":33,"key":"Flashbang"},{"floor":35,"key":"Languid Potion"}],"is_trial":false,"path_per_floor":["M","?","?","M","M","R","M","E","T","R","M","R","?","?","R","B",null,"M","M","?","?","?","E","R","?","T","R","M","?","R","E","R","B",null,"M","?","?","M","M","E","?","R","T","M"],"character_chosen":"THE_CURSED","items_purchased":["reliquary:Knoch","Girya","TheCursedMod:SpitefulPlan"],"campfire_rested":1,"item_purchase_floors":[0,0,0],"current_hp_per_floor":[65,65,65,58,58,58,52,26,26,26,24,24,9,9,31,41,75,73,61,61,47,61,61,61,66,66,66,66,60,60,54,54,48,94,94,94,94,68,50,42,66,66,66,0,0],"gold":911,"neow_bonus":"","is_daily":false,"chose_seed":false,"campfire_upgraded":5,"win_rate":0.0,"timestamp":1613862325,"path_taken":["M","?","?","M","?","R","M","E","T","R","M","R","?","?","R","BOSS","M","M","?","?","?","E","R","?","T","R","?","?","R","E","R","BOSS","M","?","?","M","M","E","?","R","T","M"],"items_purchased_type":["Relic","Relic","Card"],"build_version":"2020-12-22","purchased_purges":0,"victory":false,"max_hp_per_floor":[75,75,75,75,75,75,75,75,75,75,75,75,75,75,75,75,75,75,75,75,75,89,89,89,94,94,94,94,94,94,94,94,94,94,94,94,94,94,94,94,94,94,94,94,94],"card_choices":[{"not_picked":["TheCursedMod:Obscuration","TheCursedMod:FleshFromBone"],"picked":"TheCursedMod:CursedBoomerang","floor":1},{"not_picked":["champ:ShieldSigil","sneckomod:SoulRoll"],"picked":"Flash of Steel","floor":4},{"not_picked":["ReplayTheSpireMod:Repulse","Skewer"],"picked":"Guardian:FloatingOrbs","floor":5},{"not_picked":["bronze:Shell","Slimebound:DisruptingSlam","Stack"],"picked":"SKIP","floor":7},{"not_picked":["Draining Mist","Adaptation"],"picked":"TheCursedMod:SpitefulStrike","floor":8},{"not_picked":["Slimebound:RollThrough","Deflect"],"picked":"bronze:NullPointer","floor":11},{"not_picked":["hexamod:SixthSeal","Slimebound:DouseInSlime"],"picked":"Slimebound:TagTeam","floor":16},{"not_picked":["Steam","Acrobatics","bronze:Overheat"],"picked":"SKIP","floor":18},{"not_picked":["Redo+1","hexamod:BurningTouch","Slimebound:DouseInSlime"],"picked":"SKIP","floor":19},{"not_picked":["Slimebound:ItLooksTasty+1","Infinite Blades+1"],"picked":"TheCursedMod:CursedAmulet","floor":21},{"not_picked":["Slimebound:GrowthPunch","Transmutation","sneckomod:MixItUp"],"picked":"SKIP","floor":23},{"not_picked":["TheCursedMod:CircleOfCorruption","Warcry","champ:StanceDance"],"picked":"SKIP","floor":28},{"not_picked":["Collapse","Backflip+1"],"picked":"TheCursedMod:SpreadPlague","floor":31},{"not_picked":["ReplayTheSpireMod:Brewmster","ReplayUltimateDefense"],"picked":"Envenom","floor":33},{"not_picked":["Clash+1","JustLucky+1","bronze:ForLoop"],"picked":"SKIP","floor":35},{"not_picked":["Replay:Parry","Mind Blast"],"picked":"Specialist","floor":36},{"not_picked":["Buffer","sneckomod:UnknownClassTHE_BRONZE_AUTOMATON+1","Ricochet+1"],"picked":"SKIP","floor":38},{"not_picked":["hexamod:EmpoweredFlame","hexamod:ThermalTransfer+1","TheCursedMod:Stigma"],"picked":"SKIP","floor":39},{"not_picked":["sneckomod:SerpentIdol","sneckomod:UnknownStrike"],"picked":"Intimidate+1","floor":40}],"player_experience":694918,"relics_obtained":[{"floor":8,"key":"Guardian:PocketSentry"},{"floor":9,"key":"ReplayFunnel"},{"floor":21,"key":"Ornamental Fan"},{"floor":23,"key":"Onion Ring"},{"floor":31,"key":"MealTicket"},{"floor":37,"key":"ReplayTheSpireMod:Ring of Challenge"},{"floor":40,"key":"Replay:Bottled Snecko"},{"floor":43,"key":"reliquary:SharkskinSheath"}],"event_choices":[{"damage_healed":0,"gold_gain":0,"player_choice":"Grow","damage_taken":0,"max_hp_gain":0,"max_hp_loss":0,"event_name":"Living Wall","floor":3,"gold_loss":0,"cards_upgraded":["TheCursedMod:CursedBoomerang"]},{"damage_healed":24,"gold_gain":0,"player_choice":"Upgrade","damage_taken":15,"max_hp_gain":0,"max_hp_loss":75,"event_name":"betterThird:BetterShining","floor":13,"gold_loss":0,"cards_upgraded":["TheCursedMod:Defend_TheCursed","TheCursedMod:SpitefulStrike"]},{"damage_healed":0,"gold_gain":0,"player_choice":"Searched \u00270\u0027 times","damage_taken":0,"max_hp_gain":0,"max_hp_loss":0,"event_name":"Dead Adventurer","floor":14,"gold_loss":0},{"damage_healed":0,"gold_gain":0,"player_choice":"Memory 1","damage_taken":0,"max_hp_gain":0,"max_hp_loss":0,"event_name":"SensoryStone","floor":36,"gold_loss":0},{"damage_healed":24,"gold_gain":0,"player_choice":"Writhe","damage_taken":0,"max_hp_gain":0,"max_hp_loss":0,"event_name":"Winding Halls","floor":41,"gold_loss":0,"cards_obtained":["Writhe"]}],"is_beta":false,"boss_relics":[{"not_picked":["Runic Dome","reliquary:RedPaperclip"],"picked":"sneckomod:SneckoTalon"},{"not_picked":["Runic Pyramid","ChewingGum"],"picked":"Replay:Bronze Core"}],"items_purged_floors":[],"is_endless":false,"potions_floor_spawned":[5,11,28,31,33,35],"killed_by":"Jaw Worm Horde","ascension_level":2}}