{"host":"lv7etzzgwahaenh9","time":1613855231,"event":{"mods":["AchievementEnabler","BaseMod","Colored Map","Colored Powertips","Highlight Path","Minty Spire (QoL Compilation)","Permanent Neow","Quick Restart","Random Character Button","StSLib"],"gold_per_floor":[13,13,32,48,64,64,98,273,273,287,60,86,86,100,100,171,171,183,197,197,213,231,231,231],"floor_reached":23,"language":"ENG","playtime":1147,"items_purged":["Doubt"],"score":338,"play_id":"1d14b359-5875-426e-bf90-dd7f3cdb3f8a","local_time":"20210220130711","is_ascension_mode":true,"campfire_choices":[{"data":"Searing Blow+1","floor":6.0,"key":"SMITH"},{"data":"Searing Blow+2","floor":13.0,"key":"SMITH"},{"data":"Searing Blow+3","floor":15.0,"key":"SMITH"}],"circlet_count":0,"master_deck":["AscendersBane","Strike_R","Strike_R","Strike_R","Defend_R","Defend_R","Defend_R","Defend_R","Bash","Searing Blow+4","Iron Wave","Impervious","Evolve","Dual Wield","Double Tap","Second Wind","Corruption","Seeing Red","Armaments","Burning Pact","Entrench"],"relics":["Burning Blood","Thread and Needle","Orichalcum","Question Card","Regal Pillow","Calipers","Velvet Choker"],"acts_visited":["Exordium","TheCity"],"potions_floor_usage":[16,22],"damage_taken":[{"damage":3.0,"enemies":"Jaw Worm","floor":1.0,"turns":4.0},{"damage":1.0,"enemies":"Cultist","floor":3.0,"turns":4.0},{"damage":0.0,"enemies":"Small Slimes","floor":4.0,"turns":3.0},{"damage":0.0,"enemies":"2 Fungi Beasts","floor":5.0,"turns":4.0},{"damage":17.0,"enemies":"Gremlin Nob","floor":7.0,"turns":5.0},{"damage":6.0,"enemies":"Looter","floor":10.0,"turns":5.0},{"damage":33.0,"enemies":"Lagavulin","floor":12.0,"turns":8.0},{"damage":0.0,"enemies":"Large Slime","floor":14.0,"turns":6.0},{"damage":38,"enemies":"Slime Boss","floor":16,"turns":13},{"damage":2,"enemies":"3 Byrds","floor":18,"turns":8},{"damage":1,"enemies":"Spheric Guardian","floor":19,"turns":4},{"damage":10,"enemies":"Centurion and Healer","floor":21,"turns":7},{"damage":52,"enemies":"3 Cultists","floor":22,"turns":7},{"damage":25,"enemies":"Gremlin Leader","floor":23,"turns":2}],"seed_played":"-3422153548345286624","potions_obtained":[{"floor":3.0,"key":"SpeedPotion"},{"floor":4.0,"key":"Dexterity Potion"},{"floor":10.0,"key":"LiquidBronze"},{"floor":14.0,"key":"GamblersBrew"},{"floor":16,"key":"SkillPotion"}],"is_trial":false,"path_per_floor":["M","?","M","M","M","R","E","?","T","M","$","E","R","M","R","B",null,"M","M","?","M","M","E"],"character_chosen":"IRONCLAD","items_purchased":["Regal Pillow"],"campfire_rested":0,"item_purchase_floors":[11],"current_hp_per_floor":[75,75,80,80,80,80,69,69,69,69,69,42,42,48,48,16,64,68,73,73,69,23,0,0],"gold":231,"neow_bonus":"ONE_RARE_RELIC","is_daily":false,"chose_seed":false,"campfire_upgraded":3,"win_rate":0.0,"timestamp":1613855231,"path_taken":["M","?","M","M","M","R","E","?","T","M","$","E","R","M","R","BOSS","M","M","?","M","M","E"],"items_purchased_type":["Relic"],"build_version":"2020-12-22","purchased_purges":1,"victory":false,"max_hp_per_floor":[80,80,80,80,80,80,80,80,80,80,80,80,80,80,80,80,80,80,80,80,80,80,80,80],"card_choices":[{"not_picked":["Heavy Blade","Pummel"],"picked":"Searing Blow","floor":1.0},{"not_picked":["Searing Blow","Thunderclap"],"picked":"Iron Wave","floor":3.0},{"not_picked":["Reckless Charge","Clothesline","Havoc"],"picked":"SKIP","floor":4.0},{"not_picked":["Clash","Metallicize"],"picked":"Impervious","floor":5.0},{"not_picked":["Pommel Strike","Sword Boomerang"],"picked":"Evolve","floor":7.0},{"not_picked":["Spot Weakness","Feel No Pain","Havoc"],"picked":"Dual Wield","floor":10.0},{"not_picked":["Pummel","Whirlwind","Reaper"],"picked":"Double Tap","floor":12.0},{"not_picked":["Anger","Flame Barrier","Evolve"],"picked":"Second Wind","floor":14.0},{"not_picked":["Immolate","Feed","Berserk"],"picked":"Corruption","floor":16},{"not_picked":["Flex","Havoc","Entrench"],"picked":"Seeing Red","floor":18},{"not_picked":["Warcry","True Grit","Thunderclap"],"picked":"Armaments","floor":19},{"not_picked":["True Grit","Entrench","Thunderclap+1","Heavy Blade+1"],"picked":"SKIP","floor":21},{"not_picked":["Thunderclap","Havoc","Pommel Strike","Heavy Blade+1"],"picked":"SKIP","floor":22}],"player_experience":481369,"relics_obtained":[{"floor":7.0,"key":"Orichalcum"},{"floor":9.0,"key":"Question Card"},{"floor":12.0,"key":"Calipers"}],"event_choices":[{"damage_healed":0.0,"max_hp_gain":0.0,"max_hp_loss":0.0,"gold_gain":0.0,"event_name":"Living Wall","player_choice":"Grow","floor":2.0,"gold_loss":0.0,"damage_taken":0.0,"cards_upgraded":["Searing Blow"]},{"damage_healed":0.0,"max_hp_gain":0.0,"max_hp_loss":0.0,"gold_gain":175.0,"event_name":"Liars Game","player_choice":"AGREE","floor":8.0,"gold_loss":0.0,"damage_taken":0.0,"cards_obtained":["Doubt"]},{"damage_healed":0,"gold_gain":0,"cards_transformed":["Strike_R","Strike_R"],"player_choice":"Became Test Subject","damage_taken":0,"max_hp_gain":0,"max_hp_loss":0,"event_name":"Drug Dealer","floor":20,"gold_loss":0,"cards_obtained":["Burning Pact","Entrench"]}],"is_beta":false,"boss_relics":[{"not_picked":["Coffee Dripper","Tiny House"],"picked":"Velvet Choker"}],"items_purged_floors":[11],"is_endless":false,"potions_floor_spawned":[3,4,10,14,16,19],"killed_by":"Gremlin Leader","ascension_level":13}}