{"host":"iirf6tm60n5v4e3j","time":1613805915,"event":{"mods":["Act Like it!","BaseMod","Gensokyo","Marisa????????","Minty Spire (QoL Compilation)","StSLib","The Marked"],"gold_per_floor":[117,117,6,25,45,278,278,278,278,578,578],"floor_reached":10,"language":"ENG","playtime":673,"items_purged":[],"score":94,"play_id":"897ded04-aeb2-4a7c-82e2-66220ded074c","local_time":"20210219232515","is_ascension_mode":true,"campfire_choices":[{"data":"ManaRampage","floor":8,"key":"SMITH"}],"circlet_count":0,"master_deck":["AscendersBane","Strike_MRS","Strike_MRS","Strike_MRS","Defend_MRS","Defend_MRS+1","Defend_MRS","Defend_MRS+1","MasterSpark","UpSweep","GrandCross","6A","PowerUp","WitchOfGreed","ManaRampage+1"],"relics":["MiniHakkero","Mango","War Paint","The Courier","Old Coin"],"acts_visited":["Exordium"],"potions_floor_usage":[6,6,6,10],"damage_taken":[{"damage":0,"enemies":"Gensokyo:2_Kodama","floor":1,"turns":3},{"damage":12,"enemies":"Gensokyo:Python","floor":4,"turns":3},{"damage":7,"enemies":"Gensokyo:3_Fairies","floor":5,"turns":5},{"damage":39,"enemies":"Gensokyo:Cirno","floor":6,"turns":7},{"damage":22,"enemies":"Gensokyo:Mamizou","floor":10,"turns":3}],"seed_played":"-3699156502304744769","potions_obtained":[{"floor":0,"key":"BottledSpark"},{"floor":0,"key":"ShroomBrew"},{"floor":0,"key":"DuplicationPotion"},{"floor":4,"key":"Regen Potion"},{"floor":6,"key":"Strength Potion"}],"is_trial":false,"path_per_floor":["M","?","COS","M","M","E","?","R","T","E"],"character_chosen":"MARISA","items_purchased":[],"campfire_rested":0,"item_purchase_floors":[],"current_hp_per_floor":[68,61,61,49,42,18,18,18,18,0,0],"gold":578,"neow_bonus":"THREE_SMALL_POTIONS","is_daily":false,"chose_seed":false,"campfire_upgraded":1,"win_rate":0.0,"timestamp":1613805915,"path_taken":["M","?","COS","M","M","E","?","R","T","E"],"items_purchased_type":[],"build_version":"2020-12-22","purchased_purges":0,"victory":false,"max_hp_per_floor":[75,89,89,89,89,89,89,89,89,89,89],"card_choices":[{"not_picked":["MysteriousBeam","Orbital"],"picked":"GrandCross","floor":1},{"not_picked":["GravityBeat","ManaRampage"],"picked":"6A","floor":4},{"not_picked":["GrandCross","MysteriousBeam"],"picked":"PowerUp","floor":5},{"not_picked":["OneTimeOff","NonDirectionalLaser"],"picked":"WitchOfGreed","floor":6}],"player_experience":220084,"relics_obtained":[{"floor":6,"key":"War Paint"},{"floor":9,"key":"The Courier"}],"event_choices":[],"is_beta":false,"boss_relics":[],"items_purged_floors":[],"is_endless":false,"potions_floor_spawned":[4,6],"killed_by":"Gensokyo:Mamizou","ascension_level":10}}