{"host":"uexz8m6e0pxi7xat","time":1613796234,"event":{"mods":["BaseMod","Bestiary","Minty Spire (QoL Compilation)","Relic Stats","ojb\u0027s Info Mod"],"gold_per_floor":[111,111,125,125,138,138,151,163,163,190,190,205,238,313,313,313,313],"floor_reached":16,"language":"ENG","playtime":1291,"items_purged":[],"score":224,"play_id":"18de4421-7577-4400-9ac0-09d21d7e221c","local_time":"20210220174354","is_ascension_mode":true,"campfire_choices":[{"data":"Hologram","floor":6,"key":"SMITH"},{"floor":15,"key":"REST"}],"circlet_count":0,"master_deck":["AscendersBane","Strike_B+1","Strike_B+1","Strike_B","Defend_B","Defend_B","Defend_B","Defend_B","Zap","Dualcast","Hologram+1","Coolheaded","Beam Cell","Barrage","Biased Cognition","Reinforced Body","Seek"],"relics":["Cracked Core","Omamori","Bag of Preparation","Whetstone","Question Card","Meat on the Bone"],"acts_visited":["Exordium"],"potions_floor_usage":[10,13,16,16],"damage_taken":[{"damage":17,"enemies":"2 Louse","floor":1,"turns":3},{"damage":1,"enemies":"Cultist","floor":3,"turns":3},{"damage":4,"enemies":"Jaw Worm","floor":5,"turns":4},{"damage":7,"enemies":"2 Fungi Beasts","floor":7,"turns":5},{"damage":1,"enemies":"Blue Slaver","floor":8,"turns":5},{"damage":16,"enemies":"Lagavulin","floor":10,"turns":8},{"damage":17,"enemies":"Exordium Thugs","floor":12,"turns":5},{"damage":6,"enemies":"3 Sentries","floor":13,"turns":5},{"damage":44,"enemies":"The Guardian","floor":16,"turns":13}],"seed_played":"-1066584032989286012","potions_obtained":[{"floor":3,"key":"PowerPotion"},{"floor":5,"key":"SpeedPotion"},{"floor":7,"key":"SteroidPotion"},{"floor":12,"key":"Fire Potion"},{"floor":13,"key":"SkillPotion"}],"is_trial":false,"path_per_floor":["M","?","M","?","M","R","M","M","T","E","T","M","E","?","R","B"],"character_chosen":"DEFECT","items_purchased":[],"campfire_rested":1,"item_purchase_floors":[],"current_hp_per_floor":[47,40,39,71,67,67,60,59,59,43,43,26,20,9,30,0,0],"gold":313,"neow_bonus":"RANDOM_COMMON_RELIC","is_daily":false,"chose_seed":false,"campfire_upgraded":1,"win_rate":0.0,"timestamp":1613796234,"path_taken":["M","?","M","?","M","R","?","M","T","E","?","M","E","?","R","BOSS"],"items_purchased_type":[],"build_version":"2020-12-22","purchased_purges":0,"victory":false,"max_hp_per_floor":[71,71,71,71,71,71,71,71,71,71,71,71,71,71,71,71,71],"relic_stats":{"counters":[9,51],"Bag of Preparation":[8],"Whetstone":["Strike_B","Strike_B"],"Question Card":2,"obtain_stats":[{"Omamori":0,"Bag of Preparation":9,"Whetstone":10,"Cracked Core":0,"Question Card":11,"Meat on the Bone":13},{"Omamori":0,"Bag of Preparation":5,"Whetstone":6,"Cracked Core":0,"Question Card":6,"Meat on the Bone":8},{"Omamori":0,"Bag of Preparation":20,"Whetstone":28,"Cracked Core":0,"Question Card":28,"Meat on the Bone":38}],"Meat on the Bone":0},"card_choices":[{"not_picked":["Stack","Scrape","Skim"],"picked":"SKIP","floor":1},{"not_picked":["Redo","Skim"],"picked":"Hologram","floor":3},{"not_picked":["Barrage","Hello World"],"picked":"Coolheaded","floor":5},{"not_picked":["Redo","Chill"],"picked":"Beam Cell","floor":7},{"not_picked":["Gash","Turbo"],"picked":"Barrage","floor":8},{"not_picked":["Coolheaded","Go for the Eyes"],"picked":"Biased Cognition","floor":10},{"not_picked":["Self Repair","Streamline","Beam Cell"],"picked":"Reinforced Body","floor":12},{"not_picked":["Barrage","Tempest","Genetic Algorithm"],"picked":"Seek","floor":13}],"player_experience":1074103,"relics_obtained":[{"floor":9,"key":"Bag of Preparation"},{"floor":10,"key":"Whetstone"},{"floor":11,"key":"Question Card"},{"floor":13,"key":"Meat on the Bone"}],"event_choices":[{"cards_removed":["Strike_B"],"damage_healed":0,"gold_gain":0,"player_choice":"Card Removal","damage_taken":7,"max_hp_gain":0,"max_hp_loss":0,"event_name":"Golden Wing","floor":2,"gold_loss":0},{"damage_healed":32,"gold_gain":0,"player_choice":"Full Heal","damage_taken":0,"max_hp_gain":0,"max_hp_loss":0,"event_name":"Wheel of Change","floor":4,"gold_loss":0},{"damage_healed":0,"gold_gain":75,"player_choice":"Gather Gold","damage_taken":11,"max_hp_gain":0,"max_hp_loss":0,"event_name":"World of Goop","floor":14,"gold_loss":0}],"is_beta":false,"boss_relics":[],"items_purged_floors":[],"is_endless":false,"potions_floor_spawned":[3,5,7,12,13],"killed_by":"The Guardian","ascension_level":20}}