{"host":"1a3cjta80tad0aqj","time":1613835415,"event":{"mods":["2.2 Compatiblity","AchievementEnabler","BaseMod","Colored Map","DeckTracker","KOR Keyword Fix","Keyboard Shortcuts","Minty Spire (QoL Compilation)","Permanent Neow","Quick Restart","Random Character Button","StSLib","SuperFastMode","everything is the same but u backflip on backflip"],"gold_per_floor":[118,118,132,31,31,31,65,15,67,101,120,120,138,152,152,250,250,263,277,288,48,48,48,68,101,126,153,153,153,53,53,53,151,151,171,18,30,30,30,30,48,98,98,98,133,0,0,13,13,13],"floor_reached":51,"language":"KOR","playtime":3173,"items_purged":["Strike_B","Writhe"],"score":864,"play_id":"50772133-ae1e-428d-ac0c-c0d5bb4d8ed5","local_time":"20210221003655","is_ascension_mode":true,"campfire_choices":[{"data":"Dualcast","floor":6.0,"key":"SMITH"},{"floor":12.0,"key":"REST"},{"data":"Streamline","floor":15.0,"key":"SMITH"},{"data":"Go for the Eyes","floor":23.0,"key":"SMITH"},{"floor":29.0,"key":"REST"},{"floor":32.0,"key":"REST"},{"data":"Hyperbeam","floor":40.0,"key":"SMITH"},{"floor":47.0,"key":"REST"},{"floor":49.0,"key":"DIG"}],"circlet_count":0,"master_deck":["Strike_B+1","Strike_B","Strike_B","Defend_B","Defend_B","Zap","Dualcast+1","Turbo","Lockon","Conserve Battery","Streamline+1","Chill+1","Cold Snap+1","Go for the Eyes+1","FTL","Skim+1","Sweeping Beam","Electrodynamics","Glacier+1","Reinforced Body+1","Hologram+1","Loop+1","Beam Cell+1","Hyperbeam+1","CurseOfTheBell","Defragment+1","Coolheaded+1","Echo Form+1","Leap+1","Biased Cognition+1","Turbo+1"],"relics":["Cracked Core","Toxic Egg 2","PreservedInsect","Orichalcum","Art of War","Black Star","TheAbacus","StrikeDummy","Meat on the Bone","Ice Cream","Bag of Marbles","Whetstone","Lantern","Calling Bell","Blood Vial","Frozen Egg 2","Gambling Chip","Regal Pillow","CaptainsWheel","Sundial","Shovel","Du-Vu Doll","Pen Nib","Vajra"],"acts_visited":["Exordium","TheCity","TheBeyond"],"potions_floor_usage":[50,50],"damage_taken":[{"damage":0.0,"enemies":"Small Slimes","floor":1.0,"turns":2.0},{"damage":6.0,"enemies":"Cultist","floor":3.0,"turns":3.0},{"damage":18.0,"enemies":"Gremlin Nob","floor":7.0,"turns":3.0},{"damage":17.0,"enemies":"Lagavulin","floor":10.0,"turns":4.0},{"damage":0.0,"enemies":"2 Louse","floor":11.0,"turns":2.0},{"damage":0.0,"enemies":"Exordium Wildlife","floor":13.0,"turns":2.0},{"damage":4.0,"enemies":"Large Slime","floor":14.0,"turns":4.0},{"damage":12.0,"enemies":"Hexaghost","floor":16.0,"turns":9.0},{"damage":7.0,"enemies":"Spheric Guardian","floor":18.0,"turns":4.0},{"damage":3.0,"enemies":"3 Byrds","floor":19.0,"turns":4.0},{"damage":4.0,"enemies":"Centurion and Healer","floor":20.0,"turns":5.0},{"damage":11.0,"enemies":"Snake Plant","floor":24.0,"turns":5.0},{"damage":6.0,"enemies":"Book of Stabbing","floor":25.0,"turns":5.0},{"damage":3.0,"enemies":"Gremlin Leader","floor":27.0,"turns":6.0},{"damage":59.0,"enemies":"Champ","floor":33.0,"turns":16.0},{"damage":0.0,"enemies":"Orb Walker","floor":35.0,"turns":2.0},{"damage":4.0,"enemies":"3 Darklings","floor":37.0,"turns":5.0},{"damage":0.0,"enemies":"Jaw Worm Horde","floor":41.0,"turns":1.0},{"damage":16.0,"enemies":"Mind Bloom Boss Battle","floor":42.0,"turns":6.0},{"damage":10.0,"enemies":"Nemesis","floor":45.0,"turns":5.0},{"damage":3.0,"enemies":"Maw","floor":48.0,"turns":7.0},{"damage":39,"enemies":"Time Eater","floor":50,"turns":12}],"seed_played":"6688432424978660989","potions_obtained":[{"floor":1.0,"key":"Swift Potion"},{"floor":10.0,"key":"ColorlessPotion"},{"floor":14.0,"key":"PotionOfCapacity"},{"floor":18.0,"key":"SkillPotion"},{"floor":25.0,"key":"Swift Potion"},{"floor":27.0,"key":"Weak Potion"},{"floor":33.0,"key":"SkillPotion"},{"floor":37.0,"key":"Fire Potion"}],"is_trial":false,"path_per_floor":["M","?","M","$","?","R","E","$","T","E","M","R","M","M","R","B",null,"M","M","M","$","?","R","M","E","T","E","?","R","$","?","R","B",null,"M","$","M","?","$","R","M","?","T","T","E","$","R","M","R","B",null],"character_chosen":"DEFECT","items_purchased":["Streamline","Cold Snap","Hologram+1","TheAbacus","Energy Potion","Regal Pillow","Biased Cognition+1","Turbo+1"],"campfire_rested":4,"item_purchase_floors":[4,8,21,21,21,36,46,46],"current_hp_per_floor":[75,68,62,62,62,62,44,44,44,27,27,49,49,45,45,33,65,58,55,51,51,51,51,40,34,34,43,29,53,53,53,77,30,68,70,70,68,68,68,68,70,56,56,56,48,48,80,77,77,52],"gold":13,"neow_bonus":"THREE_CARDS","is_daily":false,"chose_seed":false,"campfire_upgraded":4,"win_rate":0.0,"timestamp":1613835415,"path_taken":["M","?","M","$","?","R","E","$","T","E","?","R","M","M","R","BOSS","M","M","?","$","?","R","M","E","T","E","?","R","?","?","R","BOSS","M","$","M","?","$","R","?","?","T","?","E","$","R","M","R","BOSS"],"items_purchased_type":["Card","Card","Card","Relic","Potion","Relic","Card","Card"],"build_version":"2020-12-22","purchased_purges":2,"victory":true,"max_hp_per_floor":[75,75,75,75,75,75,75,75,75,75,75,75,75,75,75,75,75,75,75,75,75,75,75,75,75,75,75,80,80,80,80,80,80,80,80,80,80,80,80,80,80,80,80,80,80,80,80,80,80,80],"card_choices":[{"not_picked":["Leap","Recycle"],"picked":"Turbo","floor":0.0},{"not_picked":["Auto Shields","Melter"],"picked":"Lockon","floor":1.0},{"not_picked":["Rebound","Leap"],"picked":"Conserve Battery","floor":3.0},{"not_picked":["Redo+1","Conserve Battery+1"],"picked":"Chill+1","floor":7.0},{"not_picked":["Steam+1","BootSequence+1"],"picked":"Go for the Eyes","floor":10.0},{"not_picked":["Compile Driver","Leap+1"],"picked":"FTL","floor":11.0},{"not_picked":["Self Repair","Rebound"],"picked":"Skim+1","floor":13.0},{"not_picked":["Conserve Battery+1","Cold Snap"],"picked":"Sweeping Beam","floor":14.0},{"not_picked":["Thunder Strike","Machine Learning"],"picked":"Electrodynamics","floor":16.0},{"not_picked":["Conserve Battery+1","Hello World+1","Scrape"],"picked":"SKIP","floor":18.0},{"not_picked":["Sweeping Beam","Steam Power+1"],"picked":"Glacier+1","floor":19.0},{"not_picked":["Steam+1","Recycle+1"],"picked":"Reinforced Body+1","floor":20.0},{"not_picked":["Fusion+1","Heatsinks+1"],"picked":"Loop+1","floor":24.0},{"not_picked":["Lockon+1","Hello World","Sweeping Beam"],"picked":"SKIP","floor":25.0},{"not_picked":["Glacier+1","Steam+1"],"picked":"Beam Cell+1","floor":27.0},{"not_picked":["Creative AI","Fission+1"],"picked":"Hyperbeam","floor":33.0},{"not_picked":["Coolheaded+1","Stack+1"],"picked":"Defragment+1","floor":35.0},{"not_picked":["White Noise+1","Beam Cell+1"],"picked":"Coolheaded+1","floor":37.0},{"not_picked":["Ball Lightning","Cold Snap"],"picked":"Leap+1","floor":41.0},{"not_picked":["Coolheaded+1","Fusion+1","Leap+1"],"picked":"SKIP","floor":45.0},{"not_picked":["Reprogram+1","Hyperbeam","Beam Cell+1"],"picked":"SKIP","floor":48.0}],"player_experience":884313,"relics_obtained":[{"floor":7.0,"key":"PreservedInsect"},{"floor":9.0,"key":"Orichalcum"},{"floor":10.0,"key":"Art of War"},{"floor":25.0,"key":"Meat on the Bone"},{"floor":25.0,"key":"Ice Cream"},{"floor":26.0,"key":"Bag of Marbles"},{"floor":27.0,"key":"Whetstone"},{"floor":27.0,"key":"Lantern"},{"floor":34.0,"key":"Blood Vial"},{"floor":34.0,"key":"Frozen Egg 2"},{"floor":34.0,"key":"Gambling Chip"},{"floor":42.0,"key":"CaptainsWheel"},{"floor":43.0,"key":"Sundial"},{"floor":44.0,"key":"Shovel"},{"floor":45.0,"key":"Du-Vu Doll"},{"floor":45.0,"key":"Pen Nib"},{"floor":49.0,"key":"Vajra"}],"event_choices":[{"cards_removed":["Defend_B"],"damage_healed":0.0,"max_hp_gain":0.0,"max_hp_loss":0.0,"gold_gain":0.0,"event_name":"Golden Wing","player_choice":"Card Removal","floor":2.0,"gold_loss":0.0,"damage_taken":7.0},{"damage_healed":0.0,"max_hp_gain":0.0,"max_hp_loss":0.0,"gold_gain":0.0,"event_name":"WeMeetAgain","player_choice":"Gave Potion","floor":5.0,"gold_loss":0.0,"damage_taken":0.0,"relics_obtained":["Toxic Egg 2"]},{"damage_healed":0.0,"max_hp_gain":0.0,"max_hp_loss":0.0,"gold_gain":0.0,"event_name":"The Mausoleum","player_choice":"Opened","floor":22.0,"gold_loss":0.0,"damage_taken":0.0,"relics_obtained":["StrikeDummy"],"cards_obtained":["Writhe"]},{"damage_healed":0.0,"max_hp_gain":5.0,"max_hp_loss":0.0,"gold_gain":0.0,"event_name":"Forgotten Altar","player_choice":"Shed Blood","floor":28.0,"gold_loss":0.0,"damage_taken":19.0},{"damage_healed":0.0,"max_hp_gain":0.0,"max_hp_loss":0.0,"gold_gain":0.0,"cards_transformed":["Defend_B"],"event_name":"Transmorgrifier","player_choice":"Transformed","floor":38.0,"gold_loss":0.0,"damage_taken":0.0,"cards_obtained":["Echo Form"]},{"damage_healed":0.0,"max_hp_gain":0.0,"max_hp_loss":0.0,"gold_gain":0.0,"event_name":"MindBloom","player_choice":"Fight","floor":42.0,"gold_loss":0.0,"damage_taken":0.0}],"is_beta":false,"boss_relics":[{"not_picked":["Nuclear Battery","Velvet Choker"],"picked":"Black Star"},{"not_picked":["Fusion Hammer","FrozenCore"],"picked":"Calling Bell"}],"items_purged_floors":[4,30],"is_endless":false,"potions_floor_spawned":[1,10,14,18,25,27,33,37,41],"ascension_level":5}}