{"host":"dxgv5rrg6e29tc63","time":1613812724,"event":{"mods":["Act Like it!","BaseMod","Bestiary","Colored Map","Downfall","Minty Spire (QoL Compilation)","StSLib"],"gold_per_floor":[99,119,135,45,60,79,125,155,171,171,183,83,116,127,142,246,246,246,246,246],"floor_reached":18,"language":"ENG","playtime":1511,"items_purged":["Slimebound:Strike_Slimebound"],"score":210,"play_id":"513e080b-9bcd-4585-bf4d-e3d50b2d05ed","local_time":"20210220011844","is_ascension_mode":true,"campfire_choices":[{"data":"Apotheosis","floor":1.0,"key":"SMITH"},{"floor":10,"key":"RECALL"},{"data":"Slimebound:Prepare","floor":12,"key":"SMITH"}],"circlet_count":0,"master_deck":["Slimebound:Strike_Slimebound","Slimebound:Strike_Slimebound","Slimebound:Tackle","Slimebound:Defend_Slimebound","Slimebound:Defend_Slimebound","Slimebound:Defend_Slimebound","Slimebound:Defend_Slimebound","Slimebound:Split","Slimebound:CorrosiveSpit","Apotheosis+1","Slimebound:Prepare+1","Slimebound:SplitBruiser","Slimebound:Nibble","Slimebound:LeechEnergy","Slimebound:ComboTackle","Slimebound:RainOfGoop","Slimebound:RollThrough","Slimebound:GoopSpray","Slimebound:MassFeed","Slimebound:RejuvenatingLick","Slimebound:CheckThePlaybook","CurseOfTheBell"],"relics":["Slimebound:AbsorbEndCombat","Art of War","Centennial Puzzle","downfall:HeartBlessingRed","Lantern","Calling Bell","MealTicket","StrikeDummy","Dead Branch"],"acts_visited":["Exordium","TheEnding"],"potions_floor_usage":[11],"damage_taken":[{"damage":0.0,"enemies":"Cultist","floor":2.0,"turns":4.0},{"damage":0.0,"enemies":"2 Louse","floor":3.0,"turns":3.0},{"damage":0.0,"enemies":"downfall:FleeingMerchant","floor":4.0,"turns":4.0},{"damage":2.0,"enemies":"Small Slimes","floor":5.0,"turns":3.0},{"damage":0,"enemies":"2 Fungi Beasts","floor":6,"turns":2},{"damage":10,"enemies":"Gremlin Nob","floor":8,"turns":3},{"damage":0,"enemies":"3 Louse","floor":9,"turns":2},{"damage":0,"enemies":"Exordium Wildlife","floor":11,"turns":3},{"damage":3,"enemies":"Lagavulin","floor":13,"turns":4},{"damage":3,"enemies":"Lots of Slimes","floor":14,"turns":2},{"damage":0,"enemies":"Large Slime","floor":15,"turns":2},{"damage":9,"enemies":"IC_STATUS_ARCHETYPE","floor":16,"turns":6},{"damage":108,"enemies":"ME_ARCHETYPE_MERCHANT","floor":18,"turns":5}],"seed_played":"-3462326805852805244","potions_obtained":[{"floor":3.0,"key":"Fruit Juice"},{"floor":9,"key":"Weak Potion"},{"floor":11,"key":"AttackPotion"},{"floor":15,"key":"Dexterity Potion"},{"floor":16,"key":"SteroidPotion"}],"is_trial":false,"path_per_floor":["R","M","M","$","M","M","T","E","M","R","M","R","E","M","M","B",null,"E"],"character_chosen":"SLIMEBOUND","items_purchased":[],"campfire_rested":0,"item_purchase_floors":[],"current_hp_per_floor":[47,51,53,62,62,64,64,56,62,62,70,70,69,82,86,88,90,0,0,0],"gold":246,"neow_bonus":"RANDOM_COLORLESS_2","is_daily":false,"chose_seed":false,"campfire_upgraded":2,"win_rate":0.0,"timestamp":1613812724,"path_taken":["R","M","M","$","M","M","T","E","M","R","?","R","E","M","M","BOSS","E"],"items_purchased_type":[],"build_version":"2020-12-22","purchased_purges":1,"victory":false,"max_hp_per_floor":[65,65,65,70,70,70,70,70,70,70,70,70,70,82,86,90,90,90,90,90],"card_choices":[{"not_picked":["Magnetism","Sadistic Nature"],"picked":"Apotheosis","floor":0.0},{"not_picked":["Slimebound:SplitAcid","Slimebound:Dissolve"],"picked":"Slimebound:Prepare","floor":2.0},{"not_picked":["Slimebound:GoopTackle","Slimebound:RollThrough"],"picked":"Slimebound:SplitBruiser","floor":3.0},{"not_picked":["Slimebound:SplitBruiser","Slimebound:Schlurp"],"picked":"Slimebound:Nibble","floor":4.0},{"not_picked":["Slimebound:Chomp","Slimebound:FinishingTackle"],"picked":"Slimebound:LeechEnergy","floor":5},{"not_picked":["Slimebound:Nibble","Slimebound:WasteNot"],"picked":"Slimebound:ComboTackle","floor":6},{"not_picked":["Slimebound:GrowthPunch","Slimebound:SplitLeeching"],"picked":"Slimebound:RainOfGoop","floor":8},{"not_picked":["Slimebound:SamplingLick","Slimebound:Prepare"],"picked":"Slimebound:RollThrough","floor":9},{"not_picked":["Slimebound:Schlurp","Slimebound:AcidTongue"],"picked":"Slimebound:GoopSpray","floor":11},{"not_picked":["Slimebound:ForwardTackle","Slimebound:Grow"],"picked":"Slimebound:MassFeed","floor":13},{"not_picked":["Slimebound:SplitBruiser","Slimebound:LeechEnergy","Slimebound:ItLooksTasty"],"picked":"SKIP","floor":14},{"not_picked":["Slimebound:Nibble","Slimebound:Chomp"],"picked":"Slimebound:RejuvenatingLick","floor":15},{"not_picked":["Slimebound:LeechLife","Slimebound:Teamwork"],"picked":"Slimebound:CheckThePlaybook","floor":16}],"player_experience":376447,"relics_obtained":[{"floor":7,"key":"Art of War"},{"floor":8,"key":"Centennial Puzzle"},{"floor":13,"key":"Lantern"},{"floor":17,"key":"MealTicket"},{"floor":17,"key":"StrikeDummy"},{"floor":17,"key":"Dead Branch"}],"event_choices":[],"is_beta":false,"boss_relics":[{"not_picked":["Runic Pyramid","Cursed Key"],"picked":"Calling Bell"}],"items_purged_floors":[4],"is_endless":false,"potions_floor_spawned":[3,9,11,15,16],"killed_by":"ME_ARCHETYPE_MERCHANT","ascension_level":1}}