{"host":"rguvlafm46vqn9ib","time":1613808386,"event":{"mods":["2.2 Compatiblity","AchievementEnabler","Act Like it!","Arknights","Aspiration","BaseMod","Beaked The Cultist","Better Match","Better Note","Better Third Choice","BetterRewards","Colored Map","Downfall","Elementarium","GifTheSpireLib","Hermit","Highlight Path","Hubris","JesterMod","Mad Scientist","Minty Spire (QoL Compilation)","RRrroohrrRGHHhhh!!","Reliquary","Reorder Act Four","Replay The Spire","Retaliation","SCP261 Mod","Small Relic Pack","Spikes Relics","StSLib","Stuff the Spire","The Blackbeard","The Bug Knight","The Construct","The Death Knight","The Disciple","The Forsaken","The Judge","The Marked","The Mystic","The Necromancer","The Problem Sleuth","The Runesmith","TheSwordswoman"],"gold_per_floor":[111,124,144,161,171,171,271,271,294,306,27,41,41,75,75,180,180,191,206,12,12,23,23,48,48,48,48,48,48,48,48],"floor_reached":30,"language":"ENG","playtime":2223,"items_purged":[],"score":494,"play_id":"c12a54bb-2487-4a2d-8615-92fa3d108ae6","local_time":"20210220080626","is_ascension_mode":true,"campfire_choices":[{"floor":6,"key":"REST"},{"data":"DeathKnight:DeathStrike","floor":8,"key":"SMITH"},{"floor":13,"key":"REST"},{"floor":15,"key":"REST"},{"floor":23,"key":"REST"},{"floor":25,"key":"REST"},{"floor":28,"key":"REST"}],"circlet_count":0,"master_deck":["DeathKnight:Strike_DeathKnight","DeathKnight:Strike_DeathKnight","DeathKnight:Strike_DeathKnight","DeathKnight:Strike_DeathKnight","DeathKnight:Strike_DeathKnight","DeathKnight:Defend_DeathKnight","DeathKnight:Defend_DeathKnight","DeathKnight:Defend_DeathKnight","DeathKnight:Defend_DeathKnight","DeathKnight:Defend_DeathKnight","DeathKnight:RuneTap","DeathKnight:RuneStrike","DeathKnight:BloodStrike","DeathKnight:FesteringStrike","DeathKnight:PillarOfFrost","Enlightenment","DeathKnight:ThirstingStrike","DeathKnight:GargoyleSkin","DeathKnight:UnholyAssault","DeathKnight:IcyTouch","DeathKnight:DeathStrike+1","DeathKnight:AntiMagicShell","DeathKnight:HowlingBlast","DeathKnight:IceboundArmor","DeathKnight:DeathCoil","DeathKnight:MarkOfBlood","DeathKnight:Razorice","DeathKnight:WraithWalk","DeathKnight:FrostStrike","DeathKnight:Hysteria","Shame","DeathKnight:HornOfWinter+1","DeathKnight:BludPresence"],"relics":["DeathKnight:BrokenRuneblade","hubris:DeckOfHolding","Replay:Baseball","Chemical X","reliquary:Boomerang","DeathKnight:ScourgeInsignia","Orichalcum","Omamori","Replay:Ringing Soul","Thread and Needle"],"acts_visited":["Exordium","TheCity"],"potions_floor_usage":[14,16,22,27,27],"damage_taken":[{"damage":2,"enemies":"2 Louse","floor":1,"turns":3},{"damage":0,"enemies":"Cultist","floor":2,"turns":2},{"damage":9,"enemies":"Jaw Worm","floor":3,"turns":3},{"damage":22,"enemies":"3 Louse","floor":4,"turns":6},{"damage":6,"enemies":"Blue Slaver","floor":5,"turns":3},{"damage":26,"enemies":"Lots of Slimes","floor":10,"turns":5},{"damage":4,"enemies":"Red Slaver","floor":12,"turns":3},{"damage":0,"enemies":"Gremlin Nob","floor":14,"turns":2},{"damage":67,"enemies":"Fading Forest","floor":16,"turns":11},{"damage":12,"enemies":"Chosen","floor":18,"turns":2},{"damage":41,"enemies":"3 Byrds","floor":19,"turns":7},{"damage":5,"enemies":"Centurion and Healer","floor":22,"turns":7},{"damage":39,"enemies":"Book of Stabbing","floor":24,"turns":6},{"damage":34,"enemies":"Slavers","floor":27,"turns":3},{"damage":42,"enemies":"3 Cultists","floor":30,"turns":6}],"seed_played":"8797435231533558640","potions_obtained":[{"floor":4,"key":"SmokeBomb"},{"floor":5,"key":"SCP261:ClockworkPotion"},{"floor":14,"key":"sneckomod:MuddlingPotion"},{"floor":19,"key":"DeathKnight:PlagueVial"},{"floor":24,"key":"Energy Potion"}],"is_trial":false,"path_per_floor":["M","M","M","M","M","R","?","R","T","M","$","M","R","E","R","B",null,"M","M","$","?","M","R","E","R","T","E","R","$","M"],"character_chosen":"DEATH_KNIGHT","items_purchased":["DeathKnight:BloodStrike","DeathKnight:FesteringStrike","DeathKnight:PillarOfFrost","Enlightenment","hubris:DeckOfHolding","Chemical X","DeathKnight:HowlingBlast","DeathKnight:IceboundArmor","Orichalcum","DeathKnight:Hysteria"],"campfire_rested":6,"item_purchase_floors":[0,0,0,0,0,11,11,11,20,20],"current_hp_per_floor":[65,65,56,34,28,50,50,50,50,24,24,20,42,42,64,16,60,59,18,18,18,24,46,21,44,44,10,33,33,0,0],"gold":48,"neow_bonus":"","is_daily":false,"chose_seed":false,"campfire_upgraded":1,"win_rate":0.0,"timestamp":1613808386,"path_taken":["M","M","M","M","M","R","?","R","T","M","$","?","R","E","R","BOSS","M","M","$","?","M","R","E","R","T","E","R","$","M"],"items_purchased_type":["Card","Card","Card","Card","Relic","Relic","Card","Card","Relic","Card"],"build_version":"2020-12-22","purchased_purges":0,"victory":false,"max_hp_per_floor":[75,75,75,75,75,75,75,75,75,75,75,75,75,75,75,75,75,75,75,75,75,75,75,78,78,78,78,78,78,78,78],"card_choices":[{"not_picked":["DeathKnight:DeathRune","DeathKnight:Pestilence"],"picked":"DeathKnight:ThirstingStrike","floor":1},{"not_picked":["DeathKnight:BloodPact","DeathKnight:UnholyFrenzy"],"picked":"DeathKnight:GargoyleSkin","floor":2},{"not_picked":["DeathKnight:IceboundArmor","DeathKnight:MindFreeze"],"picked":"DeathKnight:UnholyAssault","floor":3},{"not_picked":["DeathKnight:BloodTap","DeathKnight:UnholyPresence"],"picked":"DeathKnight:IcyTouch","floor":4},{"not_picked":["DeathKnight:HartStrike","DeathKnight:BloodEchoes"],"picked":"DeathKnight:DeathStrike","floor":5},{"not_picked":["DeathKnight:BludPresence","DeathKnight:BloodEchoes"],"picked":"DeathKnight:AntiMagicShell","floor":10},{"not_picked":["DeathKnight:Contagion","DeathKnight:VampiricBlood"],"picked":"DeathKnight:DeathCoil","floor":12},{"not_picked":["DeathKnight:DeathsAdvance","DeathKnight:IcyTouch"],"picked":"DeathKnight:MarkOfBlood","floor":14},{"not_picked":["DeathKnight:UnholyExperiment","DeathKnight:VampiricBlood"],"picked":"DeathKnight:Razorice","floor":16},{"not_picked":["DeathKnight:PathOfFrost","DeathKnight:UnholyPresence"],"picked":"DeathKnight:WraithWalk","floor":18},{"not_picked":["DeathKnight:UnholyPresence","DeathKnight:BloodTap"],"picked":"DeathKnight:FrostStrike","floor":19},{"not_picked":["DeathKnight:IceboundArmor","DeathKnight:RaiseAlly"],"picked":"DeathKnight:HornOfWinter+1","floor":22},{"not_picked":["DeathKnight:BoneSpear","DeathKnight:IceboundArmor"],"picked":"DeathKnight:BludPresence","floor":24}],"player_experience":1014703,"relics_obtained":[{"floor":9,"key":"Replay:Baseball"},{"floor":14,"key":"reliquary:Boomerang"},{"floor":24,"key":"Replay:Ringing Soul"},{"floor":26,"key":"Thread and Needle"}],"event_choices":[{"damage_healed":0,"gold_gain":100,"player_choice":"Pray","damage_taken":0,"max_hp_gain":0,"max_hp_loss":0,"event_name":"Golden Shrine","floor":7,"gold_loss":0},{"damage_healed":0,"gold_gain":0,"player_choice":"Stole Relic","damage_taken":0,"relics_obtained":["Omamori"],"max_hp_gain":0,"max_hp_loss":0,"event_name":"Addict","floor":21,"gold_loss":0,"cards_obtained":["Shame"]}],"is_beta":false,"boss_relics":[{"not_picked":["Honey Jar","bronze:MakeshiftBattery"],"picked":"DeathKnight:ScourgeInsignia"}],"items_purged_floors":[],"is_endless":false,"potions_floor_spawned":[4,5,14,19,24,27],"killed_by":"3 Cultists","ascension_level":5}}