{"host":"tod","time":1613826308,"event":{"mods":["ATMod(∞¢Ë™Mod)","AchievementEnabler","Act Like it!","BaseMod","CapriCore","Energized Spire","Highlight Path","Lobotomy","Marisa£®ÏF”Í°°ƒß¿Ì…≥£©","Minty Spire (QoL Compilation)","Quick Restart","Reimu£®≤©¿ˆ¡È√Œ£©","Relic Filter Mod","Relic Stats","Remilia£®¿Ÿ√◊¿Ú—«£©","Replay The Spire","Shop Mod","StSLib","The Cursed","The Immortal","Yakumo Yukari mod","Youmu£®ªÍ∆«—˝√Œ£©"],"gold_per_floor":[110,128,148,148,223,223,235,235,262,272,272,285,316,158,158,230,230,247,263,313,323,64,64,64],"floor_reached":23,"language":"ZHS","playtime":624,"items_purged":["Writhe","Pain"],"score":386,"play_id":"c5aa4e44-650b-43dc-a781-1c9359e1eaf7","local_time":"20210220210508","is_ascension_mode":true,"campfire_choices":[{"floor":6.0,"key":"REST"},{"floor":8.0,"key":"REST"},{"floor":15.0,"key":"REST"}],"circlet_count":0,"master_deck":["AscendersBane","Strike_R","Strike_R","Strike_R","Strike_R","Strike_R","Defend_R","Defend_R","Defend_R","Defend_R","Bash","Apotheosis","AT_BreakingExtremeWeapon","Battle Trance","Twin Strike","AT_DrawKnifeCut","Corruption","ReplayTheSpireMod:Faulty Equipment","ReplayTheSpireMod:Faulty Equipment","AT_DrawKnifeCut+1","ReplayTheSpireMod:Limb From Limb"],"relics":["Burning Blood","AT_ATBox","Replay:Rubber Ducky","Replay:Ancient Bell","Bronze Scales","Replay:Ringing Soul","Calipers","Membership Card"],"acts_visited":["Exordium","TheCity"],"potions_floor_usage":[],"damage_taken":[{"damage":8.0,"enemies":"2 Louse","floor":1.0,"turns":2.0},{"damage":20.0,"enemies":"Small Slimes","floor":2.0,"turns":3.0},{"damage":12.0,"enemies":"Jaw Worm","floor":3.0,"turns":2.0},{"damage":31.0,"enemies":"Gremlin Gang","floor":7.0,"turns":6.0},{"damage":14.0,"enemies":"Looter","floor":10.0,"turns":3.0},{"damage":18.0,"enemies":"Blue Slaver","floor":12.0,"turns":4.0},{"damage":11.0,"enemies":"Gremlin Nob","floor":13.0,"turns":3.0},{"damage":31.0,"enemies":"The Guardian","floor":16.0,"turns":7.0},{"damage":43.0,"enemies":"Chosen","floor":18.0,"turns":4.0},{"damage":9.0,"enemies":"3 Byrds","floor":19.0,"turns":3.0},{"damage":10,"enemies":"Snecko","floor":21,"turns":4},{"damage":27,"enemies":"Book of Stabbing","floor":23,"turns":3}],"seed_played":"-2818744168697296631","potions_obtained":[{"floor":1.0,"key":"EssenceOfSteel"},{"floor":10.0,"key":"DistilledChaos"},{"floor":12.0,"key":"ElixirPotion"}],"is_trial":false,"path_per_floor":["M","M","M","$","?","R","M","R","T","M","?","M","E","$","R","B",null,"M","M","?","M","$","E"],"character_chosen":"IRONCLAD","items_purchased":["AT_DrawKnifeCut","Membership Card","ReplayTheSpireMod:Limb From Limb"],"campfire_rested":3,"item_purchase_floors":[14,22,22],"current_hp_per_floor":[66,52,46,46,35,57,32,54,54,46,51,39,34,34,58,33,71,37,34,34,30,33,6,6],"gold":64,"neow_bonus":"RANDOM_COLORLESS_2","is_daily":false,"chose_seed":false,"campfire_upgraded":0,"win_rate":0.0,"timestamp":1613826308,"path_taken":["M","M","M","$","?","R","M","R","T","M","?","M","E","$","R","BOSS","M","M","?","M","$","E"],"items_purchased_type":["Card","Relic","Card"],"build_version":"2020-12-18","purchased_purges":2,"victory":false,"max_hp_per_floor":[75,75,75,75,75,75,75,75,75,75,80,80,80,80,80,80,83,86,86,86,86,89,89,89],"relic_stats":{"counters":[12,44],"Bronze Scales":[86],"obtain_stats":[{"Replay:Ringing Soul":17,"AT_ATBox":0,"Calipers":17,"Bronze Scales":17,"Replay:Ancient Bell":17,"Membership Card":22,"Burning Blood":0,"Replay:Rubber Ducky":13},{"Replay:Ringing Soul":8,"AT_ATBox":0,"Calipers":8,"Bronze Scales":8,"Replay:Ancient Bell":8,"Membership Card":11,"Burning Blood":0,"Replay:Rubber Ducky":7},{"Replay:Ringing Soul":30,"AT_ATBox":0,"Calipers":30,"Bronze Scales":30,"Replay:Ancient Bell":30,"Membership Card":41,"Burning Blood":0,"Replay:Rubber Ducky":23}],"Burning Blood":66},"card_choices":[{"not_picked":["The Bomb","Panache"],"picked":"Apotheosis","floor":0.0},{"not_picked":["Hemokinesis","Heavy Blade","Body Slam"],"picked":"SKIP","floor":1.0},{"not_picked":["Fire Breathing","Perfected Strike","Sword Boomerang"],"picked":"SKIP","floor":2.0},{"not_picked":["Sentinel","Flame Barrier","Thunderclap"],"picked":"SKIP","floor":3.0},{"not_picked":["AT_DiedThrough","True Grit","Disarm"],"picked":"SKIP","floor":7.0},{"not_picked":["True Grit","Armaments"],"picked":"Battle Trance","floor":10.0},{"not_picked":["Inflame","Demon Form","Heavy Blade"],"picked":"SKIP","floor":12.0},{"not_picked":["Barricade","Reckless Charge"],"picked":"Twin Strike","floor":13.0},{"not_picked":["Eclipse","Bludgeon"],"picked":"Corruption","floor":16.0},{"not_picked":["Sloth_TH","Spreading Infection"],"picked":"ReplayTheSpireMod:Faulty Equipment","floor":17.0},{"not_picked":["Envy_TH","Normality"],"picked":"Pain","floor":17.0},{"not_picked":["Overencumbered","Writhe"],"picked":"ReplayTheSpireMod:Faulty Equipment","floor":17.0},{"not_picked":["Evolve","Pummel"],"picked":"AT_DrawKnifeCut+1","floor":18.0},{"not_picked":["Metallicize+1","AT_BodySlamDance","Feed"],"picked":"SKIP","floor":19.0},{"not_picked":["AT_BodySlamDance","ReplayTheSpireMod:Corrosion Curse","Thunderclap"],"picked":"SKIP","floor":21}],"player_experience":414583,"relics_obtained":[{"floor":13.0,"key":"Replay:Rubber Ducky"}],"event_choices":[{"damage_healed":0.0,"max_hp_gain":0.0,"max_hp_loss":0.0,"gold_gain":75.0,"event_name":"World of Goop","player_choice":"Gather Gold","floor":5.0,"gold_loss":0.0,"damage_taken":11.0},{"damage_healed":0.0,"max_hp_gain":5.0,"max_hp_loss":0.0,"gold_gain":0.0,"event_name":"Big Fish","player_choice":"Donut","floor":11.0,"gold_loss":0.0,"damage_taken":0.0},{"damage_healed":0.0,"max_hp_gain":0.0,"max_hp_loss":0.0,"gold_gain":50.0,"event_name":"Golden Shrine","player_choice":"Pray","floor":20.0,"gold_loss":0.0,"damage_taken":0.0}],"is_beta":true,"boss_relics":[{"not_picked":["Ooze Armor","Replay:Wanted Poster"],"picked":"Replay:Ancient Bell"},{"not_picked":["ReplayTheSpireMod:Spearhead","ScarletDevilRocket"],"picked":"Bronze Scales"},{"not_picked":["Pantograph","Replay:Bottled Steam"],"picked":"Replay:Ringing Soul"},{"not_picked":["AT_GoldPhoenixTree","Pocketwatch"],"picked":"Calipers"}],"items_purged_floors":[14,22],"is_endless":false,"potions_floor_spawned":[1,10,12],"killed_by":"Book of Stabbing","ascension_level":20}}