{"host":"79dbh3wlumrqhgu5","time":1613795829,"event":{"mods":["BaseMod","Block Reminder","Colored Map","Colored Powertips","Dark Map","Minty Spire (QoL Compilation)","Permanent Neow","Quick Restart"],"gold_per_floor":[114,130,80,98,117,117,144,144,213,229,239,259,290,168,168,266,266,286,286,298,309,320,355,368,384,384,384,232,246,271,281,281,380,380,398,82,95,113,124,137,164,164,164,192,211,211,211,243,243,243],"floor_reached":51,"language":"ENG","playtime":8372,"items_purged":[],"score":947,"play_id":"208a4789-ca83-4fc7-b01f-642f986d43e8","local_time":"20210219233709","is_ascension_mode":false,"campfire_choices":[{"data":"Perfected Strike","floor":6.0,"key":"SMITH"},{"data":"Pommel Strike","floor":8.0,"key":"SMITH"},{"floor":15.0,"key":"REST"},{"floor":32.0,"key":"REST"},{"floor":46,"key":"REST"},{"floor":49,"key":"REST"}],"circlet_count":0,"master_deck":["Strike_R","Strike_R","Strike_R","Strike_R","Strike_R","Defend_R","Defend_R","Defend_R+1","Pommel Strike+1","Perfected Strike+1","Disarm+1","Battle Trance","Headbutt","Clumsy","Ghostly Armor","Pommel Strike","Pommel Strike","Rage","Barricade","CurseOfTheBell","Fire Breathing","Fire Breathing","Body Slam","Entrench+1","Perfected Strike+1","Shrug It Off","Doubt","Impervious","Demon Form","Berserk","Twin Strike+1","Apotheosis","Power Through","Perfected Strike","Body Slam","Reckless Charge+1","Perfected Strike","Writhe","Normality","Berserk"],"relics":["Cursed Key","Champion Belt","Pantograph","Lantern","Calling Bell","Nunchaku","Gremlin Horn","CaptainsWheel","Bottled Tornado","Nloth\u0027s Gift","Vajra","Shuriken","Philosopher\u0027s Stone","War Paint","PreservedInsect","MealTicket","Self Forming Clay"],"acts_visited":["Exordium","TheCity","TheBeyond"],"potions_floor_usage":[50],"damage_taken":[{"damage":0.0,"enemies":"Small Slimes","floor":1.0,"turns":3.0},{"damage":0.0,"enemies":"Cultist","floor":2.0,"turns":3.0},{"damage":1.0,"enemies":"Jaw Worm","floor":4.0,"turns":2.0},{"damage":3.0,"enemies":"Gremlin Gang","floor":5.0,"turns":4.0},{"damage":7.0,"enemies":"Lagavulin","floor":7.0,"turns":5.0},{"damage":10.0,"enemies":"Exordium Thugs","floor":10.0,"turns":3.0},{"damage":3.0,"enemies":"3 Louse","floor":11.0,"turns":2.0},{"damage":1.0,"enemies":"Lots of Slimes","floor":12.0,"turns":4.0},{"damage":12.0,"enemies":"3 Sentries","floor":13.0,"turns":7.0},{"damage":4.0,"enemies":"Hexaghost","floor":16.0,"turns":9.0},{"damage":10.0,"enemies":"3 Byrds","floor":18.0,"turns":6.0},{"damage":0.0,"enemies":"Chosen","floor":20.0,"turns":5.0},{"damage":1.0,"enemies":"Snake Plant","floor":21.0,"turns":2.0},{"damage":11.0,"enemies":"Snecko","floor":22.0,"turns":8.0},{"damage":15.0,"enemies":"Slavers","floor":23.0,"turns":7.0},{"damage":2.0,"enemies":"3 Cultists","floor":24.0,"turns":4.0},{"damage":5.0,"enemies":"Chosen and Byrds","floor":25.0,"turns":5.0},{"damage":0.0,"enemies":"Sentry and Sphere","floor":29.0,"turns":6.0},{"damage":13.0,"enemies":"Gremlin Leader","floor":30.0,"turns":7.0},{"damage":18.0,"enemies":"Shelled Parasite and Fungi","floor":31.0,"turns":4.0},{"damage":0.0,"enemies":"Champ","floor":33.0,"turns":11.0},{"damage":8.0,"enemies":"3 Darklings","floor":35.0,"turns":5.0},{"damage":24.0,"enemies":"3 Shapes","floor":37.0,"turns":4.0},{"damage":0.0,"enemies":"Maw","floor":38.0,"turns":7.0},{"damage":0.0,"enemies":"Transient","floor":39.0,"turns":5.0},{"damage":0.0,"enemies":"Jaw Worm Horde","floor":40.0,"turns":4.0},{"damage":20.0,"enemies":"Reptomancer","floor":41.0,"turns":6.0},{"damage":15.0,"enemies":"Giant Head","floor":44.0,"turns":7.0},{"damage":0,"enemies":"Spire Growth","floor":45,"turns":5},{"damage":47,"enemies":"Nemesis","floor":48,"turns":7},{"damage":33,"enemies":"Time Eater","floor":50,"turns":9}],"seed_played":"4347466557911355537","potions_obtained":[{"floor":2.0,"key":"Strength Potion"},{"floor":7.0,"key":"Weak Potion"},{"floor":10.0,"key":"Block Potion"},{"floor":12.0,"key":"DuplicationPotion"},{"floor":13.0,"key":"PowerPotion"},{"floor":18.0,"key":"Block Potion"},{"floor":24.0,"key":"ColorlessPotion"},{"floor":29.0,"key":"PowerPotion"},{"floor":31.0,"key":"DuplicationPotion"},{"floor":33.0,"key":"Swift Potion"},{"floor":35.0,"key":"Dexterity Potion"},{"floor":39.0,"key":"CultistPotion"},{"floor":41.0,"key":"Explosive Potion"}],"is_trial":false,"path_per_floor":["M","M","?","M","M","R","E","R","T","M","M","M","E","$","R","B",null,"M","?","M","M","M","E","M","M","T","?","$","M","E","M","R","B",null,"M","$","M","M","M","M","E","?","T","E","M","R","?","E","R","B",null],"character_chosen":"IRONCLAD","items_purchased":["Pommel Strike","Rage","Vajra","Apotheosis","War Paint"],"campfire_rested":4,"item_purchase_floors":[14,14,28,36,36],"current_hp_per_floor":[80,80,80,79,76,76,69,69,69,59,56,55,43,43,67,76,80,70,70,70,69,58,43,41,36,36,36,36,36,23,5,29,54,80,72,72,48,48,48,48,28,48,48,33,33,57,57,10,34,26],"gold":243,"neow_bonus":"BOSS_RELIC","is_daily":false,"chose_seed":false,"campfire_upgraded":2,"win_rate":0.0,"timestamp":1613795829,"path_taken":["M","M","?","M","M","R","E","R","T","M","M","M","E","$","R","BOSS","M","?","M","M","?","E","M","M","T","?","$","M","E","M","R","BOSS","M","$","M","M","?","M","E","?","T","E","M","R","?","E","R","BOSS"],"items_purchased_type":["Card","Card","Relic","Card","Relic"],"build_version":"2020-12-22","purchased_purges":0,"victory":true,"max_hp_per_floor":[80,80,80,80,80,80,80,80,80,80,80,80,80,80,80,80,80,80,80,80,80,80,80,80,80,80,80,80,80,80,80,80,80,80,80,80,80,80,80,80,80,80,80,80,80,80,80,80,80,80],"card_choices":[{"not_picked":["Warcry","Sword Boomerang"],"picked":"Pommel Strike","floor":1.0},{"not_picked":["Dark Embrace","Pommel Strike"],"picked":"Perfected Strike","floor":2.0},{"not_picked":["Shockwave","Juggernaut"],"picked":"Disarm","floor":4.0},{"not_picked":["Shockwave","Clash"],"picked":"Battle Trance","floor":5.0},{"not_picked":["Fire Breathing","Feel No Pain"],"picked":"Headbutt","floor":7.0},{"not_picked":["Sword Boomerang","Armaments","Iron Wave"],"picked":"SKIP","floor":10.0},{"not_picked":["Anger","Corruption"],"picked":"Ghostly Armor","floor":11.0},{"not_picked":["Warcry","Second Wind"],"picked":"Pommel Strike","floor":12.0},{"not_picked":["Thunderclap","Warcry","Flex"],"picked":"SKIP","floor":13.0},{"not_picked":["Reaper","Limit Break"],"picked":"Barricade","floor":16.0},{"not_picked":["Pummel","Sword Boomerang"],"picked":"Fire Breathing","floor":18.0},{"not_picked":["Heavy Blade","Inflame"],"picked":"Body Slam","floor":20.0},{"not_picked":["Armaments","Bloodletting","Flex+1"],"picked":"SKIP","floor":21.0},{"not_picked":["Heavy Blade","Uppercut"],"picked":"Entrench+1","floor":22.0},{"not_picked":["Brutality","Bloodletting"],"picked":"Perfected Strike+1","floor":23.0},{"not_picked":["Dropkick","Reckless Charge"],"picked":"Shrug It Off","floor":24.0},{"not_picked":["Warcry","Spot Weakness+1","Intimidate"],"picked":"SKIP","floor":25.0},{"not_picked":["Body Slam","Clash+1"],"picked":"Impervious","floor":29.0},{"not_picked":["Combust+1","Sword Boomerang"],"picked":"Demon Form","floor":30.0},{"not_picked":["Feel No Pain","Rupture","Sever Soul"],"picked":"SKIP","floor":31.0},{"not_picked":["Brutality","Fiend Fire"],"picked":"Berserk","floor":33.0},{"not_picked":["Sword Boomerang","Flex"],"picked":"Twin Strike+1","floor":35.0},{"not_picked":["Headbutt","Fire Breathing"],"picked":"Power Through","floor":37.0},{"not_picked":["Armaments","Warcry+1"],"picked":"Perfected Strike","floor":38.0},{"not_picked":["Thunderclap","Demon Form"],"picked":"Body Slam","floor":39.0},{"not_picked":["Headbutt","Flex"],"picked":"Reckless Charge+1","floor":40.0},{"not_picked":["Sword Boomerang","Heavy Blade+1"],"picked":"Perfected Strike","floor":41.0},{"not_picked":["Cleave+1","Carnage","Heavy Blade"],"picked":"SKIP","floor":44.0},{"not_picked":["True Grit","Headbutt","Battle Trance"],"picked":"SKIP","floor":45},{"not_picked":["Limit Break","Cleave"],"picked":"Berserk","floor":48}],"player_experience":64729,"relics_obtained":[{"floor":7.0,"key":"Champion Belt"},{"floor":9.0,"key":"Pantograph"},{"floor":13.0,"key":"Lantern"},{"floor":17.0,"key":"Nunchaku"},{"floor":17.0,"key":"Gremlin Horn"},{"floor":17.0,"key":"CaptainsWheel"},{"floor":23.0,"key":"Bottled Tornado"},{"floor":26.0,"key":"Darkstone Periapt"},{"floor":30.0,"key":"Shuriken"},{"floor":41.0,"key":"PreservedInsect"},{"floor":43.0,"key":"MealTicket"},{"floor":48,"key":"Self Forming Clay"}],"event_choices":[{"cards_removed":["Defend_R"],"damage_healed":0.0,"max_hp_gain":0.0,"max_hp_loss":0.0,"gold_gain":0.0,"event_name":"The Cleric","player_choice":"Card Removal","floor":3.0,"gold_loss":50.0,"damage_taken":0.0},{"damage_healed":0.0,"max_hp_gain":0.0,"max_hp_loss":0.0,"gold_gain":0.0,"cards_transformed":["Bash"],"event_name":"Transmorgrifier","player_choice":"Transformed","floor":19.0,"gold_loss":0.0,"damage_taken":0.0,"cards_obtained":["Fire Breathing"]},{"damage_healed":0.0,"max_hp_gain":0.0,"max_hp_loss":0.0,"gold_gain":0.0,"event_name":"N\u0027loth","player_choice":"Traded Relic","floor":27.0,"relics_lost":["Darkstone Periapt"],"gold_loss":0.0,"damage_taken":0.0,"relics_obtained":["Nloth\u0027s Gift"]},{"damage_healed":20.0,"max_hp_gain":0.0,"max_hp_loss":0.0,"gold_gain":0.0,"event_name":"Winding Halls","player_choice":"Writhe","floor":42.0,"gold_loss":0.0,"damage_taken":0.0,"cards_obtained":["Writhe"]},{"damage_healed":0,"gold_gain":0,"player_choice":"Ignored","damage_taken":0,"max_hp_gain":0,"max_hp_loss":0,"event_name":"Fountain of Cleansing","floor":47,"gold_loss":0}],"is_beta":false,"boss_relics":[{"not_picked":["Runic Pyramid","SlaversCollar"],"picked":"Calling Bell"},{"not_picked":["SacredBark","Astrolabe"],"picked":"Philosopher\u0027s Stone"}],"items_purged_floors":[],"is_endless":false,"potions_floor_spawned":[2,7,10,12,13,18,24,29,31,33,35,37,39,41],"ascension_level":0}}