{"host":"b6kqr6ulwax9qd8q","time":1613790852,"event":{"mods":["BaseMod","Minty Spire (QoL Compilation)"],"gold_per_floor":[359,37,56,56,75,101,101,136,136,136,136,151,171,171,171,291,291,315,315,336,336,360,360,401,401,428,428,183,183,231,32,32,32,32],"floor_reached":33,"language":"ENG","playtime":2127,"items_purged":["Decay","Normality","Regret"],"score":437,"play_id":"0b8795ac-e4c8-4b44-9cba-2ab99e725b40","local_time":"20210219221412","is_ascension_mode":true,"campfire_choices":[{"floor":7,"key":"REST"},{"floor":10,"key":"REST"},{"floor":15,"key":"REST"},{"floor":23,"key":"REST"},{"data":"Noxious Fumes","floor":25,"key":"SMITH"},{"data":"Wraith Form v2","floor":27,"key":"SMITH"},{"data":"Crippling Poison","floor":29,"key":"SMITH"},{"floor":32,"key":"REST"}],"circlet_count":0,"master_deck":["AscendersBane","Strike_G","Strike_G","Strike_G","Strike_G","Strike_G","Defend_G","Defend_G","Defend_G","Defend_G","Defend_G","Survivor","Neutralize+1","Dagger Throw","Backflip","Crippling Poison+1","Dagger Throw","Injury","PiercingWail","Tactician","Pain","Wraith Form v2+1","Reflex","Writhe","Noxious Fumes+1","Slice","Dagger Spray+1","Catalyst+1"],"relics":["Ring of the Snake","Kunai","Mercury Hourglass","Ninja Scroll","Question Card","Golden Idol","WarpedTongs","Cursed Key","Regal Pillow","Tiny Chest","InkBottle","Nunchaku","CeramicFish","Potion Belt"],"acts_visited":["Exordium","TheCity"],"potions_floor_usage":[6,16,24,24,30,33],"damage_taken":[{"damage":1,"enemies":"2 Louse","floor":1,"turns":5},{"damage":1,"enemies":"Jaw Worm","floor":3,"turns":4},{"damage":0,"enemies":"Cultist","floor":5,"turns":4},{"damage":36,"enemies":"Gremlin Nob","floor":6,"turns":6},{"damage":30,"enemies":"Lagavulin","floor":8,"turns":8},{"damage":0,"enemies":"Exordium Wildlife","floor":12,"turns":2},{"damage":1,"enemies":"Red Slaver","floor":13,"turns":3},{"damage":49,"enemies":"The Guardian","floor":16,"turns":15},{"damage":1,"enemies":"3 Byrds","floor":18,"turns":3},{"damage":9,"enemies":"Shell Parasite","floor":20,"turns":6},{"damage":11,"enemies":"Chosen and Byrds","floor":22,"turns":6},{"damage":26,"enemies":"Book of Stabbing","floor":24,"turns":7},{"damage":43,"enemies":"Gremlin Leader","floor":30,"turns":7},{"damage":69,"enemies":"Automaton","floor":33,"turns":6}],"seed_played":"-3331313602696645643","potions_obtained":[{"floor":3,"key":"SpeedPotion"},{"floor":12,"key":"SpeedPotion"},{"floor":16,"key":"Fire Potion"},{"floor":20,"key":"Weak Potion"},{"floor":22,"key":"FearPotion"},{"floor":30,"key":"FearPotion"}],"is_trial":false,"path_per_floor":["M","$","M","?","M","E","R","E","T","R","?","M","M","?","R","B",null,"M","?","M","T","M","R","E","R","T","R","$","R","E","$","R","B"],"character_chosen":"THE_SILENT","items_purchased":["Kunai","CeramicFish","LiquidMemories"],"campfire_rested":5,"item_purchase_floors":[2,28,31],"current_hp_per_floor":[62,62,61,61,61,25,46,16,16,37,37,37,36,36,57,8,55,54,54,45,45,34,70,44,44,44,44,44,44,1,1,37,0,0],"gold":32,"neow_bonus":"TWO_FIFTY_GOLD","is_daily":false,"chose_seed":false,"campfire_upgraded":3,"win_rate":0.0,"timestamp":1613790852,"path_taken":["M","$","M","?","M","E","R","E","T","R","?","M","M","?","R","BOSS","M","?","M","?","M","R","E","R","T","R","$","R","E","$","R","BOSS"],"items_purchased_type":["Relic","Relic","Potion"],"build_version":"2020-12-22","purchased_purges":3,"victory":false,"max_hp_per_floor":[70,70,70,70,70,70,70,70,70,70,70,70,70,70,70,70,70,70,70,70,70,70,70,70,70,70,70,70,70,70,70,70,70,70],"card_choices":[{"not_picked":["Endless Agony","Bane"],"picked":"Dagger Throw","floor":1},{"not_picked":["Poisoned Stab","Accuracy","Concentrate"],"picked":"SKIP","floor":3},{"not_picked":["Poisoned Stab","Flying Knee"],"picked":"Backflip","floor":5},{"not_picked":["Grand Finale","Well Laid Plans"],"picked":"Crippling Poison","floor":6},{"not_picked":["Predator","Catalyst"],"picked":"Dagger Throw","floor":8},{"not_picked":["Skewer","Dodge and Roll","Malaise"],"picked":"PiercingWail","floor":12},{"not_picked":["Accuracy","Choke","Slice"],"picked":"Tactician","floor":13},{"not_picked":["Grand Finale","Tools of the Trade","Night Terror"],"picked":"Wraith Form v2","floor":16},{"not_picked":["Poisoned Stab","Quick Slash","Accuracy"],"picked":"Reflex","floor":18},{"not_picked":["Poisoned Stab","Deadly Poison","Endless Agony+1"],"picked":"Noxious Fumes","floor":20},{"not_picked":["Predator+1","Underhanded Strike","Backflip"],"picked":"Slice","floor":22},{"not_picked":["All Out Attack","Reflex","PiercingWail"],"picked":"Dagger Spray+1","floor":24},{"not_picked":["Dodge and Roll+1","PiercingWail","Footwork"],"picked":"Catalyst+1","floor":30}],"player_experience":614144,"relics_obtained":[{"floor":6,"key":"Mercury Hourglass"},{"floor":8,"key":"Ninja Scroll"},{"floor":9,"key":"Question Card"},{"floor":21,"key":"Tiny Chest"},{"floor":24,"key":"InkBottle"},{"floor":26,"key":"Nunchaku"},{"floor":30,"key":"Potion Belt"}],"event_choices":[{"damage_healed":0,"gold_gain":0,"player_choice":"Grow","damage_taken":0,"max_hp_gain":0,"max_hp_loss":0,"event_name":"Living Wall","floor":4,"gold_loss":0,"cards_upgraded":["Neutralize"]},{"damage_healed":0,"gold_gain":0,"player_choice":"Take Wound","damage_taken":0,"relics_obtained":["Golden Idol"],"max_hp_gain":0,"max_hp_loss":0,"event_name":"Golden Idol","floor":11,"gold_loss":0,"cards_obtained":["Injury"]},{"damage_healed":0,"gold_gain":0,"player_choice":"Rummage","damage_taken":0,"relics_obtained":["WarpedTongs"],"max_hp_gain":0,"max_hp_loss":0,"event_name":"Accursed Blacksmith","floor":14,"gold_loss":0,"cards_obtained":["Pain"]},{"damage_healed":0,"gold_gain":0,"player_choice":"Opened","damage_taken":0,"relics_obtained":["Regal Pillow"],"max_hp_gain":0,"max_hp_loss":0,"event_name":"The Mausoleum","floor":19,"gold_loss":0,"cards_obtained":["Writhe"]}],"is_beta":false,"boss_relics":[{"not_picked":["Empty Cage","Calling Bell"],"picked":"Cursed Key"}],"items_purged_floors":[2,28,31],"is_endless":false,"potions_floor_spawned":[3,12,16,20,22,30],"killed_by":"Automaton","ascension_level":10}}