{"host":"29uuqgkzqd703i93","time":1613783004,"event":{"mods":["BaseMod","Colored Powertips","Minty Spire (QoL Compilation)"],"gold_per_floor":[116,116,191,156,173,208,208,208,208,226,246,264,264,54,54,152,152,167,167,167,167,185,185,218,235,235,250,261,25,25,40,40,142,142,154,1153,1169,1223,1223,1251,1251,1251,1251],"floor_reached":42,"language":"ENG","playtime":3962,"items_purged":[],"score":571,"play_id":"21fe9b93-b224-43aa-a64f-bea88ac38e96","local_time":"20210220020324","is_ascension_mode":false,"campfire_choices":[{"floor":7.0,"key":"REST"},{"data":"Infinite Blades","floor":13.0,"key":"SMITH"},{"data":"A Thousand Cuts","floor":15.0,"key":"SMITH"},{"data":"Accuracy","floor":23.0,"key":"SMITH"},{"data":"Envenom","floor":30.0,"key":"SMITH"},{"data":"Blade Dance","floor":32.0,"key":"SMITH"},{"floor":41,"key":"REST"}],"circlet_count":0,"master_deck":["Survivor","Neutralize","Sucker Punch","Infinite Blades+1","Cloak And Dagger","Escape Plan","Blade Dance+1","Sucker Punch","A Thousand Cuts+1","Flying Knee","Envenom+1","Concentrate","Concentrate","Unload","Riddle With Holes","Eviscerate","Backflip","Cloak And Dagger","Blur","Deflect","Leg Sweep+1","Ghostly","Ghostly","Ghostly","Ghostly","Ghostly","Accuracy+1","Outmaneuver","Terror","Blade Dance","Dodge and Roll","PiercingWail","Infinite Blades","Backflip","After Image","Cloak And Dagger+1","Blade Dance+1","Burst"],"relics":["Ring of the Snake","Nunchaku","PreservedInsect","Tough Bandages","Sundial","Omamori","Pandora\u0027s Box","MealTicket","CaptainsWheel","HandDrill","SlaversCollar","Prayer Wheel","Toy Ornithopter"],"acts_visited":["Exordium","TheCity","TheBeyond"],"potions_floor_usage":[38],"damage_taken":[{"damage":0.0,"enemies":"2 Louse","floor":1.0,"turns":3.0},{"damage":0.0,"enemies":"Small Slimes","floor":5.0,"turns":5.0},{"damage":27.0,"enemies":"Lagavulin","floor":6.0,"turns":7.0},{"damage":0.0,"enemies":"Cultist","floor":10.0,"turns":4.0},{"damage":1.0,"enemies":"Exordium Thugs","floor":11.0,"turns":6.0},{"damage":0.0,"enemies":"2 Fungi Beasts","floor":12.0,"turns":4.0},{"damage":13.0,"enemies":"Hexaghost","floor":16.0,"turns":10.0},{"damage":7.0,"enemies":"2 Thieves","floor":18.0,"turns":4.0},{"damage":2.0,"enemies":"Chosen","floor":22.0,"turns":6.0},{"damage":0.0,"enemies":"Gremlin Leader","floor":24.0,"turns":6.0},{"damage":2.0,"enemies":"Snecko","floor":25.0,"turns":4.0},{"damage":2.0,"enemies":"Snake Plant","floor":27.0,"turns":3.0},{"damage":12.0,"enemies":"Cultist and Chosen","floor":28.0,"turns":5.0},{"damage":11.0,"enemies":"Shelled Parasite and Fungi","floor":31.0,"turns":6.0},{"damage":14,"enemies":"Automaton","floor":33,"turns":8},{"damage":0,"enemies":"Orb Walker","floor":35,"turns":4},{"damage":16,"enemies":"3 Darklings","floor":37,"turns":6},{"damage":26,"enemies":"2 Orb Walkers","floor":38,"turns":7},{"damage":0,"enemies":"Nemesis","floor":40,"turns":6},{"damage":23,"enemies":"4 Shapes","floor":42,"turns":5}],"seed_played":"5393970691524831379","potions_obtained":[{"floor":5.0,"key":"CultistPotion"},{"floor":6.0,"key":"SneckoOil"},{"floor":12.0,"key":"Energy Potion"},{"floor":18.0,"key":"Fruit Juice"},{"floor":28.0,"key":"SpeedPotion"},{"floor":38,"key":"Dexterity Potion"}],"is_trial":false,"path_per_floor":["M","?","?","?","M","E","R","?","T","M","M","M","R","$","R","B",null,"M","?","?","?","M","R","E","M","T","M","M","$","R","M","R","B",null,"M","?","M","?","?","E","R","M"],"character_chosen":"THE_SILENT","items_purchased":["A Thousand Cuts","Flying Knee","HandDrill","Infinite Blades"],"campfire_rested":2,"item_purchase_floors":[14,14,29,29],"current_hp_per_floor":[70,58,47,64,64,37,58,58,58,58,57,57,57,57,57,44,70,63,35,35,45,43,43,43,41,41,39,27,42,42,31,31,17,45,45,45,29,8,8,8,23,0,0],"gold":1251,"neow_bonus":"RANDOM_COMMON_RELIC","is_daily":false,"chose_seed":false,"campfire_upgraded":5,"win_rate":0.0,"timestamp":1613783004,"path_taken":["M","?","?","?","M","E","R","?","T","M","M","M","R","$","R","BOSS","M","?","?","?","?","R","E","M","T","M","M","$","R","M","R","BOSS","M","?","M","?","?","E","R","M"],"items_purchased_type":["Card","Card","Relic","Card"],"build_version":"2020-12-22","purchased_purges":0,"victory":false,"max_hp_per_floor":[70,70,70,70,70,70,70,70,70,70,70,70,70,70,70,70,70,70,35,35,45,45,45,45,45,45,45,45,45,45,45,45,45,45,45,45,45,50,50,50,50,50,50],"card_choices":[{"not_picked":["Underhanded Strike","Dagger Spray"],"picked":"Sucker Punch","floor":1.0},{"not_picked":["Dagger Throw","Dodge and Roll"],"picked":"Infinite Blades","floor":5.0},{"not_picked":["Flying Knee","Unload"],"picked":"Cloak And Dagger","floor":6.0},{"not_picked":["Bane","Sucker Punch"],"picked":"Escape Plan","floor":10.0},{"not_picked":["Backstab","PiercingWail"],"picked":"Blade Dance","floor":11.0},{"not_picked":["Bane","Dagger Throw"],"picked":"Sucker Punch","floor":12.0},{"not_picked":["Bullet Time","Adrenaline"],"picked":"Envenom","floor":16.0},{"not_picked":["Deadly Poison","Backflip+1"],"picked":"Leg Sweep+1","floor":18.0},{"not_picked":["Deadly Poison","Dagger Throw+1"],"picked":"Outmaneuver","floor":22.0},{"not_picked":["Underhanded Strike","Malaise"],"picked":"Terror","floor":24.0},{"not_picked":["Expertise","Heel Hook"],"picked":"Blade Dance","floor":25.0},{"not_picked":["Expertise","Crippling Poison"],"picked":"Dodge and Roll","floor":27.0},{"not_picked":["Dagger Throw","Dagger Spray"],"picked":"PiercingWail","floor":28.0},{"not_picked":["Catalyst","PiercingWail"],"picked":"Backflip","floor":31.0},{"not_picked":["Storm of Steel","Doppelganger"],"picked":"After Image","floor":33},{"not_picked":["Noxious Fumes+1","Expertise"],"picked":"Backstab","floor":35},{"not_picked":["Backstab","PiercingWail"],"picked":"Cloak And Dagger+1","floor":37},{"not_picked":["PiercingWail+1","Acrobatics+1"],"picked":"Blade Dance+1","floor":38},{"not_picked":["Dagger Throw","Backflip"],"picked":"Burst","floor":40}],"player_experience":124202,"relics_obtained":[{"floor":6.0,"key":"Tough Bandages"},{"floor":9.0,"key":"Omamori"},{"floor":24.0,"key":"MealTicket"},{"floor":26.0,"key":"CaptainsWheel"},{"floor":38,"key":"Prayer Wheel"},{"floor":40,"key":"Toy Ornithopter"}],"event_choices":[{"damage_healed":0.0,"max_hp_gain":0.0,"max_hp_loss":0.0,"gold_gain":0.0,"event_name":"Scrap Ooze","player_choice":"Success","floor":2.0,"gold_loss":0.0,"damage_taken":12.0,"relics_obtained":["PreservedInsect"]},{"damage_healed":0.0,"max_hp_gain":0.0,"max_hp_loss":0.0,"gold_gain":75.0,"event_name":"World of Goop","player_choice":"Gather Gold","floor":3.0,"gold_loss":0.0,"damage_taken":11.0},{"damage_healed":17.0,"max_hp_gain":0.0,"max_hp_loss":0.0,"gold_gain":0.0,"event_name":"The Cleric","player_choice":"Healed","floor":4.0,"gold_loss":35.0,"damage_taken":0.0},{"damage_healed":0.0,"max_hp_gain":0.0,"max_hp_loss":0.0,"gold_gain":0.0,"event_name":"Dead Adventurer","player_choice":"Searched \u00272\u0027 times","floor":8.0,"gold_loss":0.0,"damage_taken":0.0,"relics_obtained":["Sundial"]},{"damage_healed":0.0,"max_hp_gain":0.0,"max_hp_loss":35.0,"gold_gain":0.0,"event_name":"Ghosts","player_choice":"Became a Ghost","floor":19.0,"gold_loss":0.0,"damage_taken":0.0,"cards_obtained":["Ghostly","Ghostly","Ghostly","Ghostly","Ghostly"]},{"damage_healed":0.0,"max_hp_gain":0.0,"max_hp_loss":0.0,"gold_gain":0.0,"event_name":"The Library","player_choice":"Read","floor":20.0,"gold_loss":0.0,"damage_taken":0.0,"cards_obtained":["Accuracy"]},{"cards_removed":["Wraith Form v2"],"damage_healed":0.0,"max_hp_gain":10.0,"max_hp_loss":0.0,"gold_gain":0.0,"event_name":"Bonfire Elementals","player_choice":"Offered Rare","floor":21.0,"gold_loss":0.0,"damage_taken":0.0},{"damage_healed":0,"gold_gain":999,"player_choice":"Gold","damage_taken":0,"max_hp_gain":0,"max_hp_loss":0,"event_name":"MindBloom","floor":36,"gold_loss":0,"cards_obtained":["Normality","Normality"]},{"damage_healed":0,"gold_gain":0,"player_choice":"Fight","damage_taken":0,"max_hp_gain":0,"max_hp_loss":0,"event_name":"Mysterious Sphere","floor":38,"gold_loss":0},{"cards_removed":["Backstab"],"damage_healed":0,"gold_gain":0,"player_choice":"Removed Attack","damage_taken":0,"max_hp_gain":0,"max_hp_loss":0,"event_name":"Falling","floor":39,"gold_loss":0}],"is_beta":false,"boss_relics":[{"not_picked":["Busted Crown","Tiny House"],"picked":"Pandora\u0027s Box"},{"not_picked":["Coffee Dripper","SacredBark"],"picked":"SlaversCollar"}],"items_purged_floors":[],"is_endless":false,"potions_floor_spawned":[5,6,12,18,28,37,38],"killed_by":"4 Shapes","ascension_level":0}}