{"host":"2yqfi47fogfu1ic4","time":1613809811,"event":{"mods":["AchievementEnabler","BaseMod","Colored Map","Colored Powertips","Highlight Path","Minty Spire (QoL Compilation)","Permanent Neow","Relic Stats","StSLib"],"gold_per_floor":[110,51,61,61,74,74,106,119,119,119,145,110,130,143,143,219,219,238,249,259,17,17,17,83,83,110,110,150,172,172,212,212,300,309,331,351,14,69,69,107,107,141,141,141,185,213,257,285,285,285,285,285,294,13,55,55],"floor_reached":57,"language":"DEU","playtime":5581,"items_purged":["Strike_G","Strike_G","Writhe"],"score":2970,"play_id":"5016ca12-af74-4a2f-a79b-a386afaabef6","local_time":"20210220093011","is_ascension_mode":true,"campfire_choices":[{"data":"Venomology","floor":6.0,"key":"SMITH"},{"data":"Noxious Fumes","floor":10.0,"key":"SMITH"},{"data":"Poisoned Stab","floor":15.0,"key":"SMITH"},{"data":"Wraith Form v2","floor":23.0,"key":"SMITH"},{"data":"Leg Sweep","floor":25.0,"key":"SMITH"},{"data":"Footwork","floor":32.0,"key":"SMITH"},{"floor":44.0,"key":"RECALL"},{"data":"Night Terror","floor":49.0,"key":"SMITH"},{"floor":53.0,"key":"REST"}],"circlet_count":0,"master_deck":["AscendersBane","Defend_G","Defend_G","Defend_G","Survivor","Neutralize","Venomology+1","Tactician","Poisoned Stab+1","Poisoned Stab+1","Noxious Fumes+1","Underhanded Strike+1","Slice","Dash+1","Dagger Spray+1","Wraith Form v2+1","Dash+1","Dagger Throw+1","Leg Sweep","Leg Sweep+1","PiercingWail","Footwork+1","Terror","CurseOfTheBell","Calculated Gamble","Underhanded Strike+1","Venomology","Prepared+1","Leg Sweep","Dodge and Roll+1","Dagger Throw+1","Acrobatics","Glass Knife+1","Night Terror+1","Well Laid Plans","Backflip","Wraith Form v2+1","Backflip"],"relics":["Ring of the Snake","Blue Candle","Darkstone Periapt","Molten Egg 2","Philosopher\u0027s Stone","PreservedInsect","Bronze Scales","Anchor","Strawberry","CeramicFish","Pen Nib","Centennial Puzzle","Calling Bell","Potion Belt","Pantograph","FossilizedHelix","Toolbox","Prayer Wheel","Dream Catcher","Bag of Preparation","Whetstone","DollysMirror","Blood Vial"],"acts_visited":["Exordium","TheCity","TheBeyond","TheEnding"],"potions_floor_usage":[56,56,56,56],"damage_taken":[{"damage":0.0,"enemies":"Small Slimes","floor":1.0,"turns":4.0},{"damage":0.0,"enemies":"2 Louse","floor":3.0,"turns":4.0},{"damage":0.0,"enemies":"Jaw Worm","floor":5.0,"turns":3.0},{"damage":22.0,"enemies":"3 Sentries","floor":7.0,"turns":7.0},{"damage":9.0,"enemies":"2 Fungi Beasts","floor":8.0,"turns":3.0},{"damage":11.0,"enemies":"Gremlin Nob","floor":11.0,"turns":3.0},{"damage":1.0,"enemies":"Red Slaver","floor":13.0,"turns":3.0},{"damage":0.0,"enemies":"Large Slime","floor":14.0,"turns":4.0},{"damage":14.0,"enemies":"Hexaghost","floor":16.0,"turns":8.0},{"damage":0.0,"enemies":"2 Thieves","floor":18.0,"turns":3.0},{"damage":0.0,"enemies":"Chosen","floor":19.0,"turns":3.0},{"damage":0.0,"enemies":"Centurion and Healer","floor":20.0,"turns":6.0},{"damage":8.0,"enemies":"Slavers","floor":24.0,"turns":3.0},{"damage":1.0,"enemies":"Book of Stabbing","floor":28.0,"turns":4.0},{"damage":12.0,"enemies":"Snecko","floor":29.0,"turns":6.0},{"damage":2.0,"enemies":"Gremlin Leader","floor":31.0,"turns":5.0},{"damage":38.0,"enemies":"Automaton","floor":33.0,"turns":11.0},{"damage":0.0,"enemies":"Orb Walker","floor":35.0,"turns":4.0},{"damage":1.0,"enemies":"3 Darklings","floor":36.0,"turns":5.0},{"damage":1.0,"enemies":"2 Orb Walkers","floor":38.0,"turns":5.0},{"damage":0.0,"enemies":"Reptomancer","floor":40.0,"turns":6.0},{"damage":4.0,"enemies":"Sphere and 2 Shapes","floor":42.0,"turns":7.0},{"damage":0.0,"enemies":"Giant Head","floor":45.0,"turns":9.0},{"damage":0.0,"enemies":"4 Shapes","floor":46.0,"turns":10.0},{"damage":0.0,"enemies":"Nemesis","floor":47.0,"turns":7.0},{"damage":0.0,"enemies":"3 Darklings","floor":48.0,"turns":4.0},{"damage":62.0,"enemies":"Awakened One","floor":50.0,"turns":25.0},{"damage":22.0,"enemies":"Donu and Deca","floor":51.0,"turns":9.0},{"damage":26.0,"enemies":"Shield and Spear","floor":55.0,"turns":8.0},{"damage":21,"enemies":"The Heart","floor":56,"turns":11}],"seed_played":"-2283774095459168956","potions_obtained":[{"floor":1.0,"key":"Weak Potion"},{"floor":5.0,"key":"LiquidBronze"},{"floor":11.0,"key":"BlessingOfTheForge"},{"floor":14.0,"key":"GamblersBrew"},{"floor":16.0,"key":"EntropicBrew"},{"floor":18.0,"key":"BlessingOfTheForge"},{"floor":20.0,"key":"LiquidMemories"},{"floor":24.0,"key":"Regen Potion"},{"floor":40.0,"key":"Regen Potion"},{"floor":42.0,"key":"GamblersBrew"},{"floor":45.0,"key":"PowerPotion"}],"is_trial":false,"path_per_floor":["M","$","M","?","M","R","E","M","T","R","E","?","M","M","R","B",null,"M","M","M","$","?","R","E","R","T","?","E","M","?","E","R","B",null,"M","M","$","?","?","E","?","M","T","R","E","M","E","M","R","B","B",null,"R","$","E","B",null],"character_chosen":"THE_SILENT","items_purchased":["Poisoned Stab","PreservedInsect","Toolbox","Venomology","DollysMirror"],"campfire_rested":1,"item_purchase_floors":[2,21,37,37,54],"current_hp_per_floor":[59,59,59,52,52,52,30,21,21,21,10,25,24,24,24,10,48,48,48,48,48,48,48,40,40,40,53,66,54,54,52,52,14,64,64,63,63,62,62,62,89,86,86,86,86,86,86,86,86,42,45,78,89,89,63,68],"gold":55,"neow_bonus":"TRANSFORM_TWO_CARDS","is_daily":false,"chose_seed":false,"campfire_upgraded":7,"win_rate":0.0,"timestamp":1613809811,"path_taken":["M","$","M","?","M","R","E","M","T","R","E","?","M","M","R","BOSS","M","M","M","$","?","R","E","R","T","?","E","M","?","E","R","BOSS","M","M","$","?","?","E","?","M","T","R","E","M","E","?","R","BOSS","BOSS","R","$","E","BOSS"],"items_purchased_type":["Card","Relic","Relic","Card","Relic"],"build_version":"2020-12-22","purchased_purges":3,"victory":true,"max_hp_per_floor":[60,60,60,60,60,60,60,60,60,60,60,60,60,60,60,60,60,60,60,60,60,60,60,60,60,60,73,73,73,73,73,73,73,79,79,79,79,79,79,79,89,89,89,89,89,89,89,89,89,89,89,89,89,89,89,89],"relic_stats":{"Darkstone Periapt":12,"counters":[30,190],"Blue Candle":[6],"CeramicFish":171,"PreservedInsect":455,"Pen Nib":[22],"Bag of Preparation":[14],"Whetstone":["Underhanded Strike","Poisoned Stab"],"Blood Vial":2,"Centennial Puzzle":[24],"Dream Catcher":1,"Bronze Scales":[585],"Pantograph":52,"Prayer Wheel":4,"obtain_stats":[{"Darkstone Periapt":9,"Potion Belt":34,"Blue Candle":7,"CeramicFish":28,"PreservedInsect":21,"Pen Nib":30,"Bag of Preparation":45,"Whetstone":47,"Calling Bell":34,"Blood Vial":55,"Anchor":26,"Centennial Puzzle":31,"Dream Catcher":40,"DollysMirror":54,"Bronze Scales":24,"Strawberry":27,"Pantograph":34,"Toolbox":37,"Molten Egg 2":11,"Philosopher\u0027s Stone":17,"Prayer Wheel":38,"FossilizedHelix":34,"Ring of the Snake":0},{"Darkstone Periapt":5,"Potion Belt":17,"Blue Candle":4,"CeramicFish":14,"PreservedInsect":12,"Pen Nib":15,"Bag of Preparation":23,"Whetstone":25,"Calling Bell":17,"Blood Vial":29,"Anchor":13,"Centennial Puzzle":16,"Dream Catcher":21,"DollysMirror":28,"Bronze Scales":13,"Strawberry":13,"Pantograph":17,"Toolbox":19,"Molten Egg 2":6,"Philosopher\u0027s Stone":9,"Prayer Wheel":20,"FossilizedHelix":17,"Ring of the Snake":0},{"Darkstone Periapt":21,"Potion Belt":80,"Blue Candle":18,"CeramicFish":58,"PreservedInsect":51,"Pen Nib":64,"Bag of Preparation":116,"Whetstone":133,"Calling Bell":80,"Blood Vial":179,"Anchor":54,"Centennial Puzzle":69,"Dream Catcher":100,"DollysMirror":171,"Bronze Scales":54,"Strawberry":54,"Pantograph":80,"Toolbox":89,"Molten Egg 2":24,"Philosopher\u0027s Stone":39,"Prayer Wheel":94,"FossilizedHelix":80,"Ring of the Snake":0}],"Ring of the Snake":[60]},"card_choices":[{"not_picked":["Skewer","Concentrate"],"picked":"Poisoned Stab","floor":1.0},{"not_picked":["PiercingWail","Backflip"],"picked":"Noxious Fumes","floor":3.0},{"not_picked":["Acrobatics","Setup"],"picked":"Underhanded Strike","floor":5.0},{"not_picked":["Dodge and Roll","Underhanded Strike"],"picked":"Slice","floor":7.0},{"not_picked":["Sucker Punch","Infinite Blades"],"picked":"Dagger Spray","floor":8.0},{"not_picked":["Crippling Poison","Prepared","Well Laid Plans"],"picked":"SKIP","floor":11.0},{"not_picked":["Leg Sweep","Crippling Poison"],"picked":"Dash+1","floor":13.0},{"not_picked":["Slice+1","Deflect"],"picked":"Dagger Spray+1","floor":14.0},{"not_picked":["Tools of the Trade","Corpse Explosion"],"picked":"Wraith Form v2","floor":16.0},{"not_picked":["Quick Slash+1","Blur"],"picked":"Dash+1","floor":18.0},{"not_picked":["Bane+1","All Out Attack+1"],"picked":"Dagger Throw+1","floor":19.0},{"not_picked":["Cloak And Dagger","Dodge and Roll","Outmaneuver"],"picked":"SKIP","floor":20.0},{"not_picked":["Flying Knee+1","Skewer+1"],"picked":"Leg Sweep","floor":24.0},{"not_picked":["Heel Hook+1","Slice+1"],"picked":"PiercingWail","floor":28.0},{"not_picked":["All Out Attack+1","PiercingWail"],"picked":"Footwork","floor":29.0},{"not_picked":["Caltrops","Acrobatics+1"],"picked":"Terror","floor":31.0},{"not_picked":["A Thousand Cuts","Grand Finale+1"],"picked":"Tools of the Trade","floor":33.0},{"not_picked":["Sucker Punch+1","Setup"],"picked":"Calculated Gamble","floor":35.0},{"not_picked":["Flying Knee+1","Dash+1"],"picked":"Underhanded Strike+1","floor":36.0},{"not_picked":["Flechettes+1","PiercingWail"],"picked":"Prepared+1","floor":38.0},{"not_picked":["Grand Finale+1","Deflect"],"picked":"Leg Sweep","floor":40.0},{"not_picked":["Quick Slash+1","Masterful Stab+1"],"picked":"Dodge and Roll+1","floor":42.0},{"not_picked":["Dodge and Roll","Finisher+1"],"picked":"Dagger Throw+1","floor":42.0},{"not_picked":["Noxious Fumes","Slice+1"],"picked":"Acrobatics","floor":45.0},{"not_picked":["Dodge and Roll","Cloak And Dagger+1"],"picked":"Glass Knife+1","floor":46.0},{"not_picked":["PiercingWail+1","Bouncing Flask+1","Sucker Punch+1"],"picked":"SKIP","floor":46.0},{"not_picked":["Flechettes+1","Quick Slash+1"],"picked":"Night Terror","floor":47.0},{"not_picked":["Poisoned Stab+1","Riddle With Holes+1"],"picked":"Well Laid Plans","floor":48.0},{"not_picked":["Poisoned Stab+1","Dagger Spray+1","Outmaneuver"],"picked":"SKIP","floor":48.0},{"not_picked":["Underhanded Strike+1","Poisoned Stab+1"],"picked":"Backflip","floor":53.0},{"not_picked":["Skewer+1","Tools of the Trade"],"picked":"Backflip","floor":55.0}],"player_experience":1901885,"relics_obtained":[{"floor":7.0,"key":"Blue Candle"},{"floor":9.0,"key":"Darkstone Periapt"},{"floor":11.0,"key":"Molten Egg 2"},{"floor":24.0,"key":"Bronze Scales"},{"floor":26.0,"key":"Anchor"},{"floor":28.0,"key":"CeramicFish"},{"floor":31.0,"key":"Centennial Puzzle"},{"floor":34.0,"key":"Potion Belt"},{"floor":34.0,"key":"Pantograph"},{"floor":34.0,"key":"FossilizedHelix"},{"floor":38.0,"key":"Prayer Wheel"},{"floor":40.0,"key":"Dream Catcher"},{"floor":45.0,"key":"Bag of Preparation"},{"floor":47.0,"key":"Whetstone"},{"floor":55.0,"key":"Blood Vial"}],"event_choices":[{"cards_removed":["Defend_G"],"damage_healed":0.0,"max_hp_gain":0.0,"max_hp_loss":0.0,"gold_gain":0.0,"event_name":"Golden Wing","player_choice":"Card Removal","floor":4.0,"gold_loss":0.0,"damage_taken":7.0},{"damage_healed":15.0,"max_hp_gain":0.0,"max_hp_loss":0.0,"gold_gain":0.0,"event_name":"The Cleric","player_choice":"Healed","floor":12.0,"gold_loss":35.0,"damage_taken":0.0},{"damage_healed":0.0,"max_hp_gain":0.0,"max_hp_loss":0.0,"gold_gain":0.0,"cards_transformed":["Strike_G","Strike_G"],"event_name":"Drug Dealer","player_choice":"Became Test Subject","floor":22.0,"gold_loss":0.0,"damage_taken":0.0,"cards_obtained":["Leg Sweep","A Thousand Cuts"]},{"damage_healed":0.0,"max_hp_gain":0.0,"max_hp_loss":0.0,"gold_gain":0.0,"event_name":"The Mausoleum","player_choice":"Opened","floor":27.0,"gold_loss":0.0,"damage_taken":0.0,"relics_obtained":["Strawberry"],"cards_obtained":["Writhe"]},{"cards_removed":["Dagger Spray"],"damage_healed":0.0,"max_hp_gain":0.0,"max_hp_loss":0.0,"gold_gain":0.0,"event_name":"WeMeetAgain","player_choice":"Gave Card","floor":30.0,"gold_loss":0.0,"damage_taken":0.0,"relics_obtained":["Pen Nib"]},{"damage_healed":0.0,"max_hp_gain":0.0,"max_hp_loss":0.0,"gold_gain":0.0,"event_name":"Mysterious Sphere","player_choice":"Fight","floor":38.0,"gold_loss":0.0,"damage_taken":0.0},{"cards_removed":["A Thousand Cuts"],"damage_healed":0.0,"max_hp_gain":0.0,"max_hp_loss":0.0,"gold_gain":0.0,"event_name":"Falling","player_choice":"Removed Power","floor":39.0,"gold_loss":0.0,"damage_taken":0.0},{"cards_removed":["Tools of the Trade"],"damage_healed":17.0,"max_hp_gain":10.0,"max_hp_loss":0.0,"gold_gain":0.0,"event_name":"Bonfire Elementals","player_choice":"Offered Rare","floor":41.0,"gold_loss":0.0,"damage_taken":0.0}],"is_beta":false,"boss_relics":[{"not_picked":["Runic Pyramid","Velvet Choker"],"picked":"Philosopher\u0027s Stone"},{"not_picked":["Empty Cage","Ring of the Serpent"],"picked":"Calling Bell"}],"items_purged_floors":[21,37,54],"is_endless":false,"potions_floor_spawned":[1,5,11,14,16,18,20,24,40,42,45,46],"ascension_level":20}}