{"host":"enpah696raxjhbxd","time":1613826715,"event":{"mods":["ATMod(°¢èªMod)","BaseMod","Challenge The Spire","Colored Powertips","Friendly Minions","Good Game Mod","Minty Spire (QoL Compilation)","Replay The Spire","StSLib","TestMod","The Bladedancer","UnlockEverythingMod"],"gold_per_floor":[219,219,219,144,157,157,157],"floor_reached":6,"language":"ZHS","playtime":215,"items_purged":["Injury"],"score":68,"play_id":"f4f12ffd-2e48-46cf-9da0-c7426e8d4df2","local_time":"20210220211155","is_ascension_mode":true,"campfire_choices":[],"circlet_count":0,"master_deck":["AscendersBane","Strike_G","Strike_G","Strike_G","Strike_G","Defend_G","Defend_G","Defend_G","Defend_G","Defend_G","Survivor","Neutralize","AT_LightSaberMaster+1","testmod-EternalityOfKhronos","Poisoned Stab","Dagger Throw"],"relics":["Ring of the Snake","testmod-TestBox","AT_ATBox","REME:ComplimentaryCards","testmod-Temperance","Golden Idol"],"acts_visited":["Exordium"],"potions_floor_usage":[],"damage_taken":[{"damage":0,"enemies":"Jaw Worm","floor":1,"turns":6},{"damage":0,"enemies":"Small Slimes","floor":5,"turns":4},{"damage":15,"enemies":"Lagavulin","floor":6,"turns":6}],"seed_played":"6526786975575795901","potions_obtained":[{"floor":5,"key":"Block Potion"}],"is_trial":false,"path_per_floor":["M","?","?","$","M","E"],"character_chosen":"THE_SILENT","items_purchased":[],"campfire_rested":0,"item_purchase_floors":[],"current_hp_per_floor":[59,59,59,59,59,44,44],"gold":157,"neow_bonus":"HUNDRED_GOLD","is_daily":false,"chose_seed":false,"campfire_upgraded":0,"win_rate":0.0,"timestamp":1613826715,"path_taken":["M","?","?","$","M","E"],"items_purchased_type":[],"build_version":"2020-12-22","purchased_purges":1,"victory":false,"max_hp_per_floor":[66,66,66,66,66,66,66],"card_choices":[{"not_picked":["Slice","Backflip"],"picked":"Poisoned Stab","floor":1},{"not_picked":["Flechettes","Flying Knee"],"picked":"Dagger Throw","floor":5}],"player_experience":231051,"relics_obtained":[],"event_choices":[{"damage_healed":0,"gold_gain":0,"player_choice":"Grow","damage_taken":0,"max_hp_gain":0,"max_hp_loss":0,"event_name":"Living Wall","floor":2,"gold_loss":0,"cards_upgraded":["AT_LightSaberMaster"]},{"damage_healed":0,"gold_gain":0,"player_choice":"Take Wound","damage_taken":0,"relics_obtained":["Golden Idol"],"max_hp_gain":0,"max_hp_loss":0,"event_name":"Golden Idol","floor":3,"gold_loss":0,"cards_obtained":["Injury"]}],"is_beta":false,"boss_relics":[],"items_purged_floors":[4],"is_endless":false,"potions_floor_spawned":[5],"killed_by":"Lagavulin","ascension_level":20}}