{"host":"bkfh0em4323elict","time":1613834361,"event":{"mods":["BaseMod","Downfall","Minty Spire (QoL Compilation)","StSLib","UnlockEverythingMod","[IsaacMod]ÒÔÈö¼âËþ"],"gold_per_floor":[214,214,230,7498,7515,7549,7565,7565,7565,6343,6370,6370,6385,6397,6397,6472,6472,6483,6483,6483,6493,5873,5873,5810,5810,5837,5749,5600,19762,19796,19524,19524,19598,19598,19504,19504,19504,19504,19504,19504,19504,19504,19504,19504,19504,19504,19504,19504,19504,19504,19504,19504,19504,19371,19371,19371],"floor_reached":57,"language":"ZHS","playtime":4414,"items_purged":["Strike_P","Strike_P","Decay","Defend_P","DeusExMachina+1"],"score":2956,"play_id":"54994c60-a802-4b6e-8053-03a46a90f1ec","local_time":"20210220231921","is_ascension_mode":true,"campfire_choices":[{"data":"BloodyBrimstone","floor":8.0,"key":"SMITH"},{"data":"ForeignInfluence","floor":12,"key":"SMITH"},{"data":"Eruption","floor":15,"key":"SMITH"},{"floor":23,"key":"RECALL"},{"floor":25,"key":"REST"},{"data":"1","floor":32,"key":"LIFT"},{"data":"2","floor":40,"key":"LIFT"},{"data":"3","floor":46,"key":"LIFT"},{"floor":49,"key":"REST"},{"floor":53,"key":"DIG"}],"circlet_count":0,"master_deck":["AscendersBane","Strike_P+1","Strike_P+1","Defend_P+1","Defend_P","Defend_P+1","Eruption+1","Vigilance","BloodyBrimstone+1","ForeignInfluence+1","ForeignInfluence+1","LessonLearned+1","Flash of Steel+1","FlurryOfBlows+1","DeusExMachina+1","Omniscience+1"],"relics":["HolyWater","HushsDoor","PunchingBag","Damocles","AnarchistCookbook","Regal Pillow","bronze:DonusWashers","Strawberry","UnicornStump","hexamod:BolsterEngine","HornCleat","Thread and Needle","Toxic Egg 2","TheBible","Molten Egg 2","Sling","Du-Vu Doll","BookOfRevelations","Ancient Tea Set","HowToJump","Toy Ornithopter","sneckomod:SneckoTalon","TuHaoJin","Bag of Preparation","Blue Candle","PrismaticShard","Orichalcum","Boot","InkBottle","Bag of Marbles","Pen Nib","Juzu Bracelet","The Courier","DeathBook","bronze:BronzeIdol","TeardropLocket","Whetstone","PreservedInsect","War Paint","Girya","MealTicket","Bottled Flame","Sundial","Potion Belt","TheBean","sneckomod:BlankCard","Centennial Puzzle","Darkstone Periapt","DoctorsRemote","champ:DeflectingBracers","SatanicBible","Slimebound:PreparedRelic","Tiny Chest","hexamod:CandleOfCauterizing","bronze:DecasWashers","Dead Branch","Ginger","Slimebound:StickyStick","White Beast Statue","Nunchaku","Blood Vial","Anchor","BloodDonationMachine","HandDrill","Bronze Scales","MoneyPower","Lantern","Mummified Hand","Singing Bowl","CeramicFish","Mercury Hourglass","Ornamental Fan","Akabeko","Shuriken","Kunai","Pantograph","Art of War","BelialBook","Guardian:PocketSentry","Damaru","Letter Opener","SharpPlug","Bird Faced Urn","PokeGo","Oddly Smooth Stone","SalivaCoin","StrikeDummy","DeadEye","Gremlin Horn","Yang","GuppysHead","Frozen Egg 2","GnawedLeaf","Vajra","Omamori","Dream Catcher","Pear","Happy Flower","Eternal Feather","PillsDrop","Bottled Lightning","Question Card","Meat on the Bone","Matryoshka","Pocketwatch","champ:DuelingGlove","Incense Burner","BlankCard","Shovel","StoneCalendar","Prayer Wheel","D4","Void","Unceasing Top","YumHeart","BookofShadows","Mango","Guardian:GemstoneGun","CaptainsWheel","Diplopia","FossilizedHelix","ForgetMeNow","WingedGreaves","Turnip","GoldenEye","Ice Cream","CloakClasp","Leech","TungstenRod","Gambling Chip","EdensBlessing","Torii","GuppysPaw","hexamod:Sixitude","Calipers","Lizard Tail","D6","ClockworkSouvenir","Chemical X"],"acts_visited":["Exordium","TheCity","TheBeyond","TheEnding"],"potions_floor_usage":[16,16,16,16,56,56,56],"damage_taken":[{"damage":1.0,"enemies":"2 Louse","floor":1.0,"turns":4.0},{"damage":1.0,"enemies":"Jaw Worm","floor":3.0,"turns":3.0},{"damage":0.0,"enemies":"Cultist","floor":5.0,"turns":2.0},{"damage":0.0,"enemies":"3 Sentries","floor":6.0,"turns":2.0},{"damage":0.0,"enemies":"2 Fungi Beasts","floor":7.0,"turns":1.0},{"damage":0,"enemies":"Lagavulin","floor":11,"turns":3},{"damage":0,"enemies":"3 Louse","floor":13,"turns":1},{"damage":0,"enemies":"Looter","floor":14,"turns":2},{"damage":0,"enemies":"Slime Boss","floor":16,"turns":2},{"damage":0,"enemies":"Spheric Guardian","floor":18,"turns":2},{"damage":7,"enemies":"2 Thieves","floor":21,"turns":2},{"damage":0,"enemies":"Slavers","floor":24,"turns":1},{"damage":0,"enemies":"Cultist and Chosen","floor":27,"turns":1},{"damage":0,"enemies":"Centurion and Healer","floor":28,"turns":1},{"damage":0,"enemies":"Book of Stabbing","floor":30,"turns":1},{"damage":0,"enemies":"Champ","floor":33,"turns":1},{"damage":0,"enemies":"Orb Walker","floor":35,"turns":1},{"damage":0,"enemies":"Reptomancer","floor":41,"turns":1},{"damage":0,"enemies":"3 Darklings","floor":44,"turns":1},{"damage":0,"enemies":"4 Shapes","floor":45,"turns":1},{"damage":0,"enemies":"Transient","floor":48,"turns":1},{"damage":0,"enemies":"Time Eater","floor":50,"turns":1},{"damage":0,"enemies":"Awakened One","floor":51,"turns":2},{"damage":0,"enemies":"Shield and Spear","floor":55,"turns":1},{"damage":0,"enemies":"Delirium","floor":56,"turns":5}],"seed_played":"-7471996765637910459","potions_obtained":[{"floor":1.0,"key":"EntropicBrew"},{"floor":5.0,"key":"PowerPotion"},{"floor":16,"key":"BottledMiracle"},{"floor":18,"key":"Swift Potion"},{"floor":33,"key":"Fire Potion"}],"is_trial":false,"path_per_floor":["M","?","M","$","M","E","M","R","T","$","E","R","M","M","R","B",null,"M","?","?","M","$","R","E","R","T","M","M","$","E","$","R","B",null,"M","?","T","?","T","R","E","?","T","M","M","R","?","M","R","B","B",null,"R","$","E","B",null],"character_chosen":"WATCHER","items_purchased":["bronze:DonusWashers","Strawberry","UnicornStump","Molten Egg 2","Sling","Du-Vu Doll","ForeignInfluence+1","LessonLearned+1","Flash of Steel+1","PrismaticShard","Orichalcum","Boot","DeathBook","bronze:BronzeIdol","TeardropLocket","Whetstone","PreservedInsect","War Paint","Girya","MealTicket","Bottled Flame","Sundial","Potion Belt","TheBean","sneckomod:BlankCard","Centennial Puzzle","Darkstone Periapt","DoctorsRemote","champ:DeflectingBracers","SatanicBible","Slimebound:PreparedRelic","Tiny Chest","hexamod:CandleOfCauterizing","bronze:DecasWashers","Dead Branch","Ginger","Slimebound:StickyStick","White Beast Statue","Nunchaku","Blood Vial","Anchor","BloodDonationMachine","HandDrill","Bronze Scales","MoneyPower","Lantern","Mummified Hand","Singing Bowl","CeramicFish","Mercury Hourglass","Ornamental Fan","Akabeko","Shuriken","Kunai","Pantograph","Art of War","BelialBook","Guardian:PocketSentry","Damaru","Letter Opener","SharpPlug","Bird Faced Urn","PokeGo","Oddly Smooth Stone","SalivaCoin","StrikeDummy","DeadEye","Gremlin Horn","Yang","GuppysHead","Frozen Egg 2","GnawedLeaf","Vajra","Omamori","Dream Catcher","Pear","Happy Flower","Eternal Feather","PillsDrop","Bottled Lightning","Question Card","Meat on the Bone","Matryoshka","Pocketwatch","champ:DuelingGlove","Incense Burner","BlankCard","Shovel","StoneCalendar","Prayer Wheel","D4","Void","Unceasing Top","YumHeart","BookofShadows","Mango","Guardian:GemstoneGun","CaptainsWheel","Diplopia","FossilizedHelix","ForgetMeNow","WingedGreaves","Turnip","GoldenEye","Ice Cream","CloakClasp","Leech","TungstenRod","Gambling Chip","EdensBlessing","Torii","GuppysPaw","hexamod:Sixitude","Calipers","Lizard Tail","D6","ClockworkSouvenir","Chemical X"],"campfire_rested":2,"item_purchase_floors":[4,4,4,10,10,10,10,10,10,22,22,22,29,29,29,29,29,29,29,29,29,29,29,29,29,29,29,29,29,29,29,29,29,29,29,29,29,29,29,29,29,29,29,29,29,29,29,29,29,29,29,29,29,29,29,29,29,29,29,29,29,29,29,29,29,29,29,29,29,29,29,29,29,29,29,29,29,29,29,29,29,29,29,29,29,29,29,29,29,29,29,29,29,29,29,29,29,29,29,29,29,29,29,29,29,29,29,29,29,29,29,29,29,29,29,29,31,54],"current_hp_per_floor":[60,60,59,66,66,66,66,66,66,66,66,66,66,66,66,86,6010,6010,6010,5995,5988,5988,5988,5988,7985,7985,7985,7985,8009,8011,8011,8011,8013,8013,8013,7612,7612,7612,7612,7612,7606,7606,7606,7600,7594,7594,7594,7594,7596,7590,7587,7587,7587,7587,7587,7584],"gold":19371,"neow_bonus":"HUNDRED_GOLD","is_daily":false,"chose_seed":false,"campfire_upgraded":3,"win_rate":0.0,"timestamp":1613834361,"path_taken":["M","?","M","$","M","E","M","R","T","$","E","R","M","M","R","BOSS","M","?","?","M","?","R","E","R","T","M","M","$","E","$","R","BOSS","M","?","?","?","?","R","E","?","T","M","M","R","?","M","R","BOSS","BOSS","R","$","E","BOSS"],"items_purchased_type":["Relic","Relic","Relic","Relic","Relic","Relic","Card","Card","Card","Relic","Relic","Relic","Relic","Relic","Relic","Relic","Relic","Relic","Relic","Relic","Relic","Relic","Relic","Relic","Relic","Relic","Relic","Relic","Relic","Relic","Relic","Relic","Relic","Relic","Relic","Relic","Relic","Relic","Relic","Relic","Relic","Relic","Relic","Relic","Relic","Relic","Relic","Relic","Relic","Relic","Relic","Relic","Relic","Relic","Relic","Relic","Relic","Relic","Relic","Relic","Relic","Relic","Relic","Relic","Relic","Relic","Relic","Relic","Relic","Relic","Relic","Relic","Relic","Relic","Relic","Relic","Relic","Relic","Relic","Relic","Relic","Relic","Relic","Relic","Relic","Relic","Relic","Relic","Relic","Relic","Relic","Card","Relic","Relic","Relic","Relic","Relic","Relic","Relic","Relic","Relic","Relic","Relic","Relic","Relic","Relic","Relic","Relic","Relic","Relic","Relic","Relic","Relic","Relic","Relic","Relic","Relic","Relic"],"build_version":"2020-12-22","purchased_purges":5,"victory":true,"max_hp_per_floor":[65,65,62,8000,7997,7994,7991,7991,7991,7991,7988,7988,7985,7985,7985,7985,7985,7985,7985,7985,7985,7985,7985,7985,7985,7985,7985,7985,8009,8011,8011,8011,8013,8013,8013,7612,7612,7612,7612,7612,7606,7606,7606,7600,7594,7594,7594,7594,7596,7590,7587,7587,7587,7587,7587,7584],"card_choices":[{"not_picked":[],"picked":"BloodyBrimstone","floor":0.0},{"not_picked":["Worship","FlurryOfBlows"],"picked":"ForeignInfluence","floor":1.0},{"not_picked":["SandsOfTime","LikeWater","TalkToTheHand"],"picked":"SKIP","floor":3.0},{"not_picked":["WreathOfFlame","EmptyFist"],"picked":"Bomb","floor":5.0},{"not_picked":["Fasting2","JustLucky","Vengeance"],"picked":"SKIP","floor":6.0},{"not_picked":["FlurryOfBlows","EmptyMind+1","Study"],"picked":"SKIP","floor":7.0},{"not_picked":["Protect+1","BowlingBash+1"],"picked":"FlurryOfBlows+1","floor":11},{"not_picked":["CrushJoints+1","ThirdEye+1"],"picked":"DeusExMachina+1","floor":13},{"not_picked":["FlyingSleeves+1","ThirdEye+1"],"picked":"Omniscience+1","floor":14},{"not_picked":["Judgement+1","Blasphemy+1"],"picked":"DeusExMachina+1","floor":16},{"not_picked":["EmptyBody+1","BattleHymn","Pray+1"],"picked":"SKIP","floor":18},{"not_picked":["JustLucky+1","Crescendo+1","CrushJoints+1"],"picked":"SKIP","floor":21},{"not_picked":["Slimebound:GoopTackle+1","Slimebound:FinishingTackle+1","sneckomod:SoulDraw+1"],"picked":"SKIP","floor":24},{"not_picked":["sneckomod:RainOfDice+1","sneckomod:UnknownClassBLUE+1","bronze:WhirlingStrike+1"],"picked":"SKIP","floor":27},{"not_picked":["champ:Backstep+1","Clash+1","sneckomod:CheapStock"],"picked":"SKIP","floor":28},{"not_picked":["sneckomod:UnknownClassBLUE+1","bronze:Iterate+1","Fan+1","Consecrate+1"],"picked":"Singing Bowl","floor":30},{"not_picked":["Meteor Strike+1","DeusExMachina+1","Offering+1","SuicideKing"],"picked":"Singing Bowl","floor":33},{"not_picked":["Slimebound:Chomp+1","hexamod:SpectersWail+1","Havoc+1","hexamod:Hexaguard+1"],"picked":"SKIP","floor":35},{"not_picked":["Backstab+1","hexamod:GhostflameBarrier+1","Slimebound:PressTheAttack+1","Compile Driver+1"],"picked":"SKIP","floor":35},{"not_picked":["Dash+1","Deep Breath+1","sneckomod:SerpentIdol+1","Pummel+1"],"picked":"SKIP","floor":41},{"not_picked":["hexamod:SoulSteal+1","Bane+1","bronze:ForLoop+1","Coolheaded+1"],"picked":"SKIP","floor":44},{"not_picked":["Slimebound:SplitMire+1","Clash+1","Burning Pact+1","Heavy Blade+1"],"picked":"SKIP","floor":44},{"not_picked":["sneckomod:UnknownClassBLUE+1","FlurryOfBlows+1","Blood for Blood+1","Guardian:RollAttack+1"],"picked":"SKIP","floor":45},{"not_picked":["Bludgeon+1","champ:FanOfKnives+1","Cloak And Dagger+1","bronze:BuggyMess+1"],"picked":"SKIP","floor":45},{"not_picked":["Panacea+1","Accuracy+1","Riddle With Holes+1","Streamline+1"],"picked":"SKIP","floor":48},{"not_picked":["sneckomod:UnknownCommonAttack+1","JustLucky+1","sneckomod:Nope+1","Slimebound:Prepare+1"],"picked":"SKIP","floor":48},{"not_picked":["sneckomod:UnknownClassGREEN+1","Limit Break+1","Guardian:Recover+1","sneckomod:UnknownStrength+1"],"picked":"Singing Bowl","floor":49},{"not_picked":["hexamod:GhostOfSpireFuture+1","Guardian:RollAttack+1","champ:PerfectedStrike+1","champ:FlashCut+1"],"picked":"SKIP","floor":55}],"player_experience":21081,"relics_obtained":[{"floor":1.0,"key":"AnarchistCookbook"},{"floor":3.0,"key":"Regal Pillow"},{"floor":5.0,"key":"hexamod:BolsterEngine"},{"floor":6.0,"key":"HornCleat"},{"floor":6.0,"key":"Thread and Needle"},{"floor":7.0,"key":"Toxic Egg 2"},{"floor":9.0,"key":"TheBible"},{"floor":11,"key":"BookOfRevelations"},{"floor":11,"key":"Ancient Tea Set"},{"floor":13,"key":"HowToJump"},{"floor":14,"key":"Toy Ornithopter"},{"floor":18,"key":"TuHaoJin"},{"floor":21,"key":"Blue Candle"},{"floor":24,"key":"InkBottle"},{"floor":24,"key":"Bag of Marbles"},{"floor":26,"key":"Pen Nib"},{"floor":27,"key":"Juzu Bracelet"},{"floor":28,"key":"The Courier"}],"event_choices":[{"damage_healed":0,"gold_gain":0,"player_choice":"Smashed Altar","damage_taken":0,"max_hp_gain":0,"max_hp_loss":0,"event_name":"Forgotten Altar","floor":19,"gold_loss":0,"cards_obtained":["Decay"]},{"damage_healed":0,"gold_gain":0,"player_choice":"Max HP","damage_taken":0,"max_hp_gain":0,"max_hp_loss":401,"event_name":"Winding Halls","floor":36,"gold_loss":0},{"damage_healed":0,"gold_gain":0,"player_choice":"Ignored","damage_taken":0,"max_hp_gain":0,"max_hp_loss":0,"event_name":"Tomb of Lord Red Mask","floor":38,"gold_loss":0},{"damage_healed":0,"gold_gain":0,"player_choice":"Ignored","damage_taken":0,"max_hp_gain":0,"max_hp_loss":0,"event_name":"Mysterious Sphere","floor":42,"gold_loss":0},{"damage_healed":0,"gold_gain":0,"player_choice":"Memory 1","damage_taken":0,"max_hp_gain":0,"max_hp_loss":0,"event_name":"SensoryStone","floor":47,"gold_loss":0}],"is_beta":false,"boss_relics":[{"not_picked":["SacredBark","Runic Dome"],"picked":"sneckomod:SneckoTalon"},{"not_picked":[]},{"not_picked":["Pandora\u0027s Box","Runic Pyramid"],"picked":"HolyWater"},{"not_picked":[]}],"items_purged_floors":[4,10,22,29,31],"is_endless":false,"potions_floor_spawned":[1,5,7,14,16,18,24,30,33,35,41,44,45,48,55],"ascension_level":20}}