{"host":"uv5ws9rdk87e8i5k","time":1613799922,"event":{"mods":["AchievementEnabler","BaseMod","Colored Map","Minty Spire (QoL Compilation)","Permanent Neow","Quick Restart","StSLib","SuperFastMode","The Necromancer"],"gold_per_floor":[117,131,151,164,264,293,306,339,339,372,152,172,192,218,218,218,218],"floor_reached":16,"language":"ENG","playtime":424,"items_purged":["Strike_R"],"score":221,"play_id":"38ba8d88-efac-46b3-8a89-c53c0a51b1b6","local_time":"20210219234522","is_ascension_mode":true,"campfire_choices":[{"data":"Heavy Blade","floor":15,"key":"SMITH"}],"circlet_count":0,"master_deck":["AscendersBane","Strike_R","Strike_R","Strike_R","Strike_R","Defend_R+1","Defend_R+1","Defend_R","Defend_R","Bash","Sword Boomerang","Heavy Blade+1","Inflame","Headbutt","Spot Weakness","Shrug It Off","Heavy Blade","Burning Pact","Inflame","Immolate","Shrug It Off"],"relics":["Burning Blood","War Paint","PreservedInsect","StoneCalendar","Pear","Dream Catcher","Vajra","Bird Faced Urn"],"acts_visited":["Exordium"],"potions_floor_usage":[13,14,14,16],"damage_taken":[{"damage":0.0,"enemies":"Small Slimes","floor":1.0,"turns":4.0},{"damage":2.0,"enemies":"Cultist","floor":2.0,"turns":4.0},{"damage":7.0,"enemies":"Jaw Worm","floor":3.0,"turns":3.0},{"damage":22.0,"enemies":"Lots of Slimes","floor":4.0,"turns":5.0},{"damage":36.0,"enemies":"3 Sentries","floor":6.0,"turns":11.0},{"damage":5.0,"enemies":"Blue Slaver","floor":7.0,"turns":3.0},{"damage":10.0,"enemies":"Lagavulin","floor":8.0,"turns":6.0},{"damage":9.0,"enemies":"3 Sentries","floor":10.0,"turns":4.0},{"damage":14.0,"enemies":"Exordium Thugs","floor":12.0,"turns":4.0},{"damage":12,"enemies":"Gremlin Gang","floor":13,"turns":3},{"damage":16,"enemies":"Lagavulin","floor":14,"turns":6},{"damage":0,"enemies":"Hexaghost","floor":16,"turns":1}],"seed_played":"-4680487248420931352","potions_obtained":[{"floor":6.0,"key":"Strength Potion"},{"floor":7.0,"key":"EntropicBrew"},{"floor":10.0,"key":"SkillPotion"},{"floor":12.0,"key":"EntropicBrew"},{"floor":14,"key":"LiquidBronze"}],"is_trial":false,"path_per_floor":["M","M","M","M","?","E","M","E","T","E","$","M","M","E","R","B"],"character_chosen":"IRONCLAD","items_purchased":["Vajra"],"campfire_rested":0,"item_purchase_floors":[11],"current_hp_per_floor":[78,80,79,63,63,33,34,30,40,37,37,29,23,31,31,33,33],"gold":218,"neow_bonus":"RANDOM_COMMON_RELIC","is_daily":false,"chose_seed":false,"campfire_upgraded":1,"win_rate":0.0,"timestamp":1613799922,"path_taken":["M","M","M","M","?","E","?","E","T","E","$","M","M","E","R","BOSS"],"items_purchased_type":["Relic"],"build_version":"2020-12-22","purchased_purges":1,"victory":false,"max_hp_per_floor":[80,80,80,80,80,80,80,80,90,90,90,90,90,90,90,90,90],"card_choices":[{"not_picked":["Armaments","True Grit"],"picked":"Sword Boomerang","floor":1.0},{"not_picked":["Headbutt","Warcry"],"picked":"Heavy Blade","floor":2.0},{"not_picked":["Heavy Blade","Power Through"],"picked":"Inflame","floor":3.0},{"not_picked":["Corruption","Rampage"],"picked":"Headbutt","floor":4.0},{"not_picked":["Combust","Pummel"],"picked":"Spot Weakness","floor":6.0},{"not_picked":["Iron Wave","Twin Strike"],"picked":"Shrug It Off","floor":7.0},{"not_picked":["Pommel Strike","Iron Wave"],"picked":"Heavy Blade","floor":8.0},{"not_picked":["Heavy Blade","Hemokinesis"],"picked":"Burning Pact","floor":10.0},{"not_picked":["Infernal Blade","Rupture"],"picked":"Inflame","floor":12.0},{"not_picked":["Body Slam","Flex"],"picked":"Immolate","floor":13},{"not_picked":["Combust","Wild Strike"],"picked":"Shrug It Off","floor":14}],"player_experience":228360,"relics_obtained":[{"floor":6.0,"key":"PreservedInsect"},{"floor":8.0,"key":"StoneCalendar"},{"floor":9.0,"key":"Pear"},{"floor":10.0,"key":"Dream Catcher"},{"floor":14,"key":"Bird Faced Urn"}],"event_choices":[{"damage_healed":0.0,"max_hp_gain":0.0,"max_hp_loss":0.0,"gold_gain":100.0,"event_name":"Golden Shrine","player_choice":"Pray","floor":5.0,"gold_loss":0.0,"damage_taken":0.0}],"is_beta":false,"boss_relics":[],"items_purged_floors":[11],"is_endless":false,"potions_floor_spawned":[6,7,10,12,14],"killed_by":"Hexaghost","ascension_level":13}}