{"host":"w14xfy17z3c5mpoi","time":1613838333,"event":{"mods":["AchievementEnabler","BaseMod","Minty Spire (QoL Compilation)","Relic Stats"],"gold_per_floor":[111,124,138,149,159,159,187,201,255,255,267,294,309,259,259,361,361,378,378,393,393,411,437,38,38,106,106,7,106,125,150,150,150,150],"floor_reached":33,"language":"ENG","playtime":4021,"items_purged":[],"score":434,"play_id":"997ae6cd-d215-415d-891a-fc2aed23e607","local_time":"20210220112533","is_ascension_mode":true,"campfire_choices":[{"data":"Pommel Strike","floor":6,"key":"SMITH"},{"floor":10,"key":"REST"},{"data":"Perfected Strike","floor":15,"key":"SMITH"},{"data":"Double Tap","floor":25,"key":"SMITH"},{"floor":27,"key":"REST"},{"data":"Heavy Blade","floor":32,"key":"SMITH"}],"circlet_count":0,"master_deck":["Strike_R","Strike_R","Strike_R","Strike_R","Defend_R","Defend_R","Defend_R","Bash","Anger","Intimidate","Pummel","Pommel Strike+1","Twin Strike","Pommel Strike","Perfected Strike+1","Flame Barrier","Headbutt","Double Tap+1","Thunderclap","Clothesline","Corruption","Shrug It Off","Pommel Strike","Heavy Blade+1"],"relics":["Burning Blood","NeowsBlessing","Turnip","Potion Belt","Art of War","Mark of Pain","Singing Bowl","Brimstone","Sundial","Vajra"],"acts_visited":["Exordium","TheCity"],"potions_floor_usage":[7,12,16,16,30,31,31,33,33],"damage_taken":[{"damage":0,"enemies":"Cultist","floor":1,"turns":1},{"damage":0,"enemies":"Small Slimes","floor":2,"turns":1},{"damage":0,"enemies":"Jaw Worm","floor":3,"turns":1},{"damage":13,"enemies":"Red Slaver","floor":4,"turns":3},{"damage":16,"enemies":"Blue Slaver","floor":5,"turns":3},{"damage":16,"enemies":"Gremlin Nob","floor":7,"turns":3},{"damage":26,"enemies":"Large Slime","floor":8,"turns":6},{"damage":9,"enemies":"3 Louse","floor":11,"turns":4},{"damage":35,"enemies":"3 Sentries","floor":12,"turns":6},{"damage":0,"enemies":"Gremlin Gang","floor":13,"turns":3},{"damage":16,"enemies":"Slime Boss","floor":16,"turns":10},{"damage":26,"enemies":"2 Thieves","floor":18,"turns":4},{"damage":0,"enemies":"Chosen","floor":20,"turns":4},{"damage":10,"enemies":"3 Cultists","floor":22,"turns":5},{"damage":41,"enemies":"Slavers","floor":23,"turns":6},{"damage":9,"enemies":"Chosen and Byrds","floor":30,"turns":3},{"damage":12,"enemies":"Gremlin Leader","floor":31,"turns":4},{"damage":57,"enemies":"Champ","floor":33,"turns":6}],"seed_played":"-7739206302886430136","potions_obtained":[{"floor":3,"key":"FearPotion"},{"floor":5,"key":"GamblersBrew"},{"floor":7,"key":"Swift Potion"},{"floor":12,"key":"Weak Potion"},{"floor":22,"key":"SpeedPotion"},{"floor":30,"key":"Explosive Potion"},{"floor":31,"key":"Regen Potion"}],"is_trial":false,"path_per_floor":["M","M","M","M","M","R","E","M","T","R","M","E","M","?","R","B",null,"M","?","M","?","M","E","$","R","T","R","$","?","M","E","R","B"],"character_chosen":"IRONCLAD","items_purchased":["Corruption","Shrug It Off","Brimstone","SkillPotion","Fruit Juice"],"campfire_rested":2,"item_purchase_floors":[24,24,24,24,28],"current_hp_per_floor":[78,80,80,73,63,63,53,33,33,57,54,25,31,31,31,21,65,45,45,51,51,47,14,14,14,14,38,38,38,40,34,34,0,0],"gold":150,"neow_bonus":"THREE_ENEMY_KILL","is_daily":false,"chose_seed":false,"campfire_upgraded":4,"win_rate":0.0,"timestamp":1613838333,"path_taken":["M","M","?","M","M","R","E","M","T","R","M","E","M","?","R","BOSS","M","?","?","?","M","E","$","R","T","R","$","?","M","E","R","BOSS"],"items_purchased_type":["Card","Card","Relic","Potion","Potion"],"build_version":"2020-12-22","purchased_purges":0,"victory":false,"max_hp_per_floor":[80,80,80,80,80,80,80,80,80,80,80,80,80,80,80,80,80,80,80,80,80,80,82,82,82,82,82,82,82,87,87,87,87,87],"relic_stats":{"Singing Bowl":2,"counters":[18,73],"Sundial":[0],"Turnip":[9],"Art of War":[1],"obtain_stats":[{"Potion Belt":9,"NeowsBlessing":0,"Singing Bowl":23,"Brimstone":24,"Sundial":26,"Vajra":31,"Turnip":7,"Mark of Pain":17,"Art of War":12,"Burning Blood":0},{"Potion Belt":7,"NeowsBlessing":0,"Singing Bowl":15,"Brimstone":15,"Sundial":15,"Vajra":17,"Turnip":6,"Mark of Pain":11,"Art of War":9,"Burning Blood":0},{"Potion Belt":18,"NeowsBlessing":0,"Singing Bowl":60,"Brimstone":60,"Sundial":60,"Vajra":67,"Turnip":12,"Mark of Pain":41,"Art of War":28,"Burning Blood":0}],"Burning Blood":92},"card_choices":[{"not_picked":["Armaments","Rage"],"picked":"Anger","floor":1},{"not_picked":["Burning Pact","Clash"],"picked":"Intimidate","floor":2},{"not_picked":["Havoc","Heavy Blade"],"picked":"Pummel","floor":3},{"not_picked":["Wild Strike","Searing Blow"],"picked":"Pommel Strike","floor":4},{"not_picked":["Headbutt","Seeing Red"],"picked":"Twin Strike","floor":5},{"not_picked":["Blood for Blood","Clothesline","Carnage"],"picked":"SKIP","floor":7},{"not_picked":["Wild Strike","Reckless Charge"],"picked":"Pommel Strike","floor":8},{"not_picked":["Flex","Sentinel"],"picked":"Perfected Strike","floor":11},{"not_picked":["Anger","Metallicize"],"picked":"Flame Barrier","floor":12},{"not_picked":["Iron Wave","Clash"],"picked":"Headbutt","floor":13},{"not_picked":["Fiend Fire","Demon Form"],"picked":"Double Tap","floor":16},{"not_picked":["Cleave","Seeing Red+1"],"picked":"Thunderclap","floor":18},{"not_picked":["Anger","Sever Soul","Seeing Red"],"picked":"SKIP","floor":20},{"not_picked":["Anger+1","Sentinel"],"picked":"Clothesline","floor":22},{"not_picked":["Thunderclap","Reaper","Perfected Strike"],"picked":"Singing Bowl","floor":23},{"not_picked":["Anger","Body Slam"],"picked":"Pommel Strike","floor":30},{"not_picked":["Entrench","Seeing Red"],"picked":"Heavy Blade","floor":31}],"player_experience":721544,"relics_obtained":[{"floor":7,"key":"Turnip"},{"floor":9,"key":"Potion Belt"},{"floor":12,"key":"Art of War"},{"floor":23,"key":"Singing Bowl"},{"floor":26,"key":"Sundial"},{"floor":31,"key":"Vajra"}],"event_choices":[{"cards_removed":["Defend_R"],"damage_healed":0,"gold_gain":0,"player_choice":"Card Removal","damage_taken":0,"max_hp_gain":0,"max_hp_loss":0,"event_name":"The Cleric","floor":14,"gold_loss":50},{"cards_removed":["Strike_R"],"damage_healed":0,"gold_gain":0,"player_choice":"Purged","damage_taken":0,"max_hp_gain":0,"max_hp_loss":0,"event_name":"Purifier","floor":19,"gold_loss":0},{"damage_healed":0,"gold_gain":0,"player_choice":"Ignored","damage_taken":0,"max_hp_gain":0,"max_hp_loss":0,"event_name":"Vampires","floor":21,"gold_loss":0},{"damage_healed":0,"gold_gain":99,"player_choice":"Stole From Cult","damage_taken":0,"max_hp_gain":0,"max_hp_loss":0,"event_name":"Nest","floor":29,"gold_loss":0}],"is_beta":false,"boss_relics":[{"not_picked":["Astrolabe","Coffee Dripper"],"picked":"Mark of Pain"}],"items_purged_floors":[],"is_endless":false,"potions_floor_spawned":[3,5,7,12,22,30,31],"killed_by":"Champ","ascension_level":9}}