{"host":"sav7uxregyirlf69","time":1613794373,"event":{"mods":["AchievementEnabler","BaseMod","Colored Map","DeckTracker","Keyboard Shortcuts","Minty Spire (QoL Compilation)","READ ME - Guardian Mod","StSLib","SuperFastMode"],"gold_per_floor":[117,14,14,14,14,44,54,54,131,144,144,38,72,88,88,88,88],"floor_reached":16,"language":"KOR","playtime":223,"items_purged":["Strike_R"],"score":266,"play_id":"e437a21e-e7e9-4dc3-a358-9aef58545ca9","local_time":"20210220131253","is_ascension_mode":true,"campfire_choices":[{"data":"Double Tap","floor":8,"key":"SMITH"},{"data":"Purity","floor":15,"key":"SMITH"}],"circlet_count":0,"master_deck":["AscendersBane","Strike_R","Strike_R","Strike_R","Defend_R","Defend_R","Defend_R","Defend_R","Bash+1","Dropkick+1","Shrug It Off+1","Double Tap+1","Dark Embrace+1","Purity+1","Barricade+1"],"relics":["Burning Blood","NeowsBlessing","Bag of Preparation","Frozen Egg 2","InkBottle","Akabeko"],"acts_visited":["Exordium"],"potions_floor_usage":[13,16,16],"damage_taken":[{"damage":0,"enemies":"Small Slimes","floor":1,"turns":1},{"damage":0,"enemies":"Gremlin Nob","floor":6,"turns":1},{"damage":0,"enemies":"2 Louse","floor":7,"turns":1},{"damage":1,"enemies":"Cultist","floor":10,"turns":3},{"damage":35,"enemies":"3 Sentries","floor":13,"turns":9},{"damage":20,"enemies":"Exordium Thugs","floor":14,"turns":7},{"damage":28,"enemies":"Slime Boss","floor":16,"turns":3}],"seed_played":"7466501919927591108","potions_obtained":[{"floor":1,"key":"DuplicationPotion"},{"floor":6,"key":"Block Potion"},{"floor":13,"key":"LiquidMemories"}],"is_trial":false,"path_per_floor":["M","$","?","?","?","E","M","R","T","M","T","$","E","M","R","B"],"character_chosen":"IRONCLAD","items_purchased":["Shrug It Off","Purity"],"campfire_rested":0,"item_purchase_floors":[2,12],"current_hp_per_floor":[74,74,67,44,44,50,56,56,56,61,61,61,32,18,18,0,0],"gold":88,"neow_bonus":"THREE_ENEMY_KILL","is_daily":false,"chose_seed":false,"campfire_upgraded":2,"win_rate":0.0,"timestamp":1613794373,"path_taken":["M","$","?","?","?","E","M","R","T","?","?","$","E","M","R","BOSS"],"items_purchased_type":["Card","Card"],"build_version":"2020-12-22","purchased_purges":1,"victory":false,"max_hp_per_floor":[75,75,75,75,75,75,75,75,75,75,75,75,75,75,75,75,75],"card_choices":[{"not_picked":["Metallicize","Reckless Charge"],"picked":"Dropkick","floor":1},{"not_picked":["Spot Weakness","Wild Strike"],"picked":"Double Tap","floor":6},{"not_picked":["Wild Strike","Sword Boomerang","Armaments"],"picked":"SKIP","floor":7},{"not_picked":["Twin Strike","Perfected Strike"],"picked":"Dark Embrace+1","floor":10},{"not_picked":["Wild Strike","Twin Strike"],"picked":"Barricade+1","floor":13},{"not_picked":["Thunderclap","Body Slam","Juggernaut+1"],"picked":"SKIP","floor":14}],"player_experience":1630310,"relics_obtained":[{"floor":6,"key":"Bag of Preparation"},{"floor":9,"key":"Frozen Egg 2"},{"floor":11,"key":"InkBottle"},{"floor":13,"key":"Akabeko"}],"event_choices":[{"cards_removed":["Strike_R"],"damage_healed":0,"gold_gain":0,"player_choice":"Card Removal","damage_taken":7,"max_hp_gain":0,"max_hp_loss":0,"event_name":"Golden Wing","floor":3,"gold_loss":0},{"damage_healed":0,"gold_gain":0,"player_choice":"Entered Light","damage_taken":23,"max_hp_gain":0,"max_hp_loss":0,"event_name":"Shining Light","floor":4,"gold_loss":0,"cards_upgraded":["Shrug It Off","Dropkick"]},{"damage_healed":0,"gold_gain":0,"player_choice":"Forge","damage_taken":0,"max_hp_gain":0,"max_hp_loss":0,"event_name":"Accursed Blacksmith","floor":5,"gold_loss":0,"cards_upgraded":["Bash"]}],"is_beta":false,"boss_relics":[],"items_purged_floors":[2],"is_endless":false,"potions_floor_spawned":[1,6,13,14],"killed_by":"Slime Boss","ascension_level":20}}