{"host":"js2su9tbbk4rmjfl","time":1613857860,"event":{"mods":["AchievementEnabler","BaseMod","Block Reminder","Colored Map","Colored Powertips","Highlight Path","Minty Spire (QoL Compilation)","Relic Stats"],"gold_per_floor":[111,121,121,136,136,136,164,164,189,217,217,250,250,250,250,327,327,347,45,45,95,115,115,147,147,173,173,173],"floor_reached":27,"language":"ENG","playtime":1220,"items_purged":["Strike_R"],"score":478,"play_id":"171fe1e0-dd01-4f42-a102-05de50c124e8","local_time":"20210220225100","is_ascension_mode":true,"campfire_choices":[{"data":"Inflame","floor":6,"key":"SMITH"},{"floor":8,"key":"REST"},{"floor":15,"key":"REST"},{"data":"Barricade","floor":23,"key":"SMITH"},{"data":"Metallicize","floor":25,"key":"SMITH"}],"circlet_count":0,"master_deck":["AscendersBane","Strike_R","Strike_R","Strike_R","Defend_R","Defend_R","Defend_R","Defend_R","Bash","Cleave","Inflame+1","Havoc+1","Sword Boomerang","Spot Weakness+1","Barricade+1","Iron Wave","Metallicize+1"],"relics":["Burning Blood","Regal Pillow","MealTicket","Juzu Bracelet","Toxic Egg 2","HornCleat","Shuriken","Philosopher\u0027s Stone","Membership Card","Toy Ornithopter","Strawberry","Tiny Chest"],"acts_visited":["Exordium","TheCity"],"potions_floor_usage":[7,16,22,27,27],"damage_taken":[{"damage":10,"enemies":"Small Slimes","floor":1,"turns":5},{"damage":12,"enemies":"Jaw Worm","floor":2,"turns":4},{"damage":6,"enemies":"Cultist","floor":4,"turns":3},{"damage":35,"enemies":"3 Sentries","floor":7,"turns":7},{"damage":31,"enemies":"Gremlin Nob","floor":10,"turns":4},{"damage":30,"enemies":"3 Sentries","floor":12,"turns":6},{"damage":45,"enemies":"Slime Boss","floor":16,"turns":9},{"damage":33,"enemies":"2 Thieves","floor":18,"turns":4},{"damage":21,"enemies":"Shell Parasite","floor":22,"turns":5},{"damage":34,"enemies":"Gremlin Leader","floor":24,"turns":5},{"damage":46,"enemies":"Masked Bandits","floor":27,"turns":3}],"seed_played":"-5680581263313171687","potions_obtained":[{"floor":2,"key":"CultistPotion"},{"floor":12,"key":"BlessingOfTheForge"},{"floor":16,"key":"Energy Potion"},{"floor":18,"key":"DistilledChaos"},{"floor":24,"key":"BlessingOfTheForge"}],"is_trial":false,"path_per_floor":["M","M","?","M","?","R","E","R","T","E","?","E","?","T","R","B",null,"M","$","$","?","M","R","E","R","T","?"],"character_chosen":"IRONCLAD","items_purchased":["Membership Card","Iron Wave","Toy Ornithopter"],"campfire_rested":2,"item_purchase_floors":[19,19,19],"current_hp_per_floor":[64,58,58,58,58,58,29,66,66,41,41,17,17,17,54,15,60,33,48,63,63,53,53,32,32,32,0,0],"gold":173,"neow_bonus":"RANDOM_COMMON_RELIC","is_daily":false,"chose_seed":false,"campfire_upgraded":3,"win_rate":0.0,"timestamp":1613857860,"path_taken":["M","M","?","M","?","R","E","R","T","E","?","E","?","?","R","BOSS","M","?","$","?","M","R","E","R","T","?"],"items_purchased_type":["Relic","Card","Relic"],"build_version":"2020-12-22","purchased_purges":1,"victory":false,"max_hp_per_floor":[75,75,75,75,75,75,75,75,75,75,75,75,75,75,75,75,75,75,75,75,75,75,75,82,82,82,82,82],"relic_stats":{"Regal Pillow":30,"counters":[11,55],"Shuriken":[5],"MealTicket":30,"Tiny Chest":0,"Juzu Bracelet":2,"obtain_stats":[{"Regal Pillow":0,"HornCleat":12,"Shuriken":14,"Strawberry":24,"MealTicket":7,"Philosopher\u0027s Stone":17,"Tiny Chest":26,"Juzu Bracelet":9,"Membership Card":19,"Toxic Egg 2":10,"Burning Blood":0,"Toy Ornithopter":19},{"Regal Pillow":0,"HornCleat":6,"Shuriken":6,"Strawberry":10,"MealTicket":4,"Philosopher\u0027s Stone":7,"Tiny Chest":10,"Juzu Bracelet":4,"Membership Card":8,"Toxic Egg 2":5,"Burning Blood":0,"Toy Ornithopter":8},{"Regal Pillow":0,"HornCleat":29,"Shuriken":29,"Strawberry":52,"MealTicket":19,"Philosopher\u0027s Stone":38,"Tiny Chest":52,"Juzu Bracelet":19,"Membership Card":42,"Toxic Egg 2":23,"Burning Blood":0,"Toy Ornithopter":42}],"Burning Blood":60,"Toy Ornithopter":15},"card_choices":[{"not_picked":["Iron Wave","Sever Soul"],"picked":"Cleave","floor":1},{"not_picked":["Heavy Blade","Cleave"],"picked":"Inflame","floor":2},{"not_picked":["Perfected Strike","Entrench"],"picked":"Havoc","floor":4},{"not_picked":["Bludgeon","Pommel Strike"],"picked":"Sword Boomerang","floor":7},{"not_picked":["Feel No Pain","Cleave","Body Slam"],"picked":"SKIP","floor":10},{"not_picked":["Barricade","Uppercut"],"picked":"Spot Weakness+1","floor":12},{"not_picked":["Offering+1","Immolate"],"picked":"Barricade","floor":16},{"not_picked":["Sword Boomerang","Twin Strike","Anger"],"picked":"SKIP","floor":18},{"not_picked":["Clothesline","Rampage","Perfected Strike"],"picked":"SKIP","floor":22},{"not_picked":["Wild Strike","Reckless Charge"],"picked":"Metallicize","floor":24}],"player_experience":883272,"relics_obtained":[{"floor":7,"key":"MealTicket"},{"floor":9,"key":"Juzu Bracelet"},{"floor":10,"key":"Toxic Egg 2"},{"floor":12,"key":"HornCleat"},{"floor":14,"key":"Shuriken"},{"floor":24,"key":"Strawberry"},{"floor":26,"key":"Tiny Chest"}],"event_choices":[{"damage_healed":0,"gold_gain":0,"player_choice":"Ignored","damage_taken":0,"max_hp_gain":0,"max_hp_loss":0,"event_name":"Liars Game","floor":3,"gold_loss":0},{"damage_healed":0,"gold_gain":0,"player_choice":"Upgraded","damage_taken":0,"max_hp_gain":0,"max_hp_loss":0,"event_name":"Upgrade Shrine","floor":5,"gold_loss":0,"cards_upgraded":["Havoc"]},{"damage_healed":0,"gold_gain":0,"player_choice":"Ignored","damage_taken":0,"max_hp_gain":0,"max_hp_loss":0,"event_name":"Shining Light","floor":11,"gold_loss":0},{"cards_removed":["Strike_R"],"damage_healed":0,"gold_gain":0,"player_choice":"Forget","damage_taken":0,"max_hp_gain":0,"max_hp_loss":0,"event_name":"Living Wall","floor":13,"gold_loss":0},{"damage_healed":0,"gold_gain":50,"player_choice":"Pray","damage_taken":0,"max_hp_gain":0,"max_hp_loss":0,"event_name":"Golden Shrine","floor":21,"gold_loss":0},{"damage_healed":0,"gold_gain":0,"player_choice":"Fought Bandits","damage_taken":0,"max_hp_gain":0,"max_hp_loss":0,"event_name":"Masked Bandits","floor":27,"gold_loss":0}],"is_beta":false,"boss_relics":[{"not_picked":["Runic Dome","Astrolabe"],"picked":"Philosopher\u0027s Stone"}],"items_purged_floors":[19],"is_endless":false,"potions_floor_spawned":[2,12,16,18,24],"killed_by":"Masked Bandits","ascension_level":19}}