{"host":"a3wpq7kyokchzawk","time":1613848480,"event":{"mods":["BaseMod","Colored Map","Highlight Path","Minty Spire (QoL Compilation)","Permanent Neow","Potion Indicator Mod","Relic Stats","Weighted Paths"],"gold_per_floor":[362,362,372,33,52,52,79,79,79,79,98,117,117,151,151,151,151],"floor_reached":16,"language":"ENG","playtime":1528,"items_purged":["Pain"],"score":220,"play_id":"64442edb-9791-46ce-ab58-e55cb7245f13","local_time":"20210220171440","is_ascension_mode":true,"campfire_choices":[{"data":"Bash","floor":6.0,"key":"SMITH"},{"floor":10.0,"key":"REST"},{"data":"Heavy Blade","floor":13.0,"key":"SMITH"},{"data":"Bludgeon","floor":15.0,"key":"SMITH"}],"circlet_count":0,"master_deck":["AscendersBane","Strike_R","Strike_R","Strike_R","Strike_R","Defend_R","Defend_R","Defend_R","Defend_R","Bash+1","Hemokinesis","Clothesline","Heavy Blade+1","Shrug It Off","Corruption","Metallicize","Spot Weakness","Bludgeon+1"],"relics":["Burning Blood","Kunai","Question Card","Potion Belt","Bird Faced Urn"],"acts_visited":["Exordium"],"potions_floor_usage":[16,16,16],"damage_taken":[{"damage":23.0,"enemies":"Small Slimes","floor":1.0,"turns":6.0},{"damage":22.0,"enemies":"Jaw Worm","floor":3.0,"turns":5.0},{"damage":2.0,"enemies":"Cultist","floor":5.0,"turns":2.0},{"damage":34.0,"enemies":"3 Sentries","floor":7.0,"turns":9.0},{"damage":12.0,"enemies":"Red Slaver","floor":11.0,"turns":4.0},{"damage":11.0,"enemies":"Large Slime","floor":12.0,"turns":5.0},{"damage":14.0,"enemies":"Lagavulin","floor":14.0,"turns":6.0},{"damage":35,"enemies":"Hexaghost","floor":16,"turns":10}],"seed_played":"-8882959213292645250","potions_obtained":[{"floor":1.0,"key":"Swift Potion"},{"floor":3.0,"key":"ColorlessPotion"},{"floor":7.0,"key":"AttackPotion"},{"floor":8.0,"key":"BloodPotion"},{"floor":8.0,"key":"Energy Potion"},{"floor":12.0,"key":"EntropicBrew"}],"is_trial":false,"path_per_floor":["M","?","M","$","M","R","E","?","T","R","M","M","R","E","R","B"],"character_chosen":"IRONCLAD","items_purchased":["Kunai"],"campfire_rested":1,"item_purchase_floors":[4],"current_hp_per_floor":[51,51,35,35,39,39,11,26,26,48,42,37,37,29,29,0,0],"gold":151,"neow_bonus":"TWO_FIFTY_GOLD","is_daily":false,"chose_seed":false,"campfire_upgraded":3,"win_rate":0.0,"timestamp":1613848480,"path_taken":["M","?","M","$","M","R","E","?","T","R","M","M","R","E","R","BOSS"],"items_purchased_type":["Relic"],"build_version":"2020-12-22","purchased_purges":1,"victory":false,"max_hp_per_floor":[75,75,75,75,75,75,75,75,75,75,75,75,75,75,75,75,75],"relic_stats":{"counters":[8,47],"Bird Faced Urn":[4],"Kunai":[3],"Question Card":3,"obtain_stats":[{"Potion Belt":9,"Bird Faced Urn":14,"Kunai":4,"Question Card":7,"Burning Blood":0},{"Potion Belt":4,"Bird Faced Urn":7,"Kunai":2,"Question Card":4,"Burning Blood":0},{"Potion Belt":22,"Bird Faced Urn":37,"Kunai":11,"Question Card":22,"Burning Blood":0}],"Burning Blood":42},"card_choices":[{"not_picked":["Spot Weakness","Thunderclap"],"picked":"Hemokinesis","floor":1.0},{"not_picked":["Wild Strike","Cleave"],"picked":"Heavy Blade","floor":3.0},{"not_picked":["Flex","Evolve"],"picked":"Shrug It Off","floor":5.0},{"not_picked":["Heavy Blade","Twin Strike"],"picked":"Corruption","floor":7.0},{"not_picked":["Thunderclap","Flex","Wild Strike"],"picked":"Metallicize","floor":11.0},{"not_picked":["Clothesline","Thunderclap","Infernal Blade"],"picked":"Spot Weakness","floor":12.0},{"not_picked":["Flex","Twin Strike","Juggernaut"],"picked":"Bludgeon","floor":14.0}],"player_experience":2819988,"relics_obtained":[{"floor":7.0,"key":"Question Card"},{"floor":9.0,"key":"Potion Belt"},{"floor":14.0,"key":"Bird Faced Urn"}],"event_choices":[{"damage_healed":0.0,"max_hp_gain":0.0,"max_hp_loss":0.0,"gold_gain":0.0,"cards_transformed":["Strike_R"],"event_name":"Living Wall","player_choice":"Change","floor":2.0,"gold_loss":0.0,"damage_taken":0.0,"cards_obtained":["Clothesline"]},{"damage_healed":0.0,"max_hp_gain":0.0,"max_hp_loss":0.0,"gold_gain":0.0,"event_name":"Lab","player_choice":"Got Potions","floor":8.0,"gold_loss":0.0,"damage_taken":0.0}],"is_beta":false,"boss_relics":[],"items_purged_floors":[4],"is_endless":false,"potions_floor_spawned":[1,3,7,12],"killed_by":"Hexaghost","ascension_level":20}}