{"host":"wta67oh7xmkzpvp0","time":1613799106,"event":{"mods":["100% Spire Juice","Act Like it!","BaseMod","Hermit","Koishi","Minty Spire (QoL Compilation)","Quick Restart","Reliquary","StSLib","The Administrix"],"gold_per_floor":[120,138,115,115,127,127,127,127,150,162,174,186,209,255,267,279,279],"floor_reached":16,"language":"ZHS","playtime":1767,"items_purged":[],"score":98,"play_id":"48805e7b-64a1-48f8-b6d3-74e8b53f424b","local_time":"20210220133146","is_ascension_mode":false,"campfire_choices":[{"data":"AdministrixMod:ArmillarySphere","floor":6.0,"key":"SMITH"},{"data":"AdministrixMod:NewWardrobe","floor":8.0,"key":"SMITH"},{"data":"AdministrixMod:TrickOfTheLight","floor":10.0,"key":"SMITH"},{"data":"AdministrixMod:LightOfYourLife","floor":15,"key":"SMITH"}],"circlet_count":0,"master_deck":["AdministrixMod:Strike_Administrix","AdministrixMod:Strike_Administrix","AdministrixMod:Strike_Administrix","AdministrixMod:RedCloak","AdministrixMod:Defend_Administrix","AdministrixMod:Defend_Administrix","AdministrixMod:Defend_Administrix","AdministrixMod:Defend_Administrix","AdministrixMod:BlueCloak","AdministrixMod:NewWardrobe+1","AdministrixMod:ArmillarySphere+1","AdministrixMod:RegentEdict","AdministrixMod:UnstableVigor","AdministrixMod:TrickOfTheLight+1","Regret","AdministrixMod:PassageOfAges","AdministrixMod:LightOfYourLife+1"],"relics":["AdministrixMod:ConductorRitualBaton","NeowsBlessing","Tiny Chest","MawBank","Bottled Lightning","reliquary:HotPoker"],"acts_visited":["Exordium"],"potions_floor_usage":[16],"damage_taken":[{"damage":0.0,"enemies":"Jaw Worm","floor":1.0,"turns":1.0},{"damage":0.0,"enemies":"Cultist","floor":2.0,"turns":1.0},{"damage":1.0,"enemies":"Small Slimes","floor":5.0,"turns":1.0},{"damage":14,"enemies":"Red Slaver","floor":13,"turns":4},{"damage":48,"enemies":"Lagavulin","floor":14,"turns":10},{"damage":2,"enemies":"The Guardian","floor":16,"turns":2}],"seed_played":"1679083310068533754","potions_obtained":[{"floor":1.0,"key":"SteroidPotion"},{"floor":2.0,"key":"PowerPotion"}],"is_trial":false,"path_per_floor":["M","M","$","?","M","R","?","R","T","R","T","$","M","E","R","B"],"character_chosen":"TheAdministrix","items_purchased":["AdministrixMod:RegentEdict"],"campfire_rested":0,"item_purchase_floors":[3],"current_hp_per_floor":[65,65,65,65,64,64,64,64,64,64,64,64,50,2,2,0,0],"gold":279,"neow_bonus":"THREE_ENEMY_KILL","is_daily":false,"chose_seed":false,"campfire_upgraded":4,"win_rate":0.0,"timestamp":1613799106,"path_taken":["M","M","$","?","?","R","?","R","T","R","?","?","M","E","R","BOSS"],"items_purchased_type":["Card"],"build_version":"2020-12-22","purchased_purges":0,"victory":false,"max_hp_per_floor":[65,65,65,65,65,65,65,65,65,65,65,65,65,65,65,65,65],"card_choices":[{"not_picked":["AdministrixMod:GuanyinBlessing","AdministrixMod:SealAway"],"picked":"AdministrixMod:NewWardrobe","floor":1.0},{"not_picked":["AdministrixMod:TrickOfTheLight","AdministrixMod:SealAway"],"picked":"AdministrixMod:ArmillarySphere","floor":2.0},{"not_picked":["AdministrixMod:ImmortalGrace","AdministrixMod:TouchOfCinnabar"],"picked":"AdministrixMod:TrickOfTheLight","floor":5.0},{"not_picked":["AdministrixMod:CrackingPangu","AdministrixMod:RebukeDesires"],"picked":"AdministrixMod:PassageOfAges","floor":13},{"not_picked":["AdministrixMod:SealAway","AdministrixMod:ExtolVirtue"],"picked":"AdministrixMod:LightOfYourLife","floor":14}],"player_experience":213180,"relics_obtained":[{"floor":9.0,"key":"MawBank"},{"floor":11.0,"key":"Bottled Lightning"},{"floor":14,"key":"reliquary:HotPoker"}],"event_choices":[{"damage_healed":0.0,"max_hp_gain":0.0,"max_hp_loss":0.0,"gold_gain":0.0,"cards_transformed":["AdministrixMod:Strike_Administrix"],"event_name":"Transmorgrifier","player_choice":"Transformed","floor":4.0,"gold_loss":0.0,"damage_taken":0.0,"cards_obtained":["AdministrixMod:UnstableVigor"]},{"damage_healed":0.0,"max_hp_gain":0.0,"max_hp_loss":0.0,"gold_gain":0.0,"event_name":"Big Fish","player_choice":"Box","floor":7.0,"gold_loss":0.0,"damage_taken":0.0,"relics_obtained":["Tiny Chest"],"cards_obtained":["Regret"]}],"is_beta":false,"boss_relics":[],"items_purged_floors":[],"is_endless":false,"potions_floor_spawned":[1,2],"killed_by":"The Guardian","ascension_level":0}}