{"host":"6dypmz777xraikqf","time":1613828148,"event":{"mods":["AchievementEnabler","BaseMod","BetterRewards","Colored Map","Colored Powertips","Downfall","Highlight Path","Hubris","Infinite Spire","Minty Spire (QoL Compilation)","Replay The Spire","StSLib"],"gold_per_floor":[115,129,204,204,217,246,246,279,303,303,320,350,364,381,381,483,483,493,493,493,507,507,507,536,536,562,579,599,618,618,618,618,713,713,726,726,726,726,786,786,862,938,938,52,69,69,108,135,135,244,244,244],"floor_reached":51,"language":"ENG","playtime":2255,"items_purged":["Defend_B"],"score":1241,"play_id":"70a8184f-4827-486b-8bd0-be5da6b10d3a","local_time":"20210220133548","is_ascension_mode":true,"campfire_choices":[{"data":"Jack Of All Trades","floor":7,"key":"SMITH"},{"floor":10,"key":"REST"},{"data":"Echo Form","floor":23,"key":"SMITH"},{"data":"Echo Form","floor":25,"key":"SMITH"},{"data":"Biased Cognition","floor":30,"key":"SMITH"},{"data":"infinitespire:Punishment","floor":32,"key":"SMITH"},{"data":"Genetic Algorithm","floor":40,"key":"SMITH"},{"data":"Hello World","floor":46,"key":"SMITH"},{"floor":49,"key":"DIG"}],"circlet_count":0,"master_deck":["Defend_B","Defend_B","Zap+1","Dualcast","Jack Of All Trades+1","Cold Snap","Sweeping Beam","Steam","Glacier","FIFO Queue","Ball Lightning","Echo Form+1","Cold Snap","Echo Form+1","Biased Cognition+1","Rebound","Conserve Battery+1","Bite","Bite","Bite","Bite","Bite","Cold Snap+1","Glacier+1","Genetic Algorithm+1","infinitespire:Punishment+1","Buffer+1","Capacitor+1","BasicCrystalCard+1","Go for the Eyes+1","Heatsinks+1","hubris:PowerSurge","Heatsinks","ReplayTheSpireMod:GoodbyeWorld","Crystallizer","Self Repair","Buffer","hubris:PowerSurge","Hello World","hubris:PowerSurge","ReplayTheSpireMod:GoodbyeWorld","Hello World+1","Capacitor+1","Electrodynamics"],"relics":["Cracked Core","Akabeko","The Courier","Replay:Mystery Machine","Oddly Smooth Stone","Snecko Heart","hubris:Towel","Art of War","ReplayFunnel","hubris:GrandSneckoEye","infinitespire:EvilPickle","White Beast Statue","FossilizedHelix","Toolbox","DataDisk","Gremlin Food","Nuclear Battery"],"acts_visited":["Exordium","TheCity","TheBeyond","Exordium"],"potions_floor_usage":[8,12,16,16,16,16,16,16,16,24,27,33,50,50],"damage_taken":[{"damage":1,"enemies":"Cultist","floor":1,"turns":3},{"damage":0,"enemies":"Small Slimes","floor":2,"turns":2},{"damage":4,"enemies":"2 Louse","floor":5,"turns":3},{"damage":5,"enemies":"Replay:BlueRogue","floor":6,"turns":4},{"damage":27,"enemies":"Gremlin Nob","floor":8,"turns":4},{"damage":0,"enemies":"Exordium Thugs","floor":11,"turns":3},{"damage":8,"enemies":"Replay:BlueRogue","floor":12,"turns":6},{"damage":0,"enemies":"Looter","floor":13,"turns":2},{"damage":0,"enemies":"Blue Slaver","floor":14,"turns":2},{"damage":4,"enemies":"Hexaghost","floor":16,"turns":9},{"damage":12,"enemies":"Chosen","floor":18,"turns":4},{"damage":0,"enemies":"Spheric Guardian","floor":21,"turns":3},{"damage":6,"enemies":"Slavers","floor":24,"turns":4},{"damage":6,"enemies":"Cultist and Chosen","floor":27,"turns":6},{"damage":4,"enemies":"Centurion and Healer","floor":28,"turns":7},{"damage":12,"enemies":"Snecko","floor":29,"turns":5},{"damage":32,"enemies":"Pondfish","floor":33,"turns":9},{"damage":0,"enemies":"3 Darklings","floor":35,"turns":2},{"damage":10,"enemies":"3 Shapes","floor":39,"turns":3},{"damage":12,"enemies":"Nemesis","floor":41,"turns":9},{"damage":0,"enemies":"3 Darklings","floor":42,"turns":3},{"damage":0,"enemies":"Spire Growth","floor":45,"turns":3},{"damage":0,"enemies":"Nightmare","floor":47,"turns":6},{"damage":0,"enemies":"Sphere and 2 Shapes","floor":48,"turns":5},{"damage":0,"enemies":"infinitespire:MassOfShapes","floor":50,"turns":4}],"seed_played":"-2764923117282145805","potions_obtained":[{"floor":2,"key":"bronze:BurnAndBuffPotion"},{"floor":8,"key":"ColorlessPotion"},{"floor":12,"key":"SkillPotion"},{"floor":13,"key":"DistilledChaos"},{"floor":21,"key":"Adrenaline Potion"},{"floor":27,"key":"sneckomod:MuddlingPotion"},{"floor":28,"key":"SpeedPotion"},{"floor":33,"key":"Strength Potion"},{"floor":47,"key":"BlessingOfTheForge"},{"floor":48,"key":"Slimebound:ThreeZeroPotion"},{"floor":50,"key":"BlessingOfTheForge"}],"is_trial":false,"path_per_floor":["M","M","?","?","M","E","R","E","T","R","M","E","M","M","R_BF","B",null,"M","?","?","M","?","R","E","R","T","M","M","M","R","?","R","B",null,"M","?","?","?","M","R","E","M","T","$","M","R","NM","M","R_BF","B",null],"character_chosen":"DEFECT","items_purchased":["Toolbox","hubris:PowerSurge","Heatsinks","ReplayTheSpireMod:GoodbyeWorld","Crystallizer","Self Repair","Buffer","hubris:PowerSurge","Hello World","hubris:PowerSurge","ReplayTheSpireMod:GoodbyeWorld","Hello World"],"campfire_rested":1,"item_purchase_floors":[44,44,44,44,44,44,44,44,44,44,44,44],"current_hp_per_floor":[74,74,63,63,59,54,54,27,27,49,49,41,41,41,41,37,75,63,63,56,56,52,52,52,52,52,52,52,44,44,31,31,25,52,52,52,52,52,44,44,34,36,36,36,49,49,52,52,52,52,52,52],"gold":244,"neow_bonus":"RANDOM_COLORLESS","is_daily":false,"chose_seed":false,"campfire_upgraded":7,"win_rate":0.0,"timestamp":1613828148,"path_taken":["M","?","?","?","M","E","R","E","T","R","?","E","?","M","R_BF","BOSS","M","?","?","?","?","R","E","R","T","M","M","M","R","?","R","BOSS","M","?","?","?","M","R","E","M","T","$","M","R","NM","?","R_BF","BOSS"],"items_purchased_type":["Relic","Card","Card","Card","Card","Card","Card","Card","Card","Card","Card","Card"],"build_version":"2020-12-22","purchased_purges":1,"victory":false,"max_hp_per_floor":[75,75,75,75,75,75,75,75,75,75,75,75,75,75,75,75,75,75,75,75,75,52,52,52,52,52,52,52,52,52,52,52,52,52,52,52,52,52,52,52,52,52,52,52,52,52,52,52,52,52,52,52],"card_choices":[{"not_picked":["Swift Strike","Replay:Bootleg Shield Generator"],"picked":"Jack Of All Trades","floor":0},{"not_picked":["Skim","ReplayTheSpireMod:Repulse"],"picked":"Cold Snap","floor":1},{"not_picked":["Panic Button","Gash"],"picked":"Sweeping Beam","floor":2},{"not_picked":["Sweeping Beam","Reprogram"],"picked":"Steam","floor":5},{"not_picked":["ReplayTheSpireMod:Reroute Power","Steam"],"picked":"Glacier","floor":6},{"not_picked":["Static Discharge","hubris:Ukulele"],"picked":"FIFO Queue","floor":8},{"not_picked":["Self Repair","Sweeping Beam"],"picked":"Ball Lightning","floor":11},{"not_picked":["Redo","Panic Button"],"picked":"Echo Form","floor":12},{"not_picked":["BasicCrystalCard","Compile Driver"],"picked":"Cold Snap","floor":13},{"not_picked":["Beam Cell","Compile Driver","Panic Button"],"picked":"SKIP","floor":14},{"not_picked":["All For One","Mirror Shield"],"picked":"Biased Cognition","floor":16},{"not_picked":["Chill+1","Force Field"],"picked":"Rebound","floor":18},{"not_picked":["Leap","Hologram"],"picked":"Conserve Battery+1","floor":21},{"not_picked":["Sweeping Beam+1","Conserve Battery"],"picked":"Cold Snap+1","floor":24},{"not_picked":["Streamline+1","Beam Cell"],"picked":"Glacier+1","floor":27},{"not_picked":["ReplayGash+1","Hologram","Auto Shields"],"picked":"SKIP","floor":28},{"not_picked":["Streamline","Rebound"],"picked":"Genetic Algorithm","floor":29},{"not_picked":["Replay:Fractal Strike","infinitespire:Menacing"],"picked":"infinitespire:Punishment","floor":31},{"not_picked":["hubris:SpecializedCircuitry","hubris:DoWhile"],"picked":"Buffer","floor":33},{"not_picked":["Scrape+1","BasicCrystalCard+1"],"picked":"Capacitor+1","floor":35},{"not_picked":["Conserve Battery","Reprogram+1"],"picked":"BasicCrystalCard+1","floor":39},{"not_picked":["Compile Driver","Self Repair"],"picked":"Go for the Eyes+1","floor":41},{"not_picked":["Go for the Eyes","hubris:PowerSurge"],"picked":"Heatsinks+1","floor":42},{"not_picked":["BasicCrystalCard","ReplayTheSpireMod:Reroute Power","Steam+1"],"picked":"SKIP","floor":45},{"not_picked":["Time Bomb","Sunder","Genetic Algorithm"],"picked":"SKIP","floor":47},{"not_picked":["ReplayTheSpireMod:System Scan","Conserve Battery+1"],"picked":"Capacitor+1","floor":48},{"not_picked":["ReplayTheSpireMod:Omega Cannon","Seek"],"picked":"Electrodynamics","floor":50}],"player_experience":270078,"relics_obtained":[{"floor":6,"key":"Akabeko"},{"floor":8,"key":"The Courier"},{"floor":9,"key":"Replay:Mystery Machine"},{"floor":12,"key":"Oddly Smooth Stone"},{"floor":24,"key":"Art of War"},{"floor":26,"key":"ReplayFunnel"},{"floor":41,"key":"White Beast Statue"},{"floor":43,"key":"FossilizedHelix"},{"floor":47,"key":"DataDisk"},{"floor":49,"key":"Gremlin Food"}],"event_choices":[{"damage_healed":0,"gold_gain":75,"player_choice":"Gather Gold","damage_taken":11,"max_hp_gain":0,"max_hp_loss":0,"event_name":"World of Goop","floor":3,"gold_loss":0},{"damage_healed":0,"gold_gain":0,"player_choice":"Upgraded","damage_taken":0,"max_hp_gain":0,"max_hp_loss":0,"event_name":"Upgrade Shrine","floor":4,"gold_loss":0,"cards_upgraded":["Zap"]},{"damage_healed":0,"gold_gain":0,"player_choice":"Damaged","damage_taken":7,"max_hp_gain":0,"max_hp_loss":0,"event_name":"Wheel of Change","floor":20,"gold_loss":0},{"damage_healed":0,"gold_gain":0,"player_choice":"Became a vampire","damage_taken":0,"max_hp_gain":0,"max_hp_loss":23,"event_name":"Vampires","floor":22,"gold_loss":0,"cards_obtained":["Bite","Bite","Bite","Bite","Bite"]},{"damage_healed":0,"gold_gain":0,"player_choice":"Ignored","damage_taken":0,"max_hp_gain":0,"max_hp_loss":0,"event_name":"Tomb of Lord Red Mask","floor":37,"gold_loss":0},{"cards_removed":["Defend_B"],"damage_healed":0,"gold_gain":0,"player_choice":"Purged","damage_taken":0,"max_hp_gain":0,"max_hp_loss":0,"event_name":"Purifier","floor":38,"gold_loss":0}],"is_beta":false,"boss_relics":[{"not_picked":["Busted Crown","Snecko Eye"],"picked":"Snecko Heart"},{"not_picked":["Empty Cage","hubris:CrackedHourglass"],"picked":"hubris:GrandSneckoEye"},{"not_picked":["hubris:VirtuousBlindfold","SlaversCollar"],"picked":"Nuclear Battery"}],"items_purged_floors":[44],"is_endless":true,"potions_floor_spawned":[2,8,12,13,21,27,28,33,35,42,45,47,48,50],"ascension_level":4}}