{"host":"yqw1zpryoutrnocq","time":1613847579,"event":{"mods":["2.2 Compatiblity","AchievementEnabler","BaseMod","Colored Map","Custom Start","DeckTracker","Minty Spire (QoL Compilation)","StSLib","SuperFastMode"],"gold_per_floor":[119,194,208,51,51,51,51,51,51,51,71,91,109,72,72,191,191,214,234,42,42,42,42,63,98,98,123,123,4745,4780,4780,4811,4811,4932,4932,4957,5290,5304,4946,4956,4981,4994,5022,5049,5067,5087,5087,5117,5117,5117,5117,5117,5117,4871,4903,4903,4903],"floor_reached":56,"language":"KOR","playtime":2387,"items_purged":["Strike_G","Defend_G","Defend_G+1"],"score":1683,"play_id":"7f76a8b5-9310-47fe-9c54-2316aba9ad1b","local_time":"20210220125939","is_ascension_mode":true,"campfire_choices":[{"data":"Neutralize","floor":6,"key":"SMITH"},{"data":"Backstab","floor":8,"key":"SMITH"},{"floor":10,"key":"REST"},{"data":"Reflex","floor":15,"key":"SMITH"},{"floor":23,"key":"REST"},{"data":"Venomology","floor":31,"key":"SMITH"},{"data":"Grand Finale","floor":33,"key":"SMITH"},{"data":"Defend_G+1","floor":47,"key":"PURGE"},{"floor":50,"key":"RECALL"},{"data":"Defend_G+1","floor":53,"key":"PURGE"}],"circlet_count":0,"master_deck":["AscendersBane","Defend_G+1","Survivor+1","Neutralize+1","Quick Slash+1","Grand Finale+1","Backstab+1","Panacea+1","Backflip+1","Reflex+1","Escape Plan+1","Venomology+1","Acrobatics+1","Secret Technique+1","Prepared+1","Ghostly+1","Ghostly+1","Ghostly+1","Ghostly+1","Ghostly+1","Tactician","Prepared"],"relics":["Ring of the Snake","WingedGreaves","Mercury Hourglass","Bird Faced Urn","Runic Pyramid","HornCleat","Bag of Marbles","Membership Card","War Paint","Tiny Chest","Du-Vu Doll","Vajra","Empty Cage","Peace Pipe","Empty Cage","OrangePellets","Dream Catcher","Torii","Lizard Tail","Pantograph","Ancient Tea Set","Mark of the Bloom","Toy Ornithopter","Pen Nib","Anchor"],"acts_visited":["Exordium","TheCity","TheBeyond","TheEnding"],"potions_floor_usage":[16,18,18,24,25,30,32,34],"damage_taken":[{"damage":3.0,"enemies":"Jaw Worm","floor":1.0,"turns":4.0},{"damage":0,"enemies":"Cultist","floor":3,"turns":3},{"damage":0,"enemies":"Small Slimes","floor":11,"turns":1},{"damage":2,"enemies":"Looter","floor":12,"turns":4},{"damage":9,"enemies":"Lots of Slimes","floor":13,"turns":3},{"damage":31,"enemies":"The Guardian","floor":16,"turns":18},{"damage":25,"enemies":"3 Byrds","floor":18,"turns":5},{"damage":20,"enemies":"2 Thieves","floor":19,"turns":3},{"damage":35,"enemies":"Shelled Parasite and Fungi","floor":24,"turns":7},{"damage":22,"enemies":"Slavers","floor":25,"turns":3},{"damage":2,"enemies":"Slavers","floor":30,"turns":4},{"damage":0,"enemies":"Gremlin Leader","floor":32,"turns":6},{"damage":15,"enemies":"Champ","floor":34,"turns":11},{"damage":0,"enemies":"3 Darklings","floor":36,"turns":3},{"damage":0,"enemies":"Orb Walker","floor":38,"turns":3},{"damage":2,"enemies":"Sphere and 2 Shapes","floor":40,"turns":3},{"damage":0,"enemies":"Reptomancer","floor":41,"turns":6},{"damage":0,"enemies":"Transient","floor":42,"turns":1},{"damage":0,"enemies":"Giant Head","floor":43,"turns":4},{"damage":9,"enemies":"Jaw Worm Horde","floor":45,"turns":4},{"damage":0,"enemies":"Maw","floor":46,"turns":3},{"damage":3,"enemies":"Nemesis","floor":48,"turns":5},{"damage":0,"enemies":"Donu and Deca","floor":51,"turns":6},{"damage":0,"enemies":"Shield and Spear","floor":55,"turns":4},{"damage":12,"enemies":"The Heart","floor":56,"turns":8}],"seed_played":"2904210408019612718","potions_obtained":[{"floor":11,"key":"Dexterity Potion"},{"floor":16,"key":"Fire Potion"},{"floor":21,"key":"SneckoOil"},{"floor":34,"key":"Ancient Potion"},{"floor":48,"key":"Fruit Juice"}],"is_trial":false,"path_per_floor":["M","?","M","$","?","R","?","R","T","R","M","M","M","$","R","B",null,"M","M","$","?","$","R","M","E","E","T","?","$","E","R","E","R","B",null,"M","?","M","$","M","E","M","E","T","M","M","R","E","?","R","B",null,"R","$","E","B"],"character_chosen":"THE_SILENT","items_purchased":["Backstab","Panacea","Escape Plan","Acrobatics","Secret Technique","War Paint","Tiny Chest","OrangePellets","Dream Catcher","Torii","Tactician","Toy Ornithopter","Pen Nib"],"campfire_rested":2,"item_purchase_floors":[4,4,14,20,20,29,29,39,39,39,54,54,54],"current_hp_per_floor":[60,54,54,54,42,42,27,27,27,45,45,43,34,34,34,3,48,23,3,3,3,3,21,46,24,24,24,24,24,22,22,22,22,7,25,25,25,25,25,23,23,23,23,23,14,14,14,11,11,11,11,11,11,11,11,0,0],"gold":4903,"neow_bonus":"ONE_RARE_RELIC","is_daily":false,"chose_seed":false,"campfire_upgraded":5,"win_rate":0.0,"timestamp":1613847579,"path_taken":["M","?","M","?","?","R","?","R","T","R","M","M","M","$","R","BOSS","M","M","$","?","$","R","?","E","E","T","?","$","E","R","E","R","BOSS","M","?","M","$","M","E","M","E","T","M","M","R","E","?","R","BOSS","R","$","E","BOSS"],"items_purchased_type":["Card","Card","Card","Card","Card","Relic","Relic","Relic","Relic","Relic","Card","Relic","Relic"],"build_version":"2020-12-22","purchased_purges":3,"victory":false,"max_hp_per_floor":[63,63,63,63,63,63,63,63,63,63,63,63,63,63,63,63,63,63,63,63,63,63,63,63,63,63,63,31,31,31,31,31,31,31,31,31,31,31,31,31,31,31,31,31,31,31,31,31,31,31,31,31,31,31,31,31,31],"card_choices":[{"not_picked":["Dagger Throw","Bane"],"picked":"Quick Slash","floor":1.0},{"not_picked":["Blade Dance","Bane"],"picked":"Grand Finale","floor":3},{"not_picked":["Well Laid Plans","Blade Dance"],"picked":"Backflip","floor":11},{"not_picked":["Deflect","Eviscerate"],"picked":"Reflex","floor":12},{"not_picked":["Blade Dance","Poisoned Stab","Terror"],"picked":"SKIP","floor":13},{"not_picked":["Unload","After Image"],"picked":"Venomology","floor":16},{"not_picked":["Sucker Punch","Crippling Poison","Endless Agony"],"picked":"SKIP","floor":18},{"not_picked":["Infinite Blades","Cloak And Dagger+1","PiercingWail"],"picked":"SKIP","floor":19},{"not_picked":["Dagger Throw","Poisoned Stab"],"picked":"Prepared","floor":24},{"not_picked":["Dagger Throw","Backstab","Outmaneuver"],"picked":"SKIP","floor":25},{"not_picked":["Terror","A Thousand Cuts","PiercingWail"],"picked":"SKIP","floor":30},{"not_picked":["Night Terror","Slice","Sucker Punch"],"picked":"SKIP","floor":32},{"not_picked":["Night Terror","Slice","Sucker Punch"],"picked":"SKIP","floor":32},{"not_picked":["Crippling Poison+1","Dodge and Roll","Outmaneuver+1"],"picked":"SKIP","floor":36},{"not_picked":["Endless Agony","Terror","Deadly Poison+1"],"picked":"SKIP","floor":38},{"not_picked":["Well Laid Plans+1","Underhanded Strike+1","Backflip"],"picked":"SKIP","floor":40},{"not_picked":["Unload","Poisoned Stab","Caltrops"],"picked":"SKIP","floor":41},{"not_picked":["Blade Dance","Sucker Punch","Cloak And Dagger"],"picked":"SKIP","floor":42},{"not_picked":["Skewer","Dagger Spray","All Out Attack+1"],"picked":"SKIP","floor":43},{"not_picked":["Flechettes","Underhanded Strike","Setup"],"picked":"SKIP","floor":45},{"not_picked":["Concentrate","Finisher","Sucker Punch"],"picked":"SKIP","floor":46},{"not_picked":["Infinite Blades","Distraction","Envenom"],"picked":"SKIP","floor":48},{"not_picked":["Die Die Die","Poisoned Stab"],"picked":"Prepared","floor":55}],"player_experience":351919,"relics_obtained":[{"floor":9,"key":"Bird Faced Urn"},{"floor":25,"key":"HornCleat"},{"floor":27,"key":"Bag of Marbles"},{"floor":30,"key":"Du-Vu Doll"},{"floor":32,"key":"Vajra"},{"floor":41,"key":"Lizard Tail"},{"floor":43,"key":"Pantograph"},{"floor":48,"key":"Ancient Tea Set"},{"floor":55,"key":"Anchor"}],"event_choices":[{"damage_healed":0,"gold_gain":75,"player_choice":"Touch","damage_taken":6,"max_hp_gain":0,"max_hp_loss":0,"event_name":"FaceTrader","floor":2,"gold_loss":0},{"damage_healed":0,"gold_gain":0,"player_choice":"Success","damage_taken":12,"relics_obtained":["Mercury Hourglass"],"max_hp_gain":0,"max_hp_loss":0,"event_name":"Scrap Ooze","floor":5,"gold_loss":0},{"damage_healed":0,"gold_gain":0,"player_choice":"Take Damage","damage_taken":15,"relics_obtained":["Golden Idol"],"max_hp_gain":0,"max_hp_loss":0,"event_name":"Golden Idol","floor":7,"gold_loss":0},{"damage_healed":0,"gold_gain":0,"player_choice":"Got Potions","damage_taken":0,"max_hp_gain":0,"max_hp_loss":0,"event_name":"Lab","floor":21,"gold_loss":0},{"damage_healed":0,"gold_gain":0,"player_choice":"Became a Ghost","damage_taken":0,"max_hp_gain":0,"max_hp_loss":32,"event_name":"Ghosts","floor":28,"gold_loss":0,"cards_obtained":["Ghostly","Ghostly","Ghostly","Ghostly","Ghostly"]},{"damage_healed":0,"gold_gain":333,"player_choice":"Gave Idol","damage_taken":0,"max_hp_gain":0,"max_hp_loss":0,"event_name":"The Moai Head","floor":37,"relics_lost":["Golden Idol"],"gold_loss":0},{"damage_healed":0,"gold_gain":0,"player_choice":"Upgrade","damage_taken":0,"relics_obtained":["Mark of the Bloom"],"max_hp_gain":0,"max_hp_loss":0,"event_name":"MindBloom","floor":49,"gold_loss":0,"cards_upgraded":["Defend_G","Defend_G","Defend_G","Survivor","Quick Slash","Backflip","Escape Plan","Acrobatics","Secret Technique","Prepared","Ghostly","Ghostly","Ghostly","Ghostly","Ghostly"]}],"is_beta":false,"boss_relics":[{"not_picked":["SacredBark","Coffee Dripper"],"picked":"Runic Pyramid"},{"not_picked":["Busted Crown","Philosopher\u0027s Stone"],"picked":"Empty Cage"}],"items_purged_floors":[29,39,54],"is_endless":false,"potions_floor_spawned":[11,16,32,34,38,40,42,45,48],"killed_by":"The Heart","ascension_level":12}}