{"host":"guk5h31bsklpp7e4","time":1613810088,"event":{"mods":["AchievementEnabler","BaseMod","Colored Map","Colored Powertips","Highlight Path","Minty Spire (QoL Compilation)","Quick Restart","Rare Cards Sparkle"],"gold_per_floor":[110,110,130,143,190,190,219,219,219,230,56,74,92,122,122,221,221,234,159,59,70,70,70,81,81,129,161,179,179,198,224,224,328,328,345,364,364,249,261,290,290,322,404,429,429,429,445,456,456,456],"floor_reached":51,"language":"ENG","playtime":3741,"items_purged":["Strike_G","Noxious Fumes"],"score":1178,"play_id":"b875fa1d-cb0b-4d74-8e8a-441fe12dad77","local_time":"20210220033448","is_ascension_mode":true,"campfire_choices":[{"data":"Backflip","floor":6.0,"key":"SMITH"},{"floor":8.0,"key":"REST"},{"data":"Concentrate","floor":15.0,"key":"SMITH"},{"data":"Quick Slash","floor":23.0,"key":"SMITH"},{"floor":25.0,"key":"REST"},{"data":"Flechettes","floor":29.0,"key":"SMITH"},{"data":"Outmaneuver","floor":32.0,"key":"SMITH"},{"floor":41,"key":"REST"},{"floor":45,"key":"REST"},{"floor":49,"key":"REST"}],"circlet_count":0,"master_deck":["Survivor","Neutralize+1","Dagger Throw","Backflip+1","Reflex","Concentrate+1","Quick Slash+1","Dagger Throw","Venomology","Outmaneuver+1","Reflex","Prepared","Setup","Finisher","Doppelganger","Adrenaline","Deflect","PiercingWail","Flechettes+1","Terror+1","Adrenaline","Dagger Spray+1","Escape Plan","After Image","Choke+1","Acrobatics+1","Calculated Gamble","Tactician","Reflex+1","Footwork+1","Escape Plan+1"],"relics":["Ring of the Snake","Blood Vial","Bag of Marbles","Mercury Hourglass","Pear","Pandora\u0027s Box","MealTicket","Ancient Tea Set","TungstenRod","Fusion Hammer","Blue Candle","Calipers","Letter Opener","The Courier"],"acts_visited":["Exordium","TheCity","TheBeyond"],"potions_floor_usage":[35,39,40,40,42,44,47,48,50,50,50],"damage_taken":[{"damage":0.0,"enemies":"2 Louse","floor":1.0,"turns":4.0},{"damage":0.0,"enemies":"Cultist","floor":3.0,"turns":3.0},{"damage":2.0,"enemies":"Jaw Worm","floor":4.0,"turns":5.0},{"damage":26.0,"enemies":"3 Sentries","floor":7.0,"turns":12.0},{"damage":2.0,"enemies":"Red Slaver","floor":10.0,"turns":3.0},{"damage":2.0,"enemies":"Lots of Slimes","floor":12.0,"turns":4.0},{"damage":0.0,"enemies":"Large Slime","floor":13.0,"turns":1.0},{"damage":5.0,"enemies":"Gremlin Nob","floor":14.0,"turns":3.0},{"damage":45.0,"enemies":"The Guardian","floor":16.0,"turns":20.0},{"damage":11.0,"enemies":"2 Thieves","floor":18.0,"turns":2.0},{"damage":2.0,"enemies":"Shell Parasite","floor":21.0,"turns":2.0},{"damage":0.0,"enemies":"Snake Plant","floor":24.0,"turns":2.0},{"damage":18.0,"enemies":"Book of Stabbing","floor":27.0,"turns":5.0},{"damage":0.0,"enemies":"Sentry and Sphere","floor":28.0,"turns":3.0},{"damage":0.0,"enemies":"Cultist and Chosen","floor":30.0,"turns":2.0},{"damage":1.0,"enemies":"Slavers","floor":31.0,"turns":2.0},{"damage":0.0,"enemies":"Automaton","floor":33.0,"turns":4.0},{"damage":0,"enemies":"3 Darklings","floor":35,"turns":3},{"damage":0,"enemies":"3 Shapes","floor":36,"turns":2},{"damage":24,"enemies":"Transient","floor":39,"turns":5},{"damage":0,"enemies":"Reptomancer","floor":40,"turns":2},{"damage":0,"enemies":"Giant Head","floor":42,"turns":3},{"damage":0,"enemies":"Reptomancer","floor":44,"turns":2},{"damage":0,"enemies":"4 Shapes","floor":47,"turns":2},{"damage":0,"enemies":"Spire Growth","floor":48,"turns":1},{"damage":28,"enemies":"Time Eater","floor":50,"turns":7}],"seed_played":"309201771222814978","potions_obtained":[{"floor":7.0,"key":"ColorlessPotion"},{"floor":10.0,"key":"SneckoOil"},{"floor":12.0,"key":"DistilledChaos"},{"floor":14.0,"key":"Explosive Potion"},{"floor":16.0,"key":"SpeedPotion"},{"floor":21.0,"key":"DuplicationPotion"},{"floor":44,"key":"LiquidBronze"},{"floor":47,"key":"AttackPotion"}],"is_trial":false,"path_per_floor":["M","?","M","M","T","R","E","R","T","M","$","M","M","E","R","B",null,"M","?","$","M","?","R","M","R","T","E","M","R","M","E","R","B",null,"M","M","?","$","M","E","R","E","T","E","R","T","M","M","R","B",null],"character_chosen":"THE_SILENT","items_purchased":["Fruit Juice","Calculated Gamble","Tactician"],"campfire_rested":5,"item_purchase_floors":[11,38,38],"current_hp_per_floor":[70,70,70,68,68,68,44,67,67,67,72,72,74,81,81,38,79,70,70,70,70,70,70,72,92,92,74,76,76,78,79,79,81,89,91,92,92,92,68,70,92,92,92,92,92,92,92,92,92,64],"gold":456,"neow_bonus":"TEN_PERCENT_HP_BONUS","is_daily":false,"chose_seed":false,"campfire_upgraded":5,"win_rate":0.0,"timestamp":1613810088,"path_taken":["M","?","?","?","?","R","E","R","T","M","?","M","M","E","R","BOSS","M","?","$","M","?","R","M","R","T","E","?","R","M","E","R","BOSS","M","?","?","$","?","E","R","E","T","E","R","?","M","M","R","BOSS"],"items_purchased_type":["Potion","Card","Card"],"build_version":"2020-12-22","purchased_purges":2,"victory":true,"max_hp_per_floor":[77,77,77,77,77,77,77,77,77,77,82,82,82,92,92,92,92,92,92,92,92,92,92,92,92,92,92,92,92,92,92,92,92,92,92,92,92,92,92,92,92,92,92,92,92,92,92,92,92,92],"card_choices":[{"not_picked":["Dodge and Roll","Leg Sweep"],"picked":"Dagger Throw","floor":1.0},{"not_picked":["Quick Slash","Poisoned Stab"],"picked":"Backflip","floor":3.0},{"not_picked":["Deadly Poison","Endless Agony","Backflip"],"picked":"SKIP","floor":4.0},{"not_picked":["Outmaneuver","Blade Dance"],"picked":"Reflex","floor":7.0},{"not_picked":["Die Die Die","Dagger Throw"],"picked":"Concentrate","floor":10.0},{"not_picked":["Deadly Poison","Blade Dance"],"picked":"Quick Slash","floor":12.0},{"not_picked":["Choke","PiercingWail"],"picked":"Dagger Throw","floor":13.0},{"not_picked":["Flying Knee","Dodge and Roll"],"picked":"Doppelganger","floor":14.0},{"not_picked":["Die Die Die","Envenom"],"picked":"Venomology","floor":16.0},{"not_picked":["Accuracy","Slice","Dodge and Roll"],"picked":"SKIP","floor":18.0},{"not_picked":["Slice","PiercingWail"],"picked":"Deflect","floor":21.0},{"not_picked":["Expertise","Outmaneuver"],"picked":"Flechettes","floor":24.0},{"not_picked":["Accuracy","PiercingWail"],"picked":"Terror+1","floor":27.0},{"not_picked":["Distraction","Cloak And Dagger"],"picked":"Adrenaline","floor":28.0},{"not_picked":["Outmaneuver","Deflect"],"picked":"Dagger Spray+1","floor":30.0},{"not_picked":["Poisoned Stab","Burst"],"picked":"Escape Plan","floor":31.0},{"not_picked":["Adrenaline","Malaise"],"picked":"After Image","floor":33.0},{"not_picked":["Backstab","Sucker Punch+1"],"picked":"Choke+1","floor":35},{"not_picked":["Footwork+1","Noxious Fumes+1"],"picked":"Acrobatics+1","floor":36},{"not_picked":["Poisoned Stab","Quick Slash","Terror"],"picked":"SKIP","floor":39},{"not_picked":["PiercingWail","Footwork"],"picked":"Reflex+1","floor":40},{"not_picked":["Deflect+1","PiercingWail"],"picked":"Footwork+1","floor":42},{"not_picked":["All Out Attack","Slice+1","Acrobatics"],"picked":"SKIP","floor":44},{"not_picked":["Infinite Blades","Predator","Backstab+1"],"picked":"SKIP","floor":47},{"not_picked":["Outmaneuver+1","Terror+1"],"picked":"Escape Plan+1","floor":48}],"player_experience":371323,"relics_obtained":[{"floor":5.0,"key":"Blood Vial"},{"floor":7.0,"key":"Bag of Marbles"},{"floor":9.0,"key":"Mercury Hourglass"},{"floor":14.0,"key":"Pear"},{"floor":26.0,"key":"MealTicket"},{"floor":27.0,"key":"Ancient Tea Set"},{"floor":31.0,"key":"TungstenRod"},{"floor":40,"key":"Blue Candle"},{"floor":42,"key":"Calipers"},{"floor":43,"key":"Letter Opener"},{"floor":46,"key":"The Courier"}],"event_choices":[{"damage_healed":0.0,"max_hp_gain":0.0,"max_hp_loss":0.0,"gold_gain":0.0,"event_name":"Accursed Blacksmith","player_choice":"Forge","floor":2.0,"gold_loss":0.0,"damage_taken":0.0,"cards_upgraded":["Neutralize"]},{"cards_removed":["Bane"],"damage_healed":0.0,"max_hp_gain":0.0,"max_hp_loss":0.0,"gold_gain":0.0,"event_name":"Beggar","player_choice":"Gave Gold","floor":19.0,"gold_loss":75.0,"damage_taken":0.0},{"damage_healed":0.0,"max_hp_gain":0.0,"max_hp_loss":0.0,"gold_gain":0.0,"cards_transformed":["Doppelganger"],"event_name":"Transmorgrifier","player_choice":"Transformed","floor":22.0,"gold_loss":0.0,"damage_taken":0.0,"cards_obtained":["PiercingWail"]},{"damage_healed":0,"gold_gain":0,"player_choice":"Got Potions","damage_taken":0,"max_hp_gain":0,"max_hp_loss":0,"event_name":"Lab","floor":37,"gold_loss":0}],"is_beta":false,"boss_relics":[{"not_picked":["Empty Cage","Runic Pyramid"],"picked":"Pandora\u0027s Box"},{"not_picked":["Coffee Dripper","Astrolabe"],"picked":"Fusion Hammer"}],"items_purged_floors":[11,20],"is_endless":false,"potions_floor_spawned":[7,10,12,14,16,21,24,31,35,36,44,47],"ascension_level":6}}