{"host":"Sean","time":1613837331,"event":{"mods":["BaseMod","Block Reminder","Colored Map","Colored Powertips","Highlight Path","Minty Spire (QoL Compilation)","Permanent Neow","Relic Stats"],"gold_per_floor":[113,125,139,139,154,154,181,181,181,196,225,225,260,273,273,374,374,387,401,326,326,40,72,92,104,104,4,18,47,47,47,47,47,47],"floor_reached":33,"language":"ENG","playtime":1348,"items_purged":["Strike_R","Strike_R"],"score":515,"play_id":"d53d1c75-c93c-4d8a-91ab-71dcb0493956","local_time":"20210220160851","is_ascension_mode":true,"campfire_choices":[{"data":"Carnage","floor":6.0,"key":"SMITH"},{"data":"Immolate","floor":8.0,"key":"SMITH"},{"data":"Twin Strike","floor":12.0,"key":"SMITH"},{"data":"Disarm","floor":15.0,"key":"SMITH"},{"data":"Double Tap","floor":30.0,"key":"SMITH"},{"data":"Leg Sweep","floor":32.0,"key":"SMITH"}],"circlet_count":0,"master_deck":["AscendersBane","Strike_R","Strike_R","Strike_R","Defend_R","Defend_R","Defend_R","Bash","Thunderclap","Rage","Carnage+1","Swift Strike","Twin Strike+1","Immolate+1","Pommel Strike","Whirlwind","Disarm+1","Fire Breathing+1","Double Tap+1","Shrug It Off","Flame Barrier+1","Dark Embrace+1","All For One","Clothesline","Acrobatics+1","ReachHeaven","Leg Sweep+1","Writhe"],"relics":["Black Blood","Ice Cream","Eternal Feather","StrikeDummy","Frozen Egg 2","Pantograph","Enchiridion","PrismaticShard","Shuriken","Kunai","Juzu Bracelet","Dream Catcher"],"acts_visited":["Exordium","TheCity"],"potions_floor_usage":[33],"damage_taken":[{"damage":8.0,"enemies":"2 Louse","floor":1.0,"turns":4.0},{"damage":6.0,"enemies":"Cultist","floor":2.0,"turns":3.0},{"damage":12.0,"enemies":"Jaw Worm","floor":3.0,"turns":5.0},{"damage":4.0,"enemies":"Gremlin Gang","floor":5.0,"turns":4.0},{"damage":21.0,"enemies":"3 Sentries","floor":7.0,"turns":7.0},{"damage":6.0,"enemies":"Blue Slaver","floor":10.0,"turns":3.0},{"damage":0.0,"enemies":"Lagavulin","floor":11.0,"turns":3.0},{"damage":16.0,"enemies":"Gremlin Nob","floor":13.0,"turns":3.0},{"damage":9.0,"enemies":"Red Slaver","floor":14.0,"turns":3.0},{"damage":28.0,"enemies":"The Guardian","floor":16.0,"turns":8.0},{"damage":7.0,"enemies":"3 Byrds","floor":18.0,"turns":4.0},{"damage":20.0,"enemies":"Shell Parasite","floor":19.0,"turns":3.0},{"damage":37.0,"enemies":"Book of Stabbing","floor":23.0,"turns":5.0},{"damage":12.0,"enemies":"Centurion and Healer","floor":24.0,"turns":4.0},{"damage":13.0,"enemies":"Snecko","floor":25.0,"turns":3.0},{"damage":15.0,"enemies":"Snake Plant","floor":28.0,"turns":3.0},{"damage":14.0,"enemies":"Gremlin Leader","floor":29.0,"turns":6.0},{"damage":78,"enemies":"Automaton","floor":33,"turns":8}],"seed_played":"5217770348928878310","potions_obtained":[{"floor":1.0,"key":"DuplicationPotion"},{"floor":10.0,"key":"PowerPotion"},{"floor":11.0,"key":"LiquidBronze"},{"floor":18.0,"key":"SteroidPotion"},{"floor":23.0,"key":"DistilledChaos"},{"floor":25.0,"key":"Dexterity Potion"}],"is_trial":false,"path_per_floor":["M","M","M","?","M","R","E","R","T","M","E","R","E","M","R","B",null,"M","M","?","?","$","E","M","M","T","$","M","E","R","?","R","B"],"character_chosen":"IRONCLAD","items_purchased":["PrismaticShard","Dark Embrace+1"],"campfire_rested":0,"item_purchase_floors":[22,22],"current_hp_per_floor":[70,70,64,64,66,66,51,60,60,60,66,72,62,59,71,50,67,72,64,64,48,48,23,23,22,22,22,19,17,32,32,47,0,0],"gold":47,"neow_bonus":"ONE_RARE_RELIC","is_daily":false,"chose_seed":false,"campfire_upgraded":6,"win_rate":0.0,"timestamp":1613837331,"path_taken":["M","M","M","?","M","R","E","R","T","M","E","R","E","M","R","BOSS","M","M","?","?","$","E","M","M","T","?","M","E","R","?","R","BOSS"],"items_purchased_type":["Relic","Card"],"build_version":"2020-12-18","purchased_purges":2,"victory":false,"max_hp_per_floor":[72,72,72,72,72,72,72,72,72,72,72,72,72,72,72,72,72,72,72,72,72,72,72,72,72,72,72,72,72,72,72,72,72,72],"relic_stats":{"Dream Catcher":0,"counters":[18,79],"Shuriken":[5],"Pantograph":26,"Black Blood":144,"Eternal Feather":57,"Juzu Bracelet":1,"Kunai":[2],"obtain_stats":[{"Ice Cream":0,"Black Blood":17,"Enchiridion":21,"Eternal Feather":7,"Juzu Bracelet":29,"Frozen Egg 2":11,"PrismaticShard":22,"Burning Blood":0,"Dream Catcher":31,"Shuriken":23,"Pantograph":13,"Kunai":26,"StrikeDummy":9},{"Ice Cream":0,"Black Blood":10,"Enchiridion":12,"Eternal Feather":5,"Juzu Bracelet":17,"Frozen Egg 2":7,"PrismaticShard":12,"Burning Blood":0,"Dream Catcher":17,"Shuriken":13,"Pantograph":8,"Kunai":15,"StrikeDummy":5},{"Ice Cream":0,"Black Blood":43,"Enchiridion":50,"Eternal Feather":23,"Juzu Bracelet":71,"Frozen Egg 2":29,"PrismaticShard":50,"Burning Blood":0,"Dream Catcher":71,"Shuriken":55,"Pantograph":32,"Kunai":62,"StrikeDummy":23}]},"card_choices":[{"not_picked":["Second Wind","True Grit"],"picked":"Thunderclap","floor":1.0},{"not_picked":["Thunderclap","Flex"],"picked":"Rage","floor":2.0},{"not_picked":["Clash","Body Slam"],"picked":"Carnage","floor":3.0},{"not_picked":["Iron Wave","Havoc"],"picked":"Twin Strike","floor":5.0},{"not_picked":["Blood for Blood","Rage"],"picked":"Immolate","floor":7.0},{"not_picked":["Warcry","Twin Strike"],"picked":"Pommel Strike","floor":10.0},{"not_picked":["Brutality+1","Dual Wield"],"picked":"Whirlwind","floor":11.0},{"not_picked":["Sword Boomerang","Armaments"],"picked":"Disarm","floor":13.0},{"not_picked":["Iron Wave","Body Slam"],"picked":"Fire Breathing+1","floor":14.0},{"not_picked":["Limit Break","Impervious"],"picked":"Double Tap","floor":16.0},{"not_picked":["Twin Strike","Dark Embrace+1"],"picked":"Shrug It Off","floor":18.0},{"not_picked":["Clothesline+1","Clash"],"picked":"Flame Barrier+1","floor":19.0},{"not_picked":["Capacitor+1","InnerPeace+1"],"picked":"All For One","floor":23.0},{"not_picked":["Glacier","Slice"],"picked":"Clothesline","floor":24.0},{"not_picked":["FollowUp","Underhanded Strike+1"],"picked":"Acrobatics+1","floor":25.0},{"not_picked":["FlurryOfBlows","Halt+1"],"picked":"ReachHeaven","floor":28.0},{"not_picked":["Skim","Warcry"],"picked":"Leg Sweep","floor":29.0}],"player_experience":571601,"relics_obtained":[{"floor":7.0,"key":"Eternal Feather"},{"floor":9.0,"key":"StrikeDummy"},{"floor":11.0,"key":"Frozen Egg 2"},{"floor":13.0,"key":"Pantograph"},{"floor":21.0,"key":"Enchiridion"},{"floor":23.0,"key":"Shuriken"},{"floor":26.0,"key":"Kunai"},{"floor":29.0,"key":"Juzu Bracelet"}],"event_choices":[{"damage_healed":0.0,"max_hp_gain":0.0,"max_hp_loss":0.0,"gold_gain":0.0,"event_name":"Match and Keep!","player_choice":"1 cards matched","floor":4.0,"gold_loss":0.0,"damage_taken":0.0,"cards_obtained":["Swift Strike"]},{"cards_removed":["Defend_R"],"damage_healed":0.0,"max_hp_gain":0.0,"max_hp_loss":0.0,"gold_gain":0.0,"event_name":"Beggar","player_choice":"Gave Gold","floor":20.0,"gold_loss":75.0,"damage_taken":0.0},{"damage_healed":0.0,"max_hp_gain":0.0,"max_hp_loss":0.0,"gold_gain":0.0,"event_name":"Cursed Tome","player_choice":"Obtained Book","floor":21.0,"gold_loss":0.0,"damage_taken":16.0},{"damage_healed":0.0,"max_hp_gain":0.0,"max_hp_loss":0.0,"gold_gain":0.0,"event_name":"The Mausoleum","player_choice":"Opened","floor":31.0,"gold_loss":0.0,"damage_taken":0.0,"relics_obtained":["Dream Catcher"],"cards_obtained":["Writhe"]}],"is_beta":true,"boss_relics":[{"not_picked":["Ectoplasm","Runic Dome"],"picked":"Black Blood"}],"items_purged_floors":[22,27],"is_endless":false,"potions_floor_spawned":[1,10,11,14,18,23,25],"killed_by":"Automaton","ascension_level":11}}