{"host":"w4ub8crw9ou4a5am","time":1613788204,"event":{"mods":["2.2 Compatiblity","BaseMod","Challenge The Spire","Colored Powertips","Hermit","Hubris","Jorbs\u0027s Wanderer Trilogy","KinomotoSakuraMod(????)","Koishi","Marisa????????","Minty Spire (QoL Compilation)","Quick Restart","Rare Cards Sparkle","Remilia??????","StSLib","The Administrix","The Animator","The Bug Knight","The Cursed","The Disciple","The Hierophant","The Jungle","The Marked","The Necromancer","The Senshi","The Servant 0.9.4","WarShipGirlsR/????R mod"],"gold_per_floor":[117,117,134,148,159,159,174,199,199,199,209,236,14,33,33,132,132,132,132,132,132,132,132,132,132,132,132,132,61,61,61,61,61,61,61,61,61,0,0,0,0,0,0,0,0,0,0,0,0,0],"floor_reached":51,"language":"ENG","playtime":12455,"items_purged":[],"score":813,"play_id":"051ac5b7-c10d-477e-9aad-34800c686452","local_time":"20210219213004","is_ascension_mode":false,"campfire_choices":[{"data":"PendulumOfEternity","floor":6,"key":"SMITH"},{"floor":10,"key":"REST"},{"floor":15,"key":"REST"},{"floor":24,"key":"REST"},{"data":"Initiator","floor":28,"key":"SMITH"},{"floor":32,"key":"REST"},{"floor":40,"key":"REST"},{"data":"Potential","floor":42,"key":"SMITH"},{"floor":49,"key":"REST"}],"circlet_count":0,"master_deck":["Strike_S","Strike_S","Strike_S","Strike_S","Defend_S","Defend_S","Defend_S","Defend_S","KidneyShot","Exchange","TimeWarp","Revamp","Contraction","PendulumOfEternity+1","Spin","Sunlight","BestPractice","Ricochet","LightFlow","SilverBlades","Defy","WasteNot","Initiator+1","Alleviate+1","BottledTime+1","InstantArmor","Ricochet+1","Luminosity","TimeWarp+1","SilverBlades","Sabotage","TimeWarp+1","Potential+1","ShatteredReality+1","Ricochet+1","Misdirection","RealityMarble","KillingDoll","Rearm","Potential+1","Luminosity","FlawlessForm","Collapse","Revamp","InstantArmor+1","KillingDoll","GearUp","Spin+1","MoonPhase+1","BottledTime+1","Comet+1","Barrier+1","PendulumOfEternity","ShatteredReality+1","GearUp+1"],"relics":["Uniform","CultistMask","Prayer Wheel","Orichalcum","Mummified Hand","Ectoplasm","Tiny Chest","Bag of Marbles","Bottled Tornado","Torii","Red Mask","hubris:Towel","hubris:CuriousFeather","hubris:DisguiseKit","Sundial","Toy Ornithopter"],"acts_visited":["Exordium","TheCity","TheBeyond"],"potions_floor_usage":[8,8,14,14,16,25,30,33,36,47,47,50],"damage_taken":[{"damage":1,"enemies":"Cultist","floor":1,"turns":4},{"damage":0,"enemies":"2 Louse","floor":3,"turns":4},{"damage":3,"enemies":"Small Slimes","floor":4,"turns":3},{"damage":0,"enemies":"Blue Slaver","floor":5,"turns":6},{"damage":2,"enemies":"2 Fungi Beasts","floor":7,"turns":4},{"damage":50,"enemies":"Gremlin Nob","floor":8,"turns":6},{"damage":0,"enemies":"Looter","floor":11,"turns":4},{"damage":22,"enemies":"3 Sentries","floor":12,"turns":4},{"damage":0,"enemies":"Blue Slaver","floor":14,"turns":3},{"damage":47,"enemies":"The Guardian","floor":16,"turns":8},{"damage":0,"enemies":"Spheric Guardian","floor":18,"turns":3},{"damage":0,"enemies":"Chosen","floor":19,"turns":3},{"damage":7,"enemies":"Snake Plant","floor":21,"turns":4},{"damage":2,"enemies":"Snecko","floor":22,"turns":4},{"damage":22,"enemies":"Gremlin Leader","floor":23,"turns":5},{"damage":12,"enemies":"Book of Stabbing","floor":25,"turns":4},{"damage":0,"enemies":"3 Cultists","floor":27,"turns":2},{"damage":6,"enemies":"Shelled Parasite and Fungi","floor":30,"turns":3},{"damage":0,"enemies":"Cultist and Chosen","floor":31,"turns":3},{"damage":47,"enemies":"Collector","floor":33,"turns":6},{"damage":3,"enemies":"Orb Walker","floor":35,"turns":2},{"damage":20,"enemies":"3 Darklings","floor":36,"turns":6},{"damage":9,"enemies":"Mind Bloom Boss Battle","floor":37,"turns":5},{"damage":0,"enemies":"Nemesis","floor":41,"turns":9},{"damage":0,"enemies":"Writhing Mass","floor":44,"turns":4},{"damage":0,"enemies":"Transient","floor":45,"turns":5},{"damage":0,"enemies":"HollowMod:StalkingDevout","floor":47,"turns":3},{"damage":0,"enemies":"Sphere and 2 Shapes","floor":48,"turns":4},{"damage":59,"enemies":"Awakened One","floor":50,"turns":8}],"seed_played":"4531950968800812322","potions_obtained":[{"floor":3,"key":"AttackPotion"},{"floor":7,"key":"Regen Potion"},{"floor":12,"key":"LiquidBronze"},{"floor":23,"key":"PowerPotion"},{"floor":25,"key":"Fire Potion"},{"floor":31,"key":"AttackPotion"},{"floor":33,"key":"PowerPotion"},{"floor":37,"key":"Block Potion"},{"floor":45,"key":"DuplicationPotion"},{"floor":47,"key":"Fire Potion"}],"is_trial":false,"path_per_floor":["M","?","M","M","M","R","M","E","T","R","M","E","$","M","R","B",null,"M","M","?","M","M","E","R","E","T","M","R","$","M","M","R","B",null,"M","M","?","?","?","R","E","R","T","M","M","T","E","M","R","B",null],"character_chosen":"THE_SERVANT","items_purchased":["SilverBlades","Fruit Juice","Energy Potion","RealityMarble"],"campfire_rested":6,"item_purchase_floors":[13,13,13,29],"current_hp_per_floor":[70,70,70,67,67,67,65,27,27,48,48,26,26,31,53,6,76,76,76,76,69,67,45,67,55,55,55,55,55,49,49,71,24,76,73,53,44,44,44,66,66,66,66,66,66,66,66,66,76,17],"gold":0,"neow_bonus":"TEN_PERCENT_HP_BONUS","is_daily":false,"chose_seed":false,"campfire_upgraded":3,"win_rate":0.0,"timestamp":1613788204,"path_taken":["M","?","M","M","M","R","M","E","T","R","M","E","$","M","R","BOSS","M","M","?","M","M","E","R","E","T","M","R","$","M","M","R","BOSS","M","M","?","?","?","R","E","R","T","M","M","?","E","M","R","BOSS"],"items_purchased_type":["Card","Potion","Potion","Card"],"build_version":"2020-12-22","purchased_purges":0,"victory":true,"max_hp_per_floor":[71,71,71,71,71,71,71,71,71,71,71,71,71,76,76,76,76,76,76,76,76,76,76,76,76,76,76,76,76,76,76,76,76,76,76,76,76,76,76,76,76,76,76,76,76,76,76,76,76,76],"card_choices":[{"not_picked":["Ricochet","Defy"],"picked":"TimeWarp","floor":1},{"not_picked":["Defy","FastForward"],"picked":"Revamp","floor":3},{"not_picked":["BottledTime","Collapse"],"picked":"Contraction","floor":4},{"not_picked":["Revamp","Alleviate"],"picked":"PendulumOfEternity","floor":5},{"not_picked":["Collapse","Rewind"],"picked":"Spin","floor":7},{"not_picked":["Potential","Unruled"],"picked":"Sunlight","floor":8},{"not_picked":["Spin","Shuttle"],"picked":"BestPractice","floor":11},{"not_picked":["Rewind","Contraction"],"picked":"Ricochet","floor":11},{"not_picked":["Replace","GearUp"],"picked":"LightFlow","floor":12},{"not_picked":["Starlight","FastForward"],"picked":"Defy","floor":14},{"not_picked":["Read","Unruled"],"picked":"WasteNot","floor":14},{"not_picked":["FloweringNight","SoulSculpture"],"picked":"Initiator","floor":16},{"not_picked":["Reset","FastForward"],"picked":"Alleviate+1","floor":18},{"not_picked":["Starlight","Gouge"],"picked":"BottledTime+1","floor":18},{"not_picked":["Gouge","Starlight"],"picked":"InstantArmor","floor":19},{"not_picked":["Comet","Replace"],"picked":"Ricochet+1","floor":19},{"not_picked":["Gouge","Snipe"],"picked":"TimeWarp+1","floor":21},{"not_picked":["DualDimension","BestPractice"],"picked":"SilverBlades","floor":21},{"not_picked":["DoubleEdge","WasteNot"],"picked":"Sabotage","floor":22},{"not_picked":["Replace","Foresight"],"picked":"TimeWarp+1","floor":22},{"not_picked":["Initiator","Alleviate"],"picked":"Potential","floor":23},{"not_picked":["Revamp+1","TimeWarp"],"picked":"ShatteredReality+1","floor":25},{"not_picked":["Starlight","Revamp"],"picked":"Ricochet+1","floor":27},{"not_picked":["Replace","Barrier"],"picked":"Misdirection","floor":27},{"not_picked":["Contraction","Hightail"],"picked":"KillingDoll","floor":30},{"not_picked":["WasteNot+1","Unruled"],"picked":"Rearm","floor":30},{"not_picked":["ReturningBlade+1","Defy"],"picked":"Potential+1","floor":31},{"not_picked":["Revamp","BottledTime"],"picked":"Luminosity","floor":31},{"not_picked":["FloweringNight","Dilation"],"picked":"FlawlessForm","floor":33},{"not_picked":["WasteNot","Snipe"],"picked":"Collapse","floor":35},{"not_picked":["Alleviate","Unruled"],"picked":"Revamp","floor":35},{"not_picked":["Misdirection","Shuttle+1"],"picked":"InstantArmor+1","floor":36},{"not_picked":["RealityMarble","Replace"],"picked":"KillingDoll","floor":36},{"not_picked":["SurpressingFire","Collapse+1"],"picked":"GearUp","floor":37},{"not_picked":["Snipe","DoubleEdge+1"],"picked":"Spin+1","floor":41},{"not_picked":["StarChef+1","Replace+1","ManaRampage"],"picked":"MoonPhase+1","floor":44},{"not_picked":["Comet","Unruled+1","OrrerysSun"],"picked":"BottledTime+1","floor":44},{"not_picked":["TimeWarp","KillingDoll","WitchOfGreed"],"picked":"Comet+1","floor":45},{"not_picked":["Snipe","ShiftingGears+1","UnstableBomb"],"picked":"Barrier+1","floor":45},{"not_picked":["Revamp","Defy","GalacticHalo"],"picked":"PendulumOfEternity","floor":47},{"not_picked":["Alleviate+1","Rewind","MachineGunSpark"],"picked":"ShatteredReality+1","floor":48},{"not_picked":["BestPractice","Moonlight","ShootingEcho"],"picked":"GearUp+1","floor":48}],"player_experience":1757564,"relics_obtained":[{"floor":8,"key":"Prayer Wheel"},{"floor":9,"key":"Orichalcum"},{"floor":12,"key":"Mummified Hand"},{"floor":23,"key":"Tiny Chest"},{"floor":25,"key":"Bag of Marbles"},{"floor":26,"key":"Bottled Tornado"},{"floor":37,"key":"Torii"},{"floor":41,"key":"hubris:CuriousFeather"},{"floor":43,"key":"hubris:DisguiseKit"},{"floor":46,"key":"Sundial"},{"floor":47,"key":"Toy Ornithopter"}],"event_choices":[{"damage_healed":0,"gold_gain":0,"player_choice":"Trade","damage_taken":0,"relics_obtained":["CultistMask"],"max_hp_gain":0,"max_hp_loss":0,"event_name":"FaceTrader","floor":2,"gold_loss":0},{"damage_healed":0,"gold_gain":0,"player_choice":"Read","damage_taken":0,"max_hp_gain":0,"max_hp_loss":0,"event_name":"The Library","floor":20,"gold_loss":0,"cards_obtained":["Luminosity"]},{"damage_healed":0,"gold_gain":0,"player_choice":"Fight","damage_taken":0,"max_hp_gain":0,"max_hp_loss":0,"event_name":"MindBloom","floor":37,"gold_loss":0},{"damage_healed":0,"gold_gain":0,"player_choice":"Paid","damage_taken":0,"relics_obtained":["Red Mask"],"max_hp_gain":0,"max_hp_loss":0,"event_name":"Tomb of Lord Red Mask","floor":38,"gold_loss":61}],"is_beta":false,"boss_relics":[{"not_picked":["Tiny House","Pandora\u0027s Box"],"picked":"Ectoplasm"},{"not_picked":["Snecko Eye","Empty Cage","hubris:RunicObelisk"]}],"items_purged_floors":[],"is_endless":false,"potions_floor_spawned":[3,7,12,23,25,31,33,37,45,47],"ascension_level":0}}