{"host":"np4f5reu8f2vit8r","time":1613808291,"event":{"mods":["BaseMod","Bestiary","Curses Come First","Minty Spire (QoL Compilation)","Permanent Neow","Relic Stats","StSLib"],"gold_per_floor":[115,130,147,15,15,43,43,57,57,57,75,89,117,128,128,202,202,217,234,214,214,214],"floor_reached":21,"language":"ENG","playtime":958,"items_purged":["Strike_P"],"score":386,"play_id":"dd929e5d-2862-4d70-b644-b54aeadc1e1a","local_time":"20210220210451","is_ascension_mode":true,"campfire_choices":[{"data":"Conclude","floor":7,"key":"SMITH"},{"data":"Wallop","floor":10,"key":"SMITH"},{"data":"WaveOfTheHand","floor":15,"key":"SMITH"}],"circlet_count":0,"master_deck":["AscendersBane","Strike_P","Strike_P","Strike_P","Defend_P","Defend_P","Defend_P","Eruption","Vigilance","Vault","Protect","Conclude+1","Tantrum","CutThroughFate","Wallop+1","EmptyFist","WaveOfTheHand+1","JustLucky","Blasphemy","FollowUp+1"],"relics":["PureWater","Damaru","Gremlin Horn","Mango","SlaversCollar"],"acts_visited":["Exordium","TheCity"],"potions_floor_usage":[6,8,13,21],"damage_taken":[{"damage":4,"enemies":"Cultist","floor":1,"turns":6},{"damage":0,"enemies":"Jaw Worm","floor":2,"turns":6},{"damage":0,"enemies":"Small Slimes","floor":3,"turns":3},{"damage":24,"enemies":"Lagavulin","floor":6,"turns":7},{"damage":0,"enemies":"2 Fungi Beasts","floor":8,"turns":2},{"damage":0,"enemies":"Large Slime","floor":11,"turns":3},{"damage":4,"enemies":"Red Slaver","floor":12,"turns":3},{"damage":3,"enemies":"3 Sentries","floor":13,"turns":5},{"damage":0,"enemies":"2 Fungi Beasts","floor":14,"turns":2},{"damage":49,"enemies":"Hexaghost","floor":16,"turns":13},{"damage":21,"enemies":"Chosen","floor":18,"turns":4},{"damage":12,"enemies":"2 Thieves","floor":19,"turns":4},{"damage":31,"enemies":"Snake Plant","floor":21,"turns":4}],"seed_played":"9115402428699380967","potions_obtained":[{"floor":1,"key":"Fruit Juice"},{"floor":6,"key":"GamblersBrew"},{"floor":8,"key":"Regen Potion"},{"floor":16,"key":"LiquidMemories"}],"is_trial":false,"path_per_floor":["M","M","M","$","?","E","R","M","T","R","M","M","E","M","R","B",null,"M","M","?","M"],"character_chosen":"WATCHER","items_purchased":["PowerPotion"],"campfire_rested":0,"item_purchase_floors":[4],"current_hp_per_floor":[57,57,57,57,57,33,33,38,38,38,38,34,59,59,59,10,63,42,30,30,0,0],"gold":214,"neow_bonus":"THREE_RARE_CARDS","is_daily":false,"chose_seed":false,"campfire_upgraded":3,"win_rate":0.0,"timestamp":1613808291,"path_taken":["M","M","M","$","?","E","R","M","T","R","?","M","E","M","R","BOSS","M","M","?","M"],"items_purchased_type":["Potion"],"build_version":"2020-12-22","purchased_purges":1,"victory":false,"max_hp_per_floor":[62,62,62,62,62,62,62,67,67,67,67,67,81,81,81,81,81,81,81,81,81,81],"relic_stats":{"Gremlin Horn":[2,2],"counters":[13,62],"obtain_stats":[{"SlaversCollar":17,"Gremlin Horn":9,"Damaru":6,"Mango":13,"PureWater":0},{"SlaversCollar":10,"Gremlin Horn":5,"Damaru":4,"Mango":8,"PureWater":0},{"SlaversCollar":50,"Gremlin Horn":24,"Damaru":22,"Mango":35,"PureWater":0}]},"card_choices":[{"not_picked":["ConjureBlade","Brilliance"],"picked":"Vault","floor":0},{"not_picked":["Worship","Halt"],"picked":"Protect","floor":1},{"not_picked":["BowlingBash","Crescendo"],"picked":"Conclude","floor":2},{"not_picked":["Prostrate","Halt"],"picked":"Tantrum","floor":3},{"not_picked":["DeceiveReality","ConjureBlade"],"picked":"CutThroughFate","floor":6},{"not_picked":["ClearTheMind","Consecrate"],"picked":"Wallop","floor":8},{"not_picked":["FlurryOfBlows","CrushJoints"],"picked":"EmptyFist","floor":11},{"not_picked":["Conclude","Indignation"],"picked":"WaveOfTheHand","floor":12},{"not_picked":["Brilliance","BattleHymn"],"picked":"JustLucky","floor":13},{"not_picked":["Crescendo","SignatureMove","SashWhip"],"picked":"SKIP","floor":14},{"not_picked":["Scrawl","Wish"],"picked":"Blasphemy","floor":16},{"not_picked":["BowlingBash","EmptyBody","FollowUp+1"],"picked":"SKIP","floor":18},{"not_picked":["BowlingBash","EmptyBody"],"picked":"FollowUp+1","floor":18},{"not_picked":["DeceiveReality","JustLucky","Indignation"],"picked":"SKIP","floor":19}],"player_experience":965780,"relics_obtained":[{"floor":6,"key":"Damaru"},{"floor":9,"key":"Gremlin Horn"},{"floor":13,"key":"Mango"}],"event_choices":[{"cards_removed":["Defend_P"],"damage_healed":0,"gold_gain":0,"player_choice":"Offered Basic","damage_taken":0,"max_hp_gain":0,"max_hp_loss":0,"event_name":"Bonfire Elementals","floor":5,"gold_loss":0},{"damage_healed":0,"gold_gain":0,"player_choice":"Bought 1 Potion","damage_taken":0,"max_hp_gain":0,"max_hp_loss":0,"event_name":"The Woman in Blue","floor":20,"gold_loss":0}],"is_beta":false,"boss_relics":[{"not_picked":["HolyWater","SacredBark"],"picked":"SlaversCollar"}],"items_purged_floors":[4],"is_endless":false,"potions_floor_spawned":[1,6,8,16,19],"killed_by":"Snake Plant","ascension_level":20}}