{"host":"ttzdpsscxkem3xrs","time":1613845913,"event":{"mods":["BaseMod","Colored Map","Downfall","Hermit","Minty Spire (QoL Compilation)","Replay The Spire","StSLib","The Cursed","The Hierophant"],"gold_per_floor":[212,212,275,48,59,59,79,79,102,117,117,128,28,58,58,58,58],"floor_reached":16,"language":"ENG","playtime":597,"items_purged":["Parasite","hermit:Strike_Hermit"],"score":131,"play_id":"418bdb29-981f-4b19-afe7-cf88d770487d","local_time":"20210220103153","is_ascension_mode":true,"campfire_choices":[{"floor":6,"key":"REST"},{"floor":11,"key":"REST"},{"data":"hermit:ShadowCloak","floor":15,"key":"SMITH"}],"circlet_count":0,"master_deck":["hermit:Strike_Hermit","hermit:Strike_Hermit","hermit:Strike_Hermit","hermit:Defend_Hermit","hermit:Defend_Hermit","hermit:Defend_Hermit","hermit:Defend_Hermit","hermit:Snapshot","hermit:Covet","hermit:Roulette","hermit:DeadMansHand","hermit:Vantage+1","hermit:ShadowCloak+1","hermit:Manifest","hermit:Misfire"],"relics":["hermit:Momento","Pet Ghost","Onion Ring","ReplayTheSpireMod:CursedCoin","Replay:Kaleidoscope","Replay:Wax Seal","HornCleat"],"acts_visited":["Exordium"],"potions_floor_usage":[14,16],"damage_taken":[{"damage":3,"enemies":"Small Slimes","floor":1,"turns":3},{"damage":0,"enemies":"Jaw Worm","floor":5,"turns":1},{"damage":2,"enemies":"2 Louse","floor":7,"turns":3},{"damage":1,"enemies":"Gremlin Gang","floor":10,"turns":4},{"damage":1,"enemies":"Lots of Slimes","floor":12,"turns":4},{"damage":0,"enemies":"Replay:BlueRogue","floor":14,"turns":4},{"damage":23,"enemies":"Hexaghost","floor":16,"turns":7}],"seed_played":"1978077751617471389","potions_obtained":[{"floor":1,"key":"bronze:BurnAndBuffPotion"},{"floor":3,"key":"Flashbang"},{"floor":7,"key":"hexamod:SoulburnPotion"}],"is_trial":false,"path_per_floor":["M","?","?","$","M","R","M","?","T","M","R","M","$","E","R","B"],"character_chosen":"HERMIT","items_purchased":["ReplayTheSpireMod:CursedCoin","Replay:Kaleidoscope"],"campfire_rested":2,"item_purchase_floors":[4,4],"current_hp_per_floor":[72,60,30,30,30,51,49,49,49,48,69,68,68,68,68,45,45],"gold":58,"neow_bonus":"HUNDRED_GOLD","is_daily":false,"chose_seed":false,"campfire_upgraded":1,"win_rate":0.0,"timestamp":1613845913,"path_taken":["M","?","?","$","M","R","M","?","T","?","R","?","?","E","R","BOSS"],"items_purchased_type":["Relic","Relic"],"build_version":"2020-12-22","purchased_purges":2,"victory":false,"max_hp_per_floor":[75,75,75,72,72,72,72,72,72,72,72,72,72,72,72,72,72],"card_choices":[{"not_picked":["hermit:ShadowCloak","hermit:DeadMansHand"],"picked":"hermit:Roulette","floor":1},{"not_picked":["hermit:EyeOfTheStorm","hermit:BodyArmor"],"picked":"hermit:DeadMansHand","floor":5},{"not_picked":["hermit:HighCaliber","hermit:Snipe"],"picked":"hermit:Vantage","floor":7},{"not_picked":["hermit:Spite","hermit:Roulette"],"picked":"hermit:ShadowCloak","floor":10},{"not_picked":["hermit:SprayPray","hermit:Combo"],"picked":"hermit:Manifest","floor":12},{"not_picked":["hermit:EyeOfTheStorm","hermit:Maintenance"],"picked":"hermit:Misfire","floor":14}],"player_experience":1444052,"relics_obtained":[{"floor":3,"key":"Onion Ring"},{"floor":9,"key":"Replay:Wax Seal"},{"floor":14,"key":"HornCleat"}],"event_choices":[{"damage_healed":0,"gold_gain":0,"player_choice":"Success","damage_taken":12,"relics_obtained":["Pet Ghost"],"max_hp_gain":0,"max_hp_loss":0,"event_name":"Scrap Ooze","floor":2,"gold_loss":0},{"damage_healed":0,"gold_gain":0,"player_choice":"Upgraded","damage_taken":0,"max_hp_gain":0,"max_hp_loss":0,"event_name":"Upgrade Shrine","floor":8,"gold_loss":0,"cards_upgraded":["hermit:Vantage"]}],"is_beta":false,"boss_relics":[],"items_purged_floors":[4,13],"is_endless":false,"potions_floor_spawned":[1,7,12],"killed_by":"Hexaghost","ascension_level":1}}