{"host":"1ycuxm9gov0tl9zf","time":1613814464,"event":{"mods":["AchievementEnabler","Act Like it!","BaseMod","Colored Powertips","Downfall","Gensokyo","GifTheSpireLib","Hallownest","Marisa£®ÏF”Í°°ƒß¿Ì…≥£©","Minty Spire (QoL Compilation)","Quick Restart","Remilia£®¿Ÿ√◊¿Ú—«£©","Replay The Spire","Shop Mod","StSLib","The Administrix","The Animator","The Bug Knight"],"gold_per_floor":[109,164,181,181,198,232,249,282,282,312,343,362,362,394,394,496,496,510,4,23,39,52,52,102,136,163,204,119,119,119,165,165,267,267,277,292,323,92,18,18,67,13,37,79,113,155,155,204,204,226,226,226,56,85,85],"floor_reached":56,"language":"ZHS","playtime":4373,"items_purged":["Strike_MRS"],"score":1547,"play_id":"a3449776-e056-4055-b06f-909190d72895","local_time":"20210220174744","is_ascension_mode":false,"campfire_choices":[{"floor":13,"key":"REST"},{"data":"MillisecondPulsars","floor":15,"key":"SMITH"},{"data":"FinalSpark","floor":30,"key":"SMITH"},{"floor":32,"key":"RECALL"},{"data":"OortCloud","floor":40,"key":"SMITH"},{"data":"OortCloud","floor":47,"key":"SMITH"},{"data":"CasketOfStar","floor":49,"key":"SMITH"},{"data":"GrandCross","floor":52,"key":"SMITH"}],"circlet_count":0,"master_deck":["Strike_MRS","Defend_MRS","Defend_MRS","Defend_MRS","Defend_MRS","MasterSpark+1","UpSweep","GrandCross","AsteroidBelt","IllusionStar","ChargeUpSpray+1","WitchLeyline+1","MillisecondPulsars+1","Parasite","Parasite","LuminesStrike","GrandCross+1","MysteriousBeam","LuminesStrike","UltimateShortwave","MysteriousBeam","LuminesStrike+1","WitchOfGreed","FinalSpark+1","AsteroidBelt","OortCloud+1","SporeBomb","CasketOfStar+1","OortCloud+1","StarBarrage","GrandCross+1","GrandCross+1","Acceleration+1","Parasite","TreasureHunter","GrandCross","Pot Of Greed","Pot Of Greed","Pot Of Greed","Pot Of Greed","AsteroidBelt"],"relics":["MiniHakkero","HornCleat","ShroomBag","PreservedInsect","Coffee Dripper","MerchantsRug","HandmadeGrimoire","SimpleLauncher","Potion Belt","Matryoshka","ExperimentalFamiliar","Medical Kit","Torii","Chameleon Ring","Anchor","Toy Ornithopter","Bottled Tornado","Replay:Baseball","ClockworkSouvenir","Grinning Jar"],"acts_visited":["Exordium","TheCity","TheBeyond","TheEnding"],"potions_floor_usage":[31,31,37,41,55,55,55,55],"damage_taken":[{"damage":0,"enemies":"Small Slimes","floor":1,"turns":3},{"damage":6,"enemies":"Jaw Worm","floor":3,"turns":2},{"damage":0,"enemies":"Cultist","floor":5,"turns":2},{"damage":13,"enemies":"Gremlin Nob","floor":6,"turns":5},{"damage":2,"enemies":"Exordium Wildlife","floor":7,"turns":3},{"damage":12,"enemies":"HollowMod:MossKnight","floor":8,"turns":7},{"damage":6,"enemies":"The Mushroom Lair","floor":10,"turns":4},{"damage":7,"enemies":"3 Sentries","floor":11,"turns":4},{"damage":12,"enemies":"Blue Slaver","floor":12,"turns":2},{"damage":0,"enemies":"Gremlin Nob","floor":14,"turns":2},{"damage":7,"enemies":"Hexaghost","floor":16,"turns":7},{"damage":5,"enemies":"Shell Parasite","floor":18,"turns":4},{"damage":0,"enemies":"Spheric Guardian","floor":20,"turns":1},{"damage":9,"enemies":"Snake Plant","floor":21,"turns":3},{"damage":12,"enemies":"Centurion and Healer","floor":22,"turns":3},{"damage":0,"enemies":"Gremlin Leader","floor":24,"turns":4},{"damage":1,"enemies":"3 Cultists","floor":25,"turns":4},{"damage":0,"enemies":"Book of Stabbing","floor":27,"turns":3},{"damage":1,"enemies":"Gremlin Leader","floor":31,"turns":4},{"damage":20,"enemies":"Collector","floor":33,"turns":5},{"damage":0,"enemies":"Orb Walker","floor":35,"turns":2},{"damage":0,"enemies":"3 Darklings","floor":36,"turns":4},{"damage":13,"enemies":"Sphere and 2 Shapes","floor":37,"turns":3},{"damage":10,"enemies":"Reptomancer","floor":41,"turns":2},{"damage":0,"enemies":"4 Shapes","floor":44,"turns":2},{"damage":0,"enemies":"Writhing Mass","floor":45,"turns":2},{"damage":0,"enemies":"HollowMod:StalkingDevout","floor":46,"turns":1},{"damage":0,"enemies":"Transient","floor":48,"turns":5},{"damage":59,"enemies":"Time Eater","floor":50,"turns":9},{"damage":0,"enemies":"Shield and Spear","floor":54,"turns":3},{"damage":55,"enemies":"The Heart","floor":55,"turns":7}],"seed_played":"6900287156915537222","potions_obtained":[{"floor":20,"key":"EssenceOfSteel"},{"floor":22,"key":"Adrenaline Potion"},{"floor":24,"key":"Fire Potion"},{"floor":25,"key":"Slimebound:ThreeZeroPotion"},{"floor":27,"key":"FearPotion"},{"floor":31,"key":"Fire Potion"},{"floor":31,"key":"Adrenaline Potion"},{"floor":33,"key":"Doom Potion"},{"floor":35,"key":"BottledSpark"},{"floor":37,"key":"CultistPotion"},{"floor":37,"key":"Block Potion"},{"floor":41,"key":"Fire Potion"},{"floor":44,"key":"Strength Potion"},{"floor":45,"key":"Swift Potion"},{"floor":46,"key":"SpeedPotion"},{"floor":48,"key":"SneckoOil"}],"is_trial":false,"path_per_floor":["M","?","M","?","M","E","M","E","T","?","E","M","R","E","R","B",null,"M","$","M","M","M","?","E","M","T","E","?","?","R","E","R","B",null,"M","M","M","$","?","R","E","$","T","M","M","E","R","M","R","B",null,"R","$","E","B",null],"character_chosen":"MARISA","items_purchased":["MerchantsRug","HandmadeGrimoire","SimpleLauncher","Medical Kit","Replay:Bandana","Anchor","Replay:Baseball","ClockworkSouvenir"],"campfire_rested":1,"item_purchase_floors":[19,19,19,38,38,42,53,53],"current_hp_per_floor":[75,75,69,54,54,41,39,27,27,21,18,10,47,49,49,46,75,74,74,74,67,55,55,57,63,63,70,70,70,70,76,76,63,87,90,93,83,83,83,83,76,76,76,79,86,89,89,95,95,42,108,108,108,108,69],"gold":85,"neow_bonus":"DOUBLE_BOSS_RELIC","is_daily":false,"chose_seed":false,"campfire_upgraded":6,"win_rate":0.0,"timestamp":1613814464,"path_taken":["M","?","M","?","M","E","M","E","T","?","E","M","R","E","R","BOSS","M","$","M","M","M","?","E","M","T","E","?","?","R","E","R","BOSS","M","M","M","$","?","R","E","?","T","M","M","E","R","M","R","BOSS","R","$","E","BOSS"],"items_purchased_type":["Relic","Relic","Relic","Relic","Relic","Relic","Relic","Relic"],"build_version":"2020-12-22","purchased_purges":1,"victory":true,"max_hp_per_floor":[75,75,75,75,75,75,75,75,75,75,75,75,75,75,75,75,75,75,75,75,75,75,75,75,78,78,81,81,81,81,84,84,87,87,90,93,96,96,96,96,99,99,99,102,105,108,108,108,108,108,108,108,108,108,108],"card_choices":[{"not_picked":["MysteriousBeam","SuperPerseids"],"picked":"GrandCross","floor":1},{"not_picked":["LuminesStrike","DC"],"picked":"AsteroidBelt","floor":3},{"not_picked":["BlazeAway","SporeBomb"],"picked":"IllusionStar","floor":5},{"not_picked":["MeteoricShower","PulseMagic"],"picked":"ChargeUpSpray","floor":6},{"not_picked":["MilkyWay","Singularity"],"picked":"WitchLeyline","floor":7},{"not_picked":["GasGiant","OrrerysSun"],"picked":"MillisecondPulsars","floor":8},{"not_picked":["GalacticHalo","RefractionSpark"],"picked":"LuminesStrike","floor":10},{"not_picked":["ShootingEcho","GalacticHalo"],"picked":"GrandCross","floor":11},{"not_picked":["GalacticHalo","Acceleration"],"picked":"MysteriousBeam","floor":12},{"not_picked":["PowerUp","ChargingUp"],"picked":"LuminesStrike","floor":14},{"not_picked":["EscapeVelocity","BinaryStars"],"picked":"UltimateShortwave","floor":16},{"not_picked":["MeteoricShower+1","SprinkleStarSeal","ShootingEcho"],"picked":"SKIP","floor":18},{"not_picked":["PowerUp","ShootingEcho+1"],"picked":"MysteriousBeam","floor":20},{"not_picked":["OneTimeOff+1","WitchLeyline"],"picked":"LuminesStrike+1","floor":21},{"not_picked":["IllusionStar","EnergyFlow"],"picked":"WitchOfGreed","floor":22},{"not_picked":["PowerUp","ManaConvection","GasGiant+1"],"picked":"SKIP","floor":24},{"not_picked":["6A+1","ShootingEcho"],"picked":"AsteroidBelt","floor":25},{"not_picked":["TreasureHunter","Acceleration"],"picked":"OortCloud","floor":27},{"not_picked":["DarkMatter","JA"],"picked":"SporeBomb","floor":31},{"not_picked":["JA","CollectingQuirk"],"picked":"CasketOfStar","floor":33},{"not_picked":["DC","ShootingEcho+1"],"picked":"OortCloud","floor":35},{"not_picked":["GasGiant+1","SporeBomb"],"picked":"StarBarrage","floor":36},{"not_picked":["DragonMeteor+1","LuminesStrike+1"],"picked":"GrandCross+1","floor":37},{"not_picked":["StarBarrage","IllusionStar"],"picked":"GrandCross+1","floor":41},{"not_picked":["MagicChant","NonDirectionalLaser+1"],"picked":"Acceleration+1","floor":44},{"not_picked":["PowerUp","IllusionStar"],"picked":"TreasureHunter","floor":45},{"not_picked":["6A","Orbital"],"picked":"GrandCross","floor":46},{"not_picked":["ShootingEcho","GalacticHalo+1","NonDirectionalLaser"],"picked":"SKIP","floor":48},{"not_picked":["UnstableBomb","WitchLeyline"],"picked":"AsteroidBelt","floor":54}],"player_experience":113103,"relics_obtained":[{"floor":6,"key":"HornCleat"},{"floor":8,"key":"Regal Pillow"},{"floor":10,"key":"ShroomBag"},{"floor":11,"key":"Calipers"},{"floor":14,"key":"PreservedInsect"},{"floor":24,"key":"Replay:Ringing Soul"},{"floor":26,"key":"Potion Belt"},{"floor":27,"key":"White Beast Statue"},{"floor":31,"key":"Whetstone"},{"floor":41,"key":"Chameleon Ring"},{"floor":43,"key":"Simple Rune"},{"floor":43,"key":"Toy Ornithopter"},{"floor":46,"key":"Bottled Tornado"},{"floor":54,"key":"Grinning Jar"}],"event_choices":[{"damage_healed":0,"gold_gain":55,"player_choice":"Gained Gold","damage_taken":0,"max_hp_gain":0,"max_hp_loss":0,"event_name":"Golden Wing","floor":2,"gold_loss":0},{"damage_healed":0,"gold_gain":0,"player_choice":"Entered Light","damage_taken":15,"max_hp_gain":0,"max_hp_loss":0,"event_name":"Shining Light","floor":4,"gold_loss":0,"cards_upgraded":["Defend_MRS","MasterSpark"]},{"damage_healed":0,"gold_gain":0,"player_choice":"Fought Mushrooms","damage_taken":0,"max_hp_gain":0,"max_hp_loss":0,"event_name":"Mushrooms_MRS","floor":10,"gold_loss":0},{"damage_healed":0,"gold_gain":0,"player_choice":"Read","damage_taken":0,"max_hp_gain":0,"max_hp_loss":0,"event_name":"The Library","floor":23,"gold_loss":0,"cards_obtained":["FinalSpark"]},{"damage_healed":0,"gold_gain":0,"player_choice":"Obtained Relic","damage_taken":0,"relics_obtained":["Matryoshka"],"max_hp_gain":0,"max_hp_loss":0,"event_name":"Addict","floor":28,"gold_loss":85},{"damage_healed":0,"gold_gain":0,"player_choice":"Ignored","damage_taken":0,"max_hp_gain":0,"max_hp_loss":0,"event_name":"Vampires","floor":29,"gold_loss":0},{"damage_healed":0,"gold_gain":0,"player_choice":"Paid Gold","damage_taken":0,"relics_obtained":["Torii"],"max_hp_gain":0,"max_hp_loss":0,"event_name":"WeMeetAgain","floor":39,"gold_loss":74}],"is_beta":false,"boss_relics":[{"not_picked":["Pandora\u0027s Box","ReplayTheSpireMod:DimensionalGlitch"],"picked":"Coffee Dripper"},{"not_picked":["Calling Bell","Abe\u0027s Treasure"],"picked":"ExperimentalFamiliar"}],"items_purged_floors":[53],"is_endless":false,"potions_floor_spawned":[3,6,11,12,14,16,18,20,22,24,31,33,35,36,37,41,44,45,46,48],"ascension_level":0}}