{"host":"lwys0gbp6t40j7jh","time":1613839214,"event":{"mods":["Act Like it!","BaseMod","CapriCore","Friendly Minions","GifTheSpireLib","Minty Spire (QoL Compilation)","StSLib","SuperFastMode"],"gold_per_floor":[212,56,70,20,20,53,53,70,70,89,89,44,44,63,63,161,161,174,174,24,39,39,39,39],"floor_reached":23,"language":"ENG","playtime":474,"items_purged":["Strike_P"],"score":217,"play_id":"d3c7196b-5488-433a-a72c-8a5c2f41a056","local_time":"20210220174014","is_ascension_mode":true,"campfire_choices":[{"floor":7,"key":"REST"},{"data":"Brilliance","floor":11,"key":"SMITH"},{"data":"Prostrate","floor":13,"key":"SMITH"},{"data":"Eruption","floor":15,"key":"SMITH"}],"circlet_count":0,"master_deck":["Strike_P","Defend_P","Defend_P","Defend_P","Defend_P","Eruption+1","Vigilance","Brilliance+1","Prostrate","Halt","FollowUp","Prostrate+1","Brilliance","FollowUp+1"],"relics":["HolyWater","Mummified Hand","Matryoshka"],"acts_visited":["Exordium","TheCity"],"potions_floor_usage":[16,16,16],"damage_taken":[{"damage":0,"enemies":"Jaw Worm","floor":1,"turns":3},{"damage":0,"enemies":"Small Slimes","floor":3,"turns":2},{"damage":32,"enemies":"Gremlin Nob","floor":6,"turns":3},{"damage":0,"enemies":"Cultist","floor":8,"turns":2},{"damage":2,"enemies":"Red Slaver","floor":10,"turns":5},{"damage":2,"enemies":"Lots of Slimes","floor":14,"turns":5},{"damage":25,"enemies":"Slime Boss","floor":16,"turns":9},{"damage":1,"enemies":"Spheric Guardian","floor":18,"turns":3},{"damage":33,"enemies":"3 Byrds","floor":21,"turns":7},{"damage":44,"enemies":"Slavers","floor":23,"turns":2}],"seed_played":"-1466100418231420449","potions_obtained":[{"floor":6,"key":"StancePotion"},{"floor":10,"key":"BlessingOfTheForge"},{"floor":14,"key":"ColorlessPotion"},{"floor":21,"key":"SteroidPotion"}],"is_trial":false,"path_per_floor":["M","$","M","?","$","E","R","M","T","M","R","$","R","M","R","B",null,"M","?","$","M","?","E"],"character_chosen":"WATCHER","items_purchased":["Brilliance","Prostrate","Brilliance"],"campfire_rested":1,"item_purchase_floors":[2,12,20],"current_hp_per_floor":[72,72,72,72,72,40,61,61,61,59,59,59,59,57,57,32,72,71,71,71,38,38,0,0],"gold":39,"neow_bonus":"HUNDRED_GOLD","is_daily":false,"chose_seed":false,"campfire_upgraded":3,"win_rate":0.0,"timestamp":1613839214,"path_taken":["M","$","M","?","$","E","R","M","T","M","R","$","R","M","R","BOSS","M","?","$","M","?","E"],"items_purchased_type":["Card","Card","Card"],"build_version":"2020-12-22","purchased_purges":1,"victory":false,"max_hp_per_floor":[72,72,72,72,72,72,72,72,72,72,72,72,72,72,72,72,72,72,72,72,72,72,72,72],"card_choices":[{"not_picked":["ThirdEye","SashWhip","CrushJoints"],"picked":"SKIP","floor":1},{"not_picked":["EmptyFist","WreathOfFlame"],"picked":"Prostrate","floor":3},{"not_picked":["Evaluate","Establishment"],"picked":"Halt","floor":6},{"not_picked":["Crescendo","Pray"],"picked":"FollowUp","floor":8},{"not_picked":["FlurryOfBlows","Swivel","LikeWater"],"picked":"SKIP","floor":10},{"not_picked":["ForeignInfluence","Weave","SandsOfTime"],"picked":"SKIP","floor":14},{"not_picked":["WreathOfFlame","ReachHeaven","FlurryOfBlows"],"picked":"SKIP","floor":18},{"not_picked":["CutThroughFate","Evaluate"],"picked":"FollowUp+1","floor":21}],"player_experience":1222007,"relics_obtained":[{"floor":6,"key":"Mummified Hand"},{"floor":9,"key":"Matryoshka"}],"event_choices":[{"cards_removed":["Strike_P"],"damage_healed":0,"gold_gain":0,"player_choice":"Card Removal","damage_taken":0,"max_hp_gain":0,"max_hp_loss":0,"event_name":"The Cleric","floor":4,"gold_loss":50},{"damage_healed":0,"gold_gain":0,"player_choice":"Ignored","damage_taken":0,"max_hp_gain":0,"max_hp_loss":0,"event_name":"The Mausoleum","floor":19,"gold_loss":0},{"cards_removed":["Strike_P"],"damage_healed":0,"gold_gain":0,"player_choice":"Purged","damage_taken":0,"max_hp_gain":0,"max_hp_loss":0,"event_name":"Purifier","floor":22,"gold_loss":0}],"is_beta":false,"boss_relics":[{"not_picked":["Runic Pyramid","Sozu"],"picked":"HolyWater"}],"items_purged_floors":[2],"is_endless":false,"potions_floor_spawned":[6,10,14,21],"killed_by":"Slavers","ascension_level":3}}