{"host":"snampf0t8p8psf53","time":1613810753,"event":{"mods":["AchievementEnabler","BaseMod","Bestiary","DeckTracker","Minty Spire (QoL Compilation)","Permanent Neow","SuperFastMode"],"gold_per_floor":[112,130,146,146,162,192,192,202,227,402,402,420,202,202,202],"floor_reached":14,"language":"ENG","playtime":439,"items_purged":["Doubt"],"score":97,"play_id":"97419278-3427-4b9c-8e9f-be8e4a0050ff","local_time":"20210220004553","is_ascension_mode":true,"campfire_choices":[{"floor":7,"key":"REST"},{"floor":11,"key":"REST"}],"circlet_count":0,"master_deck":["Strike_B","Strike_B","Strike_B","Strike_B","Defend_B","Defend_B","Defend_B","Defend_B","Zap","Streamline","Hello World","Scrape","Streamline","Machine Learning","Seek"],"relics":["Cracked Core","Centennial Puzzle","Nunchaku"],"acts_visited":["Exordium"],"potions_floor_usage":[6,6],"damage_taken":[{"damage":17,"enemies":"Small Slimes","floor":1,"turns":3},{"damage":3,"enemies":"Jaw Worm","floor":2,"turns":3},{"damage":1,"enemies":"Cultist","floor":3,"turns":3},{"damage":16,"enemies":"Blue Slaver","floor":5,"turns":4},{"damage":34,"enemies":"3 Sentries","floor":6,"turns":7},{"damage":15,"enemies":"Looter","floor":8,"turns":3},{"damage":12,"enemies":"Large Slime","floor":12,"turns":7},{"damage":21,"enemies":"Lagavulin","floor":14,"turns":3}],"seed_played":"7911265979194336832","potions_obtained":[{"floor":2,"key":"SteroidPotion"},{"floor":3,"key":"SkillPotion"}],"is_trial":false,"path_per_floor":["M","M","M","$","M","E","R","M","T","?","R","M","$","E"],"character_chosen":"DEFECT","items_purchased":["Seek"],"campfire_rested":2,"item_purchase_floors":[13],"current_hp_per_floor":[58,55,54,54,38,4,26,11,11,11,33,21,21,0,0],"gold":202,"neow_bonus":"TRANSFORM_CARD","is_daily":false,"chose_seed":false,"campfire_upgraded":0,"win_rate":0.0,"timestamp":1613810753,"path_taken":["M","M","M","$","M","E","R","M","T","?","R","M","$","E"],"items_purchased_type":["Card"],"build_version":"2020-12-22","purchased_purges":1,"victory":false,"max_hp_per_floor":[75,75,75,75,75,75,75,75,75,75,75,75,75,75,75],"card_choices":[{"not_picked":["Go for the Eyes","Defragment","Redo"],"picked":"SKIP","floor":1},{"not_picked":["Leap","Stack"],"picked":"Hello World","floor":2},{"not_picked":["Conserve Battery","Redo","Compile Driver"],"picked":"SKIP","floor":3},{"not_picked":["Compile Driver","FTL","Steam"],"picked":"SKIP","floor":5},{"not_picked":["Lockon","Melter"],"picked":"Scrape","floor":6},{"not_picked":["Sweeping Beam","Leap"],"picked":"Streamline","floor":8},{"not_picked":["Rebound","Streamline"],"picked":"Machine Learning","floor":12}],"player_experience":124698,"relics_obtained":[{"floor":6,"key":"Centennial Puzzle"},{"floor":9,"key":"Nunchaku"}],"event_choices":[{"damage_healed":0,"gold_gain":175,"player_choice":"AGREE","damage_taken":0,"max_hp_gain":0,"max_hp_loss":0,"event_name":"Liars Game","floor":10,"gold_loss":0,"cards_obtained":["Doubt"]}],"is_beta":false,"boss_relics":[],"items_purged_floors":[13],"is_endless":false,"potions_floor_spawned":[2,3],"killed_by":"Lagavulin","ascension_level":1}}