{"host":"trw84khdytc0ixrp","time":1613856981,"event":{"mods":["BaseMod","Downfall","Hermit","Jorbs\u0027s Wanderer Trilogy","Minty Spire (QoL Compilation)","StSLib","The Cursed","The Disciple"],"gold_per_floor":[366,42,81,119,174,174,242,242,242,259,316,381,438,483,483,604,604,620,545,445,445,61,117,117,143,170,187,228,228,291,12,12,136,136,148,148,148,1,14,70,113,113,139,139,139,170,230,263,263,263,263,263,8,61,61],"floor_reached":56,"language":"ENG","playtime":7122,"items_purged":["TheCursedMod:Strike_TheCursed","TheCursedMod:Strike_TheCursed","TheCursedMod:Defend_TheCursed","TheCursedMod:Strike_TheCursed"],"score":1465,"play_id":"fe856937-9d38-403d-b247-ec3f0abff0e0","local_time":"20210220223621","is_ascension_mode":true,"campfire_choices":[{"data":"HandOfGreed","floor":6,"key":"SMITH"},{"data":"TheCursedMod:Grudge","floor":8,"key":"SMITH"},{"data":"TheCursedMod:EmpowerCircles","floor":15,"key":"SMITH"},{"data":"TheCursedMod:CircleOfAbyss","floor":24,"key":"SMITH"},{"data":"TheCursedMod:CircleOfWindfury","floor":32,"key":"SMITH"},{"floor":42,"key":"RECALL"},{"data":"Madness","floor":45,"key":"SMITH"},{"floor":49,"key":"REST"},{"data":"TheCursedMod:VoidForm","floor":52,"key":"SMITH"}],"circlet_count":0,"master_deck":["TheCursedMod:Strike_TheCursed","TheCursedMod:Defend_TheCursed","TheCursedMod:Defend_TheCursed","TheCursedMod:Defend_TheCursed","TheCursedMod:CursedWand","TheCursedMod:CleanUpWorkshop","TheCursedMod:Dregs","Doubt","TheCursedMod:CircleOfCorruption","TheCursedMod:CircleOfAbyss+1","HandOfGreed+1","TheCursedMod:Grudge+1","TheCursedMod:SurpriseAttack","TheCursedMod:CursedBoomerang","TheCursedMod:SpitefulPlan","TheCursedMod:CursedBoomerang","TheCursedMod:EmpowerCircles+1","TheCursedMod:CircleOfCorruption","TheCursedMod:AntiAging","TheCursedMod:SurpriseAttack","TheCursedMod:CircleOfAmplification","TheCursedMod:CircleOfWindfury+1","TheCursedMod:SurpriseAttack","TheCursedMod:SurpriseAttack","Good Instincts","TheCursedMod:VoidForm+1","Madness+1","Madness","TheCursedMod:CircleOfAbyss+1"],"relics":["TheCursedMod:BlackMagic101","Du-Vu Doll","CaptainsWheel","Mango","expansioncontent:StudyCardRelic","TheCursedMod:PinkPellets","Pantograph","Pen Nib","Busted Crown","Medical Kit","MealTicket","InkBottle","PreservedInsect","Letter Opener","Bottled Tornado"],"acts_visited":["Exordium","TheCity","TheBeyond","TheEnding"],"potions_floor_usage":[10,11,33,35,40,50,55,55],"damage_taken":[{"damage":1,"enemies":"Cultist","floor":1,"turns":4},{"damage":1,"enemies":"2 Louse","floor":3,"turns":2},{"damage":6,"enemies":"Jaw Worm","floor":4,"turns":3},{"damage":2,"enemies":"3 Louse","floor":5,"turns":5},{"damage":0,"enemies":"2 Fungi Beasts","floor":7,"turns":4},{"damage":0,"enemies":"Looter","floor":10,"turns":4},{"damage":13,"enemies":"3 Sentries","floor":11,"turns":6},{"damage":2,"enemies":"Lots of Slimes","floor":12,"turns":5},{"damage":5,"enemies":"Gremlin Nob","floor":13,"turns":5},{"damage":0,"enemies":"3 Louse","floor":14,"turns":2},{"damage":3,"enemies":"The Guardian","floor":16,"turns":9},{"damage":14,"enemies":"Shell Parasite","floor":18,"turns":4},{"damage":1,"enemies":"Slavers","floor":23,"turns":3},{"damage":1,"enemies":"Gremlin Leader","floor":25,"turns":5},{"damage":0,"enemies":"Chosen","floor":27,"turns":3},{"damage":0,"enemies":"Centurion and Healer","floor":28,"turns":2},{"damage":7,"enemies":"Cultist and Chosen","floor":30,"turns":4},{"damage":0,"enemies":"Collector","floor":33,"turns":6},{"damage":16,"enemies":"3 Darklings","floor":35,"turns":4},{"damage":9,"enemies":"3 Shapes","floor":39,"turns":3},{"damage":1,"enemies":"Nemesis","floor":40,"turns":5},{"damage":0,"enemies":"Maw","floor":41,"turns":5},{"damage":15,"enemies":"Reptomancer","floor":46,"turns":5},{"damage":0,"enemies":"Jaw Worm Horde","floor":47,"turns":4},{"damage":0,"enemies":"Giant Head","floor":48,"turns":4},{"damage":58,"enemies":"Time Eater","floor":50,"turns":9},{"damage":0,"enemies":"Shield and Spear","floor":54,"turns":3},{"damage":107,"enemies":"The Heart","floor":55,"turns":7}],"seed_played":"8980341480807569396","potions_obtained":[{"floor":1,"key":"champ:CounterPotion"},{"floor":4,"key":"sneckomod:MuddlingPotion"},{"floor":7,"key":"SkillPotion"},{"floor":11,"key":"Weak Potion"},{"floor":12,"key":"DistilledChaos"},{"floor":16,"key":"SneckoOil"},{"floor":27,"key":"Guardian:BlockOnCardUsePotion"},{"floor":39,"key":"DistilledChaos"},{"floor":41,"key":"AttackPotion"},{"floor":46,"key":"hexamod:SoulburnPotion"}],"is_trial":false,"path_per_floor":["M","$","M","M","M","R","M","R","T","M","E","M","E","M","R","B",null,"M","$","$","?","$","E","R","E","T","M","M","?","M","$","R","B",null,"M","?","?","$","M","E","M","R","T","$","R","E","M","E","R","B",null,"R","$","E","B",null],"character_chosen":"THE_CURSED","items_purchased":["TheCursedMod:CircleOfAbyss","HandOfGreed","TheCursedMod:CircleOfAmplification","TheCursedMod:CircleOfWindfury","TheCursedMod:PinkPellets","TheCursedMod:SurpriseAttack","Good Instincts","Medical Kit","Letter Opener"],"campfire_rested":1,"item_purchase_floors":[2,2,22,22,22,31,31,38,53],"current_hp_per_floor":[74,74,73,67,65,65,65,65,65,65,52,50,59,59,59,56,89,75,75,75,75,75,74,74,73,73,75,75,75,68,68,68,93,93,79,67,67,67,60,61,63,63,63,78,78,65,65,67,98,49,107,107,107,109,4],"gold":61,"neow_bonus":"TWO_FIFTY_GOLD","is_daily":false,"chose_seed":false,"campfire_upgraded":7,"win_rate":0.0,"timestamp":1613856981,"path_taken":["M","$","M","M","M","R","M","R","T","M","E","M","E","M","R","BOSS","M","?","$","?","?","E","R","E","T","M","M","?","M","$","R","BOSS","M","?","?","$","M","E","M","R","T","$","R","E","?","E","R","BOSS","R","$","E","BOSS"],"items_purchased_type":["Card","Card","Card","Card","Relic","Card","Card","Relic","Relic"],"build_version":"2020-12-22","purchased_purges":4,"victory":true,"max_hp_per_floor":[75,75,75,75,75,75,75,75,75,75,75,75,89,89,89,89,89,89,89,89,89,89,89,89,89,89,91,91,91,91,91,91,93,93,95,95,95,95,97,99,101,101,101,101,101,103,103,105,105,107,107,107,107,109,111],"card_choices":[{"not_picked":["TheCursedMod:LuckyCharm","TheCursedMod:CursedShiv"],"picked":"TheCursedMod:CircleOfCorruption","floor":1},{"not_picked":["TheCursedMod:WearCloak","TheCursedMod:CursedAmulet","TheCursedMod:CursedRelics"],"picked":"SKIP","floor":3},{"not_picked":["TheCursedMod:CircleOfAmplification","TheCursedMod:TacticalStrike","TheCursedMod:RavingStaff"],"picked":"SKIP","floor":4},{"not_picked":["TheCursedMod:SpitefulPray","TheCursedMod:VitalStrike"],"picked":"TheCursedMod:Grudge","floor":5},{"not_picked":["TheCursedMod:CircleOfFlame","TheCursedMod:RapidMovement"],"picked":"TheCursedMod:SurpriseAttack","floor":7},{"not_picked":["TheCursedMod:RavingStaff","TheCursedMod:FuryStrike"],"picked":"TheCursedMod:CursedBoomerang","floor":10},{"not_picked":["TheCursedMod:StingEye","TheCursedMod:WearCloak"],"picked":"TheCursedMod:SpitefulPlan","floor":11},{"not_picked":["TheCursedMod:Evocation","TheCursedMod:CursedMace"],"picked":"TheCursedMod:CursedBoomerang","floor":12},{"not_picked":["TheCursedMod:Grudge","TheCursedMod:Evocation"],"picked":"TheCursedMod:EmpowerCircles","floor":13},{"not_picked":["TheCursedMod:Torture","TheCursedMod:CursedArmor"],"picked":"TheCursedMod:CircleOfCorruption","floor":14},{"not_picked":["TheCursedMod:VoidForm","TheCursedMod:UltimatePain"],"picked":"TheCursedMod:AntiAging","floor":16},{"not_picked":["TheCursedMod:CursedSpellbook","TheCursedMod:CircleOfFlame+1"],"picked":"TheCursedMod:SurpriseAttack","floor":18},{"not_picked":["TheCursedMod:SpitefulPlan","TheCursedMod:LuckyCharm"],"picked":"TheCursedMod:SurpriseAttack","floor":23},{"not_picked":["TheCursedMod:Stigma","TheCursedMod:AntiAging","TheCursedMod:SpitefulStrike"],"picked":"SKIP","floor":25},{"not_picked":["TheCursedMod:SmokeScreen+1","TheCursedMod:CursedMace","TheCursedMod:SpitefulStrike"],"picked":"SKIP","floor":27},{"not_picked":["TheCursedMod:PrepareRite+1","TheCursedMod:CircleOfCorruption","TheCursedMod:FleshFromBone"],"picked":"SKIP","floor":28},{"not_picked":["TheCursedMod:CursedStaff","TheCursedMod:ShockAndAwe","TheCursedMod:CircleOfFocus"],"picked":"SKIP","floor":30},{"not_picked":["TheCursedMod:NeowsMight","TheCursedMod:CollectTribute"],"picked":"TheCursedMod:VoidForm","floor":33},{"not_picked":["TheCursedMod:TacticalStrike+1"],"picked":"SKIP","floor":35},{"not_picked":["TheCursedMod:Stigma+1"],"picked":"SKIP","floor":39},{"not_picked":["TheCursedMod:Stigma+1"],"picked":"SKIP","floor":41},{"not_picked":["TheCursedMod:Obscuration+1"],"picked":"SKIP","floor":46},{"not_picked":["TheCursedMod:CursedMace+1"],"picked":"SKIP","floor":47},{"not_picked":["TheCursedMod:SpitefulPray+1"],"picked":"SKIP","floor":48},{"not_picked":["TheCursedMod:TacticalStrike"],"picked":"SKIP","floor":54}],"player_experience":159754,"relics_obtained":[{"floor":9,"key":"Du-Vu Doll"},{"floor":11,"key":"CaptainsWheel"},{"floor":13,"key":"Mango"},{"floor":23,"key":"Pantograph"},{"floor":26,"key":"Pen Nib"},{"floor":40,"key":"MealTicket"},{"floor":46,"key":"InkBottle"},{"floor":48,"key":"PreservedInsect"},{"floor":54,"key":"Bottled Tornado"}],"event_choices":[{"damage_healed":0,"gold_gain":0,"player_choice":"Ignored","damage_taken":0,"max_hp_gain":0,"max_hp_loss":0,"event_name":"Vampires","floor":29,"gold_loss":0},{"damage_healed":0,"gold_gain":0,"player_choice":"Embrace Madness","damage_taken":12,"max_hp_gain":0,"max_hp_loss":0,"event_name":"Winding Halls","floor":36,"gold_loss":0,"cards_obtained":["Madness","Madness"]},{"damage_healed":0,"gold_gain":0,"player_choice":"Copied","damage_taken":0,"max_hp_gain":0,"max_hp_loss":0,"event_name":"Duplicator","floor":37,"gold_loss":0,"cards_obtained":["TheCursedMod:CircleOfAbyss"]}],"is_beta":false,"boss_relics":[{"not_picked":["bronze:MakeshiftBattery","Velvet Choker"],"picked":"expansioncontent:StudyCardRelic"},{"not_picked":["Snecko Eye","Pandora\u0027s Box"],"picked":"Busted Crown"}],"items_purged_floors":[19,20,22,31],"is_endless":false,"potions_floor_spawned":[1,4,7,11,12,16,23,25,27,28,39,41,46],"ascension_level":1}}