{"host":"gh97pv908ci4ql26","time":1613789014,"event":{"mods":["AchievementEnabler","BaseMod","Better Altar","Better Match","Better Note","Better Sensory Stone","Better Skull","Better Third Choice","Block Reminder","Colored Powertips","Curses Come First","Displayed Cursed Tome","Emptier Cage","Minty Spire (QoL Compilation)","Permanent Neow","Rare Cards Sparkle","Smile Girya","StSLib","Together in Spire"],"gold_per_floor":[116,135,105,121,132,132,158,176,176,176,209,223,235,250,250,349,349,366,366],"floor_reached":18,"language":"ENG","playtime":863,"items_purged":[],"score":128,"play_id":"7df9268b-d36b-4f9b-9b56-41c1911cfc0b","local_time":"20210219184334","is_ascension_mode":false,"campfire_choices":[{"data":"ReplayTheSpireMod:Strike From Hell","floor":6.0,"key":"SMITH"},{"data":"Dark Embrace","floor":10.0,"key":"SMITH"},{"data":"Infernal Blade","floor":15.0,"key":"SMITH"}],"circlet_count":1,"master_deck":["Strike_R","Strike_R","Strike_R","Strike_R","Defend_R","Defend_R","Defend_R","Bash","Cleave","Bludgeon","Madness+1","Intimidate","Wild Strike","Shockwave","Dark Embrace+1","Flex","Madness","Thunderclap","Infernal Blade+1","Madness","Reaper"],"relics":["Burning Blood","Circlet","Blood Vial","Bronze Scales"],"acts_visited":["TheCity"],"potions_floor_usage":[],"damage_taken":[{"damage":0.0,"enemies":"Jaw Worm","floor":1.0,"turns":1.0},{"damage":0.0,"enemies":"Cultist","floor":2.0,"turns":1.0},{"damage":5.0,"enemies":"2 Louse","floor":4.0,"turns":2.0},{"damage":6.0,"enemies":"Exordium Wildlife","floor":5.0,"turns":2.0},{"damage":10.0,"enemies":"Lagavulin","floor":7.0,"turns":4.0},{"damage":4.0,"enemies":"Red Slaver","floor":8.0,"turns":2.0},{"damage":18.0,"enemies":"3 Sentries","floor":11.0,"turns":4.0},{"damage":1.0,"enemies":"Large Slime","floor":12.0,"turns":2.0},{"damage":10.0,"enemies":"Exordium Wildlife","floor":13.0,"turns":2.0},{"damage":9.0,"enemies":"Blue Slaver","floor":14.0,"turns":2.0},{"damage":34.0,"enemies":"The Guardian","floor":16.0,"turns":6.0},{"damage":32,"enemies":"2 Thieves","floor":18,"turns":4}],"seed_played":"-5093456744946651542","potions_obtained":[{"floor":3.0,"key":"DistilledChaos"},{"floor":3.0,"key":"PowerPotion"},{"floor":5.0,"key":"SpeedPotion"},{"floor":7.0,"key":"SkillPotion"},{"floor":13.0,"key":"Regen Potion"},{"floor":16.0,"key":"Doom Potion"}],"is_trial":false,"path_per_floor":["M","M","?","M","M","R","E","M","T","R","E","M","M","M","R","B",null,"M"],"character_chosen":"IRONCLAD","items_purchased":[],"campfire_rested":0,"item_purchase_floors":[],"current_hp_per_floor":[72,72,72,72,72,72,68,70,70,70,60,67,65,64,64,38,72,54,54],"gold":366,"neow_bonus":"TRANSFORM_TWO_CARDS","is_daily":false,"chose_seed":false,"campfire_upgraded":3,"win_rate":0.0,"timestamp":1613789014,"path_taken":["M","M","?","?","M","R","E","M","T","R","E","?","M","M","R","BOSS","M"],"items_purchased_type":[],"build_version":"2020-12-22","purchased_purges":0,"victory":false,"max_hp_per_floor":[72,72,72,72,72,72,72,72,72,72,72,72,72,72,72,72,72,72,72],"card_choices":[{"not_picked":["Cleave","Iron Wave"],"picked":"ReplayTheSpireMod:Strike From Hell","floor":1.0},{"not_picked":["Hemokinesis","Pommel Strike"],"picked":"Intimidate","floor":2.0},{"not_picked":["Shrug It Off","Clothesline"],"picked":"Wild Strike","floor":4.0},{"not_picked":["Heavy Blade","Sword Boomerang"],"picked":"Shockwave","floor":5.0},{"not_picked":["Pummel","Shockwave"],"picked":"Dark Embrace","floor":7.0},{"not_picked":["Pummel","True Grit"],"picked":"Flex","floor":8.0},{"not_picked":["Juggernaut","Thunderclap"],"picked":"Run Through","floor":11.0},{"not_picked":["Perfected Strike","Twin Strike"],"picked":"Thunderclap","floor":12.0},{"not_picked":["Whirlwind","Sentinel"],"picked":"Infernal Blade","floor":13.0},{"not_picked":["Clash","Armaments"],"picked":"ReplayTheSpireMod:Limb From Limb","floor":14.0},{"not_picked":["Brutality","Double Tap"],"picked":"Reaper","floor":16.0}],"player_experience":150131,"relics_obtained":[{"floor":7.0,"key":"Replay:Mystery Machine"},{"floor":9.0,"key":"Blood Vial"},{"floor":11.0,"key":"Bronze Scales"}],"event_choices":[{"damage_healed":0.0,"max_hp_gain":0.0,"max_hp_loss":0.0,"gold_gain":0.0,"event_name":"The Woman in Blue","player_choice":"Bought 2 Potions","floor":3.0,"gold_loss":0.0,"damage_taken":0.0}],"is_beta":false,"boss_relics":[{"not_picked":["Busted Crown","Runic Cube"],"picked":"Circlet"}],"items_purged_floors":[],"is_endless":false,"potions_floor_spawned":[5,7,8,13,16],"killed_by":"2 Thieves","ascension_level":0}}