{"host":"ipcfr4ajj2jkxvg7","time":1613810345,"event":{"mods":["BaseMod","Colored Powertips","GifTheSpireLib","Marisa（F雨　魔理沙）","Minty Spire (QoL Compilation)","Quick Restart","Remilia（蕾米莉亚）","Replay The Spire","RumiaBox-露米娅的神秘盒子","StSLib"],"gold_per_floor":[116,116,135,153,165,165,165],"floor_reached":6,"language":"ZHS","playtime":98,"items_purged":[],"score":72,"play_id":"dbc00260-b1e6-4023-8191-badeb97a792b","local_time":"20210220163905","is_ascension_mode":true,"campfire_choices":[],"circlet_count":0,"master_deck":["AscendersBane","Strike_MRS","Strike_MRS","Strike_MRS","Strike_MRS","Defend_MRS","Defend_MRS","Defend_MRS","Defend_MRS","MasterSpark","UpSweep","MachineGunSpark"],"relics":["MiniHakkero","NeowsBlessing","AddBug","SecretRecord"],"acts_visited":["Exordium"],"potions_floor_usage":[],"damage_taken":[{"damage":0,"enemies":"Jaw Worm","floor":1,"turns":1},{"damage":0,"enemies":"Small Slimes","floor":3,"turns":1},{"damage":0,"enemies":"2 Louse","floor":4,"turns":1},{"damage":43,"enemies":"Exordium Thugs","floor":5,"turns":6},{"damage":0,"enemies":"Gremlin Nob","floor":6,"turns":1}],"seed_played":"-313729988840798874","potions_obtained":[{"floor":4,"key":"ColorlessPotion"},{"floor":5,"key":"BlessingOfTheForge"}],"is_trial":false,"path_per_floor":["M","?","M","M","M","E"],"character_chosen":"MARISA","items_purchased":[],"campfire_rested":0,"item_purchase_floors":[],"current_hp_per_floor":[63,63,63,63,20,20,20],"gold":165,"neow_bonus":"THREE_ENEMY_KILL","is_daily":false,"chose_seed":false,"campfire_upgraded":0,"win_rate":0.0,"timestamp":1613810345,"path_taken":["M","?","M","M","M","E"],"items_purchased_type":[],"build_version":"2020-12-22","purchased_purges":0,"victory":false,"max_hp_per_floor":[70,70,70,70,70,70,70],"card_choices":[{"not_picked":["IllusionStar","NonDirectionalLaser","SporeBomb"],"picked":"SKIP","floor":1},{"not_picked":["EnergyRecoil","DC"],"picked":"MachineGunSpark","floor":3},{"not_picked":["EventHorizon","OortCloud","SporeBomb"],"picked":"SKIP","floor":4},{"not_picked":["DarkMatter","OpenUniverse","Singularity"],"picked":"SKIP","floor":5}],"player_experience":481959,"relics_obtained":[{"floor":1,"key":"AddBug"}],"event_choices":[{"damage_healed":0,"gold_gain":0,"player_choice":"Ignored","damage_taken":0,"max_hp_gain":0,"max_hp_loss":0,"event_name":"Liars Game","floor":2,"gold_loss":0}],"is_beta":false,"boss_relics":[],"items_purged_floors":[],"is_endless":false,"potions_floor_spawned":[4,5],"killed_by":"Gremlin Nob","ascension_level":18}}