{"host":"0pyv9je0pz1gg9m7","time":1613813628,"event":{"mods":["AchievementEnabler","BaseMod","Colored Map","DeckTracker","Minty Spire (QoL Compilation)","Permanent Neow","StSLib","SuperFastMode","everything is the same but u backflip on backflip"],"gold_per_floor":[119,119,136,153,171,196,196,196,196,213,213,238,238,238,238],"floor_reached":14,"language":"KOR","playtime":366,"items_purged":[],"score":184,"play_id":"bf0a6b82-d11b-48fb-a8ac-9d4ff4de8d79","local_time":"20210220183348","is_ascension_mode":true,"campfire_choices":[{"floor":7,"key":"REST"},{"floor":13,"key":"REST"}],"circlet_count":0,"master_deck":["AscendersBane","Strike_G","Strike_G","Strike_G","Strike_G","Defend_G","Defend_G","Defend_G","Defend_G","Survivor","Neutralize","Doppelganger","Blur","Poisoned Stab","Well Laid Plans","Sucker Punch","Bouncing Flask","Sucker Punch","Deadly Poison","Dagger Spray"],"relics":["Ring of the Snake","Letter Opener","Frozen Egg 2","Golden Idol"],"acts_visited":["Exordium"],"potions_floor_usage":[12,12],"damage_taken":[{"damage":11,"enemies":"Jaw Worm","floor":1,"turns":7},{"damage":3,"enemies":"Cultist","floor":3,"turns":4},{"damage":4,"enemies":"Small Slimes","floor":4,"turns":4},{"damage":6,"enemies":"Blue Slaver","floor":5,"turns":4},{"damage":29,"enemies":"Gremlin Nob","floor":6,"turns":4},{"damage":11,"enemies":"Looter","floor":10,"turns":4},{"damage":24,"enemies":"Exordium Thugs","floor":12,"turns":4},{"damage":27,"enemies":"3 Sentries","floor":14,"turns":4}],"seed_played":"6431232767733296639","potions_obtained":[{"floor":5,"key":"SkillPotion"},{"floor":6,"key":"DuplicationPotion"},{"floor":12,"key":"Swift Potion"}],"is_trial":false,"path_per_floor":["M","?","M","M","M","E","R","?","T","M","?","M","R","E"],"character_chosen":"THE_SILENT","items_purchased":[],"campfire_rested":2,"item_purchase_floors":[],"current_hp_per_floor":[48,48,45,41,35,6,24,44,44,33,33,9,25,0,0],"gold":238,"neow_bonus":"TRANSFORM_TWO_CARDS","is_daily":false,"chose_seed":false,"campfire_upgraded":0,"win_rate":0.0,"timestamp":1613813628,"path_taken":["M","?","M","?","M","E","R","?","T","M","?","M","R","E"],"items_purchased_type":[],"build_version":"2020-12-22","purchased_purges":0,"victory":false,"max_hp_per_floor":[60,60,60,60,60,60,60,60,60,60,54,54,54,54,54],"card_choices":[{"not_picked":["Deadly Poison","Escape Plan"],"picked":"Poisoned Stab","floor":1},{"not_picked":["Escape Plan","Bouncing Flask"],"picked":"Well Laid Plans","floor":3},{"not_picked":["Caltrops","Acrobatics"],"picked":"Sucker Punch","floor":4},{"not_picked":["Setup","Deadly Poison"],"picked":"Bouncing Flask","floor":5},{"not_picked":["Slice","Choke"],"picked":"Sucker Punch","floor":6},{"not_picked":["PiercingWail","Cloak And Dagger"],"picked":"Deadly Poison","floor":10},{"not_picked":["Prepared","Sucker Punch"],"picked":"Dagger Spray","floor":12}],"player_experience":458200,"relics_obtained":[{"floor":6,"key":"Letter Opener"},{"floor":9,"key":"Frozen Egg 2"}],"event_choices":[{"damage_healed":0,"gold_gain":0,"player_choice":"0 cards matched","damage_taken":0,"max_hp_gain":0,"max_hp_loss":0,"event_name":"Match and Keep!","floor":2,"gold_loss":0,"cards_obtained":[]},{"damage_healed":20,"gold_gain":0,"player_choice":"Banana","damage_taken":0,"max_hp_gain":0,"max_hp_loss":0,"event_name":"Big Fish","floor":8,"gold_loss":0},{"damage_healed":0,"gold_gain":0,"player_choice":"Lose Max HP","damage_taken":0,"relics_obtained":["Golden Idol"],"max_hp_gain":0,"max_hp_loss":6,"event_name":"Golden Idol","floor":11,"gold_loss":0}],"is_beta":false,"boss_relics":[],"items_purged_floors":[],"is_endless":false,"potions_floor_spawned":[5,6,12],"killed_by":"3 Sentries","ascension_level":20}}