{"host":"g7sxcfouz24f0psv","time":1613851869,"event":{"mods":["Aspiration","BaseMod","Colored Powertips","Hermit","Highlight Path","Minty Spire (QoL Compilation)","Replay The Spire","StSLib","The Cursed","The Hierophant"],"gold_per_floor":[111,125,145,161,172,172,199,151,178,210,210,240,252,266,266,362,362,382,136,136,154,167,195,195,195,195,195,214,231,156,156,156],"floor_reached":31,"language":"ENG","playtime":2539,"items_purged":[],"score":318,"play_id":"61731588-27d4-4a89-8cb1-1ad0275e8071","local_time":"20210220211109","is_ascension_mode":true,"campfire_choices":[{"data":"Rupture","floor":6,"key":"SMITH"},{"floor":11,"key":"REST"},{"floor":15,"key":"REST"},{"floor":27,"key":"REST"}],"circlet_count":0,"master_deck":["Strike_R","Strike_R","Strike_R","Strike_R","Defend_R","Defend_R+1","Defend_R","Defend_R+1","Bash","Rupture+1","Shrug It Off","Combust","Iron Wave","Warcry","Iron Wave","Pot Of Greed","Pot Of Greed","Shrug It Off","Headbutt","Twin Strike","Offering","Sword Boomerang","Reaper","Reaper","Enlightenment","Shrug It Off","Pot Of Greed","Twin Strike","ReplayTheSpireMod:Limb From Limb+1","Sword Boomerang","RitualDagger","Rupture","Heavy Blade"],"relics":["Burning Blood","War Paint","ReplayTheSpireMod:TigerMarble","Strawberry","Grinning Jar","Runic Cube","Toxic Egg 2","Replay:Arrowhead"],"acts_visited":["Exordium","TheCity"],"potions_floor_usage":[7,23,29],"damage_taken":[{"damage":8,"enemies":"Cultist","floor":1,"turns":5},{"damage":12,"enemies":"Jaw Worm","floor":2,"turns":5},{"damage":7,"enemies":"2 Louse","floor":3,"turns":2},{"damage":4,"enemies":"2 Fungi Beasts","floor":4,"turns":4},{"damage":2,"enemies":"Looter","floor":5,"turns":5},{"damage":26,"enemies":"3 Sentries","floor":7,"turns":6},{"damage":20,"enemies":"Lagavulin","floor":10,"turns":7},{"damage":12,"enemies":"3 Sentries","floor":12,"turns":7},{"damage":10,"enemies":"Lots of Slimes","floor":13,"turns":5},{"damage":7,"enemies":"2 Fungi Beasts","floor":14,"turns":4},{"damage":49,"enemies":"The Guardian","floor":16,"turns":9},{"damage":15,"enemies":"3 Byrds","floor":18,"turns":4},{"damage":18,"enemies":"2 Thieves","floor":21,"turns":4},{"damage":37,"enemies":"Cultist and Chosen","floor":22,"turns":6},{"damage":60,"enemies":"Slavers","floor":23,"turns":6},{"damage":32,"enemies":"Shelled Parasite and Fungi","floor":28,"turns":5},{"damage":38,"enemies":"3 Cultists","floor":29,"turns":5},{"damage":23,"enemies":"Cultist and Chosen","floor":31,"turns":4}],"seed_played":"-986354697782462120","potions_obtained":[{"floor":2,"key":"SteroidPotion"},{"floor":4,"key":"Weak Potion"},{"floor":7,"key":"Ancient Potion"},{"floor":13,"key":"Ancient Potion"},{"floor":16,"key":"Languid Potion"}],"is_trial":false,"path_per_floor":["M","M","M","M","M","R","E","$","T","E","R","E","M","M","R","B",null,"M","$","?","M","M","E","?","?","T","R","M","M","?","M"],"character_chosen":"IRONCLAD","items_purchased":["Iron Wave","Reaper","Enlightenment","Shrug It Off"],"campfire_rested":3,"item_purchase_floors":[8,19,19,19],"current_hp_per_floor":[86,80,79,81,85,85,65,65,65,58,86,80,76,75,95,56,95,86,86,86,88,65,54,48,29,29,59,39,19,19,0,0],"gold":156,"neow_bonus":"TEN_PERCENT_HP_BONUS","is_daily":false,"chose_seed":false,"campfire_upgraded":1,"win_rate":0.0,"timestamp":1613851869,"path_taken":["M","M","M","M","?","R","E","$","T","E","R","E","M","M","R","BOSS","M","$","?","?","M","E","?","?","T","R","M","M","?","M"],"items_purchased_type":["Card","Card","Card","Card"],"build_version":"2020-12-22","purchased_purges":0,"victory":false,"max_hp_per_floor":[88,88,88,88,88,88,88,88,88,95,95,95,95,95,95,95,95,95,95,95,95,95,95,95,100,100,100,100,100,100,100,100],"card_choices":[{"not_picked":["Replay:Undeath\u0027s Touch","Headbutt"],"picked":"Rupture","floor":1},{"not_picked":["Run Through","Armaments"],"picked":"Shrug It Off","floor":2},{"not_picked":["Thunderclap","Uppercut"],"picked":"Combust","floor":3},{"not_picked":["Reckless Charge","Disarm"],"picked":"Iron Wave","floor":4},{"not_picked":["Armaments","Perfected Strike","Headbutt"],"picked":"SKIP","floor":5},{"not_picked":["ReplayReversal","Headbutt"],"picked":"Warcry","floor":7},{"not_picked":["Carnage","Abandon","Corruption"],"picked":"SKIP","floor":10},{"not_picked":["Massacre","True Grit"],"picked":"Shrug It Off","floor":12},{"not_picked":["Pommel Strike","Perfected Strike"],"picked":"Headbutt","floor":13},{"not_picked":["Warcry","Dual Wield"],"picked":"Twin Strike","floor":14},{"not_picked":["Reaper","Impervious"],"picked":"Offering","floor":16},{"not_picked":["Armaments","Thunderclap"],"picked":"Sword Boomerang","floor":18},{"not_picked":["Pommel Strike","Shockwave"],"picked":"Twin Strike","floor":21},{"not_picked":["Disarm","Infernal Blade"],"picked":"ReplayTheSpireMod:Limb From Limb+1","floor":22},{"not_picked":["Fiend Fire","Spot Weakness+1"],"picked":"Sword Boomerang","floor":23},{"not_picked":["Whirlwind","Clothesline"],"picked":"Rupture","floor":28},{"not_picked":["Battle Trance+1","Perfected Strike+1"],"picked":"Heavy Blade","floor":29}],"player_experience":80588,"relics_obtained":[{"floor":7,"key":"War Paint"},{"floor":9,"key":"ReplayTheSpireMod:TigerMarble"},{"floor":10,"key":"Strawberry"},{"floor":12,"key":"Grinning Jar"},{"floor":23,"key":"Toxic Egg 2"},{"floor":26,"key":"Replay:Arrowhead"}],"event_choices":[{"damage_healed":0,"gold_gain":0,"player_choice":"Bought 0 Potions","damage_taken":0,"max_hp_gain":0,"max_hp_loss":0,"event_name":"The Woman in Blue","floor":20,"gold_loss":0},{"damage_healed":0,"gold_gain":0,"player_choice":"Joined the Cult","damage_taken":6,"max_hp_gain":0,"max_hp_loss":0,"event_name":"Nest","floor":24,"gold_loss":0,"cards_obtained":["RitualDagger"]},{"damage_healed":0,"gold_gain":0,"player_choice":"Shed Blood","damage_taken":24,"max_hp_gain":5,"max_hp_loss":0,"event_name":"Forgotten Altar","floor":25,"gold_loss":0},{"cards_removed":["Strike_R"],"damage_healed":0,"gold_gain":0,"player_choice":"Gave Gold","damage_taken":0,"max_hp_gain":0,"max_hp_loss":0,"event_name":"Beggar","floor":30,"gold_loss":75}],"is_beta":false,"boss_relics":[{"not_picked":["Tiny House","Snecko Eye"],"picked":"Runic Cube"}],"items_purged_floors":[],"is_endless":false,"potions_floor_spawned":[2,4,7,13,16,21,22],"killed_by":"Cultist and Chosen","ascension_level":1}}