{"host":"8ki4rp59nppvqwda","time":1613790062,"event":{"mods":["AlwaysNeverKeys","BaseMod","Hermit","Minty Spire (QoL Compilation)","Robot Space Explorer","SacredBarkPlus","StSLib","The Cursed","The Necromancer","The Trickster"],"gold_per_floor":[362,372,447,15,15,42,42,72,95,45,56,106,106,141,141,245,245,255,146,160,171,96,121,121,154,177,204,229,247,247,247,247,344,344,358,371,383,399,416,445,445,473,473,506,68,83,95,145,145,145],"floor_reached":51,"language":"ENG","playtime":2418,"items_purged":["RobotSpaceExplorer:Strike","RobotSpaceExplorer:Defend"],"score":1545,"play_id":"4b4ad866-2bbf-45b1-8354-f7be4c657062","local_time":"20210219220102","is_ascension_mode":true,"campfire_choices":[{"data":"RobotSpaceExplorer:ShovelStrike","floor":7.0,"key":"SMITH"},{"data":"RobotSpaceExplorer:MiniLasers","floor":13.0,"key":"SMITH"},{"data":"RobotSpaceExplorer:MiniDrones","floor":15.0,"key":"SMITH"},{"data":"RobotSpaceExplorer:Fix","floor":24.0,"key":"SMITH"},{"floor":32,"key":"REST"},{"data":"RobotSpaceExplorer:FranticSearch","floor":49,"key":"SMITH"}],"circlet_count":0,"master_deck":["AscendersBane","RobotSpaceExplorer:Strike+1","RobotSpaceExplorer:Strike","RobotSpaceExplorer:Defend","RobotSpaceExplorer:Defend","RobotSpaceExplorer:Scan","RobotSpaceExplorer:MiniLasers+1","RobotSpaceExplorer:ShovelStrike+1","RobotSpaceExplorer:MiniDrones+1","RobotSpaceExplorer:Probe+1","RobotSpaceExplorer:Fix+1","RobotSpaceExplorer:JunkDive","RobotSpaceExplorer:BigMissile","RobotSpaceExplorer:Explosion+1","RobotSpaceExplorer:Autoloader","RobotSpaceExplorer:StunGrenade+1","RobotSpaceExplorer:FranticSearch+1","RobotSpaceExplorer:MakeshiftVolley+1","RobotSpaceExplorer:Probe+1","RobotSpaceExplorer:Asteroid+1","RobotSpaceExplorer:GearShield","RobotSpaceExplorer:Ammunition+1","RobotSpaceExplorer:StunGrenade+1","RobotSpaceExplorer:IronShell+1","RobotSpaceExplorer:FrostMissile+1","RobotSpaceExplorer:Asteroid+1","Flash of Steel+1","Dark Shackles","Secret Weapon","RobotSpaceExplorer:Pulsar+1","RobotSpaceExplorer:FreezeRay+1","RobotSpaceExplorer:MiniDrones+1","RobotSpaceExplorer:ShovelStrike+1","Flash of Steel+1","RobotSpaceExplorer:SwiftStep+1"],"relics":["RobotSpaceExplorer:RoboCore","Lee\u0027s Waffle","RobotSpaceExplorer:BottledGravity","Akabeko","Ancient Tea Set","Art of War","Pen Nib","Happy Flower","Molten Egg 2","Busted Crown","Centennial Puzzle","Blood Vial","Bag of Marbles","Vajra","Whetstone","Red Mask","Thread and Needle","Sozu","Mercury Hourglass","RobotSpaceExplorer:ToughPlating","Oddly Smooth Stone","MealTicket","RobotSpaceExplorer:ClockworkSextant","FossilizedHelix"],"acts_visited":["Exordium","TheCity","TheBeyond"],"potions_floor_usage":[50,50,50],"damage_taken":[{"damage":0.0,"enemies":"2 Louse","floor":1.0,"turns":3.0},{"damage":7.0,"enemies":"Small Slimes","floor":2.0,"turns":4.0},{"damage":22.0,"enemies":"Lagavulin","floor":6.0,"turns":8.0},{"damage":0.0,"enemies":"Gremlin Nob","floor":8.0,"turns":3.0},{"damage":0.0,"enemies":"Cultist","floor":11.0,"turns":2.0},{"damage":0.0,"enemies":"Lagavulin","floor":14.0,"turns":3.0},{"damage":47.0,"enemies":"The Guardian","floor":16.0,"turns":7.0},{"damage":0.0,"enemies":"Chosen","floor":18.0,"turns":4.0},{"damage":1.0,"enemies":"2 Thieves","floor":20.0,"turns":2.0},{"damage":5.0,"enemies":"Chosen and Byrds","floor":21.0,"turns":3.0},{"damage":11.0,"enemies":"Gremlin Leader","floor":23.0,"turns":3.0},{"damage":15.0,"enemies":"Slavers","floor":25.0,"turns":4.0},{"damage":7,"enemies":"Book of Stabbing","floor":27,"turns":4},{"damage":0,"enemies":"Masked Bandits","floor":28,"turns":2},{"damage":8,"enemies":"Snake Plant","floor":29,"turns":2},{"damage":6,"enemies":"Automaton","floor":33,"turns":5},{"damage":0,"enemies":"3 Shapes","floor":35,"turns":1},{"damage":0,"enemies":"Orb Walker","floor":36,"turns":1},{"damage":0,"enemies":"Jaw Worm Horde","floor":37,"turns":2},{"damage":0,"enemies":"Writhing Mass","floor":38,"turns":3},{"damage":0,"enemies":"Transient","floor":39,"turns":5},{"damage":0,"enemies":"Giant Head","floor":40,"turns":5},{"damage":0,"enemies":"Nemesis","floor":42,"turns":2},{"damage":0,"enemies":"Giant Head","floor":44,"turns":5},{"damage":6,"enemies":"4 Shapes","floor":46,"turns":3},{"damage":0,"enemies":"Writhing Mass","floor":47,"turns":3},{"damage":0,"enemies":"Mind Bloom Boss Battle","floor":48,"turns":2},{"damage":0,"enemies":"Awakened One","floor":50,"turns":6}],"seed_played":"-9218306365310198560","potions_obtained":[{"floor":8.0,"key":"GamblersBrew"},{"floor":11.0,"key":"FearPotion"},{"floor":23.0,"key":"ColorlessPotion"},{"floor":25.0,"key":"LiquidMemories"},{"floor":29,"key":"Energy Potion"},{"floor":33,"key":"SteroidPotion"}],"is_trial":false,"path_per_floor":["M","M","?","$","?","E","R","E","T","?","M","T","R","E","R","B",null,"M","?","M","M","$","E","R","E","T","E","?","M","?","T","R","B",null,"M","M","M","M","M","E","?","E","T","E","$","M","M","?","R","B",null],"character_chosen":"RobotSpaceExplorer","items_purchased":["Lee\u0027s Waffle","RobotSpaceExplorer:BottledGravity","RobotSpaceExplorer:Probe","RobotSpaceExplorer:MiniDrones+1","RobotSpaceExplorer:ShovelStrike+1","Flash of Steel+1","RobotSpaceExplorer:ClockworkSextant"],"campfire_rested":1,"item_purchase_floors":[4,4,4,45,45,45,45],"current_hp_per_floor":[50,43,32,82,82,64,64,68,68,68,68,68,68,72,72,29,69,73,73,76,75,75,68,68,61,61,62,64,64,48,48,74,76,84,86,87,87,87,87,87,77,79,79,81,87,81,87,87,87,87],"gold":145,"neow_bonus":"TWO_FIFTY_GOLD","is_daily":false,"chose_seed":false,"campfire_upgraded":5,"win_rate":0.0,"timestamp":1613790062,"path_taken":["M","M","?","$","?","E","R","E","T","?","M","?","R","E","R","BOSS","M","?","?","?","?","E","R","E","T","E","?","M","?","?","R","BOSS","M","M","M","M","M","E","?","E","T","E","$","M","M","?","R","BOSS"],"items_purchased_type":["Relic","Relic","Card","Card","Card","Card","Relic"],"build_version":"2020-12-22","purchased_purges":2,"victory":true,"max_hp_per_floor":[75,75,75,82,82,82,82,82,82,82,82,82,82,82,82,82,82,82,82,82,82,82,82,82,82,82,82,82,82,87,87,87,87,87,87,87,87,87,87,87,87,87,87,87,87,87,87,87,87,87],"card_choices":[{"not_picked":["RobotSpaceExplorer:SurgingShield","RobotSpaceExplorer:SurgingStrike"],"picked":"RobotSpaceExplorer:ShovelStrike","floor":1.0},{"not_picked":["RobotSpaceExplorer:ShovelStrike","RobotSpaceExplorer:FrostMissile"],"picked":"RobotSpaceExplorer:MiniDrones","floor":2.0},{"not_picked":["RobotSpaceExplorer:IronShell","RobotSpaceExplorer:DualCore"],"picked":"RobotSpaceExplorer:JunkDive","floor":6.0},{"not_picked":["RobotSpaceExplorer:SurgingShield","RobotSpaceExplorer:Discharger"],"picked":"RobotSpaceExplorer:Exploration","floor":8.0},{"not_picked":["RobotSpaceExplorer:SwiftStep","RobotSpaceExplorer:MetalStrike"],"picked":"RobotSpaceExplorer:BigMissile","floor":11.0},{"not_picked":["RobotSpaceExplorer:MetalStrike+1","RobotSpaceExplorer:GlueSpray"],"picked":"RobotSpaceExplorer:Explosion+1","floor":14.0},{"not_picked":["RobotSpaceExplorer:Comet","RobotSpaceExplorer:Multitool"],"picked":"RobotSpaceExplorer:Autoloader","floor":16.0},{"not_picked":["RobotSpaceExplorer:MetalStrike+1"],"picked":"SKIP","floor":18.0},{"not_picked":["RobotSpaceExplorer:SwiftStep"],"picked":"SKIP","floor":20.0},{"not_picked":[],"picked":"RobotSpaceExplorer:StunGrenade+1","floor":21.0},{"not_picked":["RobotSpaceExplorer:SurgingStrike+1"],"picked":"SKIP","floor":23.0},{"not_picked":[],"picked":"RobotSpaceExplorer:FranticSearch","floor":25.0},{"not_picked":["RobotSpaceExplorer:MetalStrike+1"],"picked":"SKIP","floor":27},{"not_picked":[],"picked":"RobotSpaceExplorer:MakeshiftVolley+1","floor":28},{"not_picked":[],"picked":"RobotSpaceExplorer:Probe+1","floor":29},{"not_picked":[],"picked":"RobotSpaceExplorer:Asteroid+1","floor":33},{"not_picked":[],"picked":"RobotSpaceExplorer:GearShield","floor":35},{"not_picked":[],"picked":"RobotSpaceExplorer:Ammunition+1","floor":36},{"not_picked":[],"picked":"RobotSpaceExplorer:StunGrenade+1","floor":37},{"not_picked":[],"picked":"RobotSpaceExplorer:IronShell+1","floor":38},{"not_picked":[],"picked":"RobotSpaceExplorer:FrostMissile+1","floor":39},{"not_picked":[],"picked":"RobotSpaceExplorer:Asteroid+1","floor":40},{"not_picked":[],"picked":"Flash of Steel+1","floor":41},{"not_picked":[],"picked":"Dark Shackles","floor":41},{"not_picked":[],"picked":"Secret Weapon","floor":41},{"not_picked":[],"picked":"RobotSpaceExplorer:Pulsar+1","floor":42},{"not_picked":[],"picked":"RobotSpaceExplorer:FreezeRay+1","floor":44},{"not_picked":["RobotSpaceExplorer:MetalStrike+1"],"picked":"SKIP","floor":46},{"not_picked":[],"picked":"RobotSpaceExplorer:SwiftStep+1","floor":47}],"player_experience":1330610,"relics_obtained":[{"floor":6.0,"key":"Akabeko"},{"floor":8.0,"key":"Ancient Tea Set"},{"floor":9.0,"key":"Art of War"},{"floor":12.0,"key":"Pen Nib"},{"floor":14.0,"key":"Happy Flower"},{"floor":14.0,"key":"Molten Egg 2"},{"floor":23.0,"key":"Blood Vial"},{"floor":25.0,"key":"Bag of Marbles"},{"floor":26.0,"key":"Vajra"},{"floor":27,"key":"Whetstone"},{"floor":28,"key":"Red Mask"},{"floor":31,"key":"Thread and Needle"},{"floor":40,"key":"Mercury Hourglass"},{"floor":42,"key":"RobotSpaceExplorer:ToughPlating"},{"floor":43,"key":"Oddly Smooth Stone"},{"floor":44,"key":"MealTicket"},{"floor":48,"key":"FossilizedHelix"}],"event_choices":[{"damage_healed":0.0,"max_hp_gain":0.0,"max_hp_loss":0.0,"gold_gain":75.0,"event_name":"World of Goop","player_choice":"Gather Gold","floor":3.0,"gold_loss":0.0,"damage_taken":11.0},{"damage_healed":0.0,"max_hp_gain":0.0,"max_hp_loss":0.0,"gold_gain":0.0,"cards_transformed":["RobotSpaceExplorer:Defend"],"event_name":"Living Wall","player_choice":"Change","floor":5.0,"gold_loss":0.0,"damage_taken":0.0,"cards_obtained":["RobotSpaceExplorer:Fix"]},{"cards_removed":["RobotSpaceExplorer:Strike"],"damage_healed":0.0,"max_hp_gain":0.0,"max_hp_loss":0.0,"gold_gain":0.0,"event_name":"The Cleric","player_choice":"Card Removal","floor":10.0,"gold_loss":50.0,"damage_taken":0.0},{"damage_healed":0.0,"max_hp_gain":0.0,"max_hp_loss":0.0,"gold_gain":0.0,"event_name":"WeMeetAgain","player_choice":"Paid Gold","floor":19.0,"gold_loss":109.0,"damage_taken":0.0,"relics_obtained":["Centennial Puzzle"]},{"damage_healed":0,"gold_gain":0,"player_choice":"Fought Bandits","damage_taken":0,"max_hp_gain":0,"max_hp_loss":0,"event_name":"Masked Bandits","floor":28,"gold_loss":0},{"damage_healed":0,"gold_gain":0,"player_choice":"Shed Blood","damage_taken":21,"max_hp_gain":5,"max_hp_loss":0,"event_name":"Forgotten Altar","floor":30,"gold_loss":0},{"damage_healed":0,"gold_gain":0,"player_choice":"Memory 3","damage_taken":10,"max_hp_gain":0,"max_hp_loss":0,"event_name":"SensoryStone","floor":41,"gold_loss":0},{"damage_healed":0,"gold_gain":0,"player_choice":"Fight","damage_taken":0,"max_hp_gain":0,"max_hp_loss":0,"event_name":"MindBloom","floor":48,"gold_loss":0}],"is_beta":false,"boss_relics":[{"not_picked":["Runic Dome","Calling Bell"],"picked":"Busted Crown"},{"not_picked":["Black Star","Snecko Eye"],"picked":"Sozu"}],"items_purged_floors":[22,45],"is_endless":false,"potions_floor_spawned":[8,11,23,25,29,33,38,39,40,44,46,48],"ascension_level":10}}