{"host":"1dhlu4qzehvrzpot","time":1613860884,"event":{"mods":["2.2 Compatiblity","AchievementEnabler","BaseMod","Block Reminder","Minty Spire (QoL Compilation)","Permanent Neow","Quick Restart","Rare Cards Sparkle","Relic Stats","Say the Spire","Slay-I","StSLib","SuperFastMode"],"gold_per_floor":[114,289,289,214,226,226,243,272,319,319,333,333,77,90,90,191,191,211,211,230,230,247,247,280,555,626,641,317,317,317],"floor_reached":29,"language":"ENG","playtime":526,"items_purged":["Doubt","Writhe"],"score":389,"play_id":"a8b59d02-241f-4bf2-8639-5ae2eb74c1c3","local_time":"20210220234124","is_ascension_mode":true,"campfire_choices":[{"data":"Chill","floor":6,"key":"SMITH"},{"data":"Defragment","floor":10,"key":"SMITH"},{"floor":12,"key":"REST"},{"data":"FTL","floor":15,"key":"SMITH"},{"floor":23,"key":"REST"}],"circlet_count":0,"master_deck":["AscendersBane","Strike_B","Strike_B","Strike_B","Strike_B","Defend_B","Defend_B","Defend_B","Defend_B","Zap","Dualcast","Chill+1","Defragment+1","FTL+1","Electrodynamics","Doom and Gloom+1","Seek","Regret","Defragment","Glacier","BootSequence"],"relics":["Cracked Core","Dead Branch","Oddly Smooth Stone","Shuriken","Lantern","Gremlin Horn","Sozu","Anchor","FossilizedHelix"],"acts_visited":["Exordium","TheCity"],"potions_floor_usage":[8,16],"damage_taken":[{"damage":0,"enemies":"Cultist","floor":1,"turns":3},{"damage":2,"enemies":"2 Louse","floor":5,"turns":2},{"damage":0,"enemies":"Small Slimes","floor":7,"turns":3},{"damage":18,"enemies":"Gremlin Nob","floor":8,"turns":5},{"damage":12,"enemies":"Red Slaver","floor":11,"turns":3},{"damage":9,"enemies":"Exordium Wildlife","floor":14,"turns":4},{"damage":18,"enemies":"Slime Boss","floor":16,"turns":6},{"damage":12,"enemies":"2 Thieves","floor":18,"turns":4},{"damage":32,"enemies":"Shell Parasite","floor":20,"turns":5},{"damage":33,"enemies":"Shelled Parasite and Fungi","floor":22,"turns":5},{"damage":24,"enemies":"Slavers","floor":24,"turns":4},{"damage":4,"enemies":"3 Cultists","floor":27,"turns":4},{"damage":9,"enemies":"Cultist and Chosen","floor":29,"turns":3}],"seed_played":"3703736064297778189","potions_obtained":[{"floor":1,"key":"LiquidMemories"},{"floor":5,"key":"LiquidBronze"},{"floor":14,"key":"Swift Potion"}],"is_trial":false,"path_per_floor":["M","?","?","$","M","R","M","E","T","R","M","R","$","M","R","B",null,"M","?","M","?","M","R","E","?","T","M","$","M"],"character_chosen":"DEFECT","items_purchased":["Gremlin Horn","Defragment","Glacier","BootSequence"],"campfire_rested":2,"item_purchase_floors":[13,28,28,28],"current_hp_per_floor":[50,50,50,50,48,48,48,30,30,30,18,40,40,31,31,13,60,48,48,16,41,8,30,6,6,6,2,2,0,0],"gold":317,"neow_bonus":"ONE_RARE_RELIC","is_daily":false,"chose_seed":false,"campfire_upgraded":3,"win_rate":0.0,"timestamp":1613860884,"path_taken":["M","?","?","$","M","R","M","E","T","R","M","R","$","?","R","BOSS","M","?","M","?","M","R","E","?","T","M","$","M"],"items_purchased_type":["Relic","Card","Card","Card"],"build_version":"2020-12-22","purchased_purges":2,"victory":false,"max_hp_per_floor":[75,75,75,75,75,75,75,75,75,75,75,75,75,75,75,75,75,75,75,75,75,75,75,75,75,75,75,75,75,75],"relic_stats":{"Sozu":2,"Gremlin Horn":[8,8],"counters":[13,51],"Shuriken":[13],"Dead Branch":[36],"obtain_stats":[{"Sozu":17,"Lantern":9,"Anchor":19,"Gremlin Horn":13,"Shuriken":8,"Dead Branch":0,"Oddly Smooth Stone":3,"Cracked Core":0,"FossilizedHelix":24},{"Sozu":7,"Lantern":4,"Anchor":8,"Gremlin Horn":5,"Shuriken":4,"Dead Branch":0,"Oddly Smooth Stone":1,"Cracked Core":0,"FossilizedHelix":11},{"Sozu":26,"Lantern":13,"Anchor":30,"Gremlin Horn":16,"Shuriken":13,"Dead Branch":0,"Oddly Smooth Stone":3,"Cracked Core":0,"FossilizedHelix":44}]},"card_choices":[{"not_picked":["Barrage","Turbo"],"picked":"Chill","floor":1},{"not_picked":["Sweeping Beam","Hello World","Rip and Tear"],"picked":"SKIP","floor":5},{"not_picked":["Storm","Turbo"],"picked":"Defragment","floor":7},{"not_picked":["Doom and Gloom","Reprogram"],"picked":"FTL","floor":8},{"not_picked":["Conserve Battery","Recycle","Leap"],"picked":"SKIP","floor":11},{"not_picked":["Static Discharge","Steam","Barrage"],"picked":"SKIP","floor":14},{"not_picked":["Rainbow","Machine Learning"],"picked":"Electrodynamics","floor":16},{"not_picked":["Rip and Tear","Redo","Ball Lightning"],"picked":"SKIP","floor":18},{"not_picked":["Rip and Tear","Redo","Ball Lightning"],"picked":"SKIP","floor":18},{"not_picked":["Barrage+1","Darkness","Turbo"],"picked":"SKIP","floor":20},{"not_picked":["Tempest","Leap","Doom and Gloom+1"],"picked":"SKIP","floor":22},{"not_picked":["Tempest","Leap"],"picked":"Doom and Gloom+1","floor":22},{"not_picked":["Coolheaded","Thunder Strike"],"picked":"Seek","floor":24},{"not_picked":["Gash","Lockon","Compile Driver"],"picked":"SKIP","floor":27}],"player_experience":558832,"relics_obtained":[{"floor":8,"key":"Shuriken"},{"floor":9,"key":"Lantern"},{"floor":24,"key":"FossilizedHelix"}],"event_choices":[{"damage_healed":0,"gold_gain":175,"player_choice":"AGREE","damage_taken":0,"max_hp_gain":0,"max_hp_loss":0,"event_name":"Liars Game","floor":2,"gold_loss":0,"cards_obtained":["Doubt"]},{"damage_healed":0,"gold_gain":0,"player_choice":"Gave Potion","damage_taken":0,"relics_obtained":["Oddly Smooth Stone"],"max_hp_gain":0,"max_hp_loss":0,"event_name":"WeMeetAgain","floor":3,"gold_loss":0},{"damage_healed":0,"gold_gain":0,"player_choice":"Opened","damage_taken":0,"relics_obtained":["Anchor"],"max_hp_gain":0,"max_hp_loss":0,"event_name":"The Mausoleum","floor":19,"gold_loss":0,"cards_obtained":["Writhe"]},{"damage_healed":25,"gold_gain":0,"player_choice":"Heal","damage_taken":0,"max_hp_gain":0,"max_hp_loss":0,"event_name":"The Library","floor":21,"gold_loss":0},{"damage_healed":0,"gold_gain":275,"player_choice":"Desecrate","damage_taken":0,"max_hp_gain":0,"max_hp_loss":0,"event_name":"Golden Shrine","floor":25,"gold_loss":0,"cards_obtained":["Regret"]}],"is_beta":false,"boss_relics":[{"not_picked":["Busted Crown","Empty Cage"],"picked":"Sozu"}],"items_purged_floors":[4,28],"is_endless":false,"potions_floor_spawned":[1,5,14,22,27],"killed_by":"Cultist and Chosen","ascension_level":12}}