{"host":"plzv31qd94m7lu76","time":1613804452,"event":{"mods":["BaseMod","Downfall","GifTheSpireLib","Minty Spire (QoL Compilation)","Random Character Button","Replay The Spire","StSLib","Stuff the Spire","Unceasing Turn Reminder"],"gold_per_floor":[118,68,82,99,109,139,139,139,139,139,139,25,25,25,25,120,120,131,131,12,22,22,22,53,72,98,98,113,144,164,164,164],"floor_reached":31,"language":"ENG","playtime":952,"items_purged":["Strike_G"],"score":298,"play_id":"2924d37f-39a5-47f7-b2ce-8d73b95ae623","local_time":"20210220080052","is_ascension_mode":false,"campfire_choices":[{"floor":8,"key":"REST"},{"data":"ReplayTheSpireMod:Speed Training","floor":10,"key":"SMITH"},{"data":"ReplayTheSpireMod:Scrap Shanks","floor":13,"key":"SMITH"},{"data":"ReplayTheSpireMod:Tripwire","floor":15,"key":"SMITH"},{"floor":23,"key":"REST"},{"floor":27,"key":"REST"}],"circlet_count":0,"master_deck":["Strike_G","Strike_G","Strike_G","Defend_G","Defend_G","Defend_G+1","Defend_G","Defend_G","Survivor","Neutralize","Poisoned Stab","Dagger Spray","ReplayTheSpireMod:Tripwire+1","ReplayTheSpireMod:Speed Training+1","StuffTheSpire:MirrorStance+1","Deadly Poison+1","ReplayTheSpireMod:Scrap Shanks+1","ReplayTheSpireMod:Necrosis","CurseOfTheBell","StuffTheSpire:ReptileScales+1","StuffTheSpire:Python+1","Terror+1","Toxin Wave+1","Noxious Fumes","StuffTheSpire:Injection+1"],"relics":["Ring of the Snake","War Paint","Blue Candle","Calling Bell","StuffTheSpire:Gunfinga","Divine Protection","StuffTheSpire:NeowsTribute","Bird Faced Urn","Tough Bandages","Orichalcum","StuffTheSpire:GrapeVine"],"acts_visited":["Exordium","TheCity"],"potions_floor_usage":[5,6,16,24,30,31],"damage_taken":[{"damage":0,"enemies":"Small Slimes","floor":1,"turns":3},{"damage":9,"enemies":"Jaw Worm","floor":3,"turns":5},{"damage":2,"enemies":"2 Louse","floor":4,"turns":2},{"damage":3,"enemies":"Blue Slaver","floor":5,"turns":3},{"damage":9,"enemies":"Gremlin Nob","floor":6,"turns":4},{"damage":21,"enemies":"Slime Boss","floor":16,"turns":9},{"damage":0,"enemies":"Chosen","floor":18,"turns":6},{"damage":23,"enemies":"2 Thieves","floor":21,"turns":6},{"damage":0,"enemies":"Replay:Snechameleon","floor":24,"turns":7},{"damage":26,"enemies":"Sentry and Sphere","floor":25,"turns":8},{"damage":5,"enemies":"Centurion and Healer","floor":28,"turns":7},{"damage":58,"enemies":"Slavers","floor":29,"turns":6},{"damage":5,"enemies":"Chosen and Byrds","floor":30,"turns":8},{"damage":20,"enemies":"Shelled Parasite and Fungi","floor":31,"turns":3}],"seed_played":"5115029758648874528","potions_obtained":[{"floor":1,"key":"FearPotion"},{"floor":4,"key":"FearPotion"},{"floor":6,"key":"DistilledChaos"},{"floor":21,"key":"Swift Potion"},{"floor":29,"key":"Swift Potion"},{"floor":30,"key":"Adrenaline Potion"}],"is_trial":false,"path_per_floor":["M","?","M","M","M","E","?","R","T","R","?","$","R","?","R","B",null,"M","?","?","M","?","R","E","M","T","R","M","E","M","M"],"character_chosen":"THE_SILENT","items_purchased":["ReplayTheSpireMod:Scrap Shanks"],"campfire_rested":3,"item_purchase_floors":[12],"current_hp_per_floor":[70,70,61,59,56,47,47,68,68,68,68,68,68,68,68,47,70,70,70,70,48,48,69,70,44,44,65,64,8,7,0,0],"gold":164,"neow_bonus":"THREE_CARDS","is_daily":false,"chose_seed":false,"campfire_upgraded":3,"win_rate":0.0,"timestamp":1613804452,"path_taken":["M","?","M","M","M","E","?","R","T","R","?","?","R","?","R","BOSS","M","?","?","?","?","R","E","M","T","R","M","E","M","M"],"items_purchased_type":["Card"],"build_version":"2020-12-22","purchased_purges":1,"victory":false,"max_hp_per_floor":[70,70,70,70,70,70,70,70,70,70,70,70,70,70,70,70,70,70,70,70,70,70,70,70,70,70,70,70,70,70,70,70],"card_choices":[{"not_picked":["StuffTheSpire:Incursion","Underhanded Strike"],"picked":"Poisoned Stab","floor":0},{"not_picked":["Endless Agony","Heel Hook"],"picked":"Dagger Spray","floor":1},{"not_picked":["Underhanded Strike","StuffTheSpire:Fury"],"picked":"ReplayTheSpireMod:Tripwire","floor":3},{"not_picked":["Toxin Wave","PiercingWail"],"picked":"ReplayTheSpireMod:Speed Training","floor":4},{"not_picked":["Setup","Quick Slash"],"picked":"StuffTheSpire:MirrorStance","floor":5},{"not_picked":["Underhanded Strike","Heel Hook"],"picked":"Deadly Poison","floor":6},{"not_picked":["Bullet Time","Atom Bomb"],"picked":"ReplayTheSpireMod:Necrosis","floor":16},{"not_picked":["Choke","Endless Agony"],"picked":"StuffTheSpire:ReptileScales+1","floor":18},{"not_picked":["Prepared","Deadly Poison"],"picked":"StuffTheSpire:Python+1","floor":21},{"not_picked":["Bane+1","Well Laid Plans"],"picked":"Terror+1","floor":24},{"not_picked":["All Out Attack","Riddle With Holes","Setup"],"picked":"SKIP","floor":25},{"not_picked":["Leg Sweep+1","Blade Dance"],"picked":"Toxin Wave+1","floor":28},{"not_picked":["Deflect+1","Flying Knee"],"picked":"Noxious Fumes","floor":29},{"not_picked":["Deflect+1","ReplayTheSpireMod:From All Sides"],"picked":"StuffTheSpire:Injection+1","floor":30}],"player_experience":621439,"relics_obtained":[{"floor":6,"key":"War Paint"},{"floor":9,"key":"Blue Candle"},{"floor":17,"key":"StuffTheSpire:Gunfinga"},{"floor":17,"key":"Divine Protection"},{"floor":17,"key":"StuffTheSpire:NeowsTribute"},{"floor":24,"key":"Tough Bandages"},{"floor":26,"key":"Orichalcum"},{"floor":29,"key":"StuffTheSpire:GrapeVine"}],"event_choices":[{"cards_removed":["Strike_G"],"damage_healed":0,"gold_gain":0,"player_choice":"Card Removal","damage_taken":0,"max_hp_gain":0,"max_hp_loss":0,"event_name":"The Cleric","floor":2,"gold_loss":50},{"damage_healed":0,"gold_gain":0,"player_choice":"Ignored","damage_taken":0,"max_hp_gain":0,"max_hp_loss":0,"event_name":"Shining Light","floor":7,"gold_loss":0},{"damage_healed":0,"gold_gain":0,"player_choice":"Grow","damage_taken":0,"max_hp_gain":0,"max_hp_loss":0,"event_name":"Living Wall","floor":11,"gold_loss":0,"cards_upgraded":["Deadly Poison"]},{"damage_healed":0,"gold_gain":0,"player_choice":"Ignored","damage_taken":0,"max_hp_gain":0,"max_hp_loss":0,"event_name":"Liars Game","floor":14,"gold_loss":0},{"damage_healed":0,"gold_gain":0,"player_choice":"Ignored","damage_taken":0,"max_hp_gain":0,"max_hp_loss":0,"event_name":"Ghosts","floor":19,"gold_loss":0},{"damage_healed":0,"gold_gain":0,"player_choice":"Paid Gold","damage_taken":0,"relics_obtained":["Bird Faced Urn"],"max_hp_gain":0,"max_hp_loss":0,"event_name":"WeMeetAgain","floor":20,"gold_loss":119},{"damage_healed":0,"gold_gain":0,"player_choice":"Ignored","damage_taken":0,"max_hp_gain":0,"max_hp_loss":0,"event_name":"Vampires","floor":22,"gold_loss":0}],"is_beta":false,"boss_relics":[{"not_picked":["Velvet Choker","Snecko Scales"],"picked":"Calling Bell"}],"items_purged_floors":[12],"is_endless":false,"potions_floor_spawned":[1,4,6,21,29,30],"killed_by":"Shelled Parasite and Fungi","ascension_level":0}}