{"host":"w14xfy17z3c5mpoi","time":1613790638,"event":{"mods":["AchievementEnabler","BaseMod","Minty Spire (QoL Compilation)","Relic Stats"],"gold_per_floor":[109,59,72,86,102,127,127,158,158,158,170,187,218,15,15,113,113,126,396,409,428,7,7,37,37,86,99,99,128,128,163,163,258,258,278,278,278,298,298,298],"floor_reached":39,"language":"ENG","playtime":1670,"items_purged":["Defend_P"],"score":748,"play_id":"e655dc2c-6ac6-4fb2-8077-0385e0d9caab","local_time":"20210219221038","is_ascension_mode":true,"campfire_choices":[{"data":"Eruption","floor":7,"key":"SMITH"},{"floor":10,"key":"REST"},{"data":"Wallop","floor":15,"key":"SMITH"},{"floor":23,"key":"REST"},{"floor":25,"key":"REST"},{"floor":28,"key":"REST"},{"data":"Adaptation","floor":30,"key":"SMITH"},{"floor":32,"key":"REST"}],"circlet_count":0,"master_deck":["Eruption+1","Vigilance","EmptyFist","WheelKick","JustLucky","FlyingSleeves","SashWhip","Wallop+1","FollowUp","DeusExMachina","EmptyBody","ConjureBlade","Alpha","DeceiveReality","WheelKick","Halt","Vault","WheelKick","CrushJoints","Ragnarok","Adaptation+1","FearNoEvil","Scrawl","MasterReality","JustLucky+1","Devotion"],"relics":["PureWater","NeowsBlessing","WingedGreaves","Pen Nib","Oddly Smooth Stone","Matryoshka","Pandora\u0027s Box","Chemical X","Regal Pillow","Tiny Chest","Damaru","Akabeko","Vajra","VioletLotus"],"acts_visited":["Exordium","TheCity","TheBeyond"],"potions_floor_usage":[12,13,16,24,24,31,33,33,33,33,35],"damage_taken":[{"damage":0,"enemies":"2 Louse","floor":1,"turns":1},{"damage":0,"enemies":"Jaw Worm","floor":3,"turns":1},{"damage":0,"enemies":"Cultist","floor":4,"turns":1},{"damage":0,"enemies":"3 Louse","floor":5,"turns":2},{"damage":28,"enemies":"Lagavulin","floor":6,"turns":7},{"damage":18,"enemies":"3 Sentries","floor":8,"turns":7},{"damage":0,"enemies":"2 Fungi Beasts","floor":11,"turns":2},{"damage":0,"enemies":"Exordium Thugs","floor":12,"turns":2},{"damage":9,"enemies":"Gremlin Nob","floor":13,"turns":4},{"damage":0,"enemies":"Slime Boss","floor":16,"turns":3},{"damage":8,"enemies":"Chosen","floor":18,"turns":3},{"damage":11,"enemies":"Spheric Guardian","floor":20,"turns":3},{"damage":5,"enemies":"Centurion and Healer","floor":21,"turns":5},{"damage":23,"enemies":"Slavers","floor":24,"turns":4},{"damage":18,"enemies":"Snecko","floor":27,"turns":5},{"damage":13,"enemies":"Gremlin Leader","floor":29,"turns":5},{"damage":21,"enemies":"Slavers","floor":31,"turns":4},{"damage":39,"enemies":"Automaton","floor":33,"turns":7},{"damage":15,"enemies":"3 Darklings","floor":35,"turns":3},{"damage":14,"enemies":"3 Shapes","floor":38,"turns":3},{"damage":42,"enemies":"Sphere and 2 Shapes","floor":39,"turns":4}],"seed_played":"-3645683815621865867","potions_obtained":[{"floor":3,"key":"SpeedPotion"},{"floor":6,"key":"DistilledChaos"},{"floor":8,"key":"SteroidPotion"},{"floor":12,"key":"PowerPotion"},{"floor":18,"key":"BottledMiracle"},{"floor":24,"key":"PowerPotion"},{"floor":27,"key":"BlessingOfTheForge"},{"floor":38,"key":"EssenceOfSteel"}],"is_trial":false,"path_per_floor":["M","?","M","M","M","E","R","E","T","R","M","M","E","$","R","B",null,"M","?","M","M","$","R","E","R","T","M","R","E","R","E","R","B",null,"M","?","?","M","M"],"character_chosen":"WATCHER","items_purchased":["EntropicBrew","EmptyBody","Chemical X","Ragnarok","Adaptation","Strength Potion"],"campfire_rested":5,"item_purchase_floors":[14,14,22,22,22,22],"current_hp_per_floor":[65,65,65,65,65,37,37,19,19,40,40,40,31,31,31,31,62,54,27,16,11,11,32,9,45,45,27,63,50,50,29,65,26,61,46,46,46,32,0,0],"gold":298,"neow_bonus":"THREE_ENEMY_KILL","is_daily":false,"chose_seed":false,"campfire_upgraded":3,"win_rate":0.0,"timestamp":1613790638,"path_taken":["M","?","M","M","M","E","R","E","T","R","M","M","E","$","R","BOSS","M","?","?","M","$","R","E","R","T","M","R","E","R","E","R","BOSS","M","?","?","?","M"],"items_purchased_type":["Potion","Card","Relic","Card","Card","Potion"],"build_version":"2020-12-22","purchased_purges":1,"victory":false,"max_hp_per_floor":[72,72,72,72,72,72,72,72,72,72,72,72,72,72,72,72,72,72,72,72,72,72,72,72,72,72,72,72,72,72,72,72,72,72,72,72,72,72,72,72],"relic_stats":{"Regal Pillow":45,"counters":[21,76],"Pandora\u0027s Box":["Alpha","DeceiveReality","WheelKick","Halt","Vault","WheelKick"],"Tiny Chest":0,"Pen Nib":[10],"VioletLotus":[1],"Chemical X":[7],"obtain_stats":[{"Regal Pillow":24,"NeowsBlessing":0,"Oddly Smooth Stone":9,"Damaru":26,"Vajra":31,"Pen Nib":8,"Akabeko":29,"Matryoshka":13,"Pandora\u0027s Box":17,"Tiny Chest":26,"WingedGreaves":6,"VioletLotus":34,"Chemical X":22,"PureWater":0},{"Regal Pillow":14,"NeowsBlessing":0,"Oddly Smooth Stone":6,"Damaru":14,"Vajra":17,"Pen Nib":6,"Akabeko":16,"Matryoshka":9,"Pandora\u0027s Box":10,"Tiny Chest":14,"WingedGreaves":5,"VioletLotus":18,"Chemical X":13,"PureWater":0},{"Regal Pillow":45,"NeowsBlessing":0,"Oddly Smooth Stone":19,"Damaru":45,"Vajra":59,"Pen Nib":19,"Akabeko":55,"Matryoshka":27,"Pandora\u0027s Box":30,"Tiny Chest":45,"WingedGreaves":12,"VioletLotus":66,"Chemical X":41,"PureWater":0}]},"card_choices":[{"not_picked":["Evaluate","Pray"],"picked":"EmptyFist","floor":1},{"not_picked":["WaveOfTheHand","Perseverance"],"picked":"WheelKick","floor":3},{"not_picked":["Halt","ClearTheMind","EmptyBody"],"picked":"SKIP","floor":4},{"not_picked":["FlurryOfBlows","WheelKick"],"picked":"JustLucky","floor":5},{"not_picked":["EmptyFist","WheelKick"],"picked":"FlyingSleeves","floor":6},{"not_picked":["FlyingSleeves","WindmillStrike"],"picked":"SashWhip","floor":8},{"not_picked":["EmptyBody","EmptyFist"],"picked":"Wallop","floor":11},{"not_picked":["WaveOfTheHand","Crescendo"],"picked":"FollowUp","floor":12},{"not_picked":["CutThroughFate","Nirvana"],"picked":"DeusExMachina","floor":13},{"not_picked":["Establishment","Wish"],"picked":"ConjureBlade","floor":16},{"not_picked":["ClearTheMind","Evaluate+1"],"picked":"CrushJoints","floor":18},{"not_picked":["Crescendo","Halt+1","CarveReality"],"picked":"SKIP","floor":20},{"not_picked":["EmptyFist+1","FlurryOfBlows","Evaluate"],"picked":"SKIP","floor":21},{"not_picked":["SashWhip","Evaluate","FlurryOfBlows"],"picked":"SKIP","floor":24},{"not_picked":["FollowUp","SashWhip"],"picked":"CutThroughFate","floor":27},{"not_picked":["Conclude","WaveOfTheHand+1"],"picked":"FearNoEvil","floor":29},{"not_picked":["CrushJoints+1","CutThroughFate"],"picked":"Scrawl","floor":31},{"not_picked":["Establishment","Blasphemy"],"picked":"MasterReality","floor":33},{"not_picked":["Wireheading","ThirdEye"],"picked":"JustLucky+1","floor":35},{"not_picked":["EmptyBody","DeceiveReality+1"],"picked":"Devotion","floor":38}],"player_experience":714031,"relics_obtained":[{"floor":6,"key":"WingedGreaves"},{"floor":8,"key":"Pen Nib"},{"floor":9,"key":"Oddly Smooth Stone"},{"floor":13,"key":"Matryoshka"},{"floor":24,"key":"Regal Pillow"},{"floor":26,"key":"Tiny Chest"},{"floor":26,"key":"Damaru"},{"floor":29,"key":"Akabeko"},{"floor":31,"key":"Vajra"}],"event_choices":[{"cards_removed":["Defend_P"],"damage_healed":0,"gold_gain":0,"player_choice":"Card Removal","damage_taken":0,"max_hp_gain":0,"max_hp_loss":0,"event_name":"The Cleric","floor":2,"gold_loss":50},{"damage_healed":0,"gold_gain":270,"player_choice":"GOLD GOLD GOLD ","damage_taken":27,"max_hp_gain":0,"max_hp_loss":0,"event_name":"Knowing Skull","floor":19,"potions_obtained":[],"gold_loss":0,"cards_obtained":[]},{"cards_removed":["CutThroughFate"],"damage_healed":0,"gold_gain":0,"player_choice":"Removed Attack","damage_taken":0,"max_hp_gain":0,"max_hp_loss":0,"event_name":"Falling","floor":36,"gold_loss":0},{"damage_healed":0,"gold_gain":0,"player_choice":"Ignored","damage_taken":0,"max_hp_gain":0,"max_hp_loss":0,"event_name":"Tomb of Lord Red Mask","floor":37,"gold_loss":0}],"is_beta":false,"boss_relics":[{"not_picked":["Snecko Eye","Fusion Hammer"],"picked":"Pandora\u0027s Box"},{"not_picked":["Empty Cage","Velvet Choker"],"picked":"VioletLotus"}],"items_purged_floors":[14],"is_endless":false,"potions_floor_spawned":[3,6,8,12,18,24,27,38],"killed_by":"Sphere and 2 Shapes","ascension_level":8}}