{"host":"2pmmafybkq7zb6na","time":1613829221,"event":{"mods":["AchievementEnabler","BaseMod","Colored Map","Highlight Path","Keyboard Shortcuts","Minty Spire (QoL Compilation)","Quick Restart","StSLib","SuperFastMode"],"gold_per_floor":[115,115,134,134,146,146,171,61,61,61,76,88,88,100,100,205,205,185,185,185],"floor_reached":19,"language":"KOR","playtime":493,"items_purged":["Strike_R"],"score":211,"play_id":"a2c93185-eb97-4451-831e-995e2d684302","local_time":"20210220225341","is_ascension_mode":true,"campfire_choices":[{"data":"Bash","floor":6,"key":"SMITH"},{"floor":13,"key":"REST"},{"data":"Hemokinesis","floor":15,"key":"SMITH"}],"circlet_count":0,"master_deck":["Strike_R+1","Strike_R+1","Strike_R","Defend_R","Defend_R","Defend_R","Defend_R","Bash+1","Finesse+1","Intimidate+1","Hemokinesis+1","Dual Wield","True Grit","Berserk+1","Second Wind"],"relics":["Burning Blood","Frozen Egg 2","Whetstone","Kunai","Cursed Key"],"acts_visited":["Exordium","TheCity"],"potions_floor_usage":[7,16],"damage_taken":[{"damage":0,"enemies":"Cultist","floor":1,"turns":3},{"damage":19,"enemies":"Jaw Worm","floor":3,"turns":7},{"damage":6,"enemies":"2 Louse","floor":5,"turns":3},{"damage":8,"enemies":"Lagavulin","floor":7,"turns":5},{"damage":12,"enemies":"Exordium Thugs","floor":11,"turns":4},{"damage":4,"enemies":"Looter","floor":12,"turns":3},{"damage":2,"enemies":"2 Fungi Beasts","floor":14,"turns":3},{"damage":40,"enemies":"Slime Boss","floor":16,"turns":12},{"damage":22,"enemies":"2 Thieves","floor":18,"turns":4},{"damage":55,"enemies":"Masked Bandits","floor":19,"turns":3}],"seed_played":"-6180488052926317940","potions_obtained":[{"floor":5,"key":"BlessingOfTheForge"},{"floor":7,"key":"AttackPotion"},{"floor":12,"key":"BloodPotion"},{"floor":18,"key":"Regen Potion"}],"is_trial":false,"path_per_floor":["M","?","M","?","M","R","E","$","T","?","M","M","R","M","R","B",null,"M","?"],"character_chosen":"IRONCLAD","items_purchased":["Dual Wield"],"campfire_rested":1,"item_purchase_floors":[8],"current_hp_per_floor":[80,73,60,48,48,48,46,46,46,30,24,26,50,54,54,20,65,49,0,0],"gold":185,"neow_bonus":"RANDOM_COLORLESS","is_daily":false,"chose_seed":false,"campfire_upgraded":2,"win_rate":0.0,"timestamp":1613829221,"path_taken":["M","?","M","?","M","R","E","$","T","?","?","M","R","M","R","BOSS","M","?"],"items_purchased_type":["Card"],"build_version":"2020-12-22","purchased_purges":1,"victory":false,"max_hp_per_floor":[80,80,80,80,80,80,80,80,80,80,80,80,80,80,80,80,80,80,80,80],"card_choices":[{"not_picked":["Panacea","Good Instincts"],"picked":"Finesse","floor":0},{"not_picked":["Cleave","Warcry"],"picked":"Intimidate","floor":1},{"not_picked":["Anger","Infernal Blade"],"picked":"Hemokinesis","floor":3},{"not_picked":["Clothesline","Iron Wave","Metallicize+1"],"picked":"SKIP","floor":5},{"not_picked":["Headbutt","Thunderclap","Iron Wave"],"picked":"SKIP","floor":7},{"not_picked":["Wild Strike","Body Slam"],"picked":"True Grit","floor":11},{"not_picked":["Iron Wave","Sword Boomerang","Exhume"],"picked":"SKIP","floor":12},{"not_picked":["Cleave","Heavy Blade","Dark Embrace+1"],"picked":"SKIP","floor":14},{"not_picked":["Limit Break","Fiend Fire"],"picked":"Berserk+1","floor":16},{"not_picked":["Flex+1","Havoc"],"picked":"Second Wind","floor":18}],"player_experience":148315,"relics_obtained":[{"floor":7,"key":"Whetstone"},{"floor":9,"key":"Kunai"}],"event_choices":[{"cards_removed":["Strike_R"],"damage_healed":0,"gold_gain":0,"player_choice":"Card Removal","damage_taken":7,"max_hp_gain":0,"max_hp_loss":0,"event_name":"Golden Wing","floor":2,"gold_loss":0},{"damage_healed":0,"gold_gain":0,"player_choice":"Success","damage_taken":12,"relics_obtained":["Frozen Egg 2"],"max_hp_gain":0,"max_hp_loss":0,"event_name":"Scrap Ooze","floor":4,"gold_loss":0},{"damage_healed":0,"gold_gain":0,"player_choice":"Entered Light","damage_taken":16,"max_hp_gain":0,"max_hp_loss":0,"event_name":"Shining Light","floor":10,"gold_loss":0,"cards_upgraded":["Intimidate","Finesse"]},{"damage_healed":0,"gold_gain":0,"player_choice":"Fought Bandits","damage_taken":0,"max_hp_gain":0,"max_hp_loss":0,"event_name":"Masked Bandits","floor":19,"gold_loss":0}],"is_beta":false,"boss_relics":[{"not_picked":["SacredBark","Runic Dome"],"picked":"Cursed Key"}],"items_purged_floors":[8],"is_endless":false,"potions_floor_spawned":[5,7,12,18],"killed_by":"Masked Bandits","ascension_level":5}}