{"host":"eaiphzh066bwqdh7","time":1613859428,"event":{"mods":["AchievementEnabler","Aspiration","BaseMod","Bestiary","Better Note","Better Third Choice","Colored Powertips","Curses Come First","GifTheSpireLib","Halation","Highlight Path","Hubris","Infinite Spire","Minty Spire (QoL Compilation)","Quick Restart","Reliquary","Replay The Spire","StSLib","Stuff the Spire"],"gold_per_floor":[110,110,130,55,5,39,39,62,62,113,15,39,83,96,96,219,219,238,256,256,3,21,21,39,39,93,93,114,114,114,152,152,271,271,286,302,212,227,241,241,301,301,301,334,334,29,29,69,69,69],"floor_reached":51,"language":"ENG","playtime":2247,"items_purged":["Defend_G","Strike_G"],"score":960,"play_id":"1429db61-8a6f-4a8a-9387-5dae33fb97be","local_time":"20210220171708","is_ascension_mode":true,"campfire_choices":[{"floor":7,"key":"REST"},{"floor":15,"key":"REST"},{"floor":23,"key":"REST"},{"data":"Adrenaline","floor":27,"key":"SMITH"},{"data":"Noxious Fumes","floor":29,"key":"SMITH"},{"floor":32,"key":"REST"},{"floor":40,"key":"REST"},{"floor":42,"key":"REST"},{"floor":45,"key":"REST"},{"data":"Electrodynamics","floor":49,"key":"SMITH"}],"circlet_count":0,"master_deck":["Strike_G","Strike_G","Strike_G+1","Defend_G","Defend_G","Defend_G","Survivor","Neutralize","Deadly Poison","Bane","infinitespire:Neurotoxin","Poisoned Stab","Noxious Fumes+1","Deadly Poison","Backflip","Adrenaline+1","Steam+1","Backflip+1","Hello World+1","Ball Lightning","Electrodynamics+1","Quick Slash+1","Creative AI","Backflip+1","Buffer","Poisoned Stab+1","BootSequence"],"relics":["aspiration:RunicSpoon","Golden Idol","StuffTheSpire:Expresso","hubris:AncientText","Shuriken","ReplayFunnel","Pet Ghost","aspiration:DefectSkillbook","aspiration:Nostalgia","Replay:M_StaffOfTheSnake","StuffTheSpire:WitherSkull","halation:VictoryRuler","reliquary:BoilingFlask","halation:Toothbrush","halation:LettersToHer","Byrd Skull","infinitespire:PuzzleCube","Prayer Wheel"],"acts_visited":["Exordium","TheCity","TheBeyond"],"potions_floor_usage":[13,16,35,39,50],"damage_taken":[{"damage":4,"enemies":"Jaw Worm","floor":1,"turns":7},{"damage":5,"enemies":"Cultist","floor":3,"turns":4},{"damage":20,"enemies":"Gremlin Nob","floor":6,"turns":4},{"damage":0,"enemies":"Small Slimes","floor":8,"turns":3},{"damage":14,"enemies":"Looter","floor":12,"turns":3},{"damage":22,"enemies":"Lagavulin","floor":13,"turns":4},{"damage":0,"enemies":"Blue Slaver","floor":14,"turns":2},{"damage":33,"enemies":"Slime Boss","floor":16,"turns":7},{"damage":2,"enemies":"Shell Parasite","floor":18,"turns":4},{"damage":11,"enemies":"3 Byrds","floor":19,"turns":4},{"damage":10,"enemies":"Shelled Parasite and Fungi","floor":22,"turns":4},{"damage":0,"enemies":"Cultist and Chosen","floor":24,"turns":5},{"damage":0,"enemies":"Snecko","floor":28,"turns":3},{"damage":11,"enemies":"Book of Stabbing","floor":31,"turns":4},{"damage":19,"enemies":"hubris:MusketHawk","floor":33,"turns":6},{"damage":3,"enemies":"3 Shapes","floor":35,"turns":4},{"damage":41,"enemies":"3 Darklings","floor":36,"turns":4},{"damage":2,"enemies":"Transient","floor":38,"turns":5},{"damage":4,"enemies":"Jaw Worm Horde","floor":39,"turns":3},{"damage":3,"enemies":"Giant Head","floor":44,"turns":6},{"damage":0,"enemies":"Nemesis","floor":48,"turns":5},{"damage":9,"enemies":"hubris:GrandSnecko","floor":50,"turns":9}],"seed_played":"-6838527033669495865","potions_obtained":[{"floor":3,"key":"Poison Potion"},{"floor":6,"key":"FairyPotion"},{"floor":14,"key":"infinitespire:BlackPotion"},{"floor":18,"key":"FairyPotion"},{"floor":19,"key":"Swift Potion"},{"floor":33,"key":"AttackPotion"},{"floor":36,"key":"Elixir"},{"floor":38,"key":"AttackPotion"},{"floor":44,"key":"BlessingOfTheForge"}],"is_trial":false,"path_per_floor":["M","?","M","$","?","E","R","M","T","T","$","M","E","M","R","B",null,"M","M","?","$","M","R","M","?","T","R","M","R","?","E","R","B",null,"M","M","?","M","M","R","?","R","T","E","R","$","?","E","R","B",null],"character_chosen":"THE_SILENT","items_purchased":["Noxious Fumes","Deadly Poison","aspiration:Nostalgia","Byrd Skull"],"campfire_rested":7,"item_purchase_floors":[11,11,21,46],"current_hp_per_floor":[66,49,44,44,44,24,45,45,45,45,45,31,9,9,30,21,70,68,57,57,57,47,68,68,68,68,68,68,68,68,57,70,51,70,67,26,26,24,20,41,41,62,62,59,70,70,73,73,73,64],"gold":69,"neow_bonus":"BOSS_RELIC","is_daily":false,"chose_seed":false,"campfire_upgraded":3,"win_rate":0.0,"timestamp":1613859428,"path_taken":["M","?","M","$","?","E","R","?","T","?","$","M","E","?","R","BOSS","M","M","?","$","M","R","M","?","T","R","M","R","?","E","R","BOSS","M","M","?","?","M","R","?","R","T","E","R","$","?","E","R","BOSS"],"items_purchased_type":["Card","Card","Relic","Relic"],"build_version":"2020-12-22","purchased_purges":2,"victory":true,"max_hp_per_floor":[70,70,70,70,70,70,70,70,70,70,70,70,70,70,70,70,70,70,70,70,70,70,70,70,70,70,70,70,70,70,70,70,70,70,70,70,70,70,70,70,70,70,70,70,70,70,73,73,73,73],"card_choices":[{"not_picked":["Outmaneuver","Calculated Gamble"],"picked":"Deadly Poison","floor":1},{"not_picked":["Acrobatics","Dodge and Roll"],"picked":"Bane","floor":3},{"not_picked":["ReplayTheSpireMod:From All Sides","Expertise"],"picked":"infinitespire:Neurotoxin","floor":6},{"not_picked":["Deflect","Caltrops"],"picked":"Poisoned Stab","floor":8},{"not_picked":["Acrobatics","hubris:SlightOfHand"],"picked":"Backflip","floor":12},{"not_picked":["Deflect","Accuracy"],"picked":"Adrenaline","floor":13},{"not_picked":["Dodge and Roll","StuffTheSpire:Repulse","Masterful Stab"],"picked":"SKIP","floor":14},{"not_picked":["Redo","Heatsinks+1","Hidden Blade"],"picked":"Steam+1","floor":18},{"not_picked":["Cold Snap","StuffTheSpire:Python","hubris:Ukulele+1"],"picked":"Backflip+1","floor":19},{"not_picked":["StuffTheSpire:LoadUp","Deadly Poison","Dagger Spray"],"picked":"Hello World+1","floor":22},{"not_picked":["Rebound+1","Sweeping Beam","Barrage","JustLucky"],"picked":"SKIP","floor":24},{"not_picked":["Sucker Punch+1","Slice","Panic Button"],"picked":"Ball Lightning","floor":28},{"not_picked":["ReplayTheSpireMod:Omega Cannon","CutThroughFate","Skewer"],"picked":"Quick Slash+1","floor":31},{"not_picked":["StuffTheSpire:ForEach","Thunder Strike","Buffer"],"picked":"Creative AI","floor":33},{"not_picked":["Underhanded Strike+1","Hidden Blade+1","Rebound"],"picked":"Backflip+1","floor":35},{"not_picked":["Force Field","Compile Driver+1","Go for the Eyes+1"],"picked":"Buffer","floor":36},{"not_picked":["Ball Lightning+1","Redo+1","Dodge and Roll"],"picked":"Poisoned Stab+1","floor":38},{"not_picked":["StuffTheSpire:Fury+1","StuffTheSpire:Injection","Barrage+1","hubris:Sniper"],"picked":"SKIP","floor":39},{"not_picked":["Dodge and Roll","Deadly Poison","Biased Cognition","Noxious Fumes"],"picked":"SKIP","floor":44},{"not_picked":["Crystallizer+1","Dagger Spray+1","Masterful Stab"],"picked":"BootSequence","floor":48}],"player_experience":337193,"relics_obtained":[{"floor":6,"key":"hubris:AncientText"},{"floor":9,"key":"Shuriken"},{"floor":10,"key":"ReplayFunnel"},{"floor":13,"key":"Pet Ghost"},{"floor":26,"key":"StuffTheSpire:WitherSkull"},{"floor":31,"key":"halation:VictoryRuler"},{"floor":41,"key":"reliquary:BoilingFlask"},{"floor":43,"key":"halation:Toothbrush"},{"floor":44,"key":"halation:LettersToHer"},{"floor":48,"key":"infinitespire:PuzzleCube"}],"event_choices":[{"damage_healed":0,"gold_gain":0,"player_choice":"Take Damage","damage_taken":17,"relics_obtained":["Golden Idol"],"max_hp_gain":0,"max_hp_loss":0,"event_name":"Golden Idol","floor":2,"gold_loss":0},{"damage_healed":0,"gold_gain":0,"player_choice":"Paid Gold","damage_taken":0,"relics_obtained":["StuffTheSpire:Expresso"],"max_hp_gain":0,"max_hp_loss":0,"event_name":"WeMeetAgain","floor":5,"gold_loss":50},{"damage_healed":0,"gold_gain":0,"player_choice":"Ignored","damage_taken":0,"max_hp_gain":0,"max_hp_loss":0,"event_name":"Ghosts","floor":20,"gold_loss":0},{"damage_healed":0,"gold_gain":0,"player_choice":"Read","damage_taken":0,"max_hp_gain":0,"max_hp_loss":0,"event_name":"The Library","floor":30,"gold_loss":0,"cards_obtained":["Electrodynamics"]},{"cards_removed":["Defend_G"],"damage_healed":0,"gold_gain":0,"player_choice":"Upgrade and Remove","damage_taken":0,"max_hp_gain":0,"max_hp_loss":0,"event_name":"Designer","floor":37,"gold_loss":90,"cards_upgraded":["Strike_G"]},{"cards_removed":["Strike_G"],"damage_healed":0,"gold_gain":0,"player_choice":"Purged","damage_taken":0,"max_hp_gain":0,"max_hp_loss":0,"event_name":"Purifier","floor":47,"gold_loss":0}],"is_beta":false,"boss_relics":[{"not_picked":["Philosopher\u0027s Stone","halation:PlatinumPhoenix"],"picked":"aspiration:DefectSkillbook"},{"not_picked":["hubris:CrackedHourglass","Velvet Choker","hubris:TerracottaHorce"]}],"items_purged_floors":[4,21],"is_endless":false,"potions_floor_spawned":[3,6,14,18,19,33,36,38,44],"ascension_level":4}}