{"host":"lv7etzzgwahaenh9","time":1613795465,"event":{"mods":["AchievementEnabler","BaseMod","Colored Map","Colored Powertips","Highlight Path","Minty Spire (QoL Compilation)","Permanent Neow","Quick Restart","Random Character Button","StSLib"],"gold_per_floor":[117,135,149,165,135,135,163,163,163,174,193,218,228,256,256,357,357,368,368,368,388,388,388,417,417,470,52,67,98,140,155,155,259,259,273,273,273,273,322,352,352,352,352],"floor_reached":42,"language":"ENG","playtime":1526,"items_purged":["Strike_P"],"score":939,"play_id":"2347d128-abd0-40e2-8201-98c204093827","local_time":"20210219203105","is_ascension_mode":true,"campfire_choices":[{"data":"CrushJoints","floor":6.0,"key":"SMITH"},{"floor":8.0,"key":"REST"},{"data":"ForeignInfluence","floor":15.0,"key":"SMITH"},{"data":"Ghostly","floor":23,"key":"SMITH"},{"floor":32,"key":"REST"},{"data":"Ghostly","floor":41,"key":"SMITH"}],"circlet_count":0,"master_deck":["Strike_P","Strike_P","Strike_P","Defend_P","Defend_P","Defend_P","Eruption","Vigilance","WheelKick","CrushJoints+1","Conclude","BowlingBash","EmptyBody","ForeignInfluence+1","MasterReality","Evaluate","WindmillStrike","SandsOfTime","Ragnarok","WheelKick+1","Ghostly+1","Ghostly+1","Ghostly","Ghostly","Ghostly","CarveReality+1","Clumsy","Shame","Enlightenment+1","WaveOfTheHand+1","Evaluate+1","Wish+1","Alpha+1","Madness+1","Madness+1","Shame","Wallop+1"],"relics":["PureWater","Du-Vu Doll","Gremlin Horn","Mercury Hourglass","Blue Candle","Pantograph","Cursed Key","Enchiridion","Vajra","Toy Ornithopter","Toxic Egg 2","Centennial Puzzle","Orichalcum","Ginger","SlaversCollar","White Beast Statue","Molten Egg 2"],"acts_visited":["Exordium","TheCity","TheBeyond"],"potions_floor_usage":[24,24,28,29,42],"damage_taken":[{"damage":5.0,"enemies":"Jaw Worm","floor":1.0,"turns":4.0},{"damage":0.0,"enemies":"Cultist","floor":2.0,"turns":2.0},{"damage":0.0,"enemies":"Small Slimes","floor":3.0,"turns":2.0},{"damage":6.0,"enemies":"Looter","floor":4.0,"turns":3.0},{"damage":2.0,"enemies":"3 Sentries","floor":7.0,"turns":4.0},{"damage":0.0,"enemies":"2 Fungi Beasts","floor":10.0,"turns":1.0},{"damage":0.0,"enemies":"Large Slime","floor":11.0,"turns":2.0},{"damage":18.0,"enemies":"Gremlin Nob","floor":12.0,"turns":3.0},{"damage":9.0,"enemies":"Blue Slaver","floor":13.0,"turns":4.0},{"damage":7.0,"enemies":"Lagavulin","floor":14.0,"turns":7.0},{"damage":0.0,"enemies":"Slime Boss","floor":16.0,"turns":4.0},{"damage":5,"enemies":"Shell Parasite","floor":18,"turns":3},{"damage":0,"enemies":"Chosen","floor":21,"turns":2},{"damage":6,"enemies":"Book of Stabbing","floor":24,"turns":4},{"damage":0,"enemies":"Centurion and Healer","floor":28,"turns":4},{"damage":29,"enemies":"Slavers","floor":29,"turns":4},{"damage":1,"enemies":"Shelled Parasite and Fungi","floor":30,"turns":4},{"damage":0,"enemies":"Snecko","floor":31,"turns":3},{"damage":1,"enemies":"Champ","floor":33,"turns":8},{"damage":0,"enemies":"3 Darklings","floor":35,"turns":3},{"damage":2,"enemies":"Orb Walker","floor":39,"turns":5},{"damage":0,"enemies":"Reptomancer","floor":40,"turns":3},{"damage":34,"enemies":"Nemesis","floor":42,"turns":6}],"seed_played":"-4370316816763006766","potions_obtained":[{"floor":1.0,"key":"SmokeBomb"},{"floor":5.0,"key":"StancePotion"},{"floor":5.0,"key":"LiquidBronze"},{"floor":7.0,"key":"Strength Potion"},{"floor":10.0,"key":"CultistPotion"},{"floor":13.0,"key":"ColorlessPotion"},{"floor":14.0,"key":"ColorlessPotion"},{"floor":18,"key":"AttackPotion"},{"floor":24,"key":"Regen Potion"},{"floor":30,"key":"Explosive Potion"},{"floor":31,"key":"SkillPotion"},{"floor":39,"key":"StancePotion"}],"is_trial":false,"path_per_floor":["M","M","M","M","?","R","E","R","T","M","M","E","M","E","R","B",null,"M","?","?","M","?","R","E","T","T","$","M","E","M","M","R","B",null,"M","?","?","T","M","E","R","E"],"character_chosen":"WATCHER","items_purchased":["Enlightenment+1","WaveOfTheHand+1","Evaluate+1","Orichalcum"],"campfire_rested":2,"item_purchase_floors":[27,27,27,27],"current_hp_per_floor":[42,42,42,36,36,36,34,55,55,55,55,37,28,21,21,46,66,61,36,20,20,20,20,14,14,14,14,28,4,3,3,13,35,36,36,31,31,31,29,29,29,0,0],"gold":352,"neow_bonus":"ONE_RARE_RELIC","is_daily":false,"chose_seed":false,"campfire_upgraded":4,"win_rate":0.0,"timestamp":1613795465,"path_taken":["M","M","M","M","?","R","E","R","T","M","M","E","M","E","R","BOSS","M","?","?","M","?","R","E","?","T","$","M","E","M","M","R","BOSS","M","?","?","?","M","E","R","E"],"items_purchased_type":["Card","Card","Card","Relic"],"build_version":"2020-12-22","purchased_purges":1,"victory":false,"max_hp_per_floor":[72,72,72,72,72,72,72,72,72,72,72,72,72,72,72,72,72,72,36,36,36,36,36,36,36,36,36,36,36,36,36,36,36,36,36,36,36,36,36,36,36,36,36],"card_choices":[{"not_picked":["LikeWater","JustLucky"],"picked":"WheelKick","floor":1.0},{"not_picked":["ReachHeaven","Prostrate"],"picked":"CrushJoints","floor":2.0},{"not_picked":["Wireheading","DeceiveReality"],"picked":"Conclude","floor":3.0},{"not_picked":["Vengeance","PathToVictory"],"picked":"BowlingBash","floor":4.0},{"not_picked":["Crescendo","Nirvana"],"picked":"EmptyBody","floor":7.0},{"not_picked":["WaveOfTheHand","EmptyFist"],"picked":"ForeignInfluence","floor":10.0},{"not_picked":["Wireheading","Halt"],"picked":"MasterReality","floor":11.0},{"not_picked":["SandsOfTime","Adaptation"],"picked":"Evaluate","floor":12.0},{"not_picked":["FlyingSleeves","Prostrate"],"picked":"WindmillStrike","floor":13.0},{"not_picked":["BowlingBash","EmptyBody"],"picked":"SandsOfTime","floor":14.0},{"not_picked":["Judgement","Alpha"],"picked":"Ragnarok","floor":16.0},{"not_picked":["Study","FlurryOfBlows+1"],"picked":"WheelKick+1","floor":18},{"not_picked":["Protect","FlurryOfBlows"],"picked":"CarveReality+1","floor":21},{"not_picked":["MentalFortress","EmptyFist+1","Tantrum"],"picked":"SKIP","floor":24},{"not_picked":["Consecrate+1","EmptyBody+1","Tantrum"],"picked":"SKIP","floor":28},{"not_picked":["EmptyFist+1","FlyingSleeves+1"],"picked":"Wish+1","floor":29},{"not_picked":["Fasting2","Consecrate","ClearTheMind+1"],"picked":"SKIP","floor":30},{"not_picked":["EmptyBody+1","MentalFortress","FollowUp"],"picked":"SKIP","floor":31},{"not_picked":["Scrawl+1","Establishment"],"picked":"Alpha+1","floor":33},{"not_picked":["PathToVictory+1","InnerPeace+1","JustLucky+1"],"picked":"SKIP","floor":35},{"not_picked":["Crescendo+1","BowlingBash","FlyingSleeves+1"],"picked":"SKIP","floor":39},{"not_picked":["PathToVictory+1","Collect+1"],"picked":"Wallop+1","floor":40}],"player_experience":468542,"relics_obtained":[{"floor":7.0,"key":"Gremlin Horn"},{"floor":9.0,"key":"Mercury Hourglass"},{"floor":12.0,"key":"Blue Candle"},{"floor":14.0,"key":"Pantograph"},{"floor":20,"key":"Enchiridion"},{"floor":24,"key":"Toy Ornithopter"},{"floor":25,"key":"Toxic Egg 2"},{"floor":26,"key":"Centennial Puzzle"},{"floor":29,"key":"Ginger"},{"floor":38,"key":"White Beast Statue"},{"floor":40,"key":"Molten Egg 2"}],"event_choices":[{"damage_healed":0.0,"max_hp_gain":0.0,"max_hp_loss":0.0,"gold_gain":0.0,"event_name":"The Woman in Blue","player_choice":"Bought 2 Potions","floor":5.0,"gold_loss":0.0,"damage_taken":0.0},{"damage_healed":0,"gold_gain":0,"player_choice":"Became a Ghost","damage_taken":0,"max_hp_gain":0,"max_hp_loss":36,"event_name":"Ghosts","floor":19,"gold_loss":0,"cards_obtained":["Ghostly","Ghostly","Ghostly","Ghostly","Ghostly"]},{"damage_healed":0,"gold_gain":0,"player_choice":"Obtained Book","damage_taken":16,"max_hp_gain":0,"max_hp_loss":0,"event_name":"Cursed Tome","floor":20,"gold_loss":0},{"damage_healed":0,"gold_gain":0,"player_choice":"Opened","damage_taken":0,"relics_obtained":["Vajra"],"max_hp_gain":0,"max_hp_loss":0,"event_name":"The Mausoleum","floor":22,"gold_loss":0},{"damage_healed":0,"gold_gain":0,"player_choice":"Embrace Madness","damage_taken":5,"max_hp_gain":0,"max_hp_loss":0,"event_name":"Winding Halls","floor":36,"gold_loss":0,"cards_obtained":["Madness","Madness"]},{"cards_removed":["Defend_P"],"damage_healed":0,"gold_gain":0,"player_choice":"Removed Skill","damage_taken":0,"max_hp_gain":0,"max_hp_loss":0,"event_name":"Falling","floor":37,"gold_loss":0}],"is_beta":false,"boss_relics":[{"not_picked":["Astrolabe","Runic Pyramid"],"picked":"Cursed Key"},{"not_picked":["Velvet Choker","Fusion Hammer"],"picked":"SlaversCollar"}],"items_purged_floors":[27],"is_endless":false,"potions_floor_spawned":[1,7,10,13,14,18,24,30,31,39,40],"killed_by":"Nemesis","ascension_level":9}}