{"host":"rb2p2z6v6vieend5","time":1613857617,"event":{"mods":["BaseMod","Block Reminder","Colored Map","DeckTracker","Highlight Path","Minty Spire (QoL Compilation)","Random Character Button","Relic Stats"],"gold_per_floor":[118,193,193,55,66,91,91,119,119,150,150,166,180,196,196,273,273,292,292,317,334,348,348,348],"floor_reached":23,"language":"ENG","playtime":1484,"items_purged":[],"score":414,"play_id":"5763f980-2654-42ac-86b5-c395ddbbb782","local_time":"20210220224657","is_ascension_mode":true,"campfire_choices":[{"data":"Footwork","floor":7,"key":"SMITH"},{"floor":15,"key":"REST"}],"circlet_count":0,"master_deck":["AscendersBane","Strike_G+1","Strike_G+1","Strike_G+1","Strike_G+1","Defend_G+1","Defend_G+1","Defend_G+1","Defend_G+1","Defend_G+1","Survivor","Neutralize","Blade Dance","Bouncing Flask+1","Footwork+1","Cloak And Dagger","Masterful Stab","Catalyst+1","Dagger Spray","Backflip","Dash","Terror","Glass Knife","Blur","Cloak And Dagger","Footwork"],"relics":["Ring of the Snake","NeowsBlessing","Paper Crane","Potion Belt","Pear","War Paint","Black Star","Red Mask"],"acts_visited":["Exordium","TheCity"],"potions_floor_usage":[14,14,16,21,22,23,23,23],"damage_taken":[{"damage":0,"enemies":"Cultist","floor":1,"turns":1},{"damage":0,"enemies":"Small Slimes","floor":5,"turns":1},{"damage":0,"enemies":"Gremlin Nob","floor":6,"turns":1},{"damage":19,"enemies":"3 Sentries","floor":8,"turns":15},{"damage":17,"enemies":"Lagavulin","floor":10,"turns":7},{"damage":0,"enemies":"Jaw Worm","floor":12,"turns":5},{"damage":9,"enemies":"Gremlin Gang","floor":13,"turns":4},{"damage":0,"enemies":"Exordium Thugs","floor":14,"turns":3},{"damage":14,"enemies":"Slime Boss","floor":16,"turns":10},{"damage":0,"enemies":"3 Byrds","floor":18,"turns":5},{"damage":31,"enemies":"Masked Bandits","floor":20,"turns":9},{"damage":14,"enemies":"Spheric Guardian","floor":21,"turns":4},{"damage":4,"enemies":"Cultist and Chosen","floor":22,"turns":8},{"damage":27,"enemies":"Gremlin Leader","floor":23,"turns":9}],"seed_played":"-8559782565127503710","potions_obtained":[{"floor":6,"key":"DuplicationPotion"},{"floor":8,"key":"ColorlessPotion"},{"floor":12,"key":"Energy Potion"},{"floor":13,"key":"SteroidPotion"},{"floor":14,"key":"Weak Potion"},{"floor":16,"key":"Swift Potion"},{"floor":20,"key":"Fruit Juice"},{"floor":21,"key":"Swift Potion"},{"floor":22,"key":"CunningPotion"}],"is_trial":false,"path_per_floor":["M","?","?","$","M","E","R","E","T","E","?","M","M","M","R","B",null,"M","?","?","M","M","E"],"character_chosen":"THE_SILENT","items_purchased":["Bouncing Flask","Footwork"],"campfire_rested":1,"item_purchase_floors":[4,4],"current_hp_per_floor":[63,52,45,45,45,45,45,26,36,19,19,19,10,10,34,20,65,65,65,34,25,21,0,0],"gold":348,"neow_bonus":"THREE_ENEMY_KILL","is_daily":false,"chose_seed":false,"campfire_upgraded":1,"win_rate":0.0,"timestamp":1613857617,"path_taken":["M","?","?","$","M","E","R","E","T","E","?","M","?","M","R","BOSS","M","?","?","M","M","E"],"items_purchased_type":["Card","Card"],"build_version":"2020-12-22","purchased_purges":0,"victory":false,"max_hp_per_floor":[70,70,70,70,70,70,70,70,80,80,80,80,80,80,80,80,80,80,80,80,85,85,85,85],"relic_stats":{"counters":[14,82],"Black Star":0,"War Paint":["Defend_G","Catalyst"],"obtain_stats":[{"Potion Belt":8,"Pear":9,"NeowsBlessing":0,"Black Star":17,"Red Mask":20,"Paper Crane":6,"War Paint":10,"Ring of the Snake":0},{"Potion Belt":4,"Pear":4,"NeowsBlessing":0,"Black Star":9,"Red Mask":11,"Paper Crane":3,"War Paint":5,"Ring of the Snake":0},{"Potion Belt":18,"Pear":18,"NeowsBlessing":0,"Black Star":47,"Red Mask":61,"Paper Crane":3,"War Paint":25,"Ring of the Snake":0}],"Ring of the Snake":[28]},"card_choices":[{"not_picked":["Poisoned Stab","Finisher"],"picked":"Blade Dance","floor":1},{"not_picked":["Underhanded Strike","Heel Hook"],"picked":"Cloak And Dagger","floor":5},{"not_picked":["Bullet Time","Sucker Punch"],"picked":"Masterful Stab","floor":6},{"not_picked":["Predator","Bane"],"picked":"Catalyst","floor":8},{"not_picked":["Choke","Deflect"],"picked":"Dagger Spray","floor":10},{"not_picked":["PiercingWail","Dagger Spray"],"picked":"Backflip","floor":12},{"not_picked":["Deflect","Underhanded Strike"],"picked":"Dash","floor":13},{"not_picked":["Sucker Punch","Infinite Blades"],"picked":"Terror","floor":14},{"not_picked":["Phantasmal Killer","Die Die Die"],"picked":"Glass Knife","floor":16},{"not_picked":["Acrobatics","Prepared"],"picked":"Blur","floor":18},{"not_picked":["Accuracy","Flechettes"],"picked":"Cloak And Dagger","floor":20},{"not_picked":["Dagger Spray","Backflip"],"picked":"Footwork","floor":21},{"not_picked":["Accuracy","Acrobatics+1","Blade Dance"],"picked":"SKIP","floor":22}],"player_experience":786013,"relics_obtained":[{"floor":6,"key":"Paper Crane"},{"floor":8,"key":"Potion Belt"},{"floor":9,"key":"Pear"},{"floor":10,"key":"War Paint"},{"floor":20,"key":"Red Mask"}],"event_choices":[{"damage_healed":0,"gold_gain":75,"player_choice":"Gather Gold","damage_taken":11,"max_hp_gain":0,"max_hp_loss":0,"event_name":"World of Goop","floor":2,"gold_loss":0},{"cards_removed":["Strike_G"],"damage_healed":0,"gold_gain":0,"player_choice":"Card Removal","damage_taken":7,"max_hp_gain":0,"max_hp_loss":0,"event_name":"Golden Wing","floor":3,"gold_loss":0},{"damage_healed":0,"gold_gain":0,"player_choice":"Upgraded","damage_taken":0,"max_hp_gain":0,"max_hp_loss":0,"event_name":"Upgrade Shrine","floor":11,"gold_loss":0,"cards_upgraded":["Bouncing Flask"]},{"damage_healed":0,"gold_gain":0,"player_choice":"Simplicity","damage_taken":0,"max_hp_gain":0,"max_hp_loss":0,"event_name":"Back to Basics","floor":19,"gold_loss":0,"cards_upgraded":["Strike_G","Strike_G","Strike_G","Strike_G","Defend_G","Defend_G","Defend_G","Defend_G"]},{"damage_healed":0,"gold_gain":0,"player_choice":"Fought Bandits","damage_taken":0,"max_hp_gain":0,"max_hp_loss":0,"event_name":"Masked Bandits","floor":20,"gold_loss":0}],"is_beta":false,"boss_relics":[{"not_picked":["Ectoplasm","Tiny House"],"picked":"Black Star"}],"items_purged_floors":[],"is_endless":false,"potions_floor_spawned":[6,8,12,13,14,16,20,21,22],"killed_by":"Gremlin Leader","ascension_level":13}}