{"host":"ow66nzv2xecjoor3","time":1613861251,"event":{"mods":["BaseMod","Bestiary","Block Reminder","Colored Powertips","Curses Come First","Highlight Path","Keyboard Shortcuts","Minty Spire (QoL Compilation)","Permanent Neow","Relic Stats","StSLib","UnlockEverythingMod"],"gold_per_floor":[112,131,146,159,31,31,62,62,113,113,113,144,156,166,166,166,166],"floor_reached":16,"language":"ENG","playtime":633,"items_purged":["Strike_B"],"score":224,"play_id":"311d4846-8030-42ad-a87d-4e03f1cf8ad2","local_time":"20210220164731","is_ascension_mode":true,"campfire_choices":[{"data":"Compile Driver","floor":6.0,"key":"SMITH"},{"data":"Genetic Algorithm","floor":8.0,"key":"SMITH"},{"floor":11.0,"key":"REST"},{"data":"Redo","floor":15,"key":"SMITH"}],"circlet_count":0,"master_deck":["AscendersBane","Strike_B","Strike_B","Strike_B","Defend_B","Defend_B","Defend_B","Defend_B","Zap","Dualcast","Compile Driver+1","Genetic Algorithm+1","Redo+1","Rebound","Cold Snap","Cold Snap","Ball Lightning","Sunder"],"relics":["Nuclear Battery","Pantograph","Art of War"],"acts_visited":["Exordium"],"potions_floor_usage":[12,14,16],"damage_taken":[{"damage":7.0,"enemies":"2 Louse","floor":1.0,"turns":3.0},{"damage":1.0,"enemies":"Cultist","floor":2.0,"turns":4.0},{"damage":6.0,"enemies":"Jaw Worm","floor":3.0,"turns":4.0},{"damage":3.0,"enemies":"2 Fungi Beasts","floor":4.0,"turns":3.0},{"damage":30.0,"enemies":"3 Sentries","floor":7.0,"turns":7.0},{"damage":10,"enemies":"Lagavulin","floor":12,"turns":8},{"damage":0,"enemies":"Looter","floor":13,"turns":3},{"damage":5,"enemies":"Lots of Slimes","floor":14,"turns":3},{"damage":52,"enemies":"Hexaghost","floor":16,"turns":9}],"seed_played":"5526601421440875547","potions_obtained":[{"floor":2.0,"key":"DistilledChaos"},{"floor":3.0,"key":"AttackPotion"},{"floor":10.0,"key":"DuplicationPotion"},{"floor":12,"key":"ColorlessPotion"}],"is_trial":false,"path_per_floor":["M","M","M","M","$","R","E","R","T","?","R","E","M","M","R","B"],"character_chosen":"DEFECT","items_purchased":["FocusPotion"],"campfire_rested":1,"item_purchase_floors":[5],"current_hp_per_floor":[57,56,50,47,47,47,17,17,17,17,38,28,28,23,23,0,0],"gold":166,"neow_bonus":"BOSS_RELIC","is_daily":false,"chose_seed":false,"campfire_upgraded":3,"win_rate":0.0,"timestamp":1613861251,"path_taken":["M","M","M","M","$","R","E","R","T","?","R","E","M","M","R","BOSS"],"items_purchased_type":["Potion"],"build_version":"2020-12-22","purchased_purges":1,"victory":false,"max_hp_per_floor":[71,71,71,71,71,71,71,71,71,71,71,71,71,71,71,71,71],"relic_stats":{"counters":[9,44],"Pantograph":25,"Art of War":[1],"obtain_stats":[{"Pantograph":7,"Art of War":12,"Cracked Core":0,"Nuclear Battery":0},{"Pantograph":5,"Art of War":6,"Cracked Core":0,"Nuclear Battery":0},{"Pantograph":21,"Art of War":29,"Cracked Core":0,"Nuclear Battery":0}]},"card_choices":[{"not_picked":["Gash","Reprogram"],"picked":"Compile Driver","floor":1.0},{"not_picked":["Capacitor","Leap"],"picked":"Genetic Algorithm","floor":2.0},{"not_picked":["Hello World","Turbo"],"picked":"Redo","floor":3.0},{"not_picked":["White Noise","Thunder Strike"],"picked":"Rebound","floor":4.0},{"not_picked":["Storm","Thunder Strike"],"picked":"Cold Snap","floor":7.0},{"not_picked":["Sweeping Beam","Barrage"],"picked":"Cold Snap","floor":12},{"not_picked":["Redo","Stack"],"picked":"Ball Lightning","floor":13},{"not_picked":["Conserve Battery","Static Discharge"],"picked":"Sunder","floor":14}],"player_experience":2909188,"relics_obtained":[{"floor":7.0,"key":"Pantograph"},{"floor":12,"key":"Art of War"}],"event_choices":[{"damage_healed":0.0,"max_hp_gain":0.0,"max_hp_loss":0.0,"gold_gain":0.0,"event_name":"Lab","player_choice":"Got Potions","floor":10.0,"gold_loss":0.0,"damage_taken":0.0}],"is_beta":false,"boss_relics":[],"items_purged_floors":[5],"is_endless":false,"potions_floor_spawned":[2,3,12,13],"killed_by":"Hexaghost","ascension_level":20}}