{"host":"y9sq25med6ebkxz5","time":1613828240,"event":{"mods":["2.2 Compatiblity","AchievementEnabler","BaseMod","Card Forge","Colored Map","Colored Powertips","DeckTracker","Friendly Minions","Minty Spire (QoL Compilation)","Permanent Neow","Remove Card Discount Mod","Shop Mod","StSLib","SuperFastMode","Thrall Mod","WarShipGirlsR/??á´Ò³R mod"],"gold_per_floor":[111,123,123,123,123,123,156,156,183,200,375,450,462,481,481,579,629,642,193,209,221,241,241,241],"floor_reached":23,"language":"KOR","playtime":871,"items_purged":[],"score":280,"play_id":"826c3ce5-6c82-4f57-8618-cf3af6959059","local_time":"20210220223720","is_ascension_mode":true,"campfire_choices":[{"floor":6,"key":"RECALL"},{"floor":8,"key":"REST"},{"floor":15,"key":"REST"}],"circlet_count":0,"master_deck":["Strike_Thrall+1","Strike_Thrall+1","Defend_Thrall+1","Defend_Thrall+1","Lightningbolt+1","Thecoin+1","Panache+1","Blazing+1","Thecoin+1","Shudderwock+1","Witchsapprentice+1","Reincarnate+1","Thestormbringer+1","Jadelightning+1","Blazing+1","Jack Of All Trades+1","Dunemaul+1","Hagatha+1"],"relics":["Totem","Hammer of Thor","Seething Fire","Anvil of the Gods","PreservedInsect","Eternal Feather","MerchantsRug","Potion Belt","OrangePellets"],"acts_visited":["Exordium","TheCity"],"potions_floor_usage":[2,16,23],"damage_taken":[{"damage":7,"enemies":"Jaw Worm","floor":1,"turns":4},{"damage":1,"enemies":"Small Slimes","floor":2,"turns":3},{"damage":19,"enemies":"Gremlin Nob","floor":7,"turns":4},{"damage":6,"enemies":"Cultist","floor":10,"turns":4},{"damage":0,"enemies":"Exordium Wildlife","floor":13,"turns":2},{"damage":0,"enemies":"Red Slaver","floor":14,"turns":3},{"damage":43,"enemies":"Slime Boss","floor":16,"turns":8},{"damage":12,"enemies":"2 Thieves","floor":18,"turns":2},{"damage":0,"enemies":"3 Byrds","floor":20,"turns":2},{"damage":24,"enemies":"Snake Plant","floor":21,"turns":3},{"damage":26,"enemies":"Sentry and Sphere","floor":22,"turns":5},{"damage":0,"enemies":"Slavers","floor":23,"turns":1}],"seed_played":"8232771224804479349","potions_obtained":[{"floor":1,"key":"Fruit Juice"},{"floor":10,"key":"Block Potion"},{"floor":14,"key":"GamblersBrew"},{"floor":17,"key":"AttackPotion"},{"floor":18,"key":"ColorlessPotion"},{"floor":21,"key":"Block Potion"}],"is_trial":false,"path_per_floor":["M","M","?","?","$","R","E","R","T","M","?","?","M","M","R","B",null,"M","$","M","M","M","E"],"character_chosen":"THRALL","items_purchased":["MerchantsRug","Jack Of All Trades","Potion Belt","OrangePellets"],"campfire_rested":2,"item_purchase_floors":[19,19,19,19],"current_hp_per_floor":[58,64,64,64,64,64,45,68,68,62,62,51,53,55,68,31,64,52,52,54,30,9,9,9],"gold":241,"neow_bonus":"RANDOM_COLORLESS_2","is_daily":false,"chose_seed":false,"campfire_upgraded":0,"win_rate":0.0,"timestamp":1613828240,"path_taken":["M","M","?","?","$","R","E","R","T","M","?","?","?","M","R","BOSS","M","$","M","M","M","E"],"items_purchased_type":["Relic","Card","Relic","Relic"],"build_version":"2020-12-22","purchased_purges":0,"victory":false,"max_hp_per_floor":[63,68,68,68,68,68,68,68,68,68,68,68,68,68,68,68,73,73,73,73,73,73,73,73],"card_choices":[{"not_picked":["Metamorphosis","Transmutation"],"picked":"Panache","floor":0},{"not_picked":["Healingrain","Thingfrombelow"],"picked":"Blazing","floor":1},{"not_picked":["Jadecheiftain","Forkedlightning"],"picked":"Thecoin","floor":2},{"not_picked":["Rumblingelemental","Elementaryreaction"],"picked":"Shudderwock","floor":7},{"not_picked":["Drakkaridefender","Farsight"],"picked":"Witchsapprentice","floor":10},{"not_picked":["Spiritofthefrog","Fireelemental"],"picked":"Reincarnate","floor":13},{"not_picked":["Crackle","Frostshock","Earthshock"],"picked":"SKIP","floor":14},{"not_picked":["Shudderwock","Lavaburst"],"picked":"Thestormbringer","floor":16},{"not_picked":["Murksparkeel","Vitalitytotem"],"picked":"Jadelightning","floor":17},{"not_picked":["Fireelemental","Jinyu+1"],"picked":"Blazing","floor":18},{"not_picked":["Elementaryreaction","Zap","Lightningstorm"],"picked":"SKIP","floor":20},{"not_picked":["Jinyu+1","Rumblingelemental"],"picked":"Dunemaul","floor":21},{"not_picked":["Rumblingelemental","Witchsapprentice"],"picked":"Hagatha","floor":22}],"player_experience":469101,"relics_obtained":[{"floor":7,"key":"Eternal Feather"}],"event_choices":[{"damage_healed":0,"gold_gain":0,"player_choice":"Ignored","damage_taken":0,"max_hp_gain":0,"max_hp_loss":0,"event_name":"Shining Light","floor":3,"gold_loss":0},{"damage_healed":0,"gold_gain":0,"player_choice":"Box","damage_taken":0,"relics_obtained":["PreservedInsect"],"max_hp_gain":0,"max_hp_loss":0,"event_name":"Big Fish","floor":4,"gold_loss":0,"cards_obtained":["Regret"]},{"damage_healed":0,"gold_gain":175,"player_choice":"AGREE","damage_taken":0,"max_hp_gain":0,"max_hp_loss":0,"event_name":"Liars Game","floor":11,"gold_loss":0,"cards_obtained":["Doubt"]},{"damage_healed":0,"gold_gain":75,"player_choice":"Gather Gold","damage_taken":11,"max_hp_gain":0,"max_hp_loss":0,"event_name":"World of Goop","floor":12,"gold_loss":0}],"is_beta":false,"boss_relics":[{"not_picked":["SlaversCollar","Runic Dome"],"picked":"Tiny House"}],"items_purged_floors":[],"is_endless":false,"potions_floor_spawned":[1,10,14,18,21],"killed_by":"Slavers","ascension_level":9}}