{"host":"l3lzhw5qete3bz2v","time":1613821750,"event":{"mods":["BaseMod","Colored Map","Colored Powertips","Minty Spire (QoL Compilation)","StSLib","SuperFastMode"],"gold_per_floor":[114,189,189,202,152,152,203,203,203],"floor_reached":8,"language":"JPN","playtime":174,"items_purged":[],"score":57,"play_id":"326b2ce3-9639-4eb2-8f40-768154397e6e","local_time":"20210220204910","is_ascension_mode":true,"campfire_choices":[{"data":"Undo","floor":6,"key":"SMITH"}],"circlet_count":0,"master_deck":["Strike_B","Strike_B","Defend_B","Defend_B","Defend_B","Defend_B","Zap","Dualcast","BootSequence","BootSequence","Undo+1","Clumsy"],"relics":["Cursed Key","Oddly Smooth Stone"],"acts_visited":["Exordium"],"potions_floor_usage":[],"damage_taken":[{"damage":7.0,"enemies":"Jaw Worm","floor":1.0,"turns":3.0},{"damage":0,"enemies":"2 Louse","floor":4,"turns":2},{"damage":61,"enemies":"Gremlin Nob","floor":8,"turns":5}],"seed_played":"699703085759038164","potions_obtained":[{"floor":1.0,"key":"Fruit Juice"}],"is_trial":false,"path_per_floor":["M","?","?","M","?","R","T","E"],"character_chosen":"DEFECT","items_purchased":[],"campfire_rested":0,"item_purchase_floors":[],"current_hp_per_floor":[61,50,50,50,50,50,50,0,0],"gold":203,"neow_bonus":"BOSS_RELIC","is_daily":false,"chose_seed":false,"campfire_upgraded":1,"win_rate":0.0,"timestamp":1613821750,"path_taken":["M","?","?","M","?","R","?","E"],"items_purchased_type":[],"build_version":"2020-12-22","purchased_purges":0,"victory":false,"max_hp_per_floor":[75,75,75,75,75,75,75,75,75],"card_choices":[{"not_picked":["Redo","Go for the Eyes"],"picked":"BootSequence","floor":1.0},{"not_picked":["Hologram","Skim"],"picked":"Undo","floor":4}],"player_experience":128607,"relics_obtained":[{"floor":7,"key":"Oddly Smooth Stone"}],"event_choices":[{"damage_healed":0.0,"max_hp_gain":0.0,"max_hp_loss":0.0,"gold_gain":75.0,"event_name":"World of Goop","player_choice":"Gather Gold","floor":2.0,"gold_loss":0.0,"damage_taken":11.0},{"damage_healed":0.0,"max_hp_gain":0.0,"max_hp_loss":0.0,"gold_gain":0.0,"cards_transformed":["Strike_B"],"event_name":"Living Wall","player_choice":"Change","floor":3.0,"gold_loss":0.0,"damage_taken":0.0,"cards_obtained":["BootSequence"]},{"cards_removed":["Strike_B"],"damage_healed":0,"gold_gain":0,"player_choice":"Card Removal","damage_taken":0,"max_hp_gain":0,"max_hp_loss":0,"event_name":"The Cleric","floor":5,"gold_loss":50}],"is_beta":false,"boss_relics":[],"items_purged_floors":[],"is_endless":false,"potions_floor_spawned":[1],"killed_by":"Gremlin Nob","ascension_level":6}}