{"host":"en4narc5947t7k9n","time":1613790791,"event":{"mods":["AchievementEnabler","BaseMod","Colored Map","Minty Spire (QoL Compilation)","SuperFastMode"],"gold_per_floor":[111,123,138,152,26,59,59,70,143,143,93,18,38,101,101,205,205,218,92,110,10,21,21,21,21,21],"floor_reached":25,"language":"KOR","playtime":1581,"items_purged":["Strike_B","Defend_B"],"score":203,"play_id":"24754c0e-0227-430e-a7b8-948a04114d5c","local_time":"20210220121311","is_ascension_mode":false,"campfire_choices":[{"floor":7,"key":"RECALL"},{"floor":10,"key":"REST"},{"data":"Zap","floor":15,"key":"SMITH"},{"data":"Seek","floor":23,"key":"SMITH"}],"circlet_count":0,"master_deck":["Strike_B","Strike_B","Defend_B","Defend_B","Defend_B","Zap+1","Dualcast","BootSequence","Redo","FTL","Beam Cell","Capacitor","Barrage","Storm","Rebound","Gash","Undo","Seek+1","Leap+1","Self Repair","Ball Lightning","Hologram","Self Repair"],"relics":["Cracked Core","NeowsBlessing","InkBottle","Gambling Chip","SlaversCollar"],"acts_visited":["Exordium","TheCity"],"potions_floor_usage":[6,16,16,16],"damage_taken":[{"damage":0,"enemies":"Cultist","floor":1,"turns":1},{"damage":0,"enemies":"Small Slimes","floor":2,"turns":1},{"damage":0,"enemies":"Jaw Worm","floor":3,"turns":1},{"damage":3,"enemies":"2 Fungi Beasts","floor":4,"turns":3},{"damage":30,"enemies":"Lagavulin","floor":6,"turns":5},{"damage":15,"enemies":"3 Louse","floor":8,"turns":4},{"damage":10,"enemies":"Exordium Wildlife","floor":13,"turns":4},{"damage":26,"enemies":"3 Sentries","floor":14,"turns":6},{"damage":12,"enemies":"The Guardian","floor":16,"turns":8},{"damage":22,"enemies":"Spheric Guardian","floor":18,"turns":6},{"damage":25,"enemies":"2 Thieves","floor":20,"turns":4},{"damage":32,"enemies":"Snecko","floor":22,"turns":7},{"damage":19,"enemies":"Slavers","floor":25,"turns":3}],"seed_played":"-5501857035368112920","potions_obtained":[{"floor":1,"key":"LiquidMemories"},{"floor":2,"key":"FocusPotion"},{"floor":13,"key":"EssenceOfDarkness"},{"floor":14,"key":"Swift Potion"},{"floor":18,"key":"SmokeBomb"}],"is_trial":false,"path_per_floor":["M","M","M","M","$","E","R","M","T","R","?","$","M","?","R","B",null,"M","$","M","$","M","R","$","E"],"character_chosen":"DEFECT","items_purchased":["Capacitor","Barrage","Self Repair","Ball Lightning"],"campfire_rested":1,"item_purchase_floors":[5,5,19,19],"current_hp_per_floor":[75,75,75,72,72,42,42,27,27,49,49,49,39,13,13,1,75,53,53,35,35,10,10,10,0,0],"gold":21,"neow_bonus":"THREE_ENEMY_KILL","is_daily":false,"chose_seed":false,"campfire_upgraded":2,"win_rate":0.0,"timestamp":1613790791,"path_taken":["M","?","?","M","?","E","R","M","T","R","?","$","M","?","R","BOSS","M","$","M","$","M","R","$","E"],"items_purchased_type":["Card","Card","Card","Card"],"build_version":"2020-12-22","purchased_purges":2,"victory":false,"max_hp_per_floor":[75,75,75,75,75,75,75,75,75,75,75,75,75,75,75,75,75,75,75,75,75,75,75,75,75,75],"card_choices":[{"not_picked":["Auto Shields","Reprogram"],"picked":"BootSequence","floor":1},{"not_picked":["Sweeping Beam","Steam"],"picked":"Redo","floor":2},{"not_picked":["Aggregate","Gash"],"picked":"FTL","floor":3},{"not_picked":["Consume","Coolheaded"],"picked":"Beam Cell","floor":4},{"not_picked":["Steam","Undo"],"picked":"Storm","floor":6},{"not_picked":["Steam","Go for the Eyes"],"picked":"Rebound","floor":8},{"not_picked":["Rebound","Redo"],"picked":"Gash","floor":13},{"not_picked":["Steam","Go for the Eyes"],"picked":"Undo","floor":14},{"not_picked":["Amplify","Rainbow"],"picked":"Seek","floor":16},{"not_picked":["Darkness","Cold Snap"],"picked":"Leap+1","floor":18},{"not_picked":["Beam Cell","FTL"],"picked":"Hologram","floor":20},{"not_picked":["Defragment+1","Hologram"],"picked":"Self Repair","floor":22}],"player_experience":95234,"relics_obtained":[{"floor":6,"key":"InkBottle"},{"floor":14,"key":"Gambling Chip"}],"event_choices":[{"cards_removed":["Strike_B"],"damage_healed":0,"gold_gain":0,"player_choice":"Card Removal","damage_taken":0,"max_hp_gain":0,"max_hp_loss":0,"event_name":"The Cleric","floor":11,"gold_loss":50},{"damage_healed":0,"gold_gain":30,"player_choice":"Searched \u00272\u0027 times","damage_taken":0,"max_hp_gain":0,"max_hp_loss":0,"event_name":"Dead Adventurer","floor":14,"gold_loss":0}],"is_beta":false,"boss_relics":[{"not_picked":["Ectoplasm","SacredBark"],"picked":"SlaversCollar"}],"items_purged_floors":[12,21],"is_endless":false,"potions_floor_spawned":[1,2,13,14,18],"killed_by":"Slavers","ascension_level":0}}