{"host":"prxrhpgaxnj4om9r","time":1613825814,"event":{"mods":["AchievementEnabler","BaseMod","Colored Map","DeckTracker","Minty Spire (QoL Compilation)"],"gold_per_floor":[116,135,210,56,56,87,98,98,146,166,179,194,194,212,212,317,317,305,318,131,145,145,145,145,172,172,203,214,233,79,108,108,108,108],"floor_reached":33,"language":"KOR","playtime":1445,"items_purged":[],"score":314,"play_id":"5740b3ed-8c1c-4c20-8ea9-70d8041116af","local_time":"20210220215654","is_ascension_mode":false,"campfire_choices":[{"data":"Zap","floor":8,"key":"SMITH"},{"data":"Sunder","floor":13,"key":"SMITH"},{"data":"Sucker Punch","floor":15,"key":"SMITH"},{"floor":23,"key":"REST"},{"floor":32,"key":"REST"}],"circlet_count":0,"master_deck":["Zap+1","Dualcast","Go for the Eyes","Sunder+1","Leap","Genetic Algorithm","Sucker Punch+1","Prepared","Bloodletting","Backflip","Bullet Time","Steam Power","Beam Cell","Seek","BootSequence","Blizzard+1","Echo Form","Echo Form","Go for the Eyes+1","PiercingWail","Hello World","Barrage","Sweeping Beam","Inflame","Seeing Red+1","Body Slam"],"relics":["Cracked Core","NeowsBlessing","PrismaticShard","DataDisk","Ancient Tea Set","Tiny Chest","Pandora\u0027s Box","Lee\u0027s Waffle","Cables","Whetstone","Toy Ornithopter","Bag of Marbles"],"acts_visited":["Exordium","TheCity"],"potions_floor_usage":[14,14,16,19,27,31,31],"damage_taken":[{"damage":0,"enemies":"Cultist","floor":1,"turns":1},{"damage":0,"enemies":"2 Louse","floor":2,"turns":1},{"damage":0,"enemies":"Gremlin Nob","floor":6,"turns":1},{"damage":8,"enemies":"Jaw Worm","floor":7,"turns":2},{"damage":9,"enemies":"Red Slaver","floor":10,"turns":3},{"damage":0,"enemies":"2 Fungi Beasts","floor":11,"turns":2},{"damage":1,"enemies":"Looter","floor":12,"turns":3},{"damage":0,"enemies":"Exordium Wildlife","floor":14,"turns":2},{"damage":43,"enemies":"Hexaghost","floor":16,"turns":11},{"damage":12,"enemies":"2 Thieves","floor":18,"turns":4},{"damage":0,"enemies":"Chosen","floor":19,"turns":4},{"damage":42,"enemies":"Snake Plant","floor":21,"turns":6},{"damage":16,"enemies":"Book of Stabbing","floor":27,"turns":4},{"damage":0,"enemies":"3 Cultists","floor":28,"turns":4},{"damage":25,"enemies":"Shelled Parasite and Fungi","floor":29,"turns":5},{"damage":24,"enemies":"Slavers","floor":31,"turns":4},{"damage":33,"enemies":"Automaton","floor":33,"turns":5}],"seed_played":"1973933477869820804","potions_obtained":[{"floor":2,"key":"PotionOfCapacity"},{"floor":7,"key":"SpeedPotion"},{"floor":10,"key":"Swift Potion"},{"floor":12,"key":"Explosive Potion"},{"floor":14,"key":"Weak Potion"},{"floor":16,"key":"Strength Potion"},{"floor":18,"key":"PowerPotion"},{"floor":27,"key":"SteroidPotion"},{"floor":29,"key":"Dexterity Potion"}],"is_trial":false,"path_per_floor":["M","M","?","$","?","E","M","R","T","M","M","M","R","M","R","B",null,"M","M","$","M","?","R","?","T","T","E","M","M","$","E","R","B"],"character_chosen":"DEFECT","items_purchased":["PrismaticShard","Lee\u0027s Waffle","Hello World","Toy Ornithopter"],"campfire_rested":2,"item_purchase_floors":[4,20,20,30],"current_hp_per_floor":[75,75,64,64,64,64,56,56,56,47,47,46,46,46,46,3,75,63,63,82,40,40,64,64,64,64,48,48,23,23,9,33,0,0],"gold":108,"neow_bonus":"THREE_ENEMY_KILL","is_daily":false,"chose_seed":false,"campfire_upgraded":3,"win_rate":0.0,"timestamp":1613825814,"path_taken":["M","?","?","$","?","E","M","R","T","M","M","?","R","M","R","BOSS","M","M","$","M","?","R","?","?","T","E","M","M","$","E","R","BOSS"],"items_purchased_type":["Relic","Relic","Card","Relic"],"build_version":"2020-12-22","purchased_purges":0,"victory":false,"max_hp_per_floor":[75,75,75,75,75,75,75,75,75,75,75,75,75,75,75,75,75,75,75,82,82,82,82,82,82,82,82,82,82,82,82,82,82,82],"card_choices":[{"not_picked":["Barrage","Compile Driver"],"picked":"Go for the Eyes","floor":1},{"not_picked":["Streamline","Scrape"],"picked":"Sunder","floor":2},{"not_picked":["Well Laid Plans","EmptyMind"],"picked":"Leap","floor":6},{"not_picked":["FollowUp","Choke"],"picked":"Genetic Algorithm","floor":7},{"not_picked":["Sentinel","Coolheaded"],"picked":"Sucker Punch","floor":10},{"not_picked":["Riddle With Holes","Malaise"],"picked":"Prepared","floor":11},{"not_picked":["WheelKick","Reprogram"],"picked":"Bloodletting","floor":12},{"not_picked":["CutThroughFate","BowlingBash"],"picked":"Backflip","floor":14},{"not_picked":["Grand Finale","Magnetism"],"picked":"Bullet Time","floor":16},{"not_picked":["Protect","Halt"],"picked":"PiercingWail","floor":18},{"not_picked":["Barrage","Outmaneuver","Heatsinks"],"picked":"SKIP","floor":19},{"not_picked":["Ghostly Armor","PiercingWail+1"],"picked":"Barrage","floor":21},{"not_picked":["Twin Strike","Heatsinks"],"picked":"Sweeping Beam","floor":27},{"not_picked":["Barrage","Thunderclap"],"picked":"Inflame","floor":28},{"not_picked":["Havoc+1","Tempest+1"],"picked":"Seeing Red+1","floor":29},{"not_picked":["CrushJoints","DeceiveReality+1"],"picked":"Body Slam","floor":31}],"player_experience":557087,"relics_obtained":[{"floor":6,"key":"Ancient Tea Set"},{"floor":9,"key":"Tiny Chest"},{"floor":26,"key":"Cables"},{"floor":27,"key":"Whetstone"},{"floor":31,"key":"Bag of Marbles"}],"event_choices":[{"damage_healed":0,"gold_gain":75,"player_choice":"Gather Gold","damage_taken":11,"max_hp_gain":0,"max_hp_loss":0,"event_name":"World of Goop","floor":3,"gold_loss":0},{"damage_healed":0,"gold_gain":0,"player_choice":"Gave Potion","damage_taken":0,"relics_obtained":["DataDisk"],"max_hp_gain":0,"max_hp_loss":0,"event_name":"WeMeetAgain","floor":5,"gold_loss":0},{"damage_healed":0,"gold_gain":0,"player_choice":"Ignored","damage_taken":0,"max_hp_gain":0,"max_hp_loss":0,"event_name":"Beggar","floor":22,"gold_loss":0},{"damage_healed":0,"gold_gain":0,"player_choice":"Ignored","damage_taken":0,"max_hp_gain":0,"max_hp_loss":0,"event_name":"Vampires","floor":24,"gold_loss":0}],"is_beta":false,"boss_relics":[{"not_picked":["Empty Cage","Nuclear Battery"],"picked":"Pandora\u0027s Box"}],"items_purged_floors":[],"is_endless":false,"potions_floor_spawned":[2,7,10,12,14,16,18,27,29],"killed_by":"Automaton","ascension_level":0}}