{"host":"zksvs3x2ysy9npnz","time":1613838425,"event":{"mods":["Aspiration","BaseMod","Beaked The Cultist","BetterRewards","Clockwork Mod","Colored Map","Conspire","Downfall","Halation","Highlight Path","Hubris","Infinite Spire","Jedi Mod","Magitek Elite","Minty Spire (QoL Compilation)","Permanent Neow","Quick Restart","Relic Stats","Shop Mod","StSLib","The Runesmith","The Witch"],"gold_per_floor":[112,124,124,124,124,124,165,190,190,209,224,224,247,32,32,131,131,146,46,90,113,151,151,151,175,199,199,220,220,238,238,238,333,333,347,366,391,6,30,30,50,50,50,84,103,103,127,160,160,160],"floor_reached":51,"language":"FRA","playtime":4112,"items_purged":["Injury","Runesmith:Strike_RS","Runesmith:Strike_RS+1","Runesmith:CraftMedicinae"],"score":1309,"play_id":"6812d36b-a327-47fd-a823-ae17641c7582","local_time":"20210220172705","is_ascension_mode":true,"campfire_choices":[{"floor":6,"key":"REST"},{"floor":12,"key":"REST"},{"data":"conspire:Banana","floor":15,"key":"SMITH"},{"floor":23,"key":"REST"},{"floor":27,"key":"REST"},{"data":"Runesmith:Fortify","floor":29,"key":"SMITH"},{"floor":32,"key":"REST"},{"data":"infinitespire:TheBestDefense","floor":40,"key":"SMITH"},{"data":"Adrenaline","floor":42,"key":"SMITH"},{"data":"Runesmith:RunicBlueprint","floor":46,"key":"SMITH"},{"floor":49,"key":"REST"}],"circlet_count":0,"master_deck":["AscendersBane","Runesmith:Strike_RS+1","Runesmith:Strike_RS+1","Runesmith:Defend_RS+1","Runesmith:Defend_RS+1","Runesmith:Defend_RS+1","Runesmith:Defend_RS+1","Runesmith:CraftFirestone+1","Runesmith:Fortify+1","Runesmith:Accelerate","infinitespire:TheBestDefense+1","Runesmith:PerfectChisel+1","Runesmith:CraftProtectio","Runesmith:CraftMagma","conspire:Banana+1","Runesmith:HammerThrow+1","Runesmith:CraftPrismatica","jedi:pocketpoison+1","Runesmith:Grindstone+1","Prepared","Adrenaline+1","Runesmith:RunicBlueprint+1","hubris:Insight","hubris:EnhanceAbility","Backflip"],"relics":["Runesmith:BrokenRuby","Golden Idol","Runesmith:EmergencyProvisions","aspiration:AnachronicSnailShell","aspiration:EmptySkull","aspiration:SilentSkillbook","Red Mask","halation:PromiseList","Bronze Scales","Bag of Marbles","halation:TrafficLight","conspire:SpecialSausage","Whetstone","hubris:Spice","Mythril_Glove"],"acts_visited":["Exordium","TheCity","TheBeyond"],"potions_floor_usage":[7,10,16,20,22,28,33,50],"damage_taken":[{"damage":0,"enemies":"2 Louse","floor":1,"turns":4},{"damage":2,"enemies":"Small Slimes","floor":2,"turns":4},{"damage":15,"enemies":"3 Sentries","floor":7,"turns":11},{"damage":1,"enemies":"Jaw Worm","floor":8,"turns":5},{"damage":0,"enemies":"Large Slime","floor":10,"turns":8},{"damage":4,"enemies":"Blue Slaver","floor":11,"turns":3},{"damage":9,"enemies":"Hexaghost","floor":16,"turns":11},{"damage":9,"enemies":"Spheric Guardian","floor":18,"turns":8},{"damage":38,"enemies":"Masked Bandits","floor":20,"turns":7},{"damage":2,"enemies":"Shell Parasite","floor":21,"turns":6},{"damage":2,"enemies":"conspire:MimicChest","floor":22,"turns":8},{"damage":10,"enemies":"Shelled Parasite and Fungi","floor":28,"turns":7},{"damage":20,"enemies":"Snecko","floor":30,"turns":11},{"damage":34,"enemies":"conspire:MysteriousRune","floor":33,"turns":8},{"damage":0,"enemies":"Orb Walker","floor":35,"turns":3},{"damage":0,"enemies":"3 Shapes","floor":36,"turns":6},{"damage":33,"enemies":"Writhing Mass","floor":37,"turns":8},{"damage":1,"enemies":"Maw","floor":39,"turns":7},{"damage":7,"enemies":"3 Darklings","floor":41,"turns":6},{"damage":2,"enemies":"Nightmare","floor":44,"turns":9},{"damage":0,"enemies":"Writhing Mass","floor":45,"turns":5},{"damage":0,"enemies":"Transient","floor":47,"turns":5},{"damage":0,"enemies":"Reptomancer","floor":48,"turns":6},{"damage":9,"enemies":"hubris:GrandSnecko","floor":50,"turns":8}],"seed_played":"4496923920122205726","potions_obtained":[{"floor":1,"key":"Strength Potion"},{"floor":7,"key":"Explosive Potion"},{"floor":11,"key":"SteroidPotion"},{"floor":16,"key":"Swift Potion"},{"floor":20,"key":"Guardian:BlockOnCardUsePotion"},{"floor":22,"key":"Swift Potion"},{"floor":30,"key":"LiquidMemories"},{"floor":37,"key":"Ancient Potion"},{"floor":45,"key":"Block Potion"}],"is_trial":false,"path_per_floor":["M","M","?","?","?","R","E","M","T","M","M","R","T","$","R","B",null,"M","$","?","M","?","R","?","T","T","R","M","R","M","AVR","R","B",null,"M","M","M","$","M","R","M","R","T","NM","M","R","M","E","R","B",null],"character_chosen":"RUNESMITH_CLASS","items_purchased":["conspire:Banana","Runesmith:HammerThrow","hubris:Insight","hubris:EnhanceAbility"],"campfire_rested":6,"item_purchase_floors":[14,14,38,38],"current_hp_per_floor":[59,57,57,41,28,47,32,31,31,31,27,46,46,46,46,39,61,54,54,18,18,18,40,40,40,40,62,54,54,36,36,60,28,69,71,73,42,42,43,43,38,38,38,46,48,48,50,52,84,77],"gold":160,"neow_bonus":"UPGRADE_CARD","is_daily":false,"chose_seed":false,"campfire_upgraded":5,"win_rate":0.0,"timestamp":1613838425,"path_taken":["M","M","?","?","?","R","E","M","T","M","M","R","?","$","R","BOSS","M","$","?","M","?","R","?","?","T","R","?","R","M","AVR","R","BOSS","M","?","?","$","M","R","M","R","T","NM","M","R","M","E","R","BOSS"],"items_purchased_type":["Card","Card","Card","Card"],"build_version":"2020-12-22","purchased_purges":4,"victory":true,"max_hp_per_floor":[66,66,66,66,66,66,66,66,66,66,66,66,66,66,66,68,68,70,70,72,74,76,76,76,76,76,76,78,78,80,80,80,82,82,84,86,88,88,90,90,92,92,92,102,104,104,106,108,108,110],"relic_stats":{"counters":[24,164],"Golden Idol":155,"Bronze Scales":[266],"Whetstone":["Runesmith:HammerThrow","Runesmith:PerfectChisel"],"obtain_stats":[{"Runesmith:BrokenRuby":0,"Golden Idol":3,"halation:TrafficLight":31,"conspire:SpecialSausage":34,"Whetstone":43,"Mythril_Glove":48,"Runesmith:EmergencyProvisions":7,"aspiration:EmptySkull":13,"hubris:Spice":44,"aspiration:AnachronicSnailShell":9,"Bronze Scales":25,"aspiration:SilentSkillbook":17,"Red Mask":20,"halation:PromiseList":22,"Bag of Marbles":26},{"Runesmith:BrokenRuby":0,"Golden Idol":2,"halation:TrafficLight":13,"conspire:SpecialSausage":14,"Whetstone":19,"Mythril_Glove":23,"Runesmith:EmergencyProvisions":3,"aspiration:EmptySkull":6,"hubris:Spice":20,"aspiration:AnachronicSnailShell":4,"Bronze Scales":11,"aspiration:SilentSkillbook":7,"Red Mask":9,"halation:PromiseList":11,"Bag of Marbles":11},{"Runesmith:BrokenRuby":0,"Golden Idol":8,"halation:TrafficLight":93,"conspire:SpecialSausage":101,"Whetstone":131,"Mythril_Glove":156,"Runesmith:EmergencyProvisions":19,"aspiration:EmptySkull":35,"hubris:Spice":140,"aspiration:AnachronicSnailShell":24,"Bronze Scales":75,"aspiration:SilentSkillbook":46,"Red Mask":61,"halation:PromiseList":75,"Bag of Marbles":75}]},"card_choices":[{"not_picked":["Runesmith:ShiftingStrike","Runesmith:HeatExchange","aspiration:UnbridledHammer"],"picked":"SKIP","floor":1},{"not_picked":["Runesmith:RuneHurl","Runesmith:CraftProtectio"],"picked":"Runesmith:Accelerate","floor":2},{"not_picked":["infinitespire:Menacing","infinitespire:FutureSight"],"picked":"infinitespire:TheBestDefense","floor":4},{"not_picked":["Runesmith:RuneHurl","Runesmith:Permafrost","Runesmith:ElementalConversion"],"picked":"SKIP","floor":7},{"not_picked":["Runesmith:EnergizedChisel","Runesmith:Permafrost"],"picked":"Runesmith:PerfectChisel","floor":8},{"not_picked":["Runesmith:HeatedChisel","Runesmith:Repurpose"],"picked":"Runesmith:CraftProtectio","floor":10},{"not_picked":["Runesmith:Duplicate","Runesmith:MakeshiftArmor"],"picked":"Runesmith:CraftMagma","floor":11},{"not_picked":["Runesmith:LastStand","Runesmith:UnlimitedPower"],"picked":"Runesmith:CraftPrismatica","floor":16},{"not_picked":["Deflect+1","Acrobatics","Runesmith:BackupBattery"],"picked":"jedi:pocketpoison+1","floor":18},{"not_picked":["Runesmith:EnergizedChisel","Runesmith:Permafrost","Well Laid Plans"],"picked":"Runesmith:Grindstone+1","floor":20},{"not_picked":["Underhanded Strike","Runesmith:Attraction","Runesmith:Empowerment+1","Runesmith:HammerThrow"],"picked":"SKIP","floor":21},{"not_picked":["Acrobatics","Predator","Runesmith:HeatExchange"],"picked":"Runesmith:CraftMedicinae","floor":22},{"not_picked":["Predator","hubris:SlightOfHand","Runesmith:Terraform"],"picked":"Prepared","floor":28},{"not_picked":["All Out Attack","Riddle With Holes","Runesmith:Retool","Outmaneuver"],"picked":"SKIP","floor":30},{"not_picked":["Tools of the Trade","Die Die Die","Envenom"],"picked":"Adrenaline","floor":33},{"not_picked":["Deadly Poison","Poisoned Stab","Dagger Throw"],"picked":"Runesmith:RunicBlueprint","floor":35},{"not_picked":["Runesmith:UnstableHammer","Runesmith:ChiselStab","Runesmith:HeatExchange+1","Runesmith:CraftMagma"],"picked":"SKIP","floor":36},{"not_picked":["Runesmith:CraftMagma","Sucker Punch","Dagger Throw","Runesmith:StaticCage"],"picked":"SKIP","floor":37},{"not_picked":["Runesmith:HammerTime","Dash","Underhanded Strike"],"picked":"Backflip","floor":39},{"not_picked":["Runesmith:UnstableHammer","PiercingWail+1","Runesmith:MakeshiftArmor","Setup+1"],"picked":"SKIP","floor":41},{"not_picked":["Unload","Runesmith:Repurpose+1","Runesmith:RunicBlueprint","Dagger Throw"],"picked":"SKIP","floor":44},{"not_picked":["Underhanded Strike","Runesmith:BackupBattery","Runesmith:ShiftingStrike","Eviscerate+1"],"picked":"SKIP","floor":45},{"not_picked":["Runesmith:Repurpose","Runesmith:ChargedHammer","Runesmith:GenerateForcefield","Runesmith:MakeshiftArmor"],"picked":"SKIP","floor":47},{"not_picked":["Quick Slash","Runesmith:HeatExchange","Accuracy","Predator+1"],"picked":"SKIP","floor":48}],"player_experience":1903254,"relics_obtained":[{"floor":7,"key":"Runesmith:EmergencyProvisions"},{"floor":9,"key":"aspiration:AnachronicSnailShell"},{"floor":13,"key":"aspiration:EmptySkull"},{"floor":20,"key":"Red Mask"},{"floor":22,"key":"halation:PromiseList"},{"floor":25,"key":"Bronze Scales"},{"floor":26,"key":"Bag of Marbles"},{"floor":43,"key":"Whetstone"},{"floor":44,"key":"hubris:Spice"},{"floor":48,"key":"Mythril_Glove"}],"event_choices":[{"damage_healed":0,"gold_gain":0,"player_choice":"Take Wound","damage_taken":0,"relics_obtained":["Golden Idol"],"max_hp_gain":0,"max_hp_loss":0,"event_name":"Golden Idol","floor":3,"gold_loss":0,"cards_obtained":["Injury"]},{"damage_healed":0,"gold_gain":0,"player_choice":"Entered Light","damage_taken":13,"max_hp_gain":0,"max_hp_loss":0,"event_name":"Shining Light","floor":5,"gold_loss":0,"cards_upgraded":["Runesmith:Defend_RS","Runesmith:Defend_RS"]},{"damage_healed":0,"gold_gain":0,"player_choice":"Fought Bandits","damage_taken":0,"max_hp_gain":0,"max_hp_loss":0,"event_name":"Masked Bandits","floor":20,"gold_loss":0},{"damage_healed":0,"gold_gain":0,"player_choice":"Simplicity","damage_taken":0,"max_hp_gain":0,"max_hp_loss":0,"event_name":"Back to Basics","floor":24,"gold_loss":0,"cards_upgraded":["Runesmith:Strike_RS","Runesmith:Strike_RS","Runesmith:Strike_RS","Runesmith:Defend_RS","Runesmith:Defend_RS"]}],"is_beta":false,"boss_relics":[{"not_picked":["halation:CatFaceCupcake","Empty Cage"],"picked":"aspiration:SilentSkillbook"},{"not_picked":["Runic Pyramid","jedi:hotpepper"],"picked":"conspire:SpecialSausage"}],"items_purged_floors":[14,19,31,38],"is_endless":false,"potions_floor_spawned":[1,7,11,16,20,22,30,37,45,47],"ascension_level":14}}