{"host":"8kweeulvvasqx820","time":1613784260,"event":{"mods":["Aspiration","BaseMod","Better Altar","Better Match","Better Note","Better Sensory Stone","Better Skull","Better Third Choice","BetterRewards","Colored Map","Conspire","Displayed Cursed Tome","Downfall","Hubris","Infinite Spire","Jorbs\u0027s Wanderer Trilogy","Minty Spire (QoL Compilation)","Relic Stats","Replay The Spire","Spicy Shops","StSLib","SuperFastMode","Swap Starting Deck Mod","The Construct","The Marked","The Servant 0.9.4","everything is the same but u backflip on backflip","slay the spire mod where everything is the same but ironclad has a cowboy hat"],"gold_per_floor":[99,116,132,148,162,162,187,187,197,197,223,223,241,260,273,273,273,273],"floor_reached":16,"language":"ENG","playtime":1311,"items_purged":[],"score":106,"play_id":"0cb0951b-645b-4f13-9b66-5f67a901b756","local_time":"20210219202420","is_ascension_mode":false,"campfire_choices":[{"data":"hexamod:Float","floor":8.0,"key":"SMITH"},{"floor":10.0,"key":"REST"},{"floor":12.0,"key":"REST"}],"circlet_count":0,"master_deck":["hexamod:Strike","hexamod:Strike","hexamod:Defend","hexamod:Defend","hexamod:Defend+1","hexamod:Sear","hexamod:Float+1","hexamod:ThermalTransfer","hexamod:FlamesFromBeyond","hexamod:FourthSeal","hexamod:GiftsFromTheDead","hexamod:FlamesFromBeyond+1","hexamod:RetreatToShadows","hexamod:HauntingEcho","hexamod:ShieldOfDarkness","hexamod:SpectersWail"],"relics":["Replay:Drink Me","CultistMask","Blue Doll","War Paint"],"acts_visited":["Exordium"],"potions_floor_usage":[16],"damage_taken":[{"damage":0.0,"enemies":"conspire:RoseBush","floor":2.0,"turns":4.0},{"damage":0.0,"enemies":"Cultist","floor":3.0,"turns":4.0},{"damage":2.0,"enemies":"Jaw Worm","floor":4.0,"turns":3.0},{"damage":9.0,"enemies":"3 Louse","floor":5.0,"turns":3.0},{"damage":40.0,"enemies":"Gremlin Gang","floor":9.0,"turns":4.0},{"damage":7.0,"enemies":"Lagavulin","floor":11.0,"turns":7.0},{"damage":7.0,"enemies":"downfall:LooterAlt","floor":13.0,"turns":4.0},{"damage":10.0,"enemies":"Large Slime","floor":14.0,"turns":7.0},{"damage":1.0,"enemies":"2 Fungi Beasts","floor":15.0,"turns":3.0},{"damage":12,"enemies":"WA_ARCHETYPE_RETAIN","floor":16,"turns":10}],"seed_played":"-5868315531944851382","potions_obtained":[{"floor":2.0,"key":"champ:CounterPotion"},{"floor":4.0,"key":"Block Potion"},{"floor":5.0,"key":"ColorlessPotion"},{"floor":9.0,"key":"Cursed Concoction"},{"floor":11.0,"key":"Toxic Potion"},{"floor":13.0,"key":"Guardian:BlockOnCardUsePotion"},{"floor":14.0,"key":"Reflective Coating"}],"is_trial":false,"path_per_floor":["R_BF","M","M","M","M","?","T","R","M","R","E","R","M","M","M","B"],"character_chosen":"THE_SPIRIT","items_purchased":[],"campfire_rested":2,"item_purchase_floors":[],"current_hp_per_floor":[53,53,53,51,42,42,42,42,2,17,10,25,18,8,7,0,0,0],"gold":273,"neow_bonus":"BOSS_RELIC","is_daily":false,"chose_seed":false,"campfire_upgraded":1,"win_rate":0.0,"timestamp":1613784260,"path_taken":["R_BF","M","M","M","M","?","T","R","M","R","E","R","M","M","M","BOSS"],"items_purchased_type":[],"build_version":"2020-12-22","purchased_purges":0,"victory":false,"max_hp_per_floor":[53,53,53,53,53,53,53,53,53,53,53,53,53,53,53,53,53,53],"relic_stats":{"counters":[10,49],"War Paint":["hexamod:FlamesFromBeyond","hexamod:Defend"],"obtain_stats":[{"Blue Doll":7,"CultistMask":6,"War Paint":11,"Replay:Drink Me":0,"hexamod:SpiritBrand":0},{"Blue Doll":4,"CultistMask":4,"War Paint":6,"Replay:Drink Me":0,"hexamod:SpiritBrand":0},{"Blue Doll":14,"CultistMask":14,"War Paint":25,"Replay:Drink Me":0,"hexamod:SpiritBrand":0}]},"card_choices":[{"not_picked":["hexamod:GhostShield","hexamod:ChargedBarrage"],"picked":"hexamod:ThermalTransfer","floor":2.0},{"not_picked":["hexamod:EtherealExpedition","hexamod:InspiringFlames"],"picked":"hexamod:FlamesFromBeyond","floor":3.0},{"not_picked":["hexamod:BurningTouch","hexamod:HeatMetal"],"picked":"hexamod:FourthSeal","floor":4.0},{"not_picked":["hexamod:HauntingEcho","hexamod:SpectersWail"],"picked":"hexamod:GiftsFromTheDead","floor":5.0},{"not_picked":["hexamod:Firestarter","hexamod:Incineration"],"picked":"hexamod:FlamesFromBeyond","floor":9.0},{"not_picked":["hexamod:GhostOfSpireFuture","hexamod:Haunt"],"picked":"hexamod:RetreatToShadows","floor":11.0},{"not_picked":["hexamod:SecondSeal","hexamod:HeatCrush"],"picked":"hexamod:HauntingEcho","floor":13.0},{"not_picked":["hexamod:GhostOfSpirePast","hexamod:UnlimitedPower"],"picked":"hexamod:ShieldOfDarkness","floor":14.0},{"not_picked":["hexamod:Hexaguard","hexamod:ThermalTransfer"],"picked":"hexamod:SpectersWail","floor":15.0}],"player_experience":166418,"relics_obtained":[{"floor":7.0,"key":"Blue Doll"},{"floor":11.0,"key":"War Paint"}],"event_choices":[{"damage_healed":0.0,"max_hp_gain":0.0,"max_hp_loss":0.0,"gold_gain":0.0,"event_name":"FaceTrader","player_choice":"Trade","floor":6.0,"gold_loss":0.0,"damage_taken":0.0,"relics_obtained":["CultistMask"]}],"is_beta":false,"boss_relics":[],"items_purged_floors":[],"is_endless":false,"potions_floor_spawned":[2,4,5,14],"killed_by":"WA_ARCHETYPE_RETAIN","ascension_level":0}}