{"host":"22njw49i2r7r2wa8","time":1613857512,"event":{"mods":["2.2 Compatiblity","BaseMod","Colored Map","Minty Spire (QoL Compilation)"],"gold_per_floor":[112,14,14,31,31,58,73,73,147,147,181,181,198,231,231,327,327,338,318,338,353,364,364,389,399,399,399,399],"floor_reached":27,"language":"ENG","playtime":2891,"items_purged":[],"score":394,"play_id":"1b603c00-9840-468f-b3d6-35b93be2d77c","local_time":"20210220134512","is_ascension_mode":true,"campfire_choices":[{"data":"Finisher","floor":8,"key":"SMITH"},{"data":"Neutralize","floor":10,"key":"SMITH"},{"data":"Cloak And Dagger","floor":12,"key":"SMITH"},{"data":"Defend_G","floor":15,"key":"SMITH"},{"data":"Tools of the Trade","floor":23,"key":"SMITH"}],"circlet_count":0,"master_deck":["Strike_G","Strike_G","Strike_G","Strike_G","Defend_G+1","Defend_G","Defend_G+1","Defend_G","Defend_G+1","Survivor","Neutralize+1","Blade Dance","Blade Dance","Cloak And Dagger+1","Finisher+1","Infinite Blades","Tools of the Trade+1","Outmaneuver+1"],"relics":["Ring of the Snake","NeowsBlessing","Strawberry","Ornamental Fan","Nunchaku","Empty Cage","Regal Pillow","Bottled Lightning"],"acts_visited":["Exordium","TheCity"],"potions_floor_usage":[11,11,11,14,16,21,21,22,24,25],"damage_taken":[{"damage":0,"enemies":"Cultist","floor":1,"turns":1},{"damage":0,"enemies":"2 Louse","floor":4,"turns":1},{"damage":0,"enemies":"3 Sentries","floor":6,"turns":2},{"damage":0,"enemies":"Small Slimes","floor":7,"turns":3},{"damage":0,"enemies":"Gremlin Nob","floor":11,"turns":2},{"damage":0,"enemies":"Blue Slaver","floor":13,"turns":1},{"damage":10,"enemies":"3 Sentries","floor":14,"turns":5},{"damage":4,"enemies":"Hexaghost","floor":16,"turns":9},{"damage":0,"enemies":"Spheric Guardian","floor":18,"turns":3},{"damage":0,"enemies":"3 Byrds","floor":20,"turns":5},{"damage":7,"enemies":"Cultist and Chosen","floor":21,"turns":9},{"damage":2,"enemies":"Centurion and Healer","floor":22,"turns":4},{"damage":22,"enemies":"Book of Stabbing","floor":24,"turns":7},{"damage":22,"enemies":"Sentry and Sphere","floor":25,"turns":6},{"damage":15,"enemies":"Slavers","floor":27,"turns":2}],"seed_played":"-6130475219546999388","potions_obtained":[{"floor":1,"key":"Weak Potion"},{"floor":4,"key":"FearPotion"},{"floor":7,"key":"EntropicBrew"},{"floor":13,"key":"FearPotion"},{"floor":18,"key":"AttackPotion"},{"floor":19,"key":"Weak Potion"},{"floor":21,"key":"SteroidPotion"},{"floor":24,"key":"Strength Potion"}],"is_trial":false,"path_per_floor":["M","$","?","M","?","E","M","R","T","R","E","R","M","E","R","B",null,"M","?","M","M","M","R","E","M","T","E"],"character_chosen":"THE_SILENT","items_purchased":["Blade Dance","Cloak And Dagger"],"campfire_rested":0,"item_purchase_floors":[2,2],"current_hp_per_floor":[63,63,63,63,49,56,56,56,56,56,56,56,56,46,46,42,68,68,68,68,61,59,59,37,15,15,0,0],"gold":399,"neow_bonus":"THREE_ENEMY_KILL","is_daily":false,"chose_seed":false,"campfire_upgraded":5,"win_rate":0.0,"timestamp":1613857512,"path_taken":["M","?","?","?","?","E","M","R","T","R","E","R","M","E","R","BOSS","M","?","M","M","?","R","E","M","T","E"],"items_purchased_type":["Card","Card"],"build_version":"2020-12-22","purchased_purges":0,"victory":false,"max_hp_per_floor":[70,70,70,70,70,77,77,77,77,77,77,77,77,77,77,77,77,77,77,77,77,77,77,77,77,77,77,77],"card_choices":[{"not_picked":["Noxious Fumes","Acrobatics"],"picked":"Blade Dance","floor":1},{"not_picked":["Deflect","Expertise","Flying Knee"],"picked":"SKIP","floor":4},{"not_picked":["Blade Dance","Prepared"],"picked":"Finisher","floor":6},{"not_picked":["Slice","Flying Knee","Sucker Punch"],"picked":"SKIP","floor":7},{"not_picked":["Die Die Die","Backflip"],"picked":"Infinite Blades","floor":11},{"not_picked":["Terror","Dodge and Roll","Setup"],"picked":"SKIP","floor":13},{"not_picked":["Escape Plan","Dagger Throw","Setup"],"picked":"SKIP","floor":14},{"not_picked":["Corpse Explosion","Malaise"],"picked":"Tools of the Trade","floor":16},{"not_picked":["Dodge and Roll","Dagger Spray","Heel Hook"],"picked":"SKIP","floor":18},{"not_picked":["Acrobatics","Calculated Gamble"],"picked":"Outmaneuver+1","floor":20},{"not_picked":["Reflex","Cloak And Dagger","PiercingWail"],"picked":"SKIP","floor":21},{"not_picked":["Distraction","Flying Knee+1","Unload"],"picked":"SKIP","floor":22},{"not_picked":["Deflect","Well Laid Plans","Dodge and Roll"],"picked":"SKIP","floor":24},{"not_picked":["Sucker Punch+1","Reflex","Well Laid Plans+1"],"picked":"SKIP","floor":25}],"player_experience":508357,"relics_obtained":[{"floor":6,"key":"Strawberry"},{"floor":11,"key":"Ornamental Fan"},{"floor":14,"key":"Nunchaku"},{"floor":24,"key":"Regal Pillow"},{"floor":26,"key":"Bottled Lightning"}],"event_choices":[{"damage_healed":0,"gold_gain":0,"player_choice":"Cursed","damage_taken":0,"max_hp_gain":0,"max_hp_loss":0,"event_name":"Wheel of Change","floor":3,"gold_loss":0,"cards_obtained":["Decay"]},{"damage_healed":0,"gold_gain":0,"player_choice":"Entered Light","damage_taken":14,"max_hp_gain":0,"max_hp_loss":0,"event_name":"Shining Light","floor":5,"gold_loss":0,"cards_upgraded":["Defend_G","Defend_G"]},{"damage_healed":0,"gold_gain":0,"player_choice":"Bought 1 Potion","damage_taken":0,"max_hp_gain":0,"max_hp_loss":0,"event_name":"The Woman in Blue","floor":19,"gold_loss":0}],"is_beta":false,"boss_relics":[{"not_picked":["Tiny House","Snecko Eye"],"picked":"Empty Cage"}],"items_purged_floors":[],"is_endless":false,"potions_floor_spawned":[1,4,7,13,18,21,24],"killed_by":"Slavers","ascension_level":6}}