{"host":"o5or1zybx7au40zl","time":1613862194,"event":{"mods":["Act Like it!","Aspiration","BaseMod","Better Third Choice","Conspire","Dota2Spire","GungeonMod","Halation","Hubris","Infinite Spire","Minty Spire (QoL Compilation)","Replay The Spire","Robot Space Explorer","StSLib","The Jungle","Yuri Mod"],"gold_per_floor":[109,122,138,155,173,203,214,248,271,303,329,350,5,30,30,151,151,192,192,240,240,96,138,138,138,138,138,166,193,235,268,295,295,303,410,410,445,474,474,170,212,212,244,278,278,310,345,384,384,406,406,430],"floor_reached":53,"language":"ENG","playtime":1560,"items_purged":["Strike_P"],"score":741,"play_id":"4c5bc4b2-1def-4a4c-a2a4-c0b0edbddbf3","local_time":"20210221000314","is_ascension_mode":false,"campfire_choices":[{"floor":15,"key":"REST"},{"floor":24,"key":"REST"},{"data":"Wish","floor":27,"key":"SMITH"},{"floor":33,"key":"REST"},{"floor":42,"key":"REST"},{"data":"ForeignInfluence","floor":49,"key":"SMITH"},{"data":"Ragnarok","floor":51,"key":"SMITH"}],"circlet_count":0,"master_deck":["Strike_P","Strike_P","Strike_P","Defend_P","Defend_P","Defend_P","Defend_P","Eruption","Vigilance","ClearTheMind","FollowUp","DeusExMachina","Ragnarok","Replay:DivineShield","FollowUp","Wish+1","WheelKick","ForeignInfluence","Vengeance","Wish+1","FlyingSleeves","EmptyFist","Shame","BowlingBash+1","FollowUp+1","CrushJoints+1","Wallop+1","Establishment+1","DemoMod:Elimentaler","Replay:AllIn","ForeignInfluence+1","SandsOfTime","Replay:Vibes+1","Ragnarok+1"],"relics":["PureWater","Pen Nib","Potion Belt","Frozen Egg 2","Akabeko","Replay:Bandana","DemoMod:ClearGuonStone","Painkiller Herb","halation:PinkSoulGem","infinitespire:WardingShard","theJungle:PaperFaux","Lee\u0027s Waffle","ReplayFunnel","halation:Jellyphish","Dota2Spire:Butterfly","DemoMod:RatBoots","DemoMod:ResourcefulSack","DemoMod:PartiallyEatenCheese","hubris:Stopwatch","conspire:RunicOctahedron","infinitespire:Joker Card","Onion Ring","Regal Pillow"],"acts_visited":["Exordium","Exordium","theJungle:Jungle","TheBeyond"],"potions_floor_usage":[5,6,16,16,16,23,32,35,41,44,52],"damage_taken":[{"damage":0,"enemies":"Cultist","floor":1,"turns":2},{"damage":0,"enemies":"Small Slimes","floor":2,"turns":2},{"damage":0,"enemies":"2 Louse","floor":3,"turns":2},{"damage":8,"enemies":"Large Slime","floor":4,"turns":5},{"damage":0,"enemies":"Looter","floor":5,"turns":2},{"damage":0,"enemies":"Lagavulin","floor":6,"turns":2},{"damage":4,"enemies":"Gremlin Gang","floor":7,"turns":4},{"damage":16,"enemies":"3 Sentries","floor":8,"turns":5},{"damage":10,"enemies":"Lagavulin","floor":10,"turns":4},{"damage":0,"enemies":"3 Louse","floor":11,"turns":2},{"damage":10,"enemies":"2 Fungi Beasts","floor":12,"turns":3},{"damage":0,"enemies":"Blue Slaver","floor":14,"turns":2},{"damage":0,"enemies":"Slime Boss","floor":16,"turns":3},{"damage":7,"enemies":"theJungle:5_Spyders","floor":18,"turns":6},{"damage":45,"enemies":"conspire:MimicChest","floor":20,"turns":4},{"damage":54,"enemies":"theJungle:Cassacara","floor":23,"turns":4},{"damage":6,"enemies":"DemoMod:Red_and_blue_shotgun_kin","floor":28,"turns":1},{"damage":0,"enemies":"DemoMod:4_Bullet_Kins","floor":29,"turns":2},{"damage":19,"enemies":"DemoMod:2_Mousers","floor":30,"turns":6},{"damage":14,"enemies":"DemoMod:Veteran_shot_gun_kin_and_blue_shotgun_kin_with_gunsinger","floor":31,"turns":3},{"damage":16,"enemies":"DemoMod:Red_and_blue_shotgun_kin_with_gunsinger","floor":32,"turns":3},{"damage":0,"enemies":"DemoMod:ResourcefulRat","floor":34,"turns":2},{"damage":35,"enemies":"DemoMod:ResourcefulRat","floor":35,"turns":10},{"damage":20,"enemies":"3 Darklings","floor":37,"turns":4},{"damage":20,"enemies":"3 Shapes","floor":38,"turns":4},{"damage":18,"enemies":"3 Darklings","floor":41,"turns":3},{"damage":10,"enemies":"4 Shapes","floor":43,"turns":4},{"damage":25,"enemies":"Jaw Worm Horde","floor":44,"turns":3},{"damage":77,"enemies":"Transient","floor":46,"turns":5},{"damage":3,"enemies":"Spire Growth","floor":47,"turns":3},{"damage":0,"enemies":"Giant Head","floor":48,"turns":5},{"damage":0,"enemies":"3 Darklings","floor":50,"turns":1},{"damage":63,"enemies":"conspire:OrnateMirror","floor":52,"turns":7}],"seed_played":"-1701001412301965939","potions_obtained":[{"floor":3,"key":"Strength Potion"},{"floor":4,"key":"Adrenaline Potion"},{"floor":5,"key":"Strength Potion"},{"floor":6,"key":"BlessingOfTheForge"},{"floor":7,"key":"Dota2Spire:HealingSalve"},{"floor":12,"key":"Dota2Spire:HealingSalve"},{"floor":14,"key":"Languid Potion"},{"floor":20,"key":"Energy Potion"},{"floor":31,"key":"Flashbang"},{"floor":32,"key":"PowerPotion"},{"floor":35,"key":"Dota2Spire:Clarity"},{"floor":37,"key":"Explosive Potion"},{"floor":38,"key":"BlessingOfTheForge"},{"floor":43,"key":"Dexterity Potion"},{"floor":48,"key":"Block Potion"}],"is_trial":false,"path_per_floor":["M","M","M","M","M","E","M","E","T","E","M","M","$","M","R","B",null,"?","?","?","?","T","E","T","AVR","T","T","?","?","?","?","?","T","B","B",null,"?","?","?","T","?","T","?","?","T","?","?","E","T","?","T","B",null],"character_chosen":"WATCHER","items_purchased":["DemoMod:ClearGuonStone","DemoMod:GnawedKey","Lee\u0027s Waffle","infinitespire:Joker Card"],"campfire_rested":4,"item_purchase_floors":[13,13,22,40],"current_hp_per_floor":[72,72,72,64,64,64,60,44,44,34,34,24,24,24,45,51,72,65,65,20,20,79,25,48,48,79,79,73,73,58,44,28,51,56,21,84,64,44,44,44,26,51,41,16,16,84,81,81,81,81,81,18],"gold":430,"neow_bonus":"RANDOM_COMMON_RELIC","is_daily":false,"chose_seed":false,"campfire_upgraded":3,"win_rate":0.0,"timestamp":1613862194,"path_taken":["M","?","M","M","M","E","M","E","T","E","M","M","$","M","R","BOSS","?","?","?","?","T","E","T","AVR","T","T","?","?","?","?","?","T","BOSS","BOSS","?","?","?","T","?","T","?","?","T","?","?","E","T","?","T","BOSS"],"items_purchased_type":["Relic","Relic","Relic","Relic"],"build_version":"2020-12-22","purchased_purges":1,"victory":true,"max_hp_per_floor":[72,72,72,72,72,72,72,72,72,72,72,72,72,72,72,72,72,72,72,72,72,79,79,79,79,79,79,79,79,79,79,79,79,84,84,84,84,84,84,84,84,84,84,84,84,84,84,84,84,84,84,84],"card_choices":[{"not_picked":["LikeWater","Worship"],"picked":"ClearTheMind","floor":1},{"not_picked":["Replay:AtTheReady","Pray"],"picked":"FollowUp","floor":2},{"not_picked":["Halt","Protect","Replay:ManipulateFuture"],"picked":"SKIP","floor":3},{"not_picked":["Swivel","Replay:AtTheReady"],"picked":"DeusExMachina","floor":4},{"not_picked":["Evaluate","FollowUp"],"picked":"Ragnarok","floor":5},{"not_picked":["SashWhip","DeceiveReality"],"picked":"Replay:DivineShield","floor":6},{"not_picked":["Crescendo","Replay:BluntJabs"],"picked":"FollowUp","floor":7},{"not_picked":["Blasphemy","Prostrate"],"picked":"Wish","floor":8},{"not_picked":["EmptyFist","EmptyBody"],"picked":"WheelKick","floor":10},{"not_picked":["Perseverance","CutThroughFate","Replay:ManipulateFuture"],"picked":"SKIP","floor":11},{"not_picked":["Replay:DivineShield","FollowUp"],"picked":"ForeignInfluence","floor":12},{"not_picked":["Sanctity","Weave"],"picked":"Vengeance","floor":14},{"not_picked":["Scrawl","ConjureBlade"],"picked":"Wish","floor":16},{"not_picked":["WindmillStrike","CutThroughFate"],"picked":"FlyingSleeves","floor":18},{"not_picked":["CutThroughFate","Replay:Hum"],"picked":"EmptyFist","floor":20},{"not_picked":["JustLucky","FollowUp"],"picked":"BowlingBash+1","floor":23},{"not_picked":["Replay:ManipulateFuture+1","FlurryOfBlows"],"picked":"FollowUp+1","floor":28},{"not_picked":["Adaptation+1","PathToVictory+1","Protect"],"picked":"SKIP","floor":29},{"not_picked":["Headbutt+1","ReplayTheSpireMod:Strike From Hell"],"picked":"CrushJoints+1","floor":30},{"not_picked":["Pummel+1","Protect"],"picked":"Wallop+1","floor":31},{"not_picked":["Prostrate+1","Bloodletting+1"],"picked":"Establishment+1","floor":32},{"not_picked":[],"picked":"DemoMod:Elimentaler","floor":35},{"not_picked":["Replay:Many Hands","Immolate"],"picked":"Replay:AllIn","floor":35},{"not_picked":["CutThroughFate+1","Replay:Battleflow+1"],"picked":"ForeignInfluence","floor":37},{"not_picked":["FollowUp","Protect","EmptyMind"],"picked":"SKIP","floor":38},{"not_picked":["FollowUp","Protect","EmptyMind"],"picked":"SKIP","floor":38},{"not_picked":["SashWhip+1","DeceiveReality+1"],"picked":"SandsOfTime","floor":41},{"not_picked":["WheelKick","Meditate+1","Replay:ManipulateFuture+1"],"picked":"SKIP","floor":43},{"not_picked":["Nirvana+1","Pray+1","DeceiveReality"],"picked":"SKIP","floor":44},{"not_picked":["BowlingBash+1","MentalFortress+1"],"picked":"Replay:Vibes+1","floor":46},{"not_picked":["Replay:Cycle","Halt+1","Sanctity+1"],"picked":"SKIP","floor":47},{"not_picked":["ClearTheMind","CrushJoints","Evaluate"],"picked":"SKIP","floor":48},{"not_picked":["FollowUp","Replay:BluntJabs+1"],"picked":"Ragnarok","floor":50}],"player_experience":997528,"relics_obtained":[{"floor":6,"key":"Potion Belt"},{"floor":8,"key":"Frozen Egg 2"},{"floor":9,"key":"Akabeko"},{"floor":10,"key":"Replay:Bandana"},{"floor":20,"key":"infinitespire:WardingShard"},{"floor":23,"key":"ReplayFunnel"},{"floor":36,"key":"DemoMod:RatBoots"},{"floor":36,"key":"DemoMod:ResourcefulSack"},{"floor":36,"key":"DemoMod:PartiallyEatenCheese"},{"floor":36,"key":"hubris:Stopwatch"},{"floor":36,"key":"conspire:RunicOctahedron"},{"floor":45,"key":"Onion Ring"},{"floor":48,"key":"Regal Pillow"}],"event_choices":[{"damage_healed":0,"gold_gain":0,"player_choice":"Upgraded","damage_taken":0,"max_hp_gain":0,"max_hp_loss":0,"event_name":"Upgrade Shrine","floor":39,"gold_loss":0,"cards_upgraded":["Wish"]}],"is_beta":false,"boss_relics":[{"not_picked":["SlaversCollar","hubris:RunicObelisk"],"picked":"Painkiller Herb"},{"not_picked":[]}],"items_purged_floors":[13],"is_endless":false,"potions_floor_spawned":[3,4,5,6,7,12,14,20,31,32,35,37,38,43,48],"ascension_level":0}}