{"host":"enpah696raxjhbxd","time":1613828153,"event":{"mods":["ATMod(°¢èªMod)","BaseMod","Challenge The Spire","Colored Powertips","Friendly Minions","Good Game Mod","Minty Spire (QoL Compilation)","Replay The Spire","StSLib","TestMod","The Bladedancer","UnlockEverythingMod"],"gold_per_floor":[115,115,130,150,150,150,162,190,241,255,255,288,288,288,288,359,359,378,221,221,221,237,269,269,295,295,399,399,435,495,537,537,689,689,726,819,819],"floor_reached":36,"language":"ZHS","playtime":1297,"items_purged":[],"score":954,"play_id":"49d4e305-30e6-4337-be2c-da33e5d90e6b","local_time":"20210220213553","is_ascension_mode":true,"campfire_choices":[{"data":"AT_Dispersion","floor":6,"key":"SMITH"},{"floor":13,"key":"REST"},{"data":"testmod-Reflect","floor":15,"key":"SMITH"},{"data":"AT_ShadowStep","floor":24,"key":"SMITH"},{"data":"AT_Desolate","floor":28,"key":"SMITH"},{"floor":32,"key":"REST"}],"circlet_count":0,"master_deck":["AscendersBane","Strike_G","Strike_G","Strike_G","Strike_G","Strike_G","Defend_G","Defend_G","Defend_G","Defend_G","Defend_G","Survivor","Neutralize","AT_Dispersion+1","testmod-Reflect+1","Sucker Punch","Dagger Spray","Flying Knee","AT_ShadowStep+1","AT_Desolate","After Image+1","Poisoned Stab","Die Die Die","Deadly Poison","Voices","AT_Desolate+1","Bane","AT_TinkerSharpsword+1","Adrenaline","Predator+1"],"relics":["testmod-TestBox","AT_ATBox","REME:ComplimentaryCards","NeowsBlessing","testmod-InfectionSource","Sizzling Blood","Quantum Egg","Anchor","AT_BladeRuinedKing","AT_TrinityForce","testmod-TurbochargingSystem","ReplayTheSpireMod:Ring of Exchange","testmod-Justice","AT_MibuBalloonWealth","Blue Candle","Pen Nib","Membership Card"],"acts_visited":["Exordium","TheCity","TheBeyond"],"potions_floor_usage":[8,10,25],"damage_taken":[{"damage":0,"enemies":"Jaw Worm","floor":1,"turns":1},{"damage":5,"enemies":"2 Louse","floor":3,"turns":1},{"damage":0,"enemies":"Cultist","floor":4,"turns":1},{"damage":12,"enemies":"2 Fungi Beasts","floor":7,"turns":4},{"damage":24,"enemies":"Lagavulin","floor":8,"turns":6},{"damage":21,"enemies":"Exordium Thugs","floor":10,"turns":3},{"damage":21,"enemies":"3 Sentries","floor":12,"turns":10},{"damage":12,"enemies":"Hexaghost","floor":16,"turns":5},{"damage":0,"enemies":"Spheric Guardian","floor":18,"turns":2},{"damage":6,"enemies":"2 Thieves","floor":22,"turns":3},{"damage":12,"enemies":"Replay:Snechameleon","floor":23,"turns":4},{"damage":21,"enemies":"Slavers","floor":25,"turns":4},{"damage":3,"enemies":"Gremlin Leader","floor":27,"turns":3},{"damage":5,"enemies":"Snake Plant","floor":29,"turns":2},{"damage":15,"enemies":"Book of Stabbing","floor":30,"turns":4},{"damage":0,"enemies":"Snecko","floor":31,"turns":3},{"damage":45,"enemies":"Automaton","floor":33,"turns":5},{"damage":4,"enemies":"Orb Walker","floor":35,"turns":3},{"damage":12,"enemies":"3 Shapes","floor":36,"turns":2}],"seed_played":"-2559710450968905041","potions_obtained":[{"floor":1,"key":"Languid Potion"},{"floor":3,"key":"Explosive Potion"},{"floor":8,"key":"Swift Potion"},{"floor":12,"key":"Fire Potion"},{"floor":25,"key":"SteroidPotion"}],"is_trial":false,"path_per_floor":["M","?","M","M","$","R","M","E","T","M","?","E","R","$","R","B",null,"M","$","?","?","M","E","R","E","T","E","R","M","E","M","R","B",null,"M","M"],"character_chosen":"THE_SILENT","items_purchased":["testmod-TurbochargingSystem"],"campfire_rested":2,"item_purchase_floors":[19],"current_hp_per_floor":[59,63,62,66,66,66,58,38,38,21,44,27,48,48,48,40,63,67,67,67,67,65,57,57,40,40,41,41,40,29,33,54,13,56,56,48,48],"gold":819,"neow_bonus":"THREE_ENEMY_KILL","is_daily":false,"chose_seed":false,"campfire_upgraded":4,"win_rate":0.0,"timestamp":1613828153,"path_taken":["M","?","M","M","$","R","M","E","T","M","?","E","R","$","R","BOSS","M","$","?","?","M","E","R","E","T","E","R","M","E","M","R","BOSS","M","M"],"items_purchased_type":["Relic"],"build_version":"2020-12-22","purchased_purges":0,"victory":false,"max_hp_per_floor":[66,70,70,70,70,70,70,70,70,70,70,70,70,70,70,70,70,70,70,70,70,70,70,70,70,70,70,70,70,70,70,70,70,70,70,70,70],"card_choices":[{"not_picked":["PiercingWail","Prepared"],"picked":"Sucker Punch","floor":1},{"not_picked":["ReplayTheSpireMod:Speed Training","Deflect"],"picked":"Dagger Spray","floor":3},{"not_picked":["Endless Agony","Slice"],"picked":"Flying Knee","floor":4},{"not_picked":["Acrobatics","Slice"],"picked":"AT_ShadowStep","floor":7},{"not_picked":["Concentrate","Quick Slash"],"picked":"AT_Desolate","floor":8},{"not_picked":["Dodge and Roll","Flying Knee"],"picked":"After Image","floor":10},{"not_picked":["Accuracy","Backflip"],"picked":"Poisoned Stab","floor":12},{"not_picked":["AT_MyraUnstableElement","Doppelganger"],"picked":"Die Die Die","floor":16},{"not_picked":["Heel Hook","Poisoned Stab"],"picked":"Deadly Poison","floor":18},{"not_picked":["Dagger Throw","Acrobatics","Poisoned Stab"],"picked":"SKIP","floor":22},{"not_picked":["Calculated Gamble","Blade Dance"],"picked":"AT_Desolate","floor":23},{"not_picked":["ReplayTheSpireMod:Speed Training","Riddle With Holes"],"picked":"Bane","floor":25},{"not_picked":["Prepared","Grand Finale","Bane"],"picked":"SKIP","floor":27},{"not_picked":["Eviscerate","Backflip"],"picked":"AT_TinkerSharpsword+1","floor":29},{"not_picked":["Terror","Night Terror","Sucker Punch"],"picked":"SKIP","floor":30},{"not_picked":["AT_WomanClash","Underhanded Strike","PiercingWail"],"picked":"SKIP","floor":31},{"not_picked":["Burst","AT_KingSlayer"],"picked":"Adrenaline","floor":33},{"not_picked":["Backflip","Cloak And Dagger"],"picked":"Predator+1","floor":35},{"not_picked":["Caltrops","AT_WomanClash","Blade Dance"],"picked":"SKIP","floor":36}],"player_experience":231266,"relics_obtained":[{"floor":8,"key":"Quantum Egg"},{"floor":9,"key":"Anchor"},{"floor":12,"key":"AT_BladeRuinedKing"},{"floor":20,"key":"ReplayTheSpireMod:Ring of Exchange"},{"floor":23,"key":"testmod-Justice"},{"floor":25,"key":"AT_MibuBalloonWealth"},{"floor":27,"key":"Blue Candle"},{"floor":30,"key":"Pen Nib"}],"event_choices":[{"damage_healed":23,"gold_gain":0,"player_choice":"Banana","damage_taken":0,"max_hp_gain":0,"max_hp_loss":0,"event_name":"Big Fish","floor":11,"gold_loss":0},{"damage_healed":0,"gold_gain":0,"player_choice":"Forge","damage_taken":0,"max_hp_gain":0,"max_hp_loss":0,"event_name":"Accursed Blacksmith","floor":21,"gold_loss":0,"cards_upgraded":["After Image"]}],"is_beta":false,"boss_relics":[{"not_picked":["testmod-TimeTraveler","WristBlade"],"picked":"AT_TrinityForce"},{"not_picked":["Snecko Eye","Abe\u0027s Treasure"],"picked":"Membership Card"}],"items_purged_floors":[],"is_endless":false,"potions_floor_spawned":[1,3,8,12,18,25,30,33,35,36],"killed_by":"3 Shapes","ascension_level":20}}