{"host":"suw5tyb7z6zbnnfs","time":1613788588,"event":{"mods":["AchievementEnabler","BaseMod","Colored Map","Minty Spire (QoL Compilation)"],"gold_per_floor":[117,128,145,145,110,110,145,145,145,145,163,163,173,224,224,328,328,346,364,389,407,322,322,322],"floor_reached":23,"language":"ENG","playtime":1246,"items_purged":[],"score":296,"play_id":"4c0a705b-75a6-453b-80c1-515db8e7cca7","local_time":"20210219213628","is_ascension_mode":true,"campfire_choices":[{"data":"Neutralize","floor":6,"key":"SMITH"},{"data":"Noxious Fumes","floor":10,"key":"SMITH"},{"data":"Footwork","floor":15,"key":"SMITH"}],"circlet_count":0,"master_deck":["AscendersBane","Strike_G","Strike_G","Strike_G","Strike_G","Defend_G","Defend_G+1","Defend_G+1","Defend_G+1","Defend_G","Survivor+1","Neutralize+1","Infinite Blades","Finisher","Backstab","Noxious Fumes+1","Footwork+1","Backstab","Caltrops","Tools of the Trade","Calculated Gamble+1","Footwork"],"relics":["Ring of the Snake","Mummified Hand","Tiny Chest","Art of War","Sozu","War Paint","Sundial"],"acts_visited":["Exordium","TheCity"],"potions_floor_usage":[7,16,19],"damage_taken":[{"damage":23,"enemies":"Cultist","floor":1,"turns":7},{"damage":4,"enemies":"Small Slimes","floor":2,"turns":4},{"damage":3,"enemies":"2 Louse","floor":3,"turns":2},{"damage":6,"enemies":"3 Sentries","floor":7,"turns":9},{"damage":1,"enemies":"2 Fungi Beasts","floor":11,"turns":4},{"damage":0,"enemies":"Lots of Slimes","floor":13,"turns":5},{"damage":8,"enemies":"The Guardian","floor":16,"turns":8},{"damage":0,"enemies":"3 Byrds","floor":18,"turns":4},{"damage":9,"enemies":"2 Thieves","floor":19,"turns":4},{"damage":1,"enemies":"Centurion and Healer","floor":21,"turns":7},{"damage":74,"enemies":"Slavers","floor":23,"turns":4}],"seed_played":"8578620198885290848","potions_obtained":[{"floor":2,"key":"EssenceOfSteel"},{"floor":11,"key":"Strength Potion"},{"floor":16,"key":"Block Potion"}],"is_trial":false,"path_per_floor":["M","M","M","?","?","R","E","?","T","R","M","?","M","T","R","B",null,"M","M","T","M","?","E"],"character_chosen":"THE_SILENT","items_purchased":[],"campfire_rested":0,"item_purchase_floors":[],"current_hp_per_floor":[47,43,40,25,44,44,38,38,38,38,37,37,37,37,37,29,65,65,56,56,55,55,0,0],"gold":322,"neow_bonus":"TEN_PERCENT_HP_BONUS","is_daily":false,"chose_seed":false,"campfire_upgraded":3,"win_rate":0.0,"timestamp":1613788588,"path_taken":["M","?","?","?","?","R","E","?","T","R","?","?","M","?","R","BOSS","M","M","?","?","?","E"],"items_purchased_type":[],"build_version":"2020-12-22","purchased_purges":0,"victory":false,"max_hp_per_floor":[77,77,77,77,77,77,77,77,77,77,77,77,77,77,77,77,77,77,77,77,77,77,77,77],"card_choices":[{"not_picked":["Dodge and Roll","Backflip"],"picked":"Infinite Blades","floor":1},{"not_picked":["Bouncing Flask","Distraction"],"picked":"Finisher","floor":2},{"not_picked":["Terror","Reflex"],"picked":"Backstab","floor":3},{"not_picked":["Acrobatics","Deadly Poison"],"picked":"Noxious Fumes","floor":7},{"not_picked":["Flying Knee","Dodge and Roll"],"picked":"Backstab","floor":11},{"not_picked":["Concentrate","Dagger Spray"],"picked":"Caltrops","floor":13},{"not_picked":["Die Die Die","Grand Finale"],"picked":"Tools of the Trade","floor":16},{"not_picked":["Underhanded Strike","Skewer+1"],"picked":"Calculated Gamble+1","floor":18},{"not_picked":["Slice","Underhanded Strike","Bane"],"picked":"SKIP","floor":19},{"not_picked":["Backflip","PiercingWail+1"],"picked":"Footwork","floor":21}],"player_experience":958453,"relics_obtained":[{"floor":7,"key":"Mummified Hand"},{"floor":9,"key":"Tiny Chest"},{"floor":14,"key":"Art of War"},{"floor":20,"key":"War Paint"}],"event_choices":[{"damage_healed":0,"gold_gain":0,"player_choice":"Entered Light","damage_taken":15,"max_hp_gain":0,"max_hp_loss":0,"event_name":"Shining Light","floor":4,"gold_loss":0,"cards_upgraded":["Defend_G","Survivor"]},{"damage_healed":19,"gold_gain":0,"player_choice":"Healed","damage_taken":0,"max_hp_gain":0,"max_hp_loss":0,"event_name":"The Cleric","floor":5,"gold_loss":35},{"damage_healed":0,"gold_gain":0,"cards_transformed":["Strike_G"],"player_choice":"Transformed","damage_taken":0,"max_hp_gain":0,"max_hp_loss":0,"event_name":"Transmorgrifier","floor":8,"gold_loss":0,"cards_obtained":["Footwork"]},{"damage_healed":0,"gold_gain":0,"player_choice":"Ignored","damage_taken":0,"max_hp_gain":0,"max_hp_loss":0,"event_name":"Liars Game","floor":12,"gold_loss":0},{"damage_healed":0,"gold_gain":0,"player_choice":"Obtained Relic","damage_taken":0,"relics_obtained":["Sundial"],"max_hp_gain":0,"max_hp_loss":0,"event_name":"Addict","floor":22,"gold_loss":85}],"is_beta":false,"boss_relics":[{"not_picked":["Runic Dome","Empty Cage"],"picked":"Sozu"}],"items_purged_floors":[],"is_endless":false,"potions_floor_spawned":[2,11,16,18,19],"killed_by":"Slavers","ascension_level":11}}