{"host":"a5lz0e76zb3fcwkm","time":1613816220,"event":{"mods":["AchievementEnabler","BaseMod","Colored Map","Colored Powertips","Minty Spire (QoL Compilation)","StSLib","SuperFastMode"],"gold_per_floor":[110,185,204,204,354,379,219,219,219,34,34,53,79,39,39,118,118,129,147,147,164,179,179,204,214,214,243,118,143,163,174,174,248,248,268,293,346,346,346,373,373,401,401,436,286,298,87,105,105,105,105,105,105,47,77,77],"floor_reached":57,"language":"KOR","playtime":4016,"items_purged":["Doubt","Strike_G","Strike_G","Strike_G"],"score":3437,"play_id":"48aeef31-544a-4627-99b7-ef271a67dde5","local_time":"20210220191700","is_ascension_mode":true,"campfire_choices":[{"data":"Cloak And Dagger","floor":8,"key":"SMITH"},{"data":"Infinite Blades","floor":11,"key":"SMITH"},{"data":"Accuracy","floor":15,"key":"SMITH"},{"floor":23,"key":"REST"},{"data":"Tactician","floor":32,"key":"SMITH"},{"floor":49,"key":"RECALL"},{"data":"Calculated Gamble","floor":53,"key":"SMITH"}],"circlet_count":0,"master_deck":["AscendersBane","Strike_G","Defend_G","Defend_G","Defend_G","Defend_G","Survivor","Neutralize","Cloak And Dagger+1","Blade Dance","Acrobatics","Footwork","Infinite Blades+1","Accuracy+1","After Image","Tools of the Trade","Adrenaline","Tactician+1","After Image","Backflip","Reflex","Blur","Venomology","Calculated Gamble","Master of Strategy","Deep Breath","Trip","Blade Dance","Calculated Gamble+1","Calculated Gamble","Terror","Well Laid Plans","Backflip","Calculated Gamble"],"relics":["Ring of the Snake","NeowsBlessing","Anchor","Mummified Hand","Orichalcum","Black Star","Sundial","Dead Branch","Lizard Tail","Bag of Marbles","Shuriken","Ice Cream","Philosopher\u0027s Stone","Mango","Du-Vu Doll","PreservedInsect","Kunai","Bag of Preparation","Turnip","Singing Bowl","Bottled Tornado","Tough Bandages","Medical Kit","Letter Opener","Bottled Lightning"],"acts_visited":["Exordium","TheCity","TheBeyond","TheEnding"],"potions_floor_usage":[16,22,24,30,35,36,40,42,44,46],"damage_taken":[{"damage":0,"enemies":"2 Louse","floor":1,"turns":1},{"damage":0,"enemies":"Jaw Worm","floor":3,"turns":1},{"damage":0,"enemies":"Lagavulin","floor":6,"turns":1},{"damage":6,"enemies":"Cultist","floor":12,"turns":3},{"damage":33,"enemies":"Gremlin Nob","floor":13,"turns":4},{"damage":8,"enemies":"Slime Boss","floor":16,"turns":4},{"damage":15,"enemies":"Spheric Guardian","floor":18,"turns":4},{"damage":0,"enemies":"3 Byrds","floor":19,"turns":5},{"damage":20,"enemies":"Snecko","floor":21,"turns":8},{"damage":0,"enemies":"Cultist and Chosen","floor":22,"turns":4},{"damage":0,"enemies":"Gremlin Leader","floor":24,"turns":8},{"damage":0,"enemies":"Centurion and Healer","floor":25,"turns":3},{"damage":0,"enemies":"Book of Stabbing","floor":27,"turns":4},{"damage":0,"enemies":"Gremlin Leader","floor":29,"turns":5},{"damage":0,"enemies":"3 Cultists","floor":30,"turns":3},{"damage":0,"enemies":"Snake Plant","floor":31,"turns":2},{"damage":0,"enemies":"Champ","floor":33,"turns":5},{"damage":2,"enemies":"3 Darklings","floor":35,"turns":4},{"damage":5,"enemies":"Mind Bloom Boss Battle","floor":36,"turns":4},{"damage":0,"enemies":"2 Orb Walkers","floor":37,"turns":3},{"damage":0,"enemies":"Reptomancer","floor":40,"turns":4},{"damage":0,"enemies":"Nemesis","floor":42,"turns":3},{"damage":0,"enemies":"Reptomancer","floor":44,"turns":3},{"damage":0,"enemies":"3 Shapes","floor":46,"turns":2},{"damage":0,"enemies":"3 Darklings","floor":48,"turns":2},{"damage":9,"enemies":"Time Eater","floor":50,"turns":6},{"damage":0,"enemies":"Awakened One","floor":51,"turns":5},{"damage":0,"enemies":"Shield and Spear","floor":55,"turns":3},{"damage":15,"enemies":"The Heart","floor":56,"turns":8}],"seed_played":"565164908826488392","potions_obtained":[{"floor":3,"key":"EssenceOfSteel"},{"floor":14,"key":"PowerPotion"},{"floor":14,"key":"GhostInAJar"},{"floor":16,"key":"Poison Potion"},{"floor":19,"key":"Dexterity Potion"},{"floor":21,"key":"CultistPotion"},{"floor":22,"key":"SteroidPotion"},{"floor":27,"key":"Regen Potion"},{"floor":31,"key":"SkillPotion"},{"floor":37,"key":"Strength Potion"},{"floor":48,"key":"FairyPotion"}],"is_trial":false,"path_per_floor":["M","?","M","?","?","E","$","R","T","$","R","M","E","?","R","B",null,"M","M","?","M","M","R","E","M","T","E","$","E","M","M","R","B",null,"M","?","?","?","?","E","?","E","T","E","$","M","$","M","R","B","B",null,"R","$","E","B",null],"character_chosen":"THE_SILENT","items_purchased":["Footwork","Infinite Blades","Medical Kit","Well Laid Plans","Backflip"],"campfire_rested":1,"item_purchase_floors":[7,10,47,47,54],"current_hp_per_floor":[59,48,48,53,53,53,53,53,53,53,53,47,14,14,14,6,55,40,40,40,20,20,41,41,41,41,41,41,41,50,50,50,50,66,64,73,73,73,63,63,63,63,63,63,63,63,63,65,65,56,56,76,76,76,76,61],"gold":77,"neow_bonus":"THREE_ENEMY_KILL","is_daily":false,"chose_seed":false,"campfire_upgraded":5,"win_rate":0.0,"timestamp":1613816220,"path_taken":["M","?","M","?","?","E","?","R","T","$","R","M","E","?","R","BOSS","M","?","?","M","?","R","E","M","T","E","$","E","M","M","R","BOSS","M","?","?","?","?","E","?","E","T","E","$","M","$","?","R","BOSS","BOSS","R","$","E","BOSS"],"items_purchased_type":["Card","Card","Relic","Card","Card"],"build_version":"2020-12-22","purchased_purges":4,"victory":true,"max_hp_per_floor":[66,66,66,71,71,71,71,71,71,71,71,71,71,71,71,71,71,71,71,71,71,71,71,71,71,71,71,71,71,71,71,71,71,71,71,85,85,85,85,85,81,81,81,81,81,81,81,83,83,83,83,83,83,83,83,83],"card_choices":[{"not_picked":["Dagger Throw","Outmaneuver"],"picked":"Cloak And Dagger","floor":1},{"not_picked":["Dodge and Roll","Skewer"],"picked":"Blade Dance","floor":3},{"not_picked":["Underhanded Strike","Sucker Punch"],"picked":"Acrobatics","floor":6},{"not_picked":["Underhanded Strike","Dagger Throw"],"picked":"Accuracy","floor":12},{"not_picked":["Bane","Backstab","Acrobatics"],"picked":"SKIP","floor":13},{"not_picked":["Storm of Steel","Bullet Time"],"picked":"After Image","floor":16},{"not_picked":["Bane","Distraction+1","Setup"],"picked":"SKIP","floor":18},{"not_picked":["Poisoned Stab","Dodge and Roll","Slice"],"picked":"SKIP","floor":19},{"not_picked":["Crippling Poison","Poisoned Stab"],"picked":"Adrenaline","floor":21},{"not_picked":["Bane","Leg Sweep"],"picked":"Tactician","floor":22},{"not_picked":["PiercingWail","Poisoned Stab"],"picked":"After Image","floor":24},{"not_picked":["Acrobatics","Dagger Throw"],"picked":"Backflip","floor":25},{"not_picked":["Endless Agony","Distraction"],"picked":"Reflex","floor":27},{"not_picked":["Dagger Throw","Dagger Spray+1","Endless Agony"],"picked":"SKIP","floor":29},{"not_picked":["Expertise","Prepared"],"picked":"Blur","floor":30},{"not_picked":["Flying Knee","Eviscerate","Endless Agony"],"picked":"SKIP","floor":31},{"not_picked":["Glass Knife","A Thousand Cuts"],"picked":"Venomology","floor":33},{"not_picked":["Crippling Poison","Dodge and Roll","Dagger Spray"],"picked":"SKIP","floor":35},{"not_picked":["Accuracy","Heel Hook"],"picked":"Calculated Gamble","floor":36},{"not_picked":["Dramatic Entrance","Secret Weapon"],"picked":"Master of Strategy","floor":39},{"not_picked":["Good Instincts","Forethought"],"picked":"Deep Breath","floor":39},{"not_picked":["Madness","Deep Breath"],"picked":"Trip","floor":39},{"not_picked":["Poisoned Stab","Footwork"],"picked":"Blade Dance","floor":40},{"not_picked":["Heel Hook","Doppelganger"],"picked":"Calculated Gamble","floor":42},{"not_picked":["Heel Hook","Crippling Poison"],"picked":"Calculated Gamble","floor":44},{"not_picked":["Backstab+1","Riddle With Holes+1"],"picked":"Terror","floor":46},{"not_picked":["Distraction","Dodge and Roll","Deflect+1"],"picked":"Singing Bowl","floor":48},{"not_picked":["Riddle With Holes+1","Leg Sweep"],"picked":"Calculated Gamble","floor":55}],"player_experience":1908790,"relics_obtained":[{"floor":6,"key":"Anchor"},{"floor":9,"key":"Mummified Hand"},{"floor":13,"key":"Orichalcum"},{"floor":24,"key":"Sundial"},{"floor":24,"key":"Dead Branch"},{"floor":27,"key":"Lizard Tail"},{"floor":27,"key":"Bag of Marbles"},{"floor":29,"key":"Shuriken"},{"floor":29,"key":"Ice Cream"},{"floor":36,"key":"Mango"},{"floor":37,"key":"Du-Vu Doll"},{"floor":40,"key":"PreservedInsect"},{"floor":40,"key":"Kunai"},{"floor":42,"key":"Bag of Preparation"},{"floor":42,"key":"Turnip"},{"floor":43,"key":"Singing Bowl"},{"floor":44,"key":"Bottled Tornado"},{"floor":44,"key":"Tough Bandages"},{"floor":55,"key":"Letter Opener"},{"floor":55,"key":"Bottled Lightning"}],"event_choices":[{"damage_healed":0,"gold_gain":75,"player_choice":"Gather Gold","damage_taken":11,"max_hp_gain":0,"max_hp_loss":0,"event_name":"World of Goop","floor":2,"gold_loss":0},{"damage_healed":0,"gold_gain":0,"player_choice":"Donut","damage_taken":0,"max_hp_gain":5,"max_hp_loss":0,"event_name":"Big Fish","floor":4,"gold_loss":0},{"damage_healed":0,"gold_gain":150,"player_choice":"AGREE","damage_taken":0,"max_hp_gain":0,"max_hp_loss":0,"event_name":"Liars Game","floor":5,"gold_loss":0,"cards_obtained":["Doubt"]},{"damage_healed":0,"gold_gain":0,"player_choice":"Bought 3 Potions","damage_taken":0,"max_hp_gain":0,"max_hp_loss":0,"event_name":"The Woman in Blue","floor":14,"gold_loss":0},{"damage_healed":0,"gold_gain":0,"cards_transformed":["Defend_G"],"player_choice":"Transformed","damage_taken":0,"max_hp_gain":0,"max_hp_loss":0,"event_name":"Transmorgrifier","floor":20,"gold_loss":0,"cards_obtained":["Tools of the Trade"]},{"damage_healed":0,"gold_gain":0,"player_choice":"Fight","damage_taken":0,"max_hp_gain":0,"max_hp_loss":0,"event_name":"MindBloom","floor":36,"gold_loss":0},{"damage_healed":0,"gold_gain":0,"player_choice":"Fight","damage_taken":0,"max_hp_gain":0,"max_hp_loss":0,"event_name":"Mysterious Sphere","floor":37,"gold_loss":0},{"cards_removed":["Strike_G"],"damage_healed":0,"gold_gain":0,"player_choice":"Removed Attack","damage_taken":0,"max_hp_gain":0,"max_hp_loss":0,"event_name":"Falling","floor":38,"gold_loss":0},{"damage_healed":0,"gold_gain":0,"player_choice":"Memory 3","damage_taken":10,"max_hp_gain":0,"max_hp_loss":0,"event_name":"SensoryStone","floor":39,"gold_loss":0},{"damage_healed":0,"gold_gain":0,"player_choice":"Max HP","damage_taken":0,"max_hp_gain":0,"max_hp_loss":4,"event_name":"Winding Halls","floor":41,"gold_loss":0}],"is_beta":false,"boss_relics":[{"not_picked":["WristBlade","Velvet Choker"],"picked":"Black Star"},{"not_picked":["Tiny House","Runic Pyramid"],"picked":"Philosopher\u0027s Stone"}],"items_purged_floors":[7,10,28,45],"is_endless":false,"potions_floor_spawned":[3,16,19,21,22,27,29,31,35,37,46,48,55],"ascension_level":20}}