{"host":"ryfs09562e7ibkuk","time":1613851301,"event":{"mods":["BaseMod","Colored Powertips","Minty Spire (QoL Compilation)","Quick Restart","StSLib","The Bug Knight"],"gold_per_floor":[112,112,130,148,148,148,178,196,196,121,121,21,21,21,21,125,125],"floor_reached":16,"language":"ZHS","playtime":414,"items_purged":["HollowMod:QuickDashStart","HollowMod:QuickDashStart"],"score":148,"play_id":"98741789-7672-45d2-940e-b90207874081","local_time":"20210221040141","is_ascension_mode":false,"campfire_choices":[{"data":"HollowMod:theNailsmith","floor":6.0,"key":"SMITH"},{"data":"HollowMod:MantisMark","floor":11,"key":"SMITH"},{"data":"HollowMod:HuntersJournal","floor":15,"key":"SMITH"}],"circlet_count":0,"master_deck":["HollowMod:NailStrikeStart","HollowMod:NailStrikeStart","HollowMod:NailStrikeStart+1","HollowMod:NailStrikeStart","HollowMod:QuickDashStart","HollowMod:FocusHealStart","HollowMod:PogoStrike","HollowMod:CloakDash+1","HollowMod:HuntersJournal+1","HollowMod:theNailsmith+1","HollowMod:MantisMark+1","HollowMod:AwokenDreamNail"],"relics":["HollowMod:VesselMask","NeowsBlessing","Lantern","HollowMod:MantisClawRelic"],"acts_visited":["Exordium"],"potions_floor_usage":[7],"damage_taken":[{"damage":0.0,"enemies":"2 Louse","floor":1.0,"turns":1.0},{"damage":0.0,"enemies":"Jaw Worm","floor":3.0,"turns":1.0},{"damage":0.0,"enemies":"Small Slimes","floor":4.0,"turns":1.0},{"damage":10,"enemies":"Gremlin Nob","floor":7,"turns":3},{"damage":0,"enemies":"3 Louse","floor":8,"turns":2},{"damage":21,"enemies":"Slime Boss","floor":16,"turns":8}],"seed_played":"-8648844303895580575","potions_obtained":[{"floor":3.0,"key":"Strength Potion"}],"is_trial":false,"path_per_floor":["M","?","M","M","?","R","E","M","T","$","R","$","?","?","R","B"],"character_chosen":"THE_BUGKNIGHT","items_purchased":[],"campfire_rested":0,"item_purchase_floors":[],"current_hp_per_floor":[75,60,60,60,60,60,50,50,50,50,50,50,50,50,50,29,29],"gold":125,"neow_bonus":"THREE_ENEMY_KILL","is_daily":false,"chose_seed":false,"campfire_upgraded":3,"win_rate":0.0,"timestamp":1613851301,"path_taken":["M","?","M","M","?","R","E","M","T","?","R","$","?","?","R","BOSS"],"items_purchased_type":[],"build_version":"2020-12-22","purchased_purges":2,"victory":false,"max_hp_per_floor":[75,75,75,75,75,75,75,75,75,75,75,75,75,75,75,75,75],"card_choices":[{"not_picked":["HollowMod:DescendingDark","HollowMod:LifebloodCocoon"],"picked":"HollowMod:CloakDash","floor":1.0},{"not_picked":["HollowMod:InfectedAttack","HollowMod:GoodIntentions"],"picked":"HollowMod:HuntersJournal","floor":3.0},{"not_picked":["HollowMod:HeavyBlow","HollowMod:CornifersMapStart","HollowMod:ChannelNail"],"picked":"SKIP","floor":4.0},{"not_picked":["HollowMod:MonarchWings","HollowMod:LifebloodCore","HollowMod:ZotesMagnificence"],"picked":"SKIP","floor":7},{"not_picked":["HollowMod:ShapeofUnn","HollowMod:TaintedHusks"],"picked":"HollowMod:MantisMark","floor":8},{"not_picked":["HollowMod:MidwifesHunger","HollowMod:HornetsHelp"],"picked":"HollowMod:AwokenDreamNail","floor":16}],"player_experience":140568,"relics_obtained":[{"floor":7,"key":"Lantern"},{"floor":9,"key":"HollowMod:MantisClawRelic"}],"event_choices":[{"damage_healed":0.0,"max_hp_gain":0.0,"max_hp_loss":0.0,"gold_gain":0.0,"event_name":"Shining Light","player_choice":"Entered Light","floor":2.0,"gold_loss":0.0,"damage_taken":15.0,"cards_upgraded":["HollowMod:NailStrikeStart","HollowMod:CloakDash"]},{"damage_healed":0.0,"max_hp_gain":0.0,"max_hp_loss":0.0,"gold_gain":0.0,"cards_transformed":["HollowMod:QuickDashStart"],"event_name":"Living Wall","player_choice":"Change","floor":5.0,"gold_loss":0.0,"damage_taken":0.0,"cards_obtained":["HollowMod:theNailsmith"]},{"damage_healed":0,"gold_gain":0,"player_choice":"Ignored","damage_taken":0,"max_hp_gain":0,"max_hp_loss":0,"event_name":"Liars Game","floor":13,"gold_loss":0},{"damage_healed":0,"gold_gain":0,"player_choice":"Got Potions","damage_taken":0,"max_hp_gain":0,"max_hp_loss":0,"event_name":"Lab","floor":14,"gold_loss":0}],"is_beta":false,"boss_relics":[],"items_purged_floors":[10,12],"is_endless":false,"potions_floor_spawned":[3],"killed_by":"Slime Boss","ascension_level":0}}