{"host":"ox77rn1xcurm2t5a","time":1613851067,"event":{"mods":["2.2 Compatiblity","AchievementEnabler","Act Like it!","Aspiration","BaseMod","Best Route Mod","Better Match","Better Note","Better Sensory Stone","Block Reminder","Colored Map","Colored Powertips","Conjunction","Conspire","Custom Start","Energized Spire","GifTheSpireLib","Gold Saver","Gremlin Skip","Halation","Highlight Path","Hubris","Infinite Spire","Minty Spire (QoL Compilation)","Pale of the Ancients","Quick Restart","Reliquary","Replay The Spire","Reworked Bosses","ShortenTheSpire","Spire Exporter","StSLib","Stuff the Spire","Wandering Minibosses"],"gold_per_floor":[322,322,332,332,33,61,61,90,90,39,49,49,59,93,93,189,189,206,223,223,234,252,280,280,280,332,358,372,372,372,372],"floor_reached":30,"language":"ENG","playtime":724,"items_purged":["Strike_R+1"],"score":454,"play_id":"5c55666a-4968-4079-a8f5-8afe84d70f09","local_time":"20210220215747","is_ascension_mode":true,"campfire_choices":[{"data":"Flex","floor":12.0,"key":"SMITH"},{"data":"Flex","floor":15.0,"key":"SMITH"},{"data":"Uppercut","floor":24.0,"key":"SMITH"},{"floor":29,"key":"RECALL"}],"circlet_count":0,"master_deck":["Strike_R","Strike_R","Strike_R","Strike_R","Defend_R","Defend_R+1","Defend_R+1","Defend_R","Bash","Flex+1","Clash","Flex+1","Thunderclap","Sword Boomerang","Armaments+1","Twin Strike","Thunderclap","Sword Boomerang+1","Uppercut+1","Anger"],"relics":["Burning Blood","NeowsBlessing","Blood Vial","TheAbacus","reliquary:Buckler","WingedGreaves","Tiny Chest","energizedSpire:OgreHead","Pondfish Scales","HandDrill","Centennial Puzzle","Sundial"],"acts_visited":["Exordium","TheCity"],"potions_floor_usage":[],"damage_taken":[{"damage":0.0,"enemies":"2 Louse","floor":1.0,"turns":1.0},{"damage":0.0,"enemies":"Jaw Worm","floor":3.0,"turns":1.0},{"damage":0.0,"enemies":"Gremlin Nob","floor":6.0,"turns":1.0},{"damage":25.0,"enemies":"3 Sentries","floor":8.0,"turns":10.0},{"damage":1.0,"enemies":"Small Slimes","floor":11.0,"turns":3.0},{"damage":5.0,"enemies":"Blue Slaver","floor":13.0,"turns":2.0},{"damage":44.0,"enemies":"Lagavulin","floor":14.0,"turns":4.0},{"damage":83.0,"enemies":"Slime Boss","floor":16.0,"turns":12.0},{"damage":21.0,"enemies":"3 Byrds","floor":18.0,"turns":4.0},{"damage":0.0,"enemies":"Spheric Guardian","floor":19.0,"turns":3.0},{"damage":0.0,"enemies":"Snecko","floor":21.0,"turns":2.0},{"damage":19.0,"enemies":"Chosen and Byrds","floor":22.0,"turns":5.0},{"damage":36.0,"enemies":"Replay:Snechameleon","floor":23.0,"turns":5.0},{"damage":19,"enemies":"Gremlin Leader","floor":27,"turns":5},{"damage":7,"enemies":"Cultist and Chosen","floor":28,"turns":5},{"damage":18,"enemies":"Shelled Parasite and Fungi","floor":30,"turns":2}],"seed_played":"4121104192618040683","potions_obtained":[{"floor":8.0,"key":"FairyPotion"},{"floor":13.0,"key":"SneckoOil"},{"floor":16.0,"key":"LiquidBronze"},{"floor":18.0,"key":"EntropicBrew"},{"floor":22.0,"key":"FearPotion"}],"is_trial":false,"path_per_floor":["M","?","M","?","$","E","?","E","T","$","M","R","M","E","R","B",null,"M","M","?","M","M","E","R","AVR","T","E","M","R","M"],"character_chosen":"IRONCLAD","items_purchased":["Blood Vial","TheAbacus","Thunderclap"],"campfire_rested":0,"item_purchase_floors":[5,5,10],"current_hp_per_floor":[78,78,80,80,80,80,80,61,61,61,68,68,71,35,35,7,62,49,57,57,65,54,26,26,26,26,15,16,16,0,0],"gold":372,"neow_bonus":"THREE_ENEMY_KILL","is_daily":false,"chose_seed":false,"campfire_upgraded":3,"win_rate":0.0,"timestamp":1613851067,"path_taken":["M","?","M","?","$","E","?","E","T","?","M","R","?","E","R","BOSS","M","?","?","M","M","E","R","AVR","T","E","M","R","M"],"items_purchased_type":["Relic","Relic","Card"],"build_version":"2020-12-22","purchased_purges":1,"victory":false,"max_hp_per_floor":[80,80,80,80,80,80,80,80,80,80,80,80,80,80,80,80,80,80,80,80,80,80,80,80,80,80,80,80,80,80,80],"card_choices":[{"not_picked":["Replay:Undeath\u0027s Touch","Disarm"],"picked":"Flex","floor":1.0},{"not_picked":["Reckless Charge","Seeing Red","Defy Death"],"picked":"SKIP","floor":3.0},{"not_picked":["hubris:StunningStrike","Seeing Red"],"picked":"Clash","floor":6.0},{"not_picked":["ReplayTheSpireMod:Limb From Limb","Twin Strike"],"picked":"Flex","floor":8.0},{"not_picked":["Twin Strike","StuffTheSpire:RockThrow"],"picked":"Sword Boomerang","floor":11.0},{"not_picked":["Headbutt","StuffTheSpire:RockThrow","Replay:Undeath\u0027s Touch"],"picked":"SKIP","floor":13.0},{"not_picked":["StuffTheSpire:Slingshot","Armaments","Flex"],"picked":"SKIP","floor":14.0},{"not_picked":["Searing Blow","Massacre"],"picked":"Armaments+1","floor":18.0},{"not_picked":["Replay:Undeath\u0027s Touch","Sentinel"],"picked":"Twin Strike","floor":19.0},{"not_picked":["Heavy Blade","Flex"],"picked":"Thunderclap","floor":21.0},{"not_picked":["Blood for Blood+1","infinitespire:OneForAll"],"picked":"Sword Boomerang+1","floor":22.0},{"not_picked":["StuffTheSpire:Pyroclast","Clothesline"],"picked":"Uppercut","floor":23.0},{"not_picked":["Clothesline","Armaments"],"picked":"Anger","floor":27},{"not_picked":["StuffTheSpire:Slingshot","StuffTheSpire:BloodClot","Shockwave"],"picked":"SKIP","floor":28}],"player_experience":3209474,"relics_obtained":[{"floor":6.0,"key":"reliquary:Buckler"},{"floor":8.0,"key":"WingedGreaves"},{"floor":14.0,"key":"Tiny Chest"},{"floor":23.0,"key":"Pondfish Scales"},{"floor":26.0,"key":"Centennial Puzzle"},{"floor":27,"key":"Sundial"}],"event_choices":[{"damage_healed":0.0,"max_hp_gain":0.0,"max_hp_loss":0.0,"gold_gain":0.0,"event_name":"Golden Idol","player_choice":"Ignored","floor":2.0,"gold_loss":0.0,"damage_taken":0.0},{"damage_healed":0.0,"max_hp_gain":0.0,"max_hp_loss":0.0,"gold_gain":0.0,"event_name":"FaceTrader","player_choice":"Leave","floor":20.0,"gold_loss":0.0,"damage_taken":0.0}],"is_beta":false,"boss_relics":[{"not_picked":["energizedSpire:SpiderWeb","StuffTheSpire:ModemDavis"],"picked":"energizedSpire:OgreHead"}],"items_purged_floors":[25],"is_endless":false,"potions_floor_spawned":[8,13,16,18,22],"killed_by":"Shelled Parasite and Fungi","ascension_level":9}}