{"host":"y9sq25med6ebkxz5","time":1613819843,"event":{"mods":["2.2 Compatiblity","AchievementEnabler","BaseMod","Card Forge","Colored Map","Colored Powertips","DeckTracker","Friendly Minions","Minty Spire (QoL Compilation)","Permanent Neow","Remove Card Discount Mod","Shop Mod","StSLib","SuperFastMode","Thrall Mod","WarShipGirlsR/??á´Ò³R mod"],"gold_per_floor":[114,114,125,200,220,220,35,69,139,165,165,200,200,210,210,313,313,332,247,264,264,23,50,50,82,106,119,119,10,10,36,36,141,141,155,168,181,39,53,78,78,78],"floor_reached":41,"language":"KOR","playtime":8229,"items_purged":[],"score":721,"play_id":"0ded065e-de7e-4874-8155-d7b22629ca38","local_time":"20210220201723","is_ascension_mode":true,"campfire_choices":[{"floor":6,"key":"RECALL"},{"floor":11,"key":"REST"},{"floor":13,"key":"REST"},{"floor":15,"key":"REST"},{"floor":24,"key":"REST"},{"floor":28,"key":"REST"},{"floor":30,"key":"REST"},{"floor":32,"key":"REST"}],"circlet_count":0,"master_deck":["Strike_Thrall+1","Strike_Thrall+1","Strike_Thrall+1","Strike_Thrall+1","Strike_Thrall+1","Defend_Thrall+1","Defend_Thrall+1","Defend_Thrall+1","Lightningbolt+1","Thecoin+1","Thecoin+1","Totemicsmash+1","Rumblingelemental+1","Farsight+1","Shudderwock+1","Manatidetotem+1","Tidalsurge+1","Whiteeyes+1","Lightningstorm+1","Thecoin+1","Thecoin+1","Healingrain+1","Thestormbringer+1","Dunemaul","Witchsapprentice+1","Jadelightning+1","Witchsapprentice+1","Maelstromportal"],"relics":["Totem","Hammer of Thor","Seething Fire","Anvil of the Gods","Turnip","MerchantsRug","Omamori","Pantograph","Boot","Philosopher\u0027s Stone","Bag of Marbles","Singing Bowl","Blood Vial","Vajra","Oddly Smooth Stone","Membership Card","Darkstone Periapt","DollysMirror","PreservedInsect","Anchor","Eternal Feather"],"acts_visited":["Exordium","TheCity","TheBeyond"],"potions_floor_usage":[8,12,14,23,23,37],"damage_taken":[{"damage":0,"enemies":"Cultist","floor":1,"turns":4},{"damage":10,"enemies":"Small Slimes","floor":3,"turns":3},{"damage":0,"enemies":"Jaw Worm","floor":5,"turns":3},{"damage":8,"enemies":"Gremlin Nob","floor":8,"turns":3},{"damage":27,"enemies":"Lagavulin","floor":10,"turns":5},{"damage":35,"enemies":"Gremlin Nob","floor":12,"turns":4},{"damage":0,"enemies":"Exordium Wildlife","floor":14,"turns":2},{"damage":43,"enemies":"Hexaghost","floor":16,"turns":8},{"damage":0,"enemies":"Spheric Guardian","floor":18,"turns":2},{"damage":8,"enemies":"Shell Parasite","floor":20,"turns":3},{"damage":49,"enemies":"Gremlin Leader","floor":23,"turns":4},{"damage":39,"enemies":"Slavers","floor":25,"turns":4},{"damage":1,"enemies":"Snecko","floor":27,"turns":4},{"damage":71,"enemies":"Book of Stabbing","floor":31,"turns":6},{"damage":50,"enemies":"Collector","floor":33,"turns":6},{"damage":12,"enemies":"3 Darklings","floor":35,"turns":4},{"damage":12,"enemies":"Orb Walker","floor":36,"turns":2},{"damage":29,"enemies":"Maw","floor":37,"turns":5},{"damage":29,"enemies":"Transient","floor":39,"turns":5},{"damage":62,"enemies":"Nemesis","floor":40,"turns":5},{"damage":23,"enemies":"Writhing Mass","floor":41,"turns":4}],"seed_played":"5708416528808118589","potions_obtained":[{"floor":3,"key":"Regen Potion"},{"floor":8,"key":"PowerPotion"},{"floor":10,"key":"Explosive Potion"},{"floor":16,"key":"PowerPotion"},{"floor":18,"key":"Explosive Potion"},{"floor":25,"key":"EssenceOfSteel"},{"floor":33,"key":"DistilledChaos"},{"floor":35,"key":"LiquidMemories"},{"floor":36,"key":"GamblersBrew"}],"is_trial":false,"path_per_floor":["M","$","M","?","M","R","$","E","T","E","R","E","R","M","R","B",null,"M","?","M","T","$","E","R","E","T","M","R","$","R","E","R","B",null,"M","M","M","$","M","E","M"],"character_chosen":"THRALL","items_purchased":["MerchantsRug","Farsight","Pear","Membership Card","DollysMirror","PreservedInsect","Anchor"],"campfire_rested":7,"item_purchase_floors":[7,7,22,29,38,38,38],"current_hp_per_floor":[63,63,53,42,44,44,44,41,41,18,36,3,21,21,39,31,55,55,55,62,62,72,24,45,14,14,26,48,48,70,30,52,59,71,61,60,50,50,45,7,0,0],"gold":78,"neow_bonus":"ONE_RARE_RELIC","is_daily":false,"chose_seed":false,"campfire_upgraded":0,"win_rate":0.0,"timestamp":1613819843,"path_taken":["M","$","?","?","M","R","$","E","T","E","R","E","R","M","R","BOSS","M","?","M","?","?","E","R","E","T","M","R","$","R","E","R","BOSS","M","M","M","$","M","E","M"],"items_purchased_type":["Relic","Card","Relic","Relic","Relic","Relic","Relic"],"build_version":"2020-12-22","purchased_purges":0,"victory":false,"max_hp_per_floor":[63,63,63,63,63,63,63,63,63,63,63,63,63,63,63,63,63,63,63,63,63,73,73,73,75,75,75,75,75,75,75,75,75,75,75,75,75,75,77,77,77,77],"card_choices":[{"not_picked":["Dustdevil","Witchsapprentice"],"picked":"Thecoin","floor":1},{"not_picked":["Jadecheiftain","Jadelightning"],"picked":"Totemicsmash","floor":3},{"not_picked":["Flametonguetotem","Fireelemental"],"picked":"Rumblingelemental","floor":5},{"not_picked":["Eureka","Tidalsurge"],"picked":"Shudderwock","floor":8},{"not_picked":["Blazing","Dustdevil"],"picked":"Manatidetotem","floor":10},{"not_picked":["Zap","Thingfrombelow"],"picked":"Tidalsurge","floor":12},{"not_picked":["Jinyu","Frostshock","Beakeredlightning"],"picked":"SKIP","floor":14},{"not_picked":["Unstable","Tunneltrogg"],"picked":"Whiteeyes","floor":16},{"not_picked":["Dustdevil","Doomhammer","Earthshock"],"picked":"SKIP","floor":18},{"not_picked":["Beakeredlightning","Wartbringer"],"picked":"Lightningstorm","floor":20},{"not_picked":["Zap","Wartbringer"],"picked":"Thecoin","floor":23},{"not_picked":["Cryostasis+1","Evolve+1","Volcano"],"picked":"Singing Bowl","floor":25},{"not_picked":["Devolve","Frostshock"],"picked":"Thecoin","floor":27},{"not_picked":["Doomhammer","Beakeredlightning"],"picked":"Healingrain","floor":31},{"not_picked":["Alakir","Shudderwock"],"picked":"Thestormbringer","floor":33},{"not_picked":["Hex+1","Ancestralknow"],"picked":"Dunemaul","floor":35},{"not_picked":["Lightningbolt","Zap"],"picked":"Witchsapprentice+1","floor":36},{"not_picked":["Beakeredlightning+1","Fireelemental+1"],"picked":"Jadelightning+1","floor":37},{"not_picked":["Fireguard+1","Volcano","Fireelemental+1"],"picked":"Singing Bowl","floor":39},{"not_picked":["Frostshock+1","Menacingnimbus"],"picked":"Maelstromportal","floor":40}],"player_experience":458657,"relics_obtained":[{"floor":8,"key":"Omamori"},{"floor":10,"key":"Pantograph"},{"floor":12,"key":"Boot"},{"floor":21,"key":"Singing Bowl"},{"floor":23,"key":"Blood Vial"},{"floor":25,"key":"Vajra"},{"floor":26,"key":"Oddly Smooth Stone"},{"floor":31,"key":"Darkstone Periapt"},{"floor":40,"key":"Eternal Feather"}],"event_choices":[{"damage_healed":0,"gold_gain":75,"player_choice":"Gather Gold","damage_taken":11,"max_hp_gain":0,"max_hp_loss":0,"event_name":"World of Goop","floor":4,"gold_loss":0},{"damage_healed":0,"gold_gain":0,"player_choice":"Obtained Relic","damage_taken":0,"relics_obtained":["Bag of Marbles"],"max_hp_gain":0,"max_hp_loss":0,"event_name":"Addict","floor":19,"gold_loss":85}],"is_beta":false,"boss_relics":[{"not_picked":["Coffee Dripper","Velvet Choker"],"picked":"Philosopher\u0027s Stone"},{"not_picked":["Cursed Key","Busted Crown"],"picked":"Empty Cage"}],"items_purged_floors":[],"is_endless":false,"potions_floor_spawned":[3,8,10,16,18,25,33,35,36],"killed_by":"Writhing Mass","ascension_level":8}}