{"host":"i0avyit1s6jb1siw","time":1613779358,"event":{"mods":["BaseMod","DeckTracker","Dota2Spire","Minty Spire (QoL Compilation)","Quick Restart","StSLib","SuperFastMode"],"gold_per_floor":[109,109,123,123,123,123,150,150,205,281,308,308,32,82,102,102,241,241,257,257,257,91,91,91,132,158,196,254,276,288,34,96,171,196,245,245,349,349,363,403,447,499,499,499,499],"floor_reached":44,"language":"ENG","playtime":1153,"items_purged":["Strike_G","Defend_G"],"score":1119,"play_id":"ca64c44d-86d8-4d7e-994e-1b30028ffa58","local_time":"20210220010238","is_ascension_mode":true,"campfire_choices":[{"data":"Riddle With Holes","floor":6.0,"key":"SMITH"},{"data":"Blade Dance","floor":8.0,"key":"SMITH"},{"data":"Calculated Gamble","floor":12.0,"key":"SMITH"},{"data":"Well Laid Plans","floor":16.0,"key":"SMITH"},{"data":"Cloak And Dagger","floor":24.0,"key":"SMITH"},{"data":"Finisher","floor":30,"key":"SMITH"},{"data":"Corpse Explosion","floor":36,"key":"SMITH"}],"circlet_count":0,"master_deck":["AscendersBane","Defend_G","Defend_G","Defend_G","Defend_G","Survivor","Neutralize","Backstab","Calculated Gamble+1","Riddle With Holes+1","Blade Dance+1","PiercingWail","Well Laid Plans+1","Finisher+1","Corpse Explosion+1","Cloak And Dagger+1","Calculated Gamble","Footwork","Necronomicurse","Acrobatics","Malaise","Bullet Time","Backflip+1","Backflip"],"relics":["Ring of the Snake","NeowsBlessing","Turnip","Dota2Spire:PowerTreads","Dota2Spire:Dagon","Incense Burner","Dota2Spire:HandOfMidas","Dota2Spire:RefresherOrb","Necronomicon","Medical Kit","MawBank","Oddly Smooth Stone","TwistedFunnel","Tiny Chest","Eternal Feather","The Courier","HoveringKite","Mango","Gremlin Horn"],"acts_visited":["Exordium","TheCity","TheBeyond"],"potions_floor_usage":[37,44],"damage_taken":[{"damage":0.0,"enemies":"Jaw Worm","floor":1.0,"turns":1.0},{"damage":0.0,"enemies":"2 Louse","floor":3.0,"turns":1.0},{"damage":0.0,"enemies":"Gremlin Nob","floor":7.0,"turns":1.0},{"damage":7.0,"enemies":"Lagavulin","floor":11.0,"turns":5.0},{"damage":0.0,"enemies":"Cultist","floor":14.0,"turns":2.0},{"damage":0.0,"enemies":"Red Slaver","floor":15.0,"turns":3.0},{"damage":10.0,"enemies":"Slime Boss","floor":17.0,"turns":11.0},{"damage":0.0,"enemies":"3 Byrds","floor":19.0,"turns":3.0},{"damage":0.0,"enemies":"Chosen","floor":25.0,"turns":2.0},{"damage":0,"enemies":"Slavers","floor":26,"turns":1},{"damage":0,"enemies":"Centurion and Healer","floor":29,"turns":3},{"damage":1,"enemies":"Gremlin Leader","floor":32,"turns":5},{"damage":0,"enemies":"Slavers","floor":34,"turns":2},{"damage":0,"enemies":"Cultist and Chosen","floor":35,"turns":4},{"damage":12,"enemies":"Collector","floor":37,"turns":7},{"damage":0,"enemies":"3 Darklings","floor":39,"turns":2},{"damage":4,"enemies":"Orb Walker","floor":40,"turns":3},{"damage":0,"enemies":"Transient","floor":41,"turns":6},{"damage":13,"enemies":"2 Orb Walkers","floor":42,"turns":4},{"damage":58,"enemies":"Reptomancer","floor":44,"turns":3}],"seed_played":"-8246353476680117885","potions_obtained":[{"floor":1.0,"key":"Dexterity Potion"},{"floor":7.0,"key":"SneckoOil"},{"floor":11.0,"key":"EssenceOfSteel"},{"floor":19.0,"key":"Dexterity Potion"},{"floor":32,"key":"LiquidBronze"},{"floor":41,"key":"CultistPotion"},{"floor":42,"key":"Swift Potion"}],"is_trial":false,"path_per_floor":["M","?","M","?","?","R","E","R","T","T","E","R","$","M","M","R","B",null,"M","?","?","$","?","R","M","E","T","T","M","R","$","E","T","E","M","R","B",null,"M","M","M","?","T","E"],"character_chosen":"THE_SILENT","items_purchased":["Dota2Spire:HandOfMidas","Well Laid Plans","Medical Kit","TwistedFunnel"],"campfire_rested":0,"item_purchase_floors":[13,13,22,31],"current_hp_per_floor":[59,52,52,52,52,52,52,52,52,52,45,45,45,45,45,45,35,58,58,58,37,37,37,37,37,37,37,37,37,37,37,36,36,36,36,48,36,59,59,55,55,56,56,0,0],"gold":499,"neow_bonus":"THREE_ENEMY_KILL","is_daily":false,"chose_seed":false,"campfire_upgraded":7,"win_rate":0.0,"timestamp":1613779358,"path_taken":["M","?","M","?","?","R","E","R","T","T","E","R","$","?","M","R","BOSS","M","?","?","$","?","R","M","E","T","T","M","R","?","E","?","E","?","R","BOSS","M","M","M","?","?","E"],"items_purchased_type":["Relic","Card","Relic","Relic"],"build_version":"2020-12-22","purchased_purges":2,"victory":false,"max_hp_per_floor":[66,66,66,66,66,66,66,66,66,66,66,66,66,66,66,66,66,66,66,66,66,66,66,66,66,66,66,66,66,66,66,66,66,66,66,66,66,66,66,66,66,80,80,80,80],"card_choices":[{"not_picked":["Acrobatics","Bane"],"picked":"Backstab","floor":1.0},{"not_picked":["Deflect","Heel Hook"],"picked":"Calculated Gamble","floor":3.0},{"not_picked":["Underhanded Strike","Phantasmal Killer"],"picked":"Blade Dance","floor":7.0},{"not_picked":["Acrobatics","Calculated Gamble"],"picked":"PiercingWail","floor":11.0},{"not_picked":["Noxious Fumes","Blur"],"picked":"Finisher","floor":14.0},{"not_picked":["Poisoned Stab","Backflip","Deadly Poison"],"picked":"SKIP","floor":15.0},{"not_picked":["Doppelganger","Glass Knife"],"picked":"Corpse Explosion","floor":17.0},{"not_picked":["Prepared+1","Catalyst"],"picked":"Cloak And Dagger","floor":19.0},{"not_picked":["Flying Knee+1","Acrobatics","Underhanded Strike"],"picked":"SKIP","floor":25.0},{"not_picked":["Flying Knee+1","Underhanded Strike"],"picked":"Acrobatics","floor":25.0},{"not_picked":["Poisoned Stab","Distraction+1","Reflex"],"picked":"SKIP","floor":26},{"not_picked":["Sucker Punch","Reflex","Dagger Spray"],"picked":"SKIP","floor":29},{"not_picked":["Prepared","Deadly Poison"],"picked":"Malaise","floor":32},{"not_picked":["Well Laid Plans","Dodge and Roll","Poisoned Stab"],"picked":"SKIP","floor":34},{"not_picked":["Distraction","Flying Knee","Deadly Poison"],"picked":"SKIP","floor":35},{"not_picked":["Corpse Explosion","Doppelganger"],"picked":"Bullet Time","floor":37},{"not_picked":["Caltrops","Quick Slash","Sucker Punch"],"picked":"SKIP","floor":39},{"not_picked":["Well Laid Plans","Dodge and Roll+1"],"picked":"Backflip+1","floor":40},{"not_picked":["Escape Plan","Quick Slash+1","Well Laid Plans+1"],"picked":"SKIP","floor":41},{"not_picked":["Deflect","Bullet Time"],"picked":"Backflip","floor":42}],"player_experience":2474478,"relics_obtained":[{"floor":7.0,"key":"Turnip"},{"floor":9.0,"key":"Dota2Spire:PowerTreads"},{"floor":10.0,"key":"Dota2Spire:Dagon"},{"floor":11.0,"key":"Incense Burner"},{"floor":21.0,"key":"Necronomicon"},{"floor":26,"key":"MawBank"},{"floor":28,"key":"Oddly Smooth Stone"},{"floor":32,"key":"Tiny Chest"},{"floor":33,"key":"Eternal Feather"},{"floor":34,"key":"The Courier"},{"floor":42,"key":"Mango"},{"floor":43,"key":"Gremlin Horn"}],"event_choices":[{"cards_removed":["Strike_G"],"damage_healed":0.0,"max_hp_gain":0.0,"max_hp_loss":0.0,"gold_gain":0.0,"event_name":"Golden Wing","player_choice":"Card Removal","floor":2.0,"gold_loss":0.0,"damage_taken":7.0},{"damage_healed":0.0,"max_hp_gain":0.0,"max_hp_loss":0.0,"gold_gain":0.0,"event_name":"Liars Game","player_choice":"Ignored","floor":4.0,"gold_loss":0.0,"damage_taken":0.0},{"damage_healed":0.0,"max_hp_gain":0.0,"max_hp_loss":0.0,"gold_gain":0.0,"cards_transformed":["Strike_G"],"event_name":"Transmorgrifier","player_choice":"Transformed","floor":5.0,"gold_loss":0.0,"damage_taken":0.0,"cards_obtained":["Riddle With Holes"]},{"damage_healed":0.0,"max_hp_gain":0.0,"max_hp_loss":0.0,"gold_gain":0.0,"cards_transformed":["Strike_G","Strike_G"],"event_name":"Drug Dealer","player_choice":"Became Test Subject","floor":20.0,"gold_loss":0.0,"damage_taken":0.0,"cards_obtained":["Calculated Gamble","Footwork"]},{"damage_healed":0.0,"max_hp_gain":0.0,"max_hp_loss":0.0,"gold_gain":0.0,"event_name":"Cursed Tome","player_choice":"Obtained Book","floor":21.0,"gold_loss":0.0,"damage_taken":21.0},{"damage_healed":0.0,"max_hp_gain":0.0,"max_hp_loss":0.0,"gold_gain":0.0,"event_name":"Vampires","player_choice":"Ignored","floor":23.0,"gold_loss":0.0,"damage_taken":0.0},{"damage_healed":0,"gold_gain":0,"player_choice":"Fight","damage_taken":0,"max_hp_gain":0,"max_hp_loss":0,"event_name":"Mysterious Sphere","floor":42,"gold_loss":0}],"is_beta":false,"boss_relics":[{"not_picked":["Tiny House","Coffee Dripper"],"picked":"Dota2Spire:RefresherOrb"},{"not_picked":["SacredBark","Ring of the Serpent"],"picked":"HoveringKite"}],"items_purged_floors":[13,31],"is_endless":false,"potions_floor_spawned":[1,7,11,19,32,35,41,42],"killed_by":"Reptomancer","ascension_level":20}}