{"host":"wghywkm8d8bfevhv","time":1613859213,"event":{"mods":["AchievementEnabler","Act Like it!","BaseMod","BetterRewards","Colored Powertips","Friendly Minions","Hubris","Infinite Spire","Marisa????????","Minty Spire (QoL Compilation)","Quick Restart","Replay The Spire","Somnambulant","StSLib","The Animator","The Cursed","The Necromancer","The Runesmith","The Servant 0.9.4","The Spell Scribe"],"gold_per_floor":[110,135,135,135,165,213,241,206,206,206,206,220,220,230,230,343,343,371,371,371,311,159,192,192,225,225,225,238,238,280,305,305,419,419,439,184,184,184,144,144,155,155,155,155,155,9,26,60,60,180,180,192,203,203,46,51,51,51,51,77,81,104,115,215,229,229,302,302,304,304,219,282,282,286,143,143,167,163,91,80,80],"floor_reached":80,"language":"ENG","playtime":3813,"items_purged":[],"score":1248,"play_id":"285edd8f-f108-433f-8d58-bf28621affc5","local_time":"20210220231333","is_ascension_mode":false,"campfire_choices":[{"floor":11,"key":"REST"},{"data":"PulseMagic","floor":15,"key":"SMITH"},{"data":"TreasureHunter","floor":24,"key":"SMITH"},{"data":"BinaryStars","floor":27,"key":"SMITH"},{"floor":29,"key":"REST"},{"floor":32,"key":"RECALL"},{"floor":40,"key":"REST"},{"floor":44,"key":"REST"},{"floor":49,"key":"REST"},{"data":"MaximisePower","floor":57,"key":"SMITH"},{"floor":66,"key":"REST"},{"floor":76,"key":"REST"}],"circlet_count":0,"master_deck":["Strike_MRS+1","Strike_MRS","Defend_MRS","Defend_MRS+1","Defend_MRS+1","MasterSpark","UpSweep+1","WitchOfGreed","NonDirectionalLaser+1","DC+1","BlazeAway+1","ChargeUpSpray+1","MysteriousBeam","PulseMagic+1","TreasureHunter+1","GrandCross+1","GrandCross","GrandCross+1","BinaryStars+1","MilkyWay","AsteroidBelt","Singularity+1","EscapeVelocity+1","AbeCurse","MysteriousBeam+1","BinaryStars","Wraith","MaximisePower+1","EnergyFlow+1","MysteriousBeam","ReplayTheSpireMod:??????????????????????","EarthLightRay","PowerUp","DeepEcoloBomb","SporeBomb+1","CasketOfStar+1","GravityBeat","MysteriousBeam","OortCloud+1","MagicAbsorber+1","CasketOfStar+1","EnergyFlow+1"],"relics":["MiniHakkero","NeowsBlessing","Orichalcum","War Paint","Oddly Smooth Stone","hubris:Towel","Replay:Drink Me","Gremlin Food","Bottled Lightning","Replay:Bottled Snecko","CaptainsWheel","Replay:Grab Bag","Replay:Bronze Core","Abe\u0027s Treasure","ExperimentalFamiliar","Frozen Egg 2","ChewingGum","Regal Pillow","ReplayTheSpireMod:DimensionalGlitch","PreservedInsect","Smiling Mask","Ring of Chaos","hubris:BottledHeart","Toy Ornithopter","Dream Catcher","Bag of Preparation","hubris:SlimyHat"],"acts_visited":["Exordium","TheCity","TheBeyond","Exordium","TheCity"],"potions_floor_usage":[6,6,6,14,16,18,25,28,28,33,41,48,48,50,50,67,67,80,80,80],"damage_taken":[{"damage":0,"enemies":"2 Louse","floor":1,"turns":1},{"damage":0,"enemies":"Cultist","floor":2,"turns":1},{"damage":0,"enemies":"Small Slimes","floor":5,"turns":1},{"damage":24,"enemies":"Lagavulin","floor":6,"turns":4},{"damage":4,"enemies":"Looter","floor":7,"turns":2},{"damage":4,"enemies":"Exordium Wildlife","floor":12,"turns":2},{"damage":4,"enemies":"Lots of Slimes","floor":14,"turns":2},{"damage":0,"enemies":"Slime Boss","floor":16,"turns":7},{"damage":0,"enemies":"3 Byrds","floor":18,"turns":5},{"damage":6,"enemies":"Nightmare","floor":23,"turns":3},{"damage":0,"enemies":"Chosen","floor":25,"turns":3},{"damage":15,"enemies":"Snake Plant","floor":28,"turns":2},{"damage":0,"enemies":"Gremlin Leader","floor":30,"turns":5},{"damage":4,"enemies":"Chosen and Byrds","floor":31,"turns":4},{"damage":64,"enemies":"hubris:MusketHawk","floor":33,"turns":7},{"damage":12,"enemies":"3 Darklings","floor":35,"turns":3},{"damage":25,"enemies":"3 Shapes","floor":41,"turns":2},{"damage":0,"enemies":"3 Darklings","floor":47,"turns":2},{"damage":16,"enemies":"Maw","floor":48,"turns":4},{"damage":18,"enemies":"hubris:GrandSnecko","floor":50,"turns":4},{"damage":0,"enemies":"Small Slimes","floor":52,"turns":1},{"damage":0,"enemies":"2 Louse","floor":53,"turns":1},{"damage":0,"enemies":"Jaw Worm","floor":56,"turns":1},{"damage":0,"enemies":"Exordium Thugs","floor":61,"turns":2},{"damage":0,"enemies":"Looter","floor":62,"turns":1},{"damage":0,"enemies":"Blue Slaver","floor":63,"turns":1},{"damage":13,"enemies":"Lots of Slimes","floor":65,"turns":3},{"damage":48,"enemies":"The Guardian","floor":67,"turns":4},{"damage":10,"enemies":"2 Thieves","floor":69,"turns":2},{"damage":0,"enemies":"3 Byrds","floor":74,"turns":2},{"damage":0,"enemies":"Sentry and Sphere","floor":78,"turns":3},{"damage":13,"enemies":"Slavers","floor":80,"turns":1}],"seed_played":"3408115877397831378","potions_obtained":[{"floor":1,"key":"AttackPotion"},{"floor":2,"key":"BottledSpark"},{"floor":5,"key":"AttackPotion"},{"floor":6,"key":"Toxic Potion"},{"floor":7,"key":"Block Potion"},{"floor":7,"key":"Flashbang"},{"floor":16,"key":"BottledSpark"},{"floor":16,"key":"SkillPotion"},{"floor":18,"key":"Fire Potion"},{"floor":25,"key":"FairyPotion"},{"floor":30,"key":"Energy Potion"},{"floor":31,"key":"LiquidBronze"},{"floor":33,"key":"Strength Potion"},{"floor":41,"key":"FearPotion"},{"floor":48,"key":"LiquidBronze"},{"floor":48,"key":"Regen Potion"},{"floor":50,"key":"Fire Potion"},{"floor":50,"key":"Explosive Potion"},{"floor":53,"key":"Block Potion"},{"floor":72,"key":"LiquidBronze"},{"floor":78,"key":"Energy Potion"}],"is_trial":false,"path_per_floor":["M","M","?","$","M","E","M","?","T","?","R","M","?","M","R","B",null,"M","$","?","?","$","NM","R","M","T","R","M","R","E","M","R","B",null,"M","$","?","AVR","?","R","M","$","T","R","?","$","M","M","R","B",null,"M","M","?","$","M","R","?","$","T","M","M","M","?","M","R","B",null,"M","?","?","?","?","M","$","R","T","M","$","E"],"character_chosen":"MARISA","items_purchased":["Gremlin Food","Frozen Egg 2","Regal Pillow","PreservedInsect","Bag of Preparation","EnergyFlow+1"],"campfire_rested":7,"item_purchase_floors":[22,36,46,55,75,79],"current_hp_per_floor":[75,75,63,63,63,39,35,53,53,53,75,71,71,67,67,67,57,57,57,57,57,57,51,51,51,51,51,36,53,53,49,49,17,57,45,45,45,45,45,57,32,32,32,49,49,49,49,33,57,48,57,57,57,57,57,57,57,36,36,36,36,36,36,36,23,55,9,57,49,1,1,1,1,1,1,1,1,1,1,0,0],"gold":80,"neow_bonus":"THREE_ENEMY_KILL","is_daily":false,"chose_seed":false,"campfire_upgraded":4,"win_rate":0.0,"timestamp":1613859213,"path_taken":["M","M","?","$","M","E","M","?","T","?","R","?","?","M","R","BOSS","M","$","?","?","$","NM","R","M","T","R","M","R","E","M","R","BOSS","M","$","?","AVR","?","R","?","?","T","R","?","$","M","M","R","BOSS","M","M","?","$","M","R","?","?","T","M","?","M","?","M","R","BOSS","M","?","?","?","?","M","$","R","T","M","?","E"],"items_purchased_type":["Relic","Relic","Relic","Relic","Relic","Card"],"build_version":"2020-12-22","purchased_purges":0,"victory":false,"max_hp_per_floor":[75,75,75,75,75,75,75,75,75,75,75,75,75,75,75,75,57,57,57,57,57,57,57,57,57,57,57,57,57,57,57,57,57,57,57,57,57,57,57,57,57,57,57,57,57,57,57,57,57,57,57,57,57,57,57,57,57,57,57,57,57,57,57,57,57,57,57,57,57,1,1,1,1,1,1,1,1,1,1,1,1],"card_choices":[{"not_picked":["GravityBeat","GalacticHalo"],"picked":"WitchOfGreed","floor":1},{"not_picked":["DoubleSpark","Orbital"],"picked":"NonDirectionalLaser","floor":2},{"not_picked":["OrrerysSun","Acceleration"],"picked":"DC","floor":5},{"not_picked":["DarkMatter","PowerUp"],"picked":"BlazeAway","floor":6},{"not_picked":["WitchOfGreed","MagicAbsorber"],"picked":"ChargeUpSpray","floor":7},{"not_picked":["WitchLeyline","SprinkleStarSeal"],"picked":"MysteriousBeam","floor":12},{"not_picked":["Acceleration","WitchOfGreed"],"picked":"PulseMagic","floor":14},{"not_picked":["BigCrunch","SuperNova"],"picked":"TreasureHunter","floor":16},{"not_picked":["OrrerysSun","ShootingEcho"],"picked":"GrandCross+1","floor":18},{"not_picked":["ShootingEcho","WitchLeyline"],"picked":"GrandCross","floor":23},{"not_picked":["IllusionStar","ChargeUpSpray+1"],"picked":"BinaryStars","floor":25},{"not_picked":["IllusionStar","6A"],"picked":"MilkyWay","floor":28},{"not_picked":["GalacticHalo+1","ShootingEcho"],"picked":"AsteroidBelt","floor":30},{"not_picked":["Occultation","SporeBomb+1"],"picked":"Singularity","floor":31},{"not_picked":["BigCrunch","StarDustReverie"],"picked":"EscapeVelocity","floor":33},{"not_picked":["DarkSpark","StarlightTyphoon"],"picked":"MysteriousBeam+1","floor":35},{"not_picked":["NonDirectionalLaser","DoubleSpark+1"],"picked":"BinaryStars","floor":41},{"not_picked":["ManaConvection","LuminesStrike","NonDirectionalLaser+1"],"picked":"SKIP","floor":47},{"not_picked":["MysteriousBeam+1","Acceleration+1","Orbital"],"picked":"SKIP","floor":48},{"not_picked":["SuperNova+1","EscapeVelocity+1"],"picked":"MaximisePower","floor":50},{"not_picked":["AlicesGift","MagicAbsorber"],"picked":"EnergyFlow+1","floor":52},{"not_picked":["LuminesStrike","DC"],"picked":"MysteriousBeam","floor":53},{"not_picked":["Robbery","ChargingUp","UnstableBomb"],"picked":"SKIP","floor":56},{"not_picked":["infinitespire:Collect","infinitespire:SevenWalls"],"picked":"ReplayTheSpireMod:??????????????????????","floor":58},{"not_picked":["DC","GalacticHalo"],"picked":"EarthLightRay","floor":61},{"not_picked":["WitchOfGreed+1","WitchLeyline"],"picked":"PowerUp","floor":62},{"not_picked":["BlazeAway","IllusionStar"],"picked":"DeepEcoloBomb","floor":63},{"not_picked":["PulseMagic","AsteroidBelt"],"picked":"SporeBomb","floor":65},{"not_picked":["EscapeVelocity+1","TreasureHunter"],"picked":"CasketOfStar+1","floor":67},{"not_picked":["GalacticHalo","AsteroidBelt"],"picked":"GravityBeat","floor":69},{"not_picked":["AsteroidBelt","Singularity+1"],"picked":"MysteriousBeam","floor":72},{"not_picked":["IllusionStar","MysteriousBeam+1"],"picked":"OortCloud+1","floor":72},{"not_picked":["UnstableBomb+1","LuminesStrike"],"picked":"MagicAbsorber+1","floor":74},{"not_picked":["PowerUp","MagicAbsorber"],"picked":"CasketOfStar+1","floor":78}],"player_experience":197525,"relics_obtained":[{"floor":6,"key":"War Paint"},{"floor":9,"key":"Oddly Smooth Stone"},{"floor":23,"key":"Bottled Lightning"},{"floor":26,"key":"Replay:Bottled Snecko"},{"floor":30,"key":"CaptainsWheel"},{"floor":60,"key":"Smiling Mask"},{"floor":72,"key":"Dream Catcher"},{"floor":77,"key":"hubris:SlimyHat"}],"event_choices":[{"damage_healed":0,"gold_gain":0,"player_choice":"Success","damage_taken":12,"relics_obtained":["Orichalcum"],"max_hp_gain":0,"max_hp_loss":0,"event_name":"Scrap Ooze","floor":3,"gold_loss":0},{"damage_healed":18,"gold_gain":0,"player_choice":"Healed","damage_taken":0,"max_hp_gain":0,"max_hp_loss":0,"event_name":"The Cleric","floor":8,"gold_loss":35},{"damage_healed":0,"gold_gain":0,"player_choice":"Forge","damage_taken":0,"max_hp_gain":0,"max_hp_loss":0,"event_name":"Accursed Blacksmith","floor":10,"gold_loss":0,"cards_upgraded":["BlazeAway"]},{"damage_healed":0,"gold_gain":0,"player_choice":"Read","damage_taken":0,"max_hp_gain":0,"max_hp_loss":0,"event_name":"The Library","floor":20,"gold_loss":0,"cards_obtained":["GrandCross"]},{"damage_healed":0,"gold_gain":0,"player_choice":"Upgraded Two","damage_taken":0,"max_hp_gain":0,"max_hp_loss":0,"event_name":"Designer","floor":39,"gold_loss":40,"cards_upgraded":["UpSweep","Strike_MRS"]},{"damage_healed":0,"gold_gain":0,"player_choice":"Ignored","damage_taken":0,"max_hp_gain":0,"max_hp_loss":0,"event_name":"OrinTheCat","floor":45,"gold_loss":0},{"damage_healed":0,"gold_gain":0,"player_choice":"Ignored","damage_taken":0,"max_hp_gain":0,"max_hp_loss":0,"event_name":"Liars Game","floor":54,"gold_loss":0},{"damage_healed":0,"gold_gain":100,"player_choice":"Pray","damage_taken":0,"max_hp_gain":0,"max_hp_loss":0,"event_name":"Golden Shrine","floor":64,"gold_loss":0},{"damage_healed":0,"gold_gain":0,"player_choice":"Obtained Relic","damage_taken":0,"relics_obtained":["Toy Ornithopter"],"max_hp_gain":0,"max_hp_loss":0,"event_name":"Addict","floor":71,"gold_loss":85},{"damage_healed":0,"gold_gain":0,"player_choice":"Shed Blood","damage_taken":0,"max_hp_gain":5,"max_hp_loss":0,"event_name":"Forgotten Altar","floor":73,"gold_loss":0}],"is_beta":false,"boss_relics":[{"not_picked":["Velvet Choker","Kintsugi"],"picked":"Replay:Drink Me"},{"not_picked":["Tiny House","Runic Dome"],"picked":"Replay:Grab Bag"},{"not_picked":["Runesmith:UraniumAnvil","hubris:GrandSneckoEye"],"picked":"Replay:Bronze Core"},{"not_picked":["infinitespire:Cupcake","hubris:RunicObelisk"],"picked":"Abe\u0027s Treasure"},{"not_picked":["Black Star","hubris:ScarierMask"],"picked":"ExperimentalFamiliar"},{"not_picked":["hubris:BlackHole","Runic Pyramid"],"picked":"ReplayTheSpireMod:DimensionalGlitch"},{"not_picked":["hubris:TerracottaHorce","Coffee Dripper"],"picked":"Ring of Chaos"}],"items_purged_floors":[],"is_endless":true,"potions_floor_spawned":[1,6,7,16,30,41,48,50,53,61,65,78],"killed_by":"Slavers","ascension_level":0}}