{"host":"o3b7ow6d1xe49css","time":1613815832,"event":{"mods":["Aspiration","BaseMod","Better Altar","Better Match","Better Note","Better Sensory Stone","Better Skull","Better Third Choice","Colored Powertips","Conspire","Energized Spire","Force Act Four","GifTheSpireLib","Halation","Hubris","Lobotomy","Minty Spire (QoL Compilation)","Relic Filter Mod","Reliquary","Replay The Spire","Spicy Shops","Spikes Relics","StSLib","Stuff the Spire","The Blue Laboratory","Together in Spire"],"gold_per_floor":[215,225,235,221,69,69,102,102,102,131,151,161,13,44,44,145,145,155,165,165,13,13,13,13,44,44,44,59,59,77,17,17,121,121,133,149,424,434,434,434,448,473,473,473,123,123,157,170,170,170,45,78,78],"floor_reached":54,"language":"ENG","playtime":3181,"items_purged":["Strike_R","Parasite","Strike_R"],"score":1060,"play_id":"ff920959-49a6-4a40-956d-2b3187c0e52c","local_time":"20210220011032","is_ascension_mode":false,"campfire_choices":[{"data":"Bash","floor":6,"key":"SMITH"},{"data":"Infernal Blade","floor":8,"key":"SMITH"},{"data":"Shockwave","floor":15,"key":"SMITH"},{"data":"Sword Boomerang","floor":23,"key":"SMITH"},{"data":"Rupture","floor":29,"key":"SMITH"},{"floor":32,"key":"RECALL"},{"data":"Brutality","floor":40,"key":"SMITH"},{"data":"Pot Of Greed","floor":44,"key":"SMITH"},{"data":"Pot Of Greed","floor":46,"key":"SMITH"},{"data":"Pot Of Greed","floor":49,"key":"SMITH"},{"data":"Sword Boomerang","floor":50,"key":"SMITH"}],"circlet_count":0,"master_deck":["Strike_R","Strike_R+1","Defend_R","Defend_R","Defend_R","Defend_R","Bash+1","Shrug It Off","Iron Wave","Infernal Blade+1","Shockwave+1","Cleave","Sword Boomerang+1","Feed+1","Uppercut+1","Twin Strike","Pain","Pot Of Greed+1","Pot Of Greed+1","True Grit","Rupture+1","True Grit+1","Hemokinesis","Brutality+1","Sword Boomerang+1","Pot Of Greed+1","Regret"],"relics":["Burning Blood","PreservedInsect","aspiration:HiddenCompartment","reliquary:IridiumChain","Juzu Bracelet","reliquary:RedPaperclip","Replay:Wax Seal","WarpedTongs","Grinning Jar","Iron Hammer","Philosopher\u0027s Stone","conspire:DecoderRing","Whetstone","reliquary:PrincelyHelmet","Orichalcum","hubris:MysteriousPyramids","Pantograph"],"acts_visited":["Exordium","TheCity","TheBeyond","TheEnding"],"potions_floor_usage":[16,25,28,53,53,53],"damage_taken":[{"damage":0,"enemies":"Cultist","floor":1,"turns":2},{"damage":0,"enemies":"Small Slimes","floor":2,"turns":3},{"damage":6,"enemies":"Jaw Worm","floor":3,"turns":3},{"damage":4,"enemies":"Looter","floor":4,"turns":3},{"damage":8,"enemies":"3 Sentries","floor":7,"turns":6},{"damage":3,"enemies":"Lagavulin","floor":10,"turns":4},{"damage":0,"enemies":"Gremlin Gang","floor":11,"turns":3},{"damage":1,"enemies":"Lots of Slimes","floor":12,"turns":2},{"damage":0,"enemies":"Gremlin Nob","floor":14,"turns":2},{"damage":15,"enemies":"Hexaghost","floor":16,"turns":5},{"damage":2,"enemies":"Spheric Guardian","floor":18,"turns":3},{"damage":2,"enemies":"Chosen","floor":19,"turns":2},{"damage":13,"enemies":"conspire:SneckoGhost","floor":25,"turns":2},{"damage":5,"enemies":"Snake Plant","floor":28,"turns":3},{"damage":7,"enemies":"conspire:HollyBat","floor":30,"turns":6},{"damage":33,"enemies":"Collector","floor":33,"turns":6},{"damage":4,"enemies":"Orb Walker","floor":35,"turns":2},{"damage":6,"enemies":"3 Darklings","floor":36,"turns":2},{"damage":33,"enemies":"Transient","floor":38,"turns":2},{"damage":18,"enemies":"Writhing Mass","floor":41,"turns":4},{"damage":17,"enemies":"Giant Head","floor":42,"turns":4},{"damage":17,"enemies":"R_Hoarder","floor":47,"turns":4},{"damage":17,"enemies":"Maw","floor":48,"turns":4},{"damage":22,"enemies":"Shield and Spear","floor":52,"turns":2},{"damage":61,"enemies":"The Heart","floor":53,"turns":5}],"seed_played":"6732334380291201236","potions_obtained":[{"floor":1,"key":"blueLaboratory:Moonshine"},{"floor":3,"key":"blueLaboratory:NullPotion"},{"floor":10,"key":"PowerPotion"},{"floor":16,"key":"blueLaboratory:PhilterOfMotion"},{"floor":18,"key":"Fire Potion"},{"floor":25,"key":"blueLaboratory:HummingbirdPotion"},{"floor":30,"key":"Elixir"},{"floor":36,"key":"LiquidBronze"},{"floor":39,"key":"SpeedPotion"}],"is_trial":false,"path_per_floor":["M","M","M","M","$","R","E","R","T","E","M","M","$","E","R","B",null,"M","M","?","$","?","R","?","E","T","?","M","R","M","?","R","B",null,"M","M","?","M","?","R","M","E","T","R","$","R","E","M","R","R","$","E","B",null],"character_chosen":"IRONCLAD","items_purchased":["PreservedInsect","Juzu Bracelet","Replay:Wax Seal","reliquary:PrincelyHelmet"],"campfire_rested":0,"item_purchase_floors":[5,13,21,45],"current_hp_per_floor":[80,80,80,80,80,80,78,78,78,80,80,80,80,80,80,71,80,83,86,86,86,86,86,86,79,79,79,80,80,79,79,79,52,86,86,86,86,86,86,86,74,63,63,63,63,63,53,42,84,84,84,68,29],"gold":78,"neow_bonus":"HUNDRED_GOLD","is_daily":false,"chose_seed":false,"campfire_upgraded":10,"win_rate":0.0,"timestamp":1613815832,"path_taken":["M","M","M","M","$","R","E","R","T","E","M","?","$","E","R","BOSS","M","M","?","$","?","R","?","E","T","?","M","R","M","?","R","BOSS","M","M","?","M","?","R","M","E","T","R","?","R","E","M","R","R","$","E","BOSS"],"items_purchased_type":["Relic","Relic","Relic","Relic"],"build_version":"2020-12-22","purchased_purges":3,"victory":true,"max_hp_per_floor":[80,80,80,80,80,80,80,80,80,80,80,80,80,80,80,80,80,83,86,86,86,86,86,86,86,86,86,86,86,86,86,86,86,86,86,86,86,86,86,86,86,86,86,86,83,83,84,84,84,84,84,84,84],"card_choices":[{"not_picked":["Perfected Strike","Rage"],"picked":"Shrug It Off","floor":1},{"not_picked":["Massacre","Shrug It Off"],"picked":"Iron Wave","floor":2},{"not_picked":["Bloodletting","Flex","StuffTheSpire:Pyroclast"],"picked":"SKIP","floor":3},{"not_picked":["Armaments","StuffTheSpire:RagingBull","Run Through"],"picked":"SKIP","floor":4},{"not_picked":["Clothesline","Fire Breathing"],"picked":"Infernal Blade","floor":7},{"not_picked":["Defy Death","Rampage"],"picked":"Shockwave","floor":10},{"not_picked":["Havoc","Iron Wave"],"picked":"Cleave","floor":11},{"not_picked":["ReplayTheSpireMod:Strike From Hell","Bloodletting"],"picked":"Sword Boomerang","floor":12},{"not_picked":["Pommel Strike","ReplayTheSpireMod:LeadingStrike","Wild Strike"],"picked":"SKIP","floor":14},{"not_picked":["conspire:Purge","StuffTheSpire:TitanForm"],"picked":"Feed","floor":16},{"not_picked":["Headbutt","Invigoration"],"picked":"Uppercut+1","floor":18},{"not_picked":["Cleave","Shockwave"],"picked":"Twin Strike","floor":19},{"not_picked":["Sword Boomerang","Body Slam"],"picked":"True Grit","floor":25},{"not_picked":["Wild Strike","Dropkick"],"picked":"True Grit+1","floor":28},{"not_picked":["Barricade","StuffTheSpire:Incineration"],"picked":"Hemokinesis","floor":30},{"not_picked":["Barricade","Replay:Many Hands"],"picked":"Brutality","floor":33},{"not_picked":["Pommel Strike+1","Havoc+1","Wild Strike"],"picked":"SKIP","floor":35},{"not_picked":["StuffTheSpire:Slingshot","Wild Strike"],"picked":"Sword Boomerang","floor":36},{"not_picked":["Feel No Pain","Pommel Strike","Clash"],"picked":"SKIP","floor":38},{"not_picked":["ReplayTheSpireMod:Strike From Hell","Sword Boomerang","Twin Strike"],"picked":"SKIP","floor":41},{"not_picked":["ReplayTheSpireMod:Strike From Hell","Sword Boomerang","Twin Strike"],"picked":"SKIP","floor":41},{"not_picked":["StuffTheSpire:Slingshot","Thunderclap","Headbutt"],"picked":"SKIP","floor":42},{"not_picked":["StuffTheSpire:Slingshot","Thunderclap","Headbutt"],"picked":"SKIP","floor":42},{"not_picked":["hubris:CleavingFinish+1","Berserk","Massacre+1"],"picked":"SKIP","floor":47},{"not_picked":["Body Slam+1","Combust","Perfected Strike+1"],"picked":"SKIP","floor":48},{"not_picked":["Ghostly Armor","Twin Strike+1","Feel No Pain"],"picked":"SKIP","floor":52}],"player_experience":1365655,"relics_obtained":[{"floor":7,"key":"aspiration:HiddenCompartment"},{"floor":9,"key":"Lantern"},{"floor":10,"key":"reliquary:IridiumChain"},{"floor":14,"key":"Smiling Mask"},{"floor":25,"key":"Grinning Jar"},{"floor":26,"key":"Iron Hammer"},{"floor":42,"key":"conspire:DecoderRing"},{"floor":43,"key":"Whetstone"},{"floor":47,"key":"Orichalcum"},{"floor":52,"key":"Pantograph"}],"event_choices":[{"damage_healed":0,"gold_gain":0,"player_choice":"Ignored","damage_taken":0,"max_hp_gain":0,"max_hp_loss":0,"event_name":"betterNote:BetterNote","floor":20,"gold_loss":0,"cards_obtained":["Strike_R"]},{"cards_removed":["Strike_R"],"damage_healed":0,"gold_gain":0,"player_choice":"Purged","damage_taken":0,"max_hp_gain":0,"max_hp_loss":0,"event_name":"Purifier","floor":22,"gold_loss":0},{"damage_healed":0,"gold_gain":0,"player_choice":"Rummage","damage_taken":0,"relics_obtained":["WarpedTongs"],"max_hp_gain":0,"max_hp_loss":0,"event_name":"Accursed Blacksmith","floor":24,"gold_loss":0,"cards_obtained":["Pain"]},{"damage_healed":0,"gold_gain":275,"player_choice":"Desecrate","damage_taken":0,"max_hp_gain":0,"max_hp_loss":0,"event_name":"Golden Shrine","floor":37,"gold_loss":0,"cards_obtained":["Regret"]},{"damage_healed":0,"gold_gain":0,"player_choice":"Got Potions","damage_taken":0,"max_hp_gain":0,"max_hp_loss":0,"event_name":"Lab","floor":39,"gold_loss":0}],"is_beta":false,"boss_relics":[{"not_picked":["halation:CatFaceCupcake","StuffTheSpire:RunicHypercube"],"picked":"reliquary:RedPaperclip"},{"not_picked":["energizedSpire:SpiderWeb","Replay:Drink Me"],"picked":"Philosopher\u0027s Stone"}],"items_purged_floors":[21,45,51],"is_endless":false,"potions_floor_spawned":[1,3,10,14,16,18,25,30,36,41,42],"ascension_level":0}}