{"host":"pi8b3ffzwvxqztac","time":1613800158,"event":{"mods":["BaseMod","Colored Map","Custom Start","Downfall","Minty Spire (QoL Compilation)","StSLib"],"gold_per_floor":[118,131,206,80,30,30,42,42,42,54,54,54,54,89,101,210,222,252,280,324,46,46,46,60,76,101,112,112,112,112,125,125,125,125],"floor_reached":33,"language":"ENG","playtime":1267,"items_purged":["Strike_R"],"score":331,"play_id":"431e1865-5c77-42c2-9e30-07d80dc91040","local_time":"20210220184918","is_ascension_mode":true,"campfire_choices":[{"data":"Armaments","floor":6,"key":"SMITH"},{"data":"Defend_R","floor":8,"key":"SMITH"},{"data":"Blood for Blood","floor":11,"key":"SMITH"},{"data":"Pommel Strike","floor":13,"key":"SMITH"},{"data":"Flame Barrier","floor":15,"key":"SMITH"},{"data":"Limit Break","floor":23,"key":"SMITH"},{"data":"Disarm","floor":28,"key":"SMITH"},{"data":"Bandage Up","floor":30,"key":"SMITH"},{"data":"Shrug It Off","floor":32,"key":"SMITH"}],"circlet_count":0,"master_deck":["Strike_R","Strike_R","Strike_R","Defend_R+1","Defend_R","Defend_R","Defend_R","Bash","Clothesline","Pommel Strike+1","Armaments+1","Blood for Blood+1","Flame Barrier+1","Limit Break+1","Uppercut","Reckless Charge","Flame Barrier+1","Bandage Up+1","Shrug It Off+1","Disarm+1","Cleave"],"relics":["Burning Blood","Regal Pillow","Question Card","MawBank","Coffee Dripper","Red Mask","Brimstone","Art of War"],"acts_visited":["Exordium","TheCity"],"potions_floor_usage":[14,24,31,33],"damage_taken":[{"damage":12,"enemies":"Small Slimes","floor":1,"turns":4},{"damage":10,"enemies":"Jaw Worm","floor":2,"turns":5},{"damage":0,"enemies":"2 Louse","floor":7,"turns":4},{"damage":22,"enemies":"Exordium Wildlife","floor":10,"turns":8},{"damage":6,"enemies":"Gremlin Nob","floor":14,"turns":3},{"damage":27,"enemies":"The Guardian","floor":16,"turns":12},{"damage":16,"enemies":"Spheric Guardian","floor":18,"turns":4},{"damage":6,"enemies":"3 Byrds","floor":19,"turns":5},{"damage":45,"enemies":"Masked Bandits","floor":20,"turns":5},{"damage":5,"enemies":"Centurion and Healer","floor":24,"turns":4},{"damage":24,"enemies":"Cultist and Chosen","floor":25,"turns":6},{"damage":17,"enemies":"Shelled Parasite and Fungi","floor":27,"turns":5},{"damage":5,"enemies":"Snake Plant","floor":31,"turns":3},{"damage":53,"enemies":"Automaton","floor":33,"turns":6}],"seed_played":"-4559406077654325413","potions_obtained":[{"floor":1,"key":"champ:CounterPotion"},{"floor":16,"key":"bronze:BurnAndBuffPotion"},{"floor":18,"key":"Weak Potion"},{"floor":24,"key":"Fruit Juice"},{"floor":31,"key":"LiquidMemories"}],"is_trial":false,"path_per_floor":["M","M","?","$","?","R","M","R","T","M","R","$","R","E","R","B",null,"M","M","?","$","?","R","M","M","T","M","R","?","R","M","R","B"],"character_chosen":"IRONCLAD","items_purchased":["Armaments","Brimstone","Bandage Up","Shrug It Off"],"campfire_rested":0,"item_purchase_floors":[4,21,21,21],"current_hp_per_floor":[66,62,51,51,51,51,57,57,57,41,41,41,41,41,41,20,65,55,55,16,16,42,42,54,42,42,37,37,31,31,38,38,0,0],"gold":125,"neow_bonus":"RANDOM_COMMON_RELIC","is_daily":false,"chose_seed":false,"campfire_upgraded":9,"win_rate":0.0,"timestamp":1613800158,"path_taken":["M","M","?","?","?","R","M","R","T","?","R","$","R","E","R","BOSS","M","M","?","$","?","R","M","M","T","M","R","?","R","?","R","BOSS"],"items_purchased_type":["Card","Relic","Card","Card"],"build_version":"2020-12-22","purchased_purges":1,"victory":false,"max_hp_per_floor":[80,80,80,80,80,80,80,80,80,80,80,80,80,80,80,80,80,80,80,80,80,80,80,85,85,85,85,85,85,85,85,85,85,85],"card_choices":[{"not_picked":["Power Through","Searing Blow"],"picked":"Clothesline","floor":1},{"not_picked":["Iron Wave","Sword Boomerang"],"picked":"Pommel Strike","floor":2},{"not_picked":["Pommel Strike","Evolve","Corruption"],"picked":"SKIP","floor":7},{"not_picked":["Clash","Sword Boomerang","Heavy Blade"],"picked":"Blood for Blood","floor":10},{"not_picked":["Bludgeon","Flex","Shrug It Off"],"picked":"Flame Barrier","floor":14},{"not_picked":["Corruption","Impervious","Fiend Fire"],"picked":"Limit Break","floor":16},{"not_picked":["Headbutt","True Grit+1","Combust"],"picked":"Uppercut","floor":18},{"not_picked":["Flex","Sword Boomerang","Wild Strike"],"picked":"Reckless Charge","floor":19},{"not_picked":["Perfected Strike","Wild Strike","Shrug It Off"],"picked":"Flame Barrier+1","floor":20},{"not_picked":["Warcry","Iron Wave","Carnage"],"picked":"Disarm","floor":24},{"not_picked":["Sentinel","Sword Boomerang","Dual Wield"],"picked":"Cleave","floor":25},{"not_picked":["Iron Wave","Thunderclap","Anger","Heavy Blade+1"],"picked":"SKIP","floor":27},{"not_picked":["True Grit","Barricade","Headbutt","Ghostly Armor"],"picked":"SKIP","floor":31}],"player_experience":820578,"relics_obtained":[{"floor":9,"key":"Question Card"},{"floor":14,"key":"MawBank"},{"floor":20,"key":"Red Mask"},{"floor":26,"key":"Art of War"}],"event_choices":[{"damage_healed":0,"gold_gain":75,"player_choice":"Gather Gold","damage_taken":11,"max_hp_gain":0,"max_hp_loss":0,"event_name":"World of Goop","floor":3,"gold_loss":0},{"cards_removed":["Strike_R"],"damage_healed":0,"gold_gain":0,"player_choice":"Card Removal","damage_taken":0,"max_hp_gain":0,"max_hp_loss":0,"event_name":"The Cleric","floor":5,"gold_loss":50},{"damage_healed":0,"gold_gain":0,"player_choice":"Fought Bandits","damage_taken":0,"max_hp_gain":0,"max_hp_loss":0,"event_name":"Masked Bandits","floor":20,"gold_loss":0},{"damage_healed":26,"gold_gain":0,"player_choice":"Heal","damage_taken":0,"max_hp_gain":0,"max_hp_loss":0,"event_name":"The Library","floor":22,"gold_loss":0},{"damage_healed":0,"gold_gain":0,"player_choice":"","damage_taken":6,"max_hp_gain":0,"max_hp_loss":0,"event_name":"Knowing Skull","floor":29,"potions_obtained":[],"gold_loss":0,"cards_obtained":[]}],"is_beta":false,"boss_relics":[{"not_picked":["bronze:MakeshiftBattery","Runic Pyramid"],"picked":"Coffee Dripper"}],"items_purged_floors":[4],"is_endless":false,"potions_floor_spawned":[1,16,18,24,31],"killed_by":"Automaton","ascension_level":7}}