{"host":"f76wcztdlwlduum6","time":1613857548,"event":{"mods":["BaseMod","BetterRewards","Colored Powertips","Minty Spire (QoL Compilation)","Quick Restart","Rare Cards Sparkle","Relic Stats","StSLib","SuperFastMode","everything is the same but u backflip on backflip"],"gold_per_floor":[118,118,118,118,268,268,282,282,355,373,123,143,43,84,84,84,84],"floor_reached":16,"language":"ENG","playtime":428,"items_purged":["Doubt","Strike_B"],"score":196,"play_id":"57548059-2d26-40b3-9b33-16f3e069a984","local_time":"20210220154548","is_ascension_mode":true,"campfire_choices":[{"data":"Zap","floor":6,"key":"SMITH"},{"data":"Buffer","floor":8,"key":"SMITH"},{"data":"Storm","floor":15,"key":"SMITH"}],"circlet_count":0,"master_deck":["AscendersBane","Strike_B","Strike_B","Strike_B","Defend_B","Defend_B+1","Defend_B","Defend_B","Zap+1","Dualcast+1","Undo","Buffer+1","Tempest","Doom and Gloom","Self Repair","Capacitor","Storm+1"],"relics":["SacredBark","Sundial","Golden Idol","Ornamental Fan","Vajra"],"acts_visited":["Exordium"],"potions_floor_usage":[14,14],"damage_taken":[{"damage":10,"enemies":"2 Louse","floor":1,"turns":3},{"damage":2,"enemies":"Jaw Worm","floor":7,"turns":5},{"damage":1,"enemies":"Small Slimes","floor":10,"turns":7},{"damage":12,"enemies":"2 Fungi Beasts","floor":12,"turns":4},{"damage":7,"enemies":"3 Sentries","floor":14,"turns":6},{"damage":28,"enemies":"Hexaghost","floor":16,"turns":9}],"seed_played":"-4769176780625015188","potions_obtained":[{"floor":1,"key":"EssenceOfSteel"},{"floor":10,"key":"ColorlessPotion"}],"is_trial":false,"path_per_floor":["M","?","T","?","?","R","M","R","T","M","$","M","$","E","R","B"],"character_chosen":"DEFECT","items_purchased":["Doom and Gloom","Self Repair"],"campfire_rested":0,"item_purchase_floors":[11,11],"current_hp_per_floor":[54,33,33,33,33,33,31,31,31,30,30,25,25,25,25,0,0],"gold":84,"neow_bonus":"BOSS_RELIC","is_daily":false,"chose_seed":false,"campfire_upgraded":3,"win_rate":0.0,"timestamp":1613857548,"path_taken":["M","?","?","?","?","R","M","R","T","M","$","M","$","E","R","BOSS"],"items_purchased_type":["Card","Card"],"build_version":"2020-12-22","purchased_purges":2,"victory":false,"max_hp_per_floor":[71,71,71,64,64,64,64,64,64,64,64,64,64,64,64,64,64],"relic_stats":{"counters":[6,34],"Sundial":[6],"Golden Idol":19,"Ornamental Fan":[4],"obtain_stats":[{"Sundial":3,"Golden Idol":4,"Ornamental Fan":9,"SacredBark":0,"Vajra":14,"Cracked Core":0},{"Sundial":1,"Golden Idol":1,"Ornamental Fan":2,"SacredBark":0,"Vajra":5,"Cracked Core":0},{"Sundial":3,"Golden Idol":3,"Ornamental Fan":8,"SacredBark":0,"Vajra":25,"Cracked Core":0}]},"card_choices":[{"not_picked":["Steam","Stack"],"picked":"Undo","floor":1},{"not_picked":["Streamline","Compile Driver"],"picked":"Buffer","floor":7},{"not_picked":["Steam Power","Steam"],"picked":"Tempest","floor":10},{"not_picked":["Steam Power","Sweeping Beam"],"picked":"Capacitor","floor":12},{"not_picked":["Turbo","Leap"],"picked":"Storm","floor":14}],"player_experience":358363,"relics_obtained":[{"floor":3,"key":"Sundial"},{"floor":9,"key":"Ornamental Fan"},{"floor":14,"key":"Vajra"}],"event_choices":[{"damage_healed":0,"gold_gain":0,"player_choice":"Entered Light","damage_taken":21,"max_hp_gain":0,"max_hp_loss":0,"event_name":"Shining Light","floor":2,"gold_loss":0,"cards_upgraded":["Dualcast","Defend_B"]},{"damage_healed":0,"gold_gain":0,"player_choice":"Lose Max HP","damage_taken":0,"relics_obtained":["Golden Idol"],"max_hp_gain":0,"max_hp_loss":7,"event_name":"Golden Idol","floor":4,"gold_loss":0},{"damage_healed":0,"gold_gain":150,"player_choice":"AGREE","damage_taken":0,"max_hp_gain":0,"max_hp_loss":0,"event_name":"Liars Game","floor":5,"gold_loss":0,"cards_obtained":["Doubt"]}],"is_beta":false,"boss_relics":[],"items_purged_floors":[11,13],"is_endless":false,"potions_floor_spawned":[1,10],"killed_by":"Hexaghost","ascension_level":20}}