{"host":"b1k9tvirjqaexfiq","time":1613792401,"event":{"mods":["AchievementEnabler","Act Like it!","BaseMod","Bestiary","Better Third Choice","BetterRewards","Bossed Relics","CapriCore","Colored Powertips","Conspire","Curses Come First","Energized Spire","Filter the Spire","Highlight Path","Hubris","Infinite Spire","Luminous","Marisa????????","Marked Mod","Minty Spire (QoL Compilation)","Permanent Neow","Quick Restart","Rare Cards Sparkle","Reliquary","Replay The Spire","Ruina","Shop Mod","StSLib","The Animator","The Bug Knight","The Cursed","The Immortal","The Marked","The Servant 0.9.4","Together in Spire","Waifu the Spire","??????REMEMod"],"gold_per_floor":[117,192,192,17,29,58,76,92,147,147,24,24,43,43,43,148,148,161,161,186,186,186,186],"floor_reached":22,"language":"ENG","playtime":1134,"items_purged":[],"score":234,"play_id":"6e99da9a-5f6c-4875-b5f9-aa2c28f629e6","local_time":"20210219214001","is_ascension_mode":false,"campfire_choices":[{"floor":10.0,"key":"REST"},{"floor":12.0,"key":"REST"},{"data":"TheCursedMod:HellsGateOpen","floor":15.0,"key":"SMITH"}],"circlet_count":0,"master_deck":["TheCursedMod:Strike_TheCursed","TheCursedMod:Strike_TheCursed","TheCursedMod:Strike_TheCursed","TheCursedMod:Strike_TheCursed","TheCursedMod:Defend_TheCursed","TheCursedMod:Defend_TheCursed","TheCursedMod:Defend_TheCursed","TheCursedMod:Defend_TheCursed","TheCursedMod:CursedWand","TheCursedMod:CleanUpWorkshop","TheCursedMod:Dregs","TheCursedMod:DarkBarrier+1","TheCursedMod:SpitefulStrike","TheCursedMod:CircleOfFlame","TheCursedMod:FuryStrike","TheCursedMod:Grudge","TheCursedMod:LuckyCharm","TheCursedMod:CursedMace","TheCursedMod:HellsGateOpen+1","TheCursedMod:Wield","TheCursedMod:VoidForm","TheCursedMod:Neurasthenia","TheCursedMod:SpitefulStrike","infinitespire:Gouge","hubris:Greed","TheCursedMod:FleshFromBone","Purity"],"relics":["TheCursedMod:BlackMagic101","REME_ComplimentaryCards","infinitespire:Satchel","reliquary:PorcupineQuills","Bird Faced Urn","reliquary:PartyBalloon","hubris:Stopwatch"],"acts_visited":["Exordium","TheCity"],"potions_floor_usage":[],"damage_taken":[{"damage":7.0,"enemies":"Jaw Worm","floor":1.0,"turns":7.0},{"damage":0.0,"enemies":"2 Louse","floor":5.0,"turns":2.0},{"damage":27.0,"enemies":"Lagavulin","floor":6.0,"turns":6.0},{"damage":0.0,"enemies":"Small Slimes","floor":7.0,"turns":3.0},{"damage":4.0,"enemies":"Red Slaver","floor":8.0,"turns":3.0},{"damage":0.0,"enemies":"2 Fungi Beasts","floor":13.0,"turns":3.0},{"damage":0.0,"enemies":"Slime Boss","floor":16.0,"turns":9.0},{"damage":29.0,"enemies":"Shell Parasite","floor":18.0,"turns":7.0},{"damage":1.0,"enemies":"Spheric Guardian","floor":20.0,"turns":4.0},{"damage":0,"enemies":"Snake Plant","floor":22,"turns":1}],"seed_played":"-793541332934282447","potions_obtained":[{"floor":1.0,"key":"EssenceOfSteel"},{"floor":6.0,"key":"PowerPotion"},{"floor":13.0,"key":"REME_GoldPotion"}],"is_trial":false,"path_per_floor":["M","?","?","$","M","E","M","M","T","R","$","R","M","$","R","B",null,"M","?","M","?","M"],"character_chosen":"THE_CURSED","items_purchased":["reliquary:PorcupineQuills","TheCursedMod:CircleOfFlame","TheCursedMod:HellsGateOpen","TheCursedMod:Wield"],"campfire_rested":2,"item_purchase_floors":[4,4,11,11],"current_hp_per_floor":[68,57,48,48,48,21,21,19,19,41,41,63,67,67,67,73,75,50,31,36,24,24,24],"gold":186,"neow_bonus":"UPGRADE_CARD","is_daily":false,"chose_seed":false,"campfire_upgraded":1,"win_rate":0.0,"timestamp":1613792401,"path_taken":["M","?","?","$","M","E","M","M","T","R","$","R","M","?","R","BOSS","M","?","M","?","?"],"items_purchased_type":["Relic","Card","Card","Card"],"build_version":"2020-12-22","purchased_purges":0,"victory":false,"max_hp_per_floor":[75,75,75,75,75,75,75,75,75,75,75,75,75,75,75,75,75,75,75,75,75,75,75],"card_choices":[{"not_picked":["TheCursedMod:RavingStaff","TheCursedMod:SmokeScreen"],"picked":"TheCursedMod:SpitefulStrike","floor":1.0},{"not_picked":["TheCursedMod:SmokeScreen","TheCursedMod:EmpowerCircles"],"picked":"TheCursedMod:FuryStrike","floor":5.0},{"not_picked":["TheCursedMod:SpreadPlague","TheCursedMod:CursedAmulet"],"picked":"TheCursedMod:Grudge","floor":6.0},{"not_picked":["TheCursedMod:Mangle","TheCursedMod:Wield"],"picked":"TheCursedMod:LuckyCharm","floor":7.0},{"not_picked":["TheCursedMod:BlessingInDisguise","TheCursedMod:SmokeScreen"],"picked":"TheCursedMod:CursedMace","floor":8.0},{"not_picked":["TheCursedMod:BlessingInDisguise","TheCursedMod:CursedMace"],"picked":"TheCursedMod:VoidForm","floor":13.0},{"not_picked":["TheCursedMod:ForbiddenAlchemy","TheCursedMod:CollectTribute"],"picked":"TheCursedMod:Neurasthenia","floor":16.0},{"not_picked":["TheCursedMod:CursedMace+1","TheCursedMod:Torture"],"picked":"TheCursedMod:SpitefulStrike","floor":18.0},{"not_picked":["infinitespire:Execution","infinitespire:TheBestDefense"],"picked":"infinitespire:Gouge","floor":19.0},{"not_picked":["TheCursedMod:Torture","TheCursedMod:Mangle"],"picked":"TheCursedMod:FleshFromBone","floor":20.0}],"player_experience":81790,"relics_obtained":[{"floor":6.0,"key":"Bird Faced Urn"},{"floor":9.0,"key":"reliquary:PartyBalloon"}],"event_choices":[{"damage_healed":0.0,"max_hp_gain":0.0,"max_hp_loss":0.0,"gold_gain":75.0,"event_name":"betterThird:BetterGoop","player_choice":"Gold","floor":2.0,"gold_loss":0.0,"damage_taken":11.0},{"damage_healed":0.0,"max_hp_gain":0.0,"max_hp_loss":0.0,"gold_gain":0.0,"event_name":"betterThird:BetterScrap","player_choice":"Relic ","floor":3.0,"gold_loss":0.0,"damage_taken":9.0,"cards_obtained":["Replay:Cycle"]},{"damage_healed":0.0,"max_hp_gain":0.0,"max_hp_loss":0.0,"gold_gain":0.0,"event_name":"Knowing Skull","player_choice":"CARD ","floor":21.0,"potions_obtained":[],"gold_loss":0.0,"damage_taken":12.0,"cards_obtained":["Purity"]}],"is_beta":false,"boss_relics":[{"not_picked":["Replay:Drink Me","hubris:BlackHole"],"picked":"hubris:Stopwatch"}],"items_purged_floors":[],"is_endless":false,"potions_floor_spawned":[1,6,13],"killed_by":"Snake Plant","ascension_level":0}}