{"host":"6q94iy5iz6612v89","time":1613795881,"event":{"mods":["2.2 Compatiblity","AchievementEnabler","BaseMod","Colored Map","DeckTracker","Keyboard Shortcuts","Minty Spire (QoL Compilation)","Permanent Neow","StSLib","SuperFastMode"],"gold_per_floor":[110,110,121,121,133,133,58,58,138,154,154,169,204,216,216,293,293,304,331,331,256,436,436,468,468,468,368,368,243,262,272,272,345,395,414,636,636,636,168,168,168,183,263,297,330,355,355,366,366,366,366,366,366,138,164,164,164],"floor_reached":56,"language":"KOR","playtime":1673,"items_purged":["Strike_R","Strike_R","Strike_R","Double Tap","Cleave"],"score":1938,"play_id":"e0c0bc7e-fd9d-4a3c-a614-63adf521d22a","local_time":"20210220133801","is_ascension_mode":true,"campfire_choices":[{"data":"Searing Blow","floor":6.0,"key":"SMITH"},{"data":"Searing Blow+1","floor":8.0,"key":"SMITH"},{"data":"Searing Blow+2","floor":11.0,"key":"SMITH"},{"data":"Searing Blow+3","floor":15.0,"key":"SMITH"},{"data":"Searing Blow+4","floor":23.0,"key":"SMITH"},{"floor":25.0,"key":"REST"},{"data":"Searing Blow+5","floor":28.0,"key":"SMITH"},{"data":"Searing Blow+6","floor":32.0,"key":"SMITH"},{"data":"Shrug It Off","floor":40.0,"key":"SMITH"},{"data":"Entrench","floor":41.0,"key":"SMITH"},{"floor":49.0,"key":"RECALL"},{"data":"Entrench","floor":53.0,"key":"SMITH"}],"circlet_count":0,"master_deck":["AscendersBane","Defend_R","Defend_R","Defend_R+1","Defend_R","Bash","Shrug It Off+1","Battle Trance","Entrench+1","Warcry+1","Armaments","Barricade","Entrench+1","Finesse","Master of Strategy","Body Slam","Flame Barrier"],"relics":["Burning Blood","Ice Cream","Pantograph","Pear","Philosopher\u0027s Stone","Red Mask","Letter Opener","Tiny House","WingedGreaves","Mummified Hand","PreservedInsect","Frozen Egg 2","Magic Flower","Shuriken"],"acts_visited":["Exordium","TheCity","TheBeyond","TheEnding"],"potions_floor_usage":[55,56],"damage_taken":[{"damage":7.0,"enemies":"Cultist","floor":1.0,"turns":5.0},{"damage":9.0,"enemies":"2 Louse","floor":3.0,"turns":3.0},{"damage":7.0,"enemies":"Jaw Worm","floor":5.0,"turns":3.0},{"damage":6.0,"enemies":"Looter","floor":10.0,"turns":4.0},{"damage":14.0,"enemies":"3 Louse","floor":12.0,"turns":3.0},{"damage":24.0,"enemies":"3 Sentries","floor":13.0,"turns":8.0},{"damage":0.0,"enemies":"Large Slime","floor":14.0,"turns":3.0},{"damage":41.0,"enemies":"The Guardian","floor":16.0,"turns":10.0},{"damage":10.0,"enemies":"Chosen","floor":18.0,"turns":5.0},{"damage":27.0,"enemies":"Masked Bandits","floor":19.0,"turns":3.0},{"damage":31.0,"enemies":"Slavers","floor":24.0,"turns":4.0},{"damage":0.0,"enemies":"2 Thieves","floor":30.0,"turns":3.0},{"damage":0.0,"enemies":"Snake Plant","floor":31.0,"turns":1.0},{"damage":18.0,"enemies":"Automaton","floor":33.0,"turns":6.0},{"damage":15.0,"enemies":"3 Shapes","floor":35.0,"turns":6.0},{"damage":0.0,"enemies":"Orb Walker","floor":42.0,"turns":6.0},{"damage":14.0,"enemies":"Reptomancer","floor":44.0,"turns":9.0},{"damage":0.0,"enemies":"Giant Head","floor":45.0,"turns":4.0},{"damage":2.0,"enemies":"Mind Bloom Boss Battle","floor":46.0,"turns":6.0},{"damage":0.0,"enemies":"3 Darklings","floor":48.0,"turns":7.0},{"damage":18.0,"enemies":"Donu and Deca","floor":50.0,"turns":12.0},{"damage":41.0,"enemies":"Awakened One","floor":51.0,"turns":15.0},{"damage":22,"enemies":"Shield and Spear","floor":55,"turns":8},{"damage":167,"enemies":"The Heart","floor":56,"turns":8}],"seed_played":"1553358985482675050","potions_obtained":[{"floor":3.0,"key":"PowerPotion"},{"floor":5.0,"key":"LiquidBronze"},{"floor":19.0,"key":"Fruit Juice"},{"floor":30.0,"key":"HeartOfIron"},{"floor":33.0,"key":"Swift Potion"},{"floor":42.0,"key":"Dexterity Potion"},{"floor":45.0,"key":"Explosive Potion"},{"floor":46.0,"key":"FairyPotion"},{"floor":48.0,"key":"Explosive Potion"},{"floor":55,"key":"Explosive Potion"}],"is_trial":false,"path_per_floor":["M","?","M","?","M","R","$","R","T","M","R","M","E","M","R","B",null,"M","?","?","?","?","R","E","R","T","$","R","$","M","M","R","B",null,"M","?","?","?","$","R","R","M","T","E","E","?","?","M","R","B","B",null,"R","$","E","B"],"character_chosen":"IRONCLAD","items_purchased":["WingedGreaves","Block Potion"],"campfire_rested":1,"item_purchase_floors":[39,54],"current_hp_per_floor":[49,54,51,44,43,43,43,43,43,43,43,35,27,33,33,23,73,69,48,48,48,34,34,9,37,37,37,37,37,43,49,49,62,92,83,83,73,73,73,73,73,79,79,71,77,100,95,95,95,86,63,87,87,87,74,0,0],"gold":164,"neow_bonus":"ONE_RARE_RELIC","is_daily":false,"chose_seed":false,"campfire_upgraded":10,"win_rate":0.0,"timestamp":1613795881,"path_taken":["M","?","M","?","?","R","$","R","T","M","R","M","E","M","R","BOSS","M","?","?","?","?","R","E","R","T","$","R","$","M","M","R","BOSS","M","?","?","?","$","R","R","M","T","E","E","?","?","?","R","BOSS","BOSS","R","$","E","BOSS"],"items_purchased_type":["Relic","Potion"],"build_version":"2020-12-22","purchased_purges":5,"victory":false,"max_hp_per_floor":[75,80,80,80,80,80,80,80,80,80,80,80,90,90,90,90,90,90,90,90,90,95,95,95,95,95,95,95,95,95,95,95,95,100,100,100,100,100,100,100,100,100,100,100,100,100,95,95,95,95,95,95,95,95,95,95,95],"card_choices":[{"not_picked":["True Grit","Dropkick"],"picked":"Searing Blow","floor":1.0},{"not_picked":["Armaments","Cleave"],"picked":"Shrug It Off","floor":3.0},{"not_picked":["Anger","Wild Strike"],"picked":"Cleave","floor":5.0},{"not_picked":["Dropkick","Ghostly Armor","Carnage"],"picked":"SKIP","floor":10.0},{"not_picked":["Anger","Twin Strike"],"picked":"Battle Trance","floor":12.0},{"not_picked":["Headbutt","Body Slam"],"picked":"Double Tap","floor":13.0},{"not_picked":["Flame Barrier","Sentinel"],"picked":"Entrench","floor":14.0},{"not_picked":["Searing Blow","Rampage","Bloodletting"],"picked":"SKIP","floor":18.0},{"not_picked":["Flex","Twin Strike"],"picked":"Warcry+1","floor":19.0},{"not_picked":["Iron Wave","Shrug It Off","Blood for Blood"],"picked":"SKIP","floor":24.0},{"not_picked":["Searing Blow","Rampage"],"picked":"Armaments","floor":30.0},{"not_picked":["Pummel","Rage","Sword Boomerang+1"],"picked":"SKIP","floor":31.0},{"not_picked":["Juggernaut","Bludgeon"],"picked":"Barricade","floor":33.0},{"not_picked":["Seeing Red","Sword Boomerang"],"picked":"Entrench","floor":35.0},{"not_picked":["Mind Blast","HandOfGreed"],"picked":"Finesse","floor":37.0},{"not_picked":["Good Instincts","HandOfGreed"],"picked":"Master of Strategy","floor":37.0},{"not_picked":["Pommel Strike+1","Wild Strike","Body Slam"],"picked":"SKIP","floor":42.0},{"not_picked":["Carnage","Iron Wave","Searing Blow+1"],"picked":"SKIP","floor":44.0},{"not_picked":["Demon Form+1","Twin Strike","Rampage"],"picked":"SKIP","floor":45.0},{"not_picked":["Flame Barrier","Headbutt","Dual Wield"],"picked":"SKIP","floor":48.0},{"not_picked":["Headbutt","Dual Wield"],"picked":"Flame Barrier","floor":48.0},{"not_picked":["Anger","Battle Trance","Pummel"],"picked":"SKIP","floor":55}],"player_experience":1491644,"relics_obtained":[{"floor":9.0,"key":"Pantograph"},{"floor":13.0,"key":"Pear"},{"floor":19.0,"key":"Red Mask"},{"floor":24.0,"key":"Letter Opener"},{"floor":43.0,"key":"Mummified Hand"},{"floor":44.0,"key":"PreservedInsect"},{"floor":45.0,"key":"Frozen Egg 2"},{"floor":46.0,"key":"Magic Flower"},{"floor":55,"key":"Shuriken"}],"event_choices":[{"damage_healed":0.0,"max_hp_gain":5.0,"max_hp_loss":0.0,"gold_gain":0.0,"event_name":"Big Fish","player_choice":"Donut","floor":2.0,"gold_loss":0.0,"damage_taken":0.0},{"cards_removed":["Strike_R"],"damage_healed":0.0,"max_hp_gain":0.0,"max_hp_loss":0.0,"gold_gain":0.0,"event_name":"Golden Wing","player_choice":"Card Removal","floor":4.0,"gold_loss":0.0,"damage_taken":7.0},{"damage_healed":0.0,"max_hp_gain":0.0,"max_hp_loss":0.0,"gold_gain":0.0,"event_name":"Masked Bandits","player_choice":"Fought Bandits","floor":19.0,"gold_loss":0.0,"damage_taken":0.0},{"damage_healed":0.0,"max_hp_gain":0.0,"max_hp_loss":0.0,"gold_gain":0.0,"event_name":"Ghosts","player_choice":"Ignored","floor":20.0,"gold_loss":0.0,"damage_taken":0.0},{"cards_removed":["Strike_R"],"damage_healed":0.0,"max_hp_gain":0.0,"max_hp_loss":0.0,"gold_gain":0.0,"event_name":"Beggar","player_choice":"Gave Gold","floor":21.0,"gold_loss":75.0,"damage_taken":0.0},{"damage_healed":0.0,"max_hp_gain":0.0,"max_hp_loss":0.0,"gold_gain":180.0,"event_name":"Knowing Skull","player_choice":"GOLD GOLD ","floor":22.0,"potions_obtained":[],"gold_loss":0.0,"damage_taken":19.0,"cards_obtained":[]},{"damage_healed":0.0,"max_hp_gain":0.0,"max_hp_loss":0.0,"gold_gain":222.0,"event_name":"Tomb of Lord Red Mask","player_choice":"Wore Mask","floor":36.0,"gold_loss":0.0,"damage_taken":0.0},{"damage_healed":0.0,"max_hp_gain":0.0,"max_hp_loss":0.0,"gold_gain":0.0,"event_name":"SensoryStone","player_choice":"Memory 3","floor":37.0,"gold_loss":0.0,"damage_taken":10.0},{"cards_removed":["Searing Blow"],"damage_healed":0.0,"max_hp_gain":0.0,"max_hp_loss":0.0,"gold_gain":0.0,"event_name":"Falling","player_choice":"Removed Attack","floor":38.0,"gold_loss":0.0,"damage_taken":0.0},{"damage_healed":0.0,"max_hp_gain":0.0,"max_hp_loss":0.0,"gold_gain":0.0,"event_name":"MindBloom","player_choice":"Fight","floor":46.0,"gold_loss":0.0,"damage_taken":0.0},{"damage_healed":0.0,"max_hp_gain":0.0,"max_hp_loss":5.0,"gold_gain":0.0,"event_name":"Winding Halls","player_choice":"Max HP","floor":47.0,"gold_loss":0.0,"damage_taken":0.0}],"is_beta":false,"boss_relics":[{"not_picked":["Mark of Pain","Ectoplasm"],"picked":"Philosopher\u0027s Stone"},{"not_picked":["Busted Crown","Sozu"],"picked":"Tiny House"}],"items_purged_floors":[7,27,29,39,54],"is_endless":false,"potions_floor_spawned":[3,5,19,30,31,33,42,45,46,48,55],"killed_by":"The Heart","ascension_level":20}}