{"host":"1v3mnj67s3trvm6y","time":1613812952,"event":{"mods":["BaseMod","Challenge The Spire","Minty Spire (QoL Compilation)","StSLib","The Cursed"],"gold_per_floor":[360,360,370,170,188,217,217,235,261,83,83,94,107,133,145,256,268,291,314,344,374,485,525,292,292,292,319,330,330,358,384,384,487,487,501,501,723,227,242,242,278,86,86,127,127,146,205,223,223,223,223,223,20,61,61],"floor_reached":56,"language":"ENG","playtime":4802,"items_purged":["TheCursedMod:Defend_TheCursed","TheCursedMod:Defend_TheCursed","TheCursedMod:Defend_TheCursed","TheCursedMod:Strike_TheCursed","TheCursedMod:Strike_TheCursed","TheCursedMod:Defend_TheCursed"],"score":1373,"play_id":"7e6c7bf6-60ca-4d26-9aa7-ba89ea70c228","local_time":"20210220182232","is_ascension_mode":false,"campfire_choices":[{"floor":7.0,"key":"REST"},{"data":"TheCursedMod:DemonicPact","floor":15.0,"key":"SMITH"},{"data":"Apotheosis","floor":25.0,"key":"SMITH"},{"data":"TheCursedMod:SpitefulPlan","floor":32.0,"key":"SMITH"},{"data":"TheCursedMod:ManaCirculation","floor":40.0,"key":"SMITH"},{"floor":45.0,"key":"RECALL"},{"data":"TheCursedMod:DemonicPact","floor":49.0,"key":"SMITH"},{"data":"Thinking Ahead","floor":52.0,"key":"SMITH"}],"circlet_count":0,"master_deck":["TheCursedMod:Strike_TheCursed+1","TheCursedMod:Strike_TheCursed","TheCursedMod:CleanUpWorkshop","TheCursedMod:Dregs","Injury","TheCursedMod:LuckyCharm","TheCursedMod:FleshFromBone","TheCursedMod:SpitefulPlan+1","TheCursedMod:WearCloak","TheCursedMod:LuckyCharm","TheCursedMod:CursedShiv+1","TheCursedMod:ReleasedStrength","TheCursedMod:SoulReap","TheCursedMod:LuckyCharm","TheCursedMod:CursedSpellbook","TheCursedMod:DemonicPact+1","TheCursedMod:ShockAndAwe","TheCursedMod:ManaBullet","TheCursedMod:SpitefulStrike","TheCursedMod:RapidMovement+1","TheCursedMod:ShockAndAwe","Apotheosis+1","TheCursedMod:DemonicPact+1","TheCursedMod:FleshFromBone","Necronomicurse","TheCursedMod:DoubleShield","TheCursedMod:ManaCirculation+1","TheCursedMod:ReleasedStrength","TheCursedMod:ReleasedStrength","TheCursedMod:TroublousMinions","TheCursedMod:SmokeScreen","TheCursedMod:HellsGateOpen+1","TheCursedMod:CursedMace+1","Finesse","Thinking Ahead+1","TheCursedMod:RapidMovement","TheCursedMod:CircleOfCorruption","TheCursedMod:StunningStrike"],"relics":["TheCursedMod:BlackMagic101","Akabeko","Juzu Bracelet","MealTicket","MawBank","Black Star","Whetstone","The Courier","Kunai","Gambling Chip","White Beast Statue","Necronomicon","Blood Vial","Vajra","Red Mask","Busted Crown","HornCleat","Happy Flower","Du-Vu Doll","CeramicFish","Bronze Scales","Bottled Tornado","TheCursedMod:CrystalBall","Orichalcum","TungstenRod"],"acts_visited":["Exordium","TheCity","TheBeyond","TheEnding"],"potions_floor_usage":[55,55],"damage_taken":[{"damage":0.0,"enemies":"Small Slimes","floor":1.0,"turns":4.0},{"damage":0.0,"enemies":"Cultist","floor":3.0,"turns":5.0},{"damage":1.0,"enemies":"2 Louse","floor":5.0,"turns":4.0},{"damage":39.0,"enemies":"Gremlin Nob","floor":6.0,"turns":7.0},{"damage":2.0,"enemies":"Exordium Thugs","floor":8.0,"turns":5.0},{"damage":0.0,"enemies":"Large Slime","floor":12.0,"turns":4.0},{"damage":5.0,"enemies":"Exordium Wildlife","floor":13.0,"turns":4.0},{"damage":0.0,"enemies":"Lagavulin","floor":14.0,"turns":6.0},{"damage":37.0,"enemies":"Hexaghost","floor":16.0,"turns":9.0},{"damage":7.0,"enemies":"Shell Parasite","floor":18.0,"turns":6.0},{"damage":0.0,"enemies":"Spheric Guardian","floor":19.0,"turns":1.0},{"damage":43.0,"enemies":"Shelled Parasite and Fungi","floor":20.0,"turns":18.0},{"damage":5.0,"enemies":"Snecko","floor":21.0,"turns":14.0},{"damage":10.0,"enemies":"Slavers","floor":23.0,"turns":5.0},{"damage":16.0,"enemies":"Book of Stabbing","floor":27.0,"turns":5.0},{"damage":16.0,"enemies":"Snake Plant","floor":28.0,"turns":12.0},{"damage":9.0,"enemies":"Slavers","floor":30.0,"turns":14.0},{"damage":24.0,"enemies":"Masked Bandits","floor":31.0,"turns":5.0},{"damage":16.0,"enemies":"Automaton","floor":33.0,"turns":8.0},{"damage":10.0,"enemies":"3 Darklings","floor":35.0,"turns":6.0},{"damage":2.0,"enemies":"3 Shapes","floor":39.0,"turns":4.0},{"damage":34.0,"enemies":"Reptomancer","floor":41.0,"turns":9.0},{"damage":0.0,"enemies":"Giant Head","floor":44.0,"turns":6.0},{"damage":15.0,"enemies":"Writhing Mass","floor":46.0,"turns":5.0},{"damage":0.0,"enemies":"2 Orb Walkers","floor":47.0,"turns":3.0},{"damage":75.0,"enemies":"Awakened One","floor":50.0,"turns":13.0},{"damage":13.0,"enemies":"Shield and Spear","floor":54.0,"turns":7.0},{"damage":28,"enemies":"The Heart","floor":55,"turns":8}],"seed_played":"6098199676252623738","potions_obtained":[{"floor":2.0,"key":"TheCursedMod:DregsPotion"},{"floor":2.0,"key":"SpeedPotion"},{"floor":2.0,"key":"SkillPotion"},{"floor":5.0,"key":"LiquidBronze"},{"floor":14.0,"key":"SneckoOil"},{"floor":16.0,"key":"SkillPotion"},{"floor":21.0,"key":"PowerPotion"},{"floor":27.0,"key":"FairyPotion"},{"floor":28.0,"key":"DistilledChaos"},{"floor":30.0,"key":"SkillPotion"},{"floor":31.0,"key":"SkillPotion"},{"floor":33.0,"key":"Block Potion"},{"floor":35.0,"key":"Ancient Potion"},{"floor":41.0,"key":"Swift Potion"},{"floor":54.0,"key":"Strength Potion"}],"is_trial":false,"path_per_floor":["M","?","M","$","M","E","R","M","T","$","?","M","M","E","R","B",null,"M","M","M","M","?","E","$","R","T","E","M","?","E","?","R","B",null,"M","?","?","$","M","R","E","$","T","E","R","M","?","?","R","B",null,"R","$","E","B",null],"character_chosen":"THE_CURSED","items_purchased":["TheCursedMod:SpitefulPlan","TheCursedMod:WearCloak","TheCursedMod:SoulReap","Apotheosis","TheCursedMod:ReleasedStrength","HornCleat","Happy Flower","TheCursedMod:TroublousMinions","TheCursedMod:SmokeScreen","TheCursedMod:RapidMovement","TheCursedMod:CircleOfCorruption"],"campfire_rested":1,"item_purchase_floors":[4,4,10,24,38,38,38,42,42,53,53],"current_hp_per_floor":[75,75,75,75,74,35,57,55,55,55,55,66,69,75,75,58,75,75,75,54,63,63,71,75,75,75,59,62,46,67,50,50,56,75,71,71,71,75,75,75,55,70,70,72,72,75,75,70,70,19,75,75,75,75,47],"gold":61,"neow_bonus":"TWO_FIFTY_GOLD","is_daily":false,"chose_seed":false,"campfire_upgraded":6,"win_rate":0.0,"timestamp":1613812952,"path_taken":["M","?","?","$","M","E","R","M","T","$","?","M","M","E","R","BOSS","M","M","M","M","?","E","$","R","T","E","M","?","E","?","R","BOSS","M","?","?","?","M","R","E","$","T","E","R","M","?","?","R","BOSS","R","$","E","BOSS"],"items_purchased_type":["Card","Card","Card","Card","Card","Relic","Relic","Card","Card","Card","Card"],"build_version":"2020-12-22","purchased_purges":6,"victory":true,"max_hp_per_floor":[75,75,75,75,75,75,75,75,75,75,75,75,75,75,75,75,75,75,75,75,75,75,75,75,75,75,75,75,75,75,75,75,75,75,75,75,75,75,75,75,75,75,75,75,75,75,75,75,75,75,75,75,75,75,75],"card_choices":[{"not_picked":["TheCursedMod:Obscuration","TheCursedMod:CursedArmor"],"picked":"TheCursedMod:LuckyCharm","floor":1.0},{"not_picked":["TheCursedMod:SoulCrush","TheCursedMod:SurpriseAttack"],"picked":"TheCursedMod:FleshFromBone","floor":3.0},{"not_picked":["TheCursedMod:CursedShiv","TheCursedMod:CursedMace"],"picked":"TheCursedMod:LuckyCharm","floor":5.0},{"not_picked":["TheCursedMod:Stigma","TheCursedMod:CursedMace"],"picked":"TheCursedMod:CursedShiv","floor":6.0},{"not_picked":["TheCursedMod:Wield","TheCursedMod:Stretching"],"picked":"TheCursedMod:ReleasedStrength","floor":8.0},{"not_picked":["TheCursedMod:SaltUponWound","TheCursedMod:VitalStrike"],"picked":"TheCursedMod:LuckyCharm","floor":12.0},{"not_picked":["TheCursedMod:SpreadPlague","TheCursedMod:Stigma"],"picked":"TheCursedMod:CursedSpellbook","floor":13.0},{"not_picked":["TheCursedMod:Stretching","TheCursedMod:TacticalStrike"],"picked":"TheCursedMod:DemonicPact","floor":14.0},{"not_picked":["TheCursedMod:CursedRelics","TheCursedMod:OutForBlood"],"picked":"TheCursedMod:ShockAndAwe","floor":16.0},{"not_picked":["TheCursedMod:CircleOfFlame+1","TheCursedMod:AbyssShockwave"],"picked":"TheCursedMod:ManaBullet","floor":18.0},{"not_picked":["TheCursedMod:CursedAmulet","TheCursedMod:Wield"],"picked":"TheCursedMod:SpitefulStrike","floor":19.0},{"not_picked":["TheCursedMod:PrepareRite","TheCursedMod:SpreadPlague+1"],"picked":"TheCursedMod:RapidMovement+1","floor":20.0},{"not_picked":["TheCursedMod:CircleOfFocus","TheCursedMod:CircleOfWindfury","TheCursedMod:SurpriseAttack"],"picked":"SKIP","floor":21.0},{"not_picked":["TheCursedMod:SurpriseAttack+1","TheCursedMod:StingEye"],"picked":"TheCursedMod:ShockAndAwe","floor":23.0},{"not_picked":["TheCursedMod:CursedBlade","TheCursedMod:TacticalStrike"],"picked":"TheCursedMod:DemonicPact","floor":27.0},{"not_picked":["TheCursedMod:SaltUponWound","TheCursedMod:VitalStrike"],"picked":"TheCursedMod:FleshFromBone","floor":28.0},{"not_picked":["TheCursedMod:CursedMace+1","TheCursedMod:Mangle"],"picked":"TheCursedMod:DoubleShield","floor":30.0},{"not_picked":["TheCursedMod:CircleOfAbyss","TheCursedMod:CursedRelics"],"picked":"TheCursedMod:ManaCirculation","floor":33.0},{"not_picked":["TheCursedMod:VitalStrike"],"picked":"SKIP","floor":35.0},{"not_picked":["TheCursedMod:CircleOfFlame+1"],"picked":"SKIP","floor":39.0},{"not_picked":[],"picked":"TheCursedMod:ReleasedStrength","floor":41.0},{"not_picked":[],"picked":"TheCursedMod:HellsGateOpen+1","floor":44.0},{"not_picked":["TheCursedMod:CircleOfFlame+1"],"picked":"SKIP","floor":46.0},{"not_picked":[],"picked":"TheCursedMod:CursedMace+1","floor":47.0},{"not_picked":[],"picked":"Finesse","floor":48.0},{"not_picked":[],"picked":"Thinking Ahead","floor":48.0},{"not_picked":[],"picked":"TheCursedMod:StunningStrike","floor":54.0}],"player_experience":1568081,"relics_obtained":[{"floor":6.0,"key":"Akabeko"},{"floor":9.0,"key":"Juzu Bracelet"},{"floor":14.0,"key":"MawBank"},{"floor":23.0,"key":"Whetstone"},{"floor":23.0,"key":"The Courier"},{"floor":26.0,"key":"Kunai"},{"floor":27.0,"key":"Gambling Chip"},{"floor":27.0,"key":"White Beast Statue"},{"floor":29.0,"key":"Necronomicon"},{"floor":30.0,"key":"Blood Vial"},{"floor":30.0,"key":"Vajra"},{"floor":31.0,"key":"Red Mask"},{"floor":41.0,"key":"Du-Vu Doll"},{"floor":41.0,"key":"CeramicFish"},{"floor":44.0,"key":"Bronze Scales"},{"floor":44.0,"key":"Bottled Tornado"},{"floor":47.0,"key":"TheCursedMod:CrystalBall"},{"floor":54.0,"key":"Orichalcum"},{"floor":54.0,"key":"TungstenRod"}],"event_choices":[{"damage_healed":0.0,"max_hp_gain":0.0,"max_hp_loss":0.0,"gold_gain":0.0,"event_name":"Lab","player_choice":"Got Potions","floor":2.0,"gold_loss":0.0,"damage_taken":0.0},{"damage_healed":0.0,"max_hp_gain":0.0,"max_hp_loss":0.0,"gold_gain":0.0,"event_name":"WeMeetAgain","player_choice":"Gave Potion","floor":11.0,"gold_loss":0.0,"damage_taken":0.0,"relics_obtained":["MealTicket"]},{"damage_healed":0.0,"max_hp_gain":0.0,"max_hp_loss":0.0,"gold_gain":99.0,"event_name":"Nest","player_choice":"Stole From Cult","floor":22.0,"gold_loss":0.0,"damage_taken":0.0},{"damage_healed":0.0,"max_hp_gain":0.0,"max_hp_loss":0.0,"gold_gain":0.0,"event_name":"Cursed Tome","player_choice":"Obtained Book","floor":29.0,"gold_loss":0.0,"damage_taken":16.0},{"damage_healed":0.0,"max_hp_gain":0.0,"max_hp_loss":0.0,"gold_gain":0.0,"event_name":"Masked Bandits","player_choice":"Fought Bandits","floor":31.0,"gold_loss":0.0,"damage_taken":0.0},{"cards_removed":["TheCursedMod:CursedWand"],"damage_healed":0.0,"max_hp_gain":0.0,"max_hp_loss":0.0,"gold_gain":0.0,"event_name":"Falling","player_choice":"Removed Attack","floor":36.0,"gold_loss":0.0,"damage_taken":0.0},{"damage_healed":0.0,"max_hp_gain":0.0,"max_hp_loss":0.0,"gold_gain":222.0,"event_name":"Tomb of Lord Red Mask","player_choice":"Wore Mask","floor":37.0,"gold_loss":0.0,"damage_taken":0.0},{"damage_healed":0.0,"max_hp_gain":0.0,"max_hp_loss":0.0,"gold_gain":0.0,"event_name":"Mysterious Sphere","player_choice":"Fight","floor":47.0,"gold_loss":0.0,"damage_taken":0.0},{"damage_healed":0.0,"max_hp_gain":0.0,"max_hp_loss":0.0,"gold_gain":0.0,"event_name":"SensoryStone","player_choice":"Memory 2","floor":48.0,"gold_loss":0.0,"damage_taken":5.0}],"is_beta":false,"boss_relics":[{"not_picked":["Ectoplasm","TheCursedMod:BlackMagicAdvanced"],"picked":"Black Star"},{"not_picked":["Sozu","SacredBark"],"picked":"Busted Crown"}],"items_purged_floors":[4,10,24,38,42,53],"is_endless":false,"potions_floor_spawned":[3,5,14,16,21,27,28,30,31,33,35,39,41,44,46,47,54],"ascension_level":0}}