{"host":"y13mj1mxwnd5xx1x","time":1613783463,"event":{"mods":["AchievementEnabler","BaseMod","Minty Spire (QoL Compilation)"],"gold_per_floor":[114,129,144,94,94,124,139,139,139,139,139,139,139,154,154,154,154],"floor_reached":16,"language":"ENG","playtime":655,"items_purged":[],"score":100,"play_id":"c89892ec-1917-4a12-aba2-81f50e808ef5","local_time":"20210219191103","daily_mods":["Shiny","Red Cards","DeadlyEvents"],"is_ascension_mode":false,"campfire_choices":[{"floor":8,"key":"REST"},{"data":"Reaper","floor":10,"key":"SMITH"},{"data":"Barricade","floor":13,"key":"SMITH"},{"data":"Limit Break","floor":15,"key":"SMITH"}],"circlet_count":0,"master_deck":["Double Tap","Demon Form","Bludgeon","Feed","Limit Break+1","Corruption","Barricade+1","Fiend Fire","Berserk","Impervious","Juggernaut","Brutality","Reaper+1","Exhume","Offering","Immolate","Multi-Cast","Hyperbeam","Thunder Strike","Biased Cognition","Machine Learning","Electrodynamics","Buffer","Rainbow","Seek","Meteor Strike","Echo Form","All For One","Reboot","Amplify","Creative AI","Fission","Core Surge","Reprogram"],"relics":["Cracked Core","Anchor","Oddly Smooth Stone","Mercury Hourglass"],"acts_visited":["Exordium"],"potions_floor_usage":[6,16],"damage_taken":[{"damage":0,"enemies":"Cultist","floor":1,"turns":3},{"damage":17,"enemies":"Jaw Worm","floor":2,"turns":3},{"damage":0,"enemies":"Small Slimes","floor":3,"turns":4},{"damage":18,"enemies":"3 Sentries","floor":6,"turns":4},{"damage":10,"enemies":"Looter","floor":7,"turns":3},{"damage":0,"enemies":"2 Fungi Beasts","floor":14,"turns":2},{"damage":52,"enemies":"Hexaghost","floor":16,"turns":5}],"seed_played":"3618718455484561711","potions_obtained":[{"floor":6,"key":"Dexterity Potion"},{"floor":14,"key":"GamblersBrew"}],"is_trial":false,"path_per_floor":["M","M","M","$","?","E","M","R","T","R","T","$","R","M","R","B"],"character_chosen":"DEFECT","items_purchased":["Fire Potion"],"campfire_rested":1,"item_purchase_floors":[4],"current_hp_per_floor":[75,58,58,58,58,40,30,52,52,52,52,52,52,52,52,0,0],"gold":154,"neow_bonus":"","is_daily":true,"chose_seed":false,"campfire_upgraded":3,"win_rate":0.0,"timestamp":1613783463,"path_taken":["M","M","M","$","?","E","M","R","T","R","?","$","R","M","R","BOSS"],"items_purchased_type":["Potion"],"build_version":"2020-12-22","purchased_purges":0,"victory":false,"max_hp_per_floor":[75,75,75,75,75,75,75,75,75,75,75,75,75,75,75,75,75],"card_choices":[{"not_picked":["Gash","Cold Snap","Intimidate"],"picked":"SKIP","floor":1},{"not_picked":["Clothesline","Dual Wield","Entrench"],"picked":"SKIP","floor":2},{"not_picked":["Barrage","Hologram","Conserve Battery"],"picked":"SKIP","floor":3},{"not_picked":["Sword Boomerang","True Grit","Intimidate"],"picked":"SKIP","floor":6},{"not_picked":["Lockon","Dual Wield","Conserve Battery"],"picked":"SKIP","floor":7},{"not_picked":["Steam","Perfected Strike"],"picked":"Reprogram","floor":14}],"player_experience":175149,"relics_obtained":[{"floor":6,"key":"Anchor"},{"floor":9,"key":"Oddly Smooth Stone"},{"floor":11,"key":"Mercury Hourglass"}],"event_choices":[{"damage_healed":0,"gold_gain":0,"player_choice":"Ignored","damage_taken":0,"max_hp_gain":0,"max_hp_loss":0,"event_name":"Liars Game","floor":5,"gold_loss":0}],"is_beta":false,"boss_relics":[],"items_purged_floors":[],"is_endless":false,"potions_floor_spawned":[6,14],"killed_by":"Hexaghost","ascension_level":0}}