{"host":"7sni158j623xchr2","time":1613799878,"event":{"mods":["BaseMod","Colored Map","Highlight Path","Minty Spire (QoL Compilation)","Permanent Neow","Potion Indicator Mod","Rare Cards Sparkle","Relic Sorter","Relic Stats","StSLib","everything is the same but u backflip on backflip"],"gold_per_floor":[111,286,75,92,104,104,119,146,146,177,452,470,470,470,470,470,470],"floor_reached":16,"language":"ENG","playtime":314,"items_purged":["Doubt"],"score":116,"play_id":"8e5b9f79-0634-4afb-84ea-90431ac05853","local_time":"20210219234438","is_ascension_mode":true,"campfire_choices":[{"data":"CrushJoints","floor":6,"key":"SMITH"},{"data":"TalkToTheHand","floor":13,"key":"SMITH"},{"data":"Eruption","floor":15,"key":"SMITH"}],"circlet_count":0,"master_deck":["Strike_P","Strike_P","Strike_P","Strike_P","Defend_P","Defend_P","Defend_P","Defend_P","Eruption+1","Vigilance","ConjureBlade","CrushJoints+1","FollowUp","Wireheading","TalkToTheHand+1","DeceiveReality","Consecrate","Regret","LessonLearned"],"relics":["PureWater","Dream Catcher","The Courier","Mango","Singing Bowl"],"acts_visited":["Exordium"],"potions_floor_usage":[7,10,10],"damage_taken":[{"damage":2,"enemies":"Jaw Worm","floor":1,"turns":4},{"damage":0,"enemies":"Small Slimes","floor":4,"turns":2},{"damage":0,"enemies":"Cultist","floor":5,"turns":2},{"damage":0,"enemies":"Exordium Wildlife","floor":7,"turns":3},{"damage":28,"enemies":"Gremlin Nob","floor":8,"turns":3},{"damage":18,"enemies":"3 Sentries","floor":10,"turns":9},{"damage":8,"enemies":"Blue Slaver","floor":12,"turns":3},{"damage":39,"enemies":"The Guardian","floor":16,"turns":5}],"seed_played":"-1685650731985928711","potions_obtained":[{"floor":1,"key":"Regen Potion"},{"floor":5,"key":"Fire Potion"},{"floor":7,"key":"Ancient Potion"}],"is_trial":false,"path_per_floor":["M","?","$","M","M","R","M","E","T","E","?","M","R","?","R","B"],"character_chosen":"WATCHER","items_purchased":["FollowUp","Wireheading","Block Potion"],"campfire_rested":0,"item_purchase_floors":[3,3,3],"current_hp_per_floor":[70,70,70,70,70,70,70,42,42,53,53,45,45,27,27,0,0],"gold":470,"neow_bonus":"ONE_RANDOM_RARE_CARD","is_daily":false,"chose_seed":false,"campfire_upgraded":3,"win_rate":0.0,"timestamp":1613799878,"path_taken":["M","?","?","M","M","R","M","E","T","E","?","?","R","?","R","BOSS"],"items_purchased_type":["Card","Card","Potion"],"build_version":"2020-12-22","purchased_purges":1,"victory":false,"max_hp_per_floor":[72,72,72,72,72,72,72,72,72,86,86,86,86,86,86,86,86],"relic_stats":{"Dream Catcher":0,"Singing Bowl":0,"counters":[8,31],"obtain_stats":[{"Dream Catcher":8,"Singing Bowl":14,"Mango":10,"The Courier":9,"PureWater":0},{"Dream Catcher":5,"Singing Bowl":7,"Mango":6,"The Courier":5,"PureWater":0},{"Dream Catcher":14,"Singing Bowl":26,"Mango":23,"The Courier":14,"PureWater":0}]},"card_choices":[{"not_picked":["InnerPeace","Vengeance"],"picked":"CrushJoints","floor":1},{"not_picked":["Worship","Protect"],"picked":"TalkToTheHand","floor":4},{"not_picked":["FollowUp","CarveReality","JustLucky"],"picked":"SKIP","floor":5},{"not_picked":["Wireheading","SashWhip","Crescendo"],"picked":"SKIP","floor":7},{"not_picked":["FlyingSleeves","Worship"],"picked":"DeceiveReality","floor":8},{"not_picked":["PathToVictory","JustLucky"],"picked":"Consecrate","floor":10},{"not_picked":["BowlingBash","EmptyFist"],"picked":"LessonLearned","floor":12}],"player_experience":1828949,"relics_obtained":[{"floor":8,"key":"Dream Catcher"},{"floor":9,"key":"The Courier"},{"floor":10,"key":"Mango"}],"event_choices":[{"damage_healed":0,"gold_gain":175,"player_choice":"AGREE","damage_taken":0,"max_hp_gain":0,"max_hp_loss":0,"event_name":"Liars Game","floor":2,"gold_loss":0,"cards_obtained":["Doubt"]},{"damage_healed":0,"gold_gain":275,"player_choice":"Desecrate","damage_taken":0,"max_hp_gain":0,"max_hp_loss":0,"event_name":"Golden Shrine","floor":11,"gold_loss":0,"cards_obtained":["Regret"]},{"damage_healed":0,"gold_gain":0,"player_choice":"Success","damage_taken":18,"relics_obtained":["Singing Bowl"],"max_hp_gain":0,"max_hp_loss":0,"event_name":"Scrap Ooze","floor":14,"gold_loss":0}],"is_beta":false,"boss_relics":[],"items_purged_floors":[3],"is_endless":false,"potions_floor_spawned":[1,5,7],"killed_by":"The Guardian","ascension_level":1}}