{"host":"xnrw1j8ho83czkv7","time":1613784506,"event":{"mods":["AchievementEnabler","BaseMod","Colored Map","Colored Powertips","Minty Spire (QoL Compilation)","Quick Restart","StSLib"],"gold_per_floor":[209,219,144,162,179,179,179,179,179,196,196,196,226,47,47,151,151,166,41,41,140,140,173,173,173,200,234,84,84,111,130,130,231,231,243,68,87,162,177,177,204,220,220,220,220,239,239,266,266,266,266,266,18,46,46],"floor_reached":56,"language":"ENG","playtime":2937,"items_purged":["Strike_G","Strike_G","Strike_G","Defend_G","Strike_G","Writhe"],"score":1460,"play_id":"287ef3cf-113b-4787-82bf-5a4abbffaffb","local_time":"20210220012826","is_ascension_mode":true,"campfire_choices":[{"data":"Crippling Poison","floor":6.0,"key":"SMITH"},{"data":"Catalyst","floor":8.0,"key":"SMITH"},{"data":"Deadly Poison","floor":11.0,"key":"SMITH"},{"data":"Catalyst","floor":15.0,"key":"SMITH"},{"data":"Neutralize","floor":25.0,"key":"SMITH"},{"data":"Survivor","floor":29.0,"key":"SMITH"},{"data":"Defend_G","floor":32.0,"key":"SMITH"},{"floor":40.0,"key":"RECALL"},{"data":"Night Terror","floor":44.0,"key":"SMITH"},{"floor":47.0,"key":"DIG"},{"floor":49.0,"key":"DIG"},{"floor":52,"key":"DIG"}],"circlet_count":0,"master_deck":["Defend_G+1","Defend_G","Defend_G","Defend_G","Survivor+1","Neutralize+1","Deadly Poison+1","Catalyst+1","Crippling Poison+1","Corpse Explosion+1","Catalyst+1","CurseOfTheBell","Catalyst+1","Catalyst+1","Night Terror+1","Parasite"],"relics":["Ring of the Snake","Tough Bandages","Question Card","Calipers","Calling Bell","Anchor","Eternal Feather","Ice Cream","Vajra","Happy Flower","Bird Faced Urn","Mummified Hand","Cursed Key","Bottled Lightning","Shovel","Juzu Bracelet","Toy Ornithopter","Orichalcum","Bag of Marbles","Pantograph","Shuriken"],"acts_visited":["Exordium","TheCity","TheBeyond","TheEnding"],"potions_floor_usage":[50,55],"damage_taken":[{"damage":0.0,"enemies":"Cultist","floor":1.0,"turns":5.0},{"damage":0.0,"enemies":"2 Louse","floor":2.0,"turns":2.0},{"damage":3.0,"enemies":"Jaw Worm","floor":4.0,"turns":4.0},{"damage":6.0,"enemies":"Red Slaver","floor":5.0,"turns":5.0},{"damage":4.0,"enemies":"Large Slime","floor":10.0,"turns":5.0},{"damage":0.0,"enemies":"Gremlin Nob","floor":13.0,"turns":3.0},{"damage":18.0,"enemies":"Slime Boss","floor":16.0,"turns":5.0},{"damage":0.0,"enemies":"Spheric Guardian","floor":18.0,"turns":3.0},{"damage":13.0,"enemies":"Book of Stabbing","floor":23.0,"turns":4.0},{"damage":35.0,"enemies":"Gremlin Leader","floor":27.0,"turns":7.0},{"damage":1.0,"enemies":"Book of Stabbing","floor":30.0,"turns":4.0},{"damage":0.0,"enemies":"Chosen","floor":31.0,"turns":2.0},{"damage":13.0,"enemies":"Champ","floor":33.0,"turns":5.0},{"damage":0.0,"enemies":"Orb Walker","floor":35.0,"turns":2.0},{"damage":0.0,"enemies":"3 Shapes","floor":37.0,"turns":1.0},{"damage":0.0,"enemies":"3 Darklings","floor":39.0,"turns":1.0},{"damage":0.0,"enemies":"Reptomancer","floor":41.0,"turns":2.0},{"damage":0.0,"enemies":"Spire Growth","floor":42.0,"turns":2.0},{"damage":0.0,"enemies":"Transient","floor":46.0,"turns":3.0},{"damage":5.0,"enemies":"Nemesis","floor":48.0,"turns":3.0},{"damage":72,"enemies":"Awakened One","floor":50,"turns":8},{"damage":36,"enemies":"Shield and Spear","floor":54,"turns":5},{"damage":87,"enemies":"The Heart","floor":55,"turns":4}],"seed_played":"-8058250885485766398","potions_obtained":[{"floor":1.0,"key":"FairyPotion"},{"floor":2.0,"key":"Regen Potion"},{"floor":10.0,"key":"Explosive Potion"},{"floor":27.0,"key":"SkillPotion"},{"floor":37.0,"key":"Regen Potion"},{"floor":48.0,"key":"FairyPotion"}],"is_trial":false,"path_per_floor":["M","M","$","M","M","R","T","R","T","M","R","?","E","$","R","B",null,"M","$","?","?","$","E","?","R","T","E","$","R","E","M","R","B",null,"M","$","M","T","M","R","E","M","T","R","?","M","R","E","R","B",null,"R","$","E","B",null],"character_chosen":"THE_SILENT","items_purchased":["Catalyst","Energy Potion"],"campfire_rested":0,"item_purchase_floors":[14,53],"current_hp_per_floor":[70,70,70,67,61,61,61,61,61,57,57,57,69,69,69,51,70,70,70,70,70,70,57,57,63,63,28,28,34,33,33,39,26,70,70,70,70,70,70,70,70,70,70,70,70,70,70,65,70,17,70,70,70,34,21],"gold":46,"neow_bonus":"HUNDRED_GOLD","is_daily":false,"chose_seed":false,"campfire_upgraded":8,"win_rate":0.0,"timestamp":1613784506,"path_taken":["M","M","$","M","M","R","?","R","T","M","R","?","E","$","R","BOSS","M","$","?","?","$","E","?","R","T","E","$","R","E","M","R","BOSS","M","$","M","?","M","R","E","M","T","R","?","M","R","E","R","BOSS","R","$","E","BOSS"],"items_purchased_type":["Card","Potion"],"build_version":"2020-12-22","purchased_purges":6,"victory":true,"max_hp_per_floor":[70,70,70,70,70,70,70,70,70,70,70,70,70,70,70,70,70,70,70,70,70,70,70,70,70,70,70,70,70,70,70,70,70,70,70,70,70,70,70,70,70,70,70,70,70,70,70,70,70,70,70,70,70,70,70],"card_choices":[{"not_picked":["Flechettes","Bane"],"picked":"Deadly Poison","floor":1.0},{"not_picked":["Deflect","Flechettes"],"picked":"Catalyst","floor":2.0},{"not_picked":["Heel Hook","Underhanded Strike","Quick Slash"],"picked":"SKIP","floor":4.0},{"not_picked":["Predator","Quick Slash"],"picked":"Crippling Poison","floor":5.0},{"not_picked":["Backstab","Acrobatics","Dagger Spray","Poisoned Stab"],"picked":"SKIP","floor":10.0},{"not_picked":["Underhanded Strike","Well Laid Plans","Backflip"],"picked":"Corpse Explosion","floor":13.0},{"not_picked":["Underhanded Strike","Deflect+1","Prepared","Acrobatics+1"],"picked":"SKIP","floor":18.0},{"not_picked":["Cloak And Dagger","Sucker Punch+1","Heel Hook","Deflect+1"],"picked":"SKIP","floor":23.0},{"not_picked":["Deflect","Calculated Gamble+1","Flying Knee+1","Glass Knife"],"picked":"SKIP","floor":27.0},{"not_picked":["Tactician","Quick Slash","Blur"],"picked":"Catalyst+1","floor":30.0},{"not_picked":["Well Laid Plans","Flying Knee","Finisher","Tactician+1"],"picked":"SKIP","floor":31.0},{"not_picked":["Dodge and Roll","Flying Knee+1","Leg Sweep+1"],"picked":"Catalyst+1","floor":35.0},{"not_picked":["Backstab+1","Cloak And Dagger","Deflect","Dodge and Roll+1"],"picked":"SKIP","floor":37.0},{"not_picked":["Backstab+1","Cloak And Dagger","Deflect","Dodge and Roll+1"],"picked":"SKIP","floor":37.0},{"not_picked":["Finisher","Flying Knee+1","Quick Slash","Dodge and Roll+1"],"picked":"SKIP","floor":39.0},{"not_picked":["Dagger Throw","Cloak And Dagger+1","Predator"],"picked":"Night Terror","floor":41.0},{"not_picked":["Deflect","Backstab+1","Bouncing Flask","Cloak And Dagger"],"picked":"SKIP","floor":42.0},{"not_picked":["Deflect+1","Outmaneuver","Dodge and Roll","Noxious Fumes"],"picked":"SKIP","floor":46.0},{"not_picked":["Dodge and Roll","Deadly Poison","Poisoned Stab","Backflip"],"picked":"SKIP","floor":48.0},{"not_picked":["Cloak And Dagger+1","Dagger Throw","Doppelganger","Sucker Punch"],"picked":"SKIP","floor":54}],"player_experience":60525,"relics_obtained":[{"floor":7.0,"key":"Tough Bandages"},{"floor":9.0,"key":"Question Card"},{"floor":13.0,"key":"Calipers"},{"floor":17.0,"key":"Anchor"},{"floor":17.0,"key":"Eternal Feather"},{"floor":17.0,"key":"Ice Cream"},{"floor":23.0,"key":"Vajra"},{"floor":26.0,"key":"Happy Flower"},{"floor":27.0,"key":"Bird Faced Urn"},{"floor":30.0,"key":"Mummified Hand"},{"floor":41.0,"key":"Bottled Lightning"},{"floor":43.0,"key":"Shovel"},{"floor":45.0,"key":"Juzu Bracelet"},{"floor":47.0,"key":"Toy Ornithopter"},{"floor":48.0,"key":"Orichalcum"},{"floor":49.0,"key":"Bag of Marbles"},{"floor":52,"key":"Pantograph"},{"floor":54,"key":"Shuriken"}],"event_choices":[{"cards_removed":["Strike_G"],"damage_healed":0.0,"max_hp_gain":0.0,"max_hp_loss":0.0,"gold_gain":0.0,"event_name":"Living Wall","player_choice":"Forget","floor":12.0,"gold_loss":0.0,"damage_taken":0.0},{"damage_healed":0.0,"max_hp_gain":0.0,"max_hp_loss":0.0,"gold_gain":0.0,"event_name":"Cursed Tome","player_choice":"Ignored","floor":20.0,"gold_loss":0.0,"damage_taken":0.0},{"damage_healed":0.0,"max_hp_gain":0.0,"max_hp_loss":0.0,"gold_gain":99.0,"event_name":"Nest","player_choice":"Stole From Cult","floor":21.0,"gold_loss":0.0,"damage_taken":0.0},{"damage_healed":0.0,"max_hp_gain":0.0,"max_hp_loss":0.0,"gold_gain":0.0,"event_name":"Upgrade Shrine","player_choice":"Upgraded","floor":24.0,"gold_loss":0.0,"damage_taken":0.0,"cards_upgraded":["Corpse Explosion"]},{"damage_healed":0.0,"max_hp_gain":0.0,"max_hp_loss":0.0,"gold_gain":0.0,"event_name":"Wheel of Change","player_choice":"Relic","floor":45.0,"gold_loss":0.0,"damage_taken":0.0}],"is_beta":false,"boss_relics":[{"not_picked":["Snecko Eye","Tiny House"],"picked":"Calling Bell"},{"not_picked":["Astrolabe","Fusion Hammer"],"picked":"Cursed Key"}],"items_purged_floors":[3,14,19,28,36,53],"is_endless":false,"potions_floor_spawned":[1,2,10,27,30,31,37,46,48],"ascension_level":3}}