{"host":"3twtdwjpiqhvvn5s","time":1613843750,"event":{"mods":["AchievementEnabler","Act Like it!","Aspiration","BaseMod","BetterRewards","Colored Map","Colored Powertips","Downfall","Duelist Mod","Friendly Minions","GifTheSpireLib","Hermit","Hubris","Infinite Spire","Jorbs\u0027s Wanderer Trilogy","Koishi","KomeijiMod","Marisa????????","Minty Spire (QoL Compilation)","Quick Restart","Rare Cards Sparkle","Replay The Spire","Shop Mod","StSLib","Td1madao Mod","The Administrix","The Animator","The Bug Knight","The Caster","The Cursed","The Disciple","The Hierophant","The Necromancer","The Poker Player","The Runesmith","The Servant 0.9.4"],"gold_per_floor":[113,124,140,151,163,190,190,190],"floor_reached":7,"language":"ENG","playtime":1616,"items_purged":[],"score":55,"play_id":"621f4f34-5bbe-4572-833c-94c941026ead","local_time":"20210220115550","daily_mods":["Vintage","Flight","downfall:Enraging"],"is_ascension_mode":false,"campfire_choices":[],"circlet_count":0,"master_deck":["Strike_G","Strike_G","Strike_G","Strike_G","Strike_G","Defend_G","Defend_G","Defend_G","Defend_G","Defend_G","Survivor","Neutralize"],"relics":["Ring of the Snake","Peace Pipe","HornCleat","Meat on the Bone","HoshigumaDish","Bag of Marbles","Vampiric Spirits"],"acts_visited":["Exordium"],"potions_floor_usage":[2,6,7],"damage_taken":[{"damage":2,"enemies":"2 Louse","floor":1,"turns":3},{"damage":0,"enemies":"Cultist","floor":2,"turns":4},{"damage":9,"enemies":"Jaw Worm","floor":3,"turns":6},{"damage":2,"enemies":"Blue Slaver","floor":4,"turns":6},{"damage":11,"enemies":"2 Fungi Beasts","floor":5,"turns":4},{"damage":38,"enemies":"3 Sentries","floor":6,"turns":15},{"damage":54,"enemies":"Gremlin Nob","floor":7,"turns":5}],"seed_played":"8234649433104517227","potions_obtained":[{"floor":1,"key":"DistilledChaos"},{"floor":4,"key":"SpeedPotion"},{"floor":6,"key":"bronze:BurnAndBuffPotion"}],"is_trial":true,"path_per_floor":["M","M","M","M","M","E","E"],"character_chosen":"THE_SILENT","items_purchased":[],"campfire_rested":0,"item_purchase_floors":[],"current_hp_per_floor":[68,68,59,57,46,20,0,0],"gold":190,"neow_bonus":"","is_daily":false,"chose_seed":false,"campfire_upgraded":0,"win_rate":0.0,"timestamp":1613843750,"path_taken":["M","M","M","M","M","E","E"],"items_purchased_type":[],"build_version":"2020-12-22","purchased_purges":0,"victory":false,"max_hp_per_floor":[70,70,70,70,70,70,70,70],"card_choices":[{"not_picked":["Dagger Throw","Acrobatics","Blade Dance"],"picked":"SKIP","floor":6}],"player_experience":3321421,"relics_obtained":[{"floor":1,"key":"Peace Pipe"},{"floor":2,"key":"HornCleat"},{"floor":3,"key":"Meat on the Bone"},{"floor":4,"key":"HoshigumaDish"},{"floor":5,"key":"Bag of Marbles"},{"floor":6,"key":"Vampiric Spirits"}],"event_choices":[],"is_beta":false,"boss_relics":[],"items_purged_floors":[],"is_endless":false,"potions_floor_spawned":[1,4,6],"killed_by":"Gremlin Nob","ascension_level":0}}