{"host":"kh6fvhxn285ncg0o","time":1613812384,"event":{"mods":["Act Like it!","BaseMod","Colored Map","Friendly Minions","Keyboard Shortcuts","Minty Spire (QoL Compilation)","Quick Restart","Relic Stats","StSLib","SuperFastMode","UnlockEverythingMod"],"gold_per_floor":[119,44,57,57,57,88,88,105,105,105,138,149,149,168,168,246,246,260,260,3,20,20,20,55,55,55,55,55],"floor_reached":27,"language":"KOR","playtime":505,"items_purged":["Strike_R","Strike_R"],"score":528,"play_id":"6e3d04c7-8763-49c7-a471-c81037316eb0","local_time":"20210220181304","is_ascension_mode":true,"campfire_choices":[{"data":"Bash","floor":7,"key":"SMITH"},{"data":"Strike_R","floor":10,"key":"SMITH"},{"data":"Evolve","floor":13,"key":"SMITH"},{"floor":15,"key":"REST"},{"data":"Fire Breathing","floor":23,"key":"SMITH"},{"data":"Rage","floor":25,"key":"SMITH"}],"circlet_count":0,"master_deck":["AscendersBane","Strike_R","Strike_R+1","Defend_R","Defend_R","Defend_R","Defend_R","Bash+1","Evolve+1","Rage+1","Impervious","Fire Breathing+1","Decay"],"relics":["Burning Blood","NeowsBlessing","Calipers","Mango","Torii","Coffee Dripper","Toolbox","Oddly Smooth Stone","Letter Opener"],"acts_visited":["Exordium","TheCity"],"potions_floor_usage":[11,16,16,21],"damage_taken":[{"damage":0,"enemies":"Cultist","floor":1,"turns":1},{"damage":0,"enemies":"2 Louse","floor":3,"turns":1},{"damage":0,"enemies":"Gremlin Nob","floor":6,"turns":1},{"damage":2,"enemies":"Jaw Worm","floor":8,"turns":5},{"damage":55,"enemies":"3 Sentries","floor":11,"turns":12},{"damage":8,"enemies":"2 Fungi Beasts","floor":12,"turns":5},{"damage":2,"enemies":"Exordium Wildlife","floor":14,"turns":4},{"damage":35,"enemies":"The Guardian","floor":16,"turns":15},{"damage":31,"enemies":"3 Byrds","floor":18,"turns":10},{"damage":22,"enemies":"Chosen","floor":21,"turns":6},{"damage":28,"enemies":"Slavers","floor":24,"turns":3},{"damage":31,"enemies":"Book of Stabbing","floor":27,"turns":5}],"seed_played":"7736997504482488920","potions_obtained":[{"floor":6,"key":"Strength Potion"},{"floor":11,"key":"BlessingOfTheForge"},{"floor":12,"key":"SkillPotion"},{"floor":16,"key":"Dexterity Potion"},{"floor":18,"key":"Regen Potion"}],"is_trial":false,"path_per_floor":["M","$","M","?","$","E","R","M","T","R","E","M","R","M","R","B",null,"M","?","$","M","?","R","E","R","T","E"],"character_chosen":"IRONCLAD","items_purchased":["Toolbox"],"campfire_rested":1,"item_purchase_floors":[20],"current_hp_per_floor":[74,74,75,75,75,75,75,75,89,89,40,38,38,42,68,39,77,52,52,52,50,50,50,28,28,28,0,0],"gold":55,"neow_bonus":"THREE_ENEMY_KILL","is_daily":false,"chose_seed":false,"campfire_upgraded":5,"win_rate":0.0,"timestamp":1613812384,"path_taken":["M","?","M","?","$","E","R","?","T","R","E","?","R","M","R","BOSS","M","?","$","M","?","R","E","R","T","E"],"items_purchased_type":["Relic"],"build_version":"2020-12-22","purchased_purges":2,"victory":false,"max_hp_per_floor":[75,75,75,75,75,75,75,75,89,89,89,89,89,89,89,89,89,89,89,89,89,89,89,89,89,89,89,89],"relic_stats":{"Torii":47,"counters":[12,68],"Letter Opener":[15],"obtain_stats":[{"Calipers":6,"NeowsBlessing":0,"Torii":11,"Toolbox":20,"Oddly Smooth Stone":24,"Mango":9,"Coffee Dripper":17,"Letter Opener":26,"Burning Blood":0},{"Calipers":3,"NeowsBlessing":0,"Torii":5,"Toolbox":9,"Oddly Smooth Stone":11,"Mango":4,"Coffee Dripper":8,"Letter Opener":11,"Burning Blood":0},{"Calipers":3,"NeowsBlessing":0,"Torii":20,"Toolbox":54,"Oddly Smooth Stone":63,"Mango":8,"Coffee Dripper":44,"Letter Opener":63,"Burning Blood":0}],"Burning Blood":51},"card_choices":[{"not_picked":["Headbutt","Twin Strike"],"picked":"Evolve","floor":11},{"not_picked":["Anger","Infernal Blade","Perfected Strike"],"picked":"SKIP","floor":12},{"not_picked":["Sever Soul","Limit Break"],"picked":"Rage","floor":14},{"not_picked":["Barricade","Bludgeon"],"picked":"Impervious","floor":16},{"not_picked":["Disarm","Havoc"],"picked":"Fire Breathing","floor":21},{"not_picked":["Blood for Blood+1","Carnage","Rage+1"],"picked":"SKIP","floor":24}],"player_experience":1480911,"relics_obtained":[{"floor":6,"key":"Calipers"},{"floor":9,"key":"Mango"},{"floor":11,"key":"Torii"},{"floor":24,"key":"Oddly Smooth Stone"},{"floor":26,"key":"Letter Opener"}],"event_choices":[{"cards_removed":["Strike_R"],"damage_healed":0,"gold_gain":0,"player_choice":"Purged","damage_taken":0,"max_hp_gain":0,"max_hp_loss":0,"event_name":"Purifier","floor":4,"gold_loss":0},{"damage_healed":0,"gold_gain":0,"player_choice":"Ignored","damage_taken":0,"max_hp_gain":0,"max_hp_loss":0,"event_name":"Vampires","floor":19,"gold_loss":0},{"damage_healed":0,"gold_gain":0,"player_choice":"Smashed Altar","damage_taken":0,"max_hp_gain":0,"max_hp_loss":0,"event_name":"Forgotten Altar","floor":22,"gold_loss":0,"cards_obtained":["Decay"]}],"is_beta":false,"boss_relics":[{"not_picked":["Velvet Choker","Snecko Eye"],"picked":"Coffee Dripper"}],"items_purged_floors":[2,20],"is_endless":false,"potions_floor_spawned":[6,11,12,16,18],"killed_by":"Book of Stabbing","ascension_level":20}}