{"host":"bvp2uifzy1c463d9","time":1613856176,"event":{"mods":["AchievementEnabler","BaseMod","Better Note","Block Reminder","Bossed Relics","Colored Map","Colored Powertips","Highlight Path","Minty Spire (QoL Compilation)","Relic Sorter","Relic Stats","Replay The Spire","StSLib"],"gold_per_floor":[112,123,123,48,66,94,94,129,129,161,172,184,202,54,54,152,152,171,171,182,192,69,69,127,127,127,154,174,174,206,146,146,242,242,256,121,121,46,60,60,91,91,91],"floor_reached":42,"language":"ENG","playtime":2418,"items_purged":["Strike_G","Defend_G","Strike_G","Defend_G"],"score":631,"play_id":"e5122a97-5f03-4018-afb2-bdc5b477c9c9","local_time":"20210220152256","is_ascension_mode":true,"campfire_choices":[{"data":"Cloak And Dagger","floor":7,"key":"SMITH"},{"data":"Cloak And Dagger","floor":15,"key":"SMITH"},{"data":"Blade Dance","floor":23,"key":"SMITH"},{"data":"Blade Dance","floor":25,"key":"SMITH"},{"data":"Neutralize","floor":29,"key":"SMITH"},{"data":"ReplayTheSpireMod:Shiv Toss","floor":32,"key":"SMITH"},{"data":"Skewer","floor":40,"key":"SMITH"}],"circlet_count":0,"master_deck":["Strike_G","Strike_G","Defend_G","Defend_G","Defend_G","Survivor","Neutralize+1","Dash","Hidden Blade","Eviscerate","Cloak And Dagger+1","Expertise","Wraith Form v2","Outmaneuver","ReplayTheSpireMod:Shiv Toss+1","Cloak And Dagger+1","Flechettes","Bullet Time","Finisher","Blade Dance+1","Footwork","Skewer+1","Blade Dance+1","Tools of the Trade+1","Concentrate","Burst+1","Hidden Blade","Storm of Steel+1"],"relics":["Ring of the Snake","Eternal Feather","Shuriken","HornCleat","Membership Card","Coffee Dripper","Nloth\u0027s Gift","Lantern","Juzu Bracelet","Mango","Golden Egg","Pantograph","Astrolabe","Chemical X","ReplayTheSpireMod:Ring of Collecting","Chameleon Ring"],"acts_visited":["Exordium","TheCity","TheBeyond"],"potions_floor_usage":[10,10,16,21,27,41],"damage_taken":[{"damage":0,"enemies":"Cultist","floor":1,"turns":4},{"damage":0,"enemies":"2 Louse","floor":2,"turns":3},{"damage":2,"enemies":"Jaw Worm","floor":5,"turns":6},{"damage":27,"enemies":"Gremlin Nob","floor":6,"turns":6},{"damage":19,"enemies":"3 Sentries","floor":8,"turns":13},{"damage":14,"enemies":"Lagavulin","floor":10,"turns":6},{"damage":0,"enemies":"Large Slime","floor":11,"turns":5},{"damage":7,"enemies":"Looter","floor":12,"turns":5},{"damage":0,"enemies":"3 Louse","floor":13,"turns":4},{"damage":20,"enemies":"Slime Boss","floor":16,"turns":12},{"damage":10,"enemies":"2 Thieves","floor":18,"turns":4},{"damage":4,"enemies":"3 Byrds","floor":20,"turns":6},{"damage":20,"enemies":"Snake Plant","floor":21,"turns":6},{"damage":26,"enemies":"Book of Stabbing","floor":27,"turns":6},{"damage":0,"enemies":"Centurion and Healer","floor":28,"turns":3},{"damage":7,"enemies":"Replay:Snechameleon","floor":30,"turns":4},{"damage":77,"enemies":"Automaton","floor":33,"turns":9},{"damage":3,"enemies":"3 Darklings","floor":35,"turns":4},{"damage":0,"enemies":"Orb Walker","floor":39,"turns":2},{"damage":47,"enemies":"Reptomancer","floor":41,"turns":5},{"damage":68,"enemies":"2 Orb Walkers","floor":42,"turns":6}],"seed_played":"-6940918066458034028","potions_obtained":[{"floor":1,"key":"Energy Potion"},{"floor":6,"key":"LiquidMemories"},{"floor":10,"key":"Dexterity Potion"},{"floor":11,"key":"LifebloodPotion"},{"floor":13,"key":"PowerPotion"},{"floor":21,"key":"Fire Potion"},{"floor":24,"key":"PowerPotion"},{"floor":28,"key":"Cursed Concoction"}],"is_trial":false,"path_per_floor":["M","M","?","$","M","E","R","E","T","E","M","M","M","$","R","B",null,"M","?","M","M","$","R","?","R","T","E","M","R","E","?","R","B",null,"M","$","?","$","M","R","E","?"],"character_chosen":"THE_SILENT","items_purchased":["Membership Card","Lantern","Chemical X"],"campfire_rested":0,"item_purchase_floors":[14,22,36],"current_hp_per_floor":[77,77,77,77,75,48,57,38,38,34,34,27,27,27,39,19,87,77,77,73,53,53,65,31,46,60,34,34,49,42,42,57,5,101,98,98,98,98,98,101,54,0,0],"gold":91,"neow_bonus":"TEN_PERCENT_HP_BONUS","is_daily":false,"chose_seed":false,"campfire_upgraded":7,"win_rate":0.0,"timestamp":1613856176,"path_taken":["M","M","?","$","M","E","R","E","T","E","M","?","M","$","R","BOSS","M","?","M","?","$","R","?","R","T","E","M","R","E","?","R","BOSS","M","$","?","$","M","R","E","?"],"items_purchased_type":["Relic","Relic","Relic"],"build_version":"2020-12-22","purchased_purges":4,"victory":false,"max_hp_per_floor":[77,77,77,77,77,77,77,77,77,87,87,87,87,87,87,87,87,87,87,87,87,87,87,87,87,101,101,101,101,101,101,101,101,101,101,101,101,101,101,101,101,101,101],"relic_stats":{"counters":[21,119],"Shuriken":[57],"Pantograph":25,"Astrolabe":[],"Eternal Feather":81,"Nloth\u0027s Gift":4,"Juzu Bracelet":0,"Chemical X":[3],"obtain_stats":[{"Golden Egg":27,"Lantern":22,"Pear":10,"Astrolabe":34,"Eternal Feather":6,"Mango":26,"Juzu Bracelet":24,"HornCleat":9,"Chameleon Ring":41,"Shuriken":8,"Pantograph":30,"ReplayTheSpireMod:Ring of Collecting":37,"Coffee Dripper":17,"Nloth\u0027s Gift":19,"Membership Card":14,"Chemical X":36,"Ring of the Snake":0},{"Golden Egg":14,"Lantern":13,"Pear":6,"Astrolabe":17,"Eternal Feather":4,"Mango":13,"Juzu Bracelet":13,"HornCleat":5,"Chameleon Ring":20,"Shuriken":5,"Pantograph":16,"ReplayTheSpireMod:Ring of Collecting":18,"Coffee Dripper":10,"Nloth\u0027s Gift":11,"Membership Card":9,"Chemical X":18,"Ring of the Snake":0},{"Golden Egg":86,"Lantern":80,"Pear":38,"Astrolabe":102,"Eternal Feather":19,"Mango":80,"Juzu Bracelet":80,"HornCleat":32,"Chameleon Ring":113,"Shuriken":32,"Pantograph":93,"ReplayTheSpireMod:Ring of Collecting":106,"Coffee Dripper":64,"Nloth\u0027s Gift":68,"Membership Card":52,"Chemical X":106,"Ring of the Snake":0}],"Ring of the Snake":[42]},"card_choices":[{"not_picked":["Terror","Underhanded Strike"],"picked":"Dash","floor":1},{"not_picked":["Underhanded Strike","Terror"],"picked":"Hidden Blade","floor":2},{"not_picked":["All Out Attack","Dagger Throw"],"picked":"Cloak And Dagger","floor":5},{"not_picked":["Hidden Blade","Quick Slash"],"picked":"Expertise","floor":6},{"not_picked":["Toxin Wave","Replay:Poison Smokescreen"],"picked":"Wraith Form v2","floor":8},{"not_picked":["Poisoned Stab","Sucker Punch"],"picked":"Outmaneuver","floor":10},{"not_picked":["Prepared","Leg Sweep"],"picked":"ReplayTheSpireMod:Shiv Toss","floor":11},{"not_picked":["Expertise","Poisoned Stab"],"picked":"Cloak And Dagger","floor":12},{"not_picked":["Crippling Poison","Dagger Spray"],"picked":"Flechettes","floor":13},{"not_picked":["Doppelganger","ReplayTheSpireMod:Necrosis"],"picked":"Bullet Time","floor":16},{"not_picked":["Quick Slash+1","Endless Agony"],"picked":"Finisher","floor":18},{"not_picked":["Flying Knee","Sucker Punch"],"picked":"Blade Dance","floor":20},{"not_picked":["Prepared+1","Sucker Punch+1"],"picked":"Footwork","floor":21},{"not_picked":["Flying Knee","Unload"],"picked":"Skewer","floor":24},{"not_picked":["Catalyst+1","Underhanded Strike+1"],"picked":"Blade Dance","floor":24},{"not_picked":["Outmaneuver","Caltrops+1"],"picked":"Tools of the Trade","floor":27},{"not_picked":["Catalyst","Predator"],"picked":"Concentrate","floor":28},{"not_picked":["ReplayTheSpireMod:Exploit Weakness","Corpse Explosion","Poisoned Stab"],"picked":"SKIP","floor":30},{"not_picked":["Night Terror","Envenom"],"picked":"Burst","floor":33},{"not_picked":["Acrobatics+1","Poisoned Stab"],"picked":"Hidden Blade","floor":35},{"not_picked":["PiercingWail","Catalyst","Blade Dance"],"picked":"SKIP","floor":39},{"not_picked":["Acrobatics","Unload"],"picked":"Storm of Steel","floor":41}],"player_experience":250557,"relics_obtained":[{"floor":6,"key":"Eternal Feather"},{"floor":8,"key":"Shuriken"},{"floor":9,"key":"HornCleat"},{"floor":10,"key":"Pear"},{"floor":24,"key":"Juzu Bracelet"},{"floor":26,"key":"Mango"},{"floor":27,"key":"Golden Egg"},{"floor":30,"key":"Pantograph"},{"floor":37,"key":"ReplayTheSpireMod:Ring of Collecting"},{"floor":41,"key":"Chameleon Ring"}],"event_choices":[{"damage_healed":0,"gold_gain":0,"cards_transformed":["Strike_G"],"player_choice":"Transformed","damage_taken":0,"max_hp_gain":0,"max_hp_loss":0,"event_name":"Transmorgrifier","floor":3,"gold_loss":0,"cards_obtained":["Eviscerate"]},{"damage_healed":0,"gold_gain":0,"player_choice":"Traded Relic","damage_taken":0,"relics_obtained":["Nloth\u0027s Gift"],"max_hp_gain":0,"max_hp_loss":0,"event_name":"N\u0027loth","floor":19,"relics_lost":["Pear"],"gold_loss":0},{"damage_healed":0,"gold_gain":0,"player_choice":"Fight","damage_taken":0,"max_hp_gain":0,"max_hp_loss":0,"event_name":"Mysterious Sphere","floor":42,"gold_loss":0}],"is_beta":false,"boss_relics":[{"not_picked":["Replay:Wanted Poster","Kintsugi"],"picked":"Coffee Dripper"},{"not_picked":["Philosopher\u0027s Stone","Calling Bell"],"picked":"Astrolabe"}],"items_purged_floors":[4,22,36,38],"is_endless":false,"potions_floor_spawned":[1,6,10,11,13,21,28,33,35,39],"killed_by":"2 Orb Walkers","ascension_level":4}}