{"host":"qc8p2flj7wsy3zpg","time":1613794179,"event":{"mods":["BaseMod","Highlight Path","Minty Spire (QoL Compilation)","Relic Stats","StSLib"],"gold_per_floor":[110,128,144,155,169,197,197,229,284,249,262,262,288,299,299,373,373,385,0,0,11,29,29,41,41,94,9,39,39,71,31,31,108,108,125,125,9,34,52,78,132,132,156,182,200,200,200,231,231,231,231,231,231,63,92,92],"floor_reached":57,"language":"ENG","playtime":3837,"items_purged":["Strike_G"],"score":3071,"play_id":"59994ef3-a00e-44e7-be9f-84ee02597af2","local_time":"20210219220939","is_ascension_mode":true,"campfire_choices":[{"floor":7.0,"key":"REST"},{"data":"Underhanded Strike","floor":12.0,"key":"SMITH"},{"data":"Deadly Poison","floor":15.0,"key":"SMITH"},{"data":"Catalyst","floor":23.0,"key":"SMITH"},{"floor":25.0,"key":"REST"},{"data":"Prepared","floor":32.0,"key":"SMITH"},{"floor":42.0,"key":"RECALL"},{"data":"Tactician","floor":46,"key":"SMITH"},{"data":"Adrenaline","floor":49,"key":"SMITH"},{"floor":53,"key":"REST"}],"circlet_count":0,"master_deck":["AscendersBane","Strike_G","Defend_G","Defend_G","Defend_G+1","Defend_G","Defend_G+1","Survivor","Neutralize","Flying Knee","Cloak And Dagger","Poisoned Stab","Sucker Punch","Bane","PiercingWail","Accuracy","Deadly Poison+1","Wraith Form v2+1","Eviscerate","Blade Dance","Acrobatics","Catalyst+1","Blade Dance+1","Deadly Poison","Prepared+1","Calculated Gamble","After Image","Wraith Form v2+1","Prepared+1","Night Terror+1","Concentrate","Venomology","Adrenaline+1","Tactician+1","Night Terror+1","Tactician"],"relics":["Ring of the Snake","CaptainsWheel","Pocketwatch","Ninja Scroll","Orichalcum","Sundial","Runic Pyramid","TwistedFunnel","War Paint","Dream Catcher","Juzu Bracelet","Snake Skull","Astrolabe","Prayer Wheel","Oddly Smooth Stone","Ginger","Pen Nib","Boot","Gremlin Horn","DollysMirror","Pear"],"acts_visited":["Exordium","TheCity","TheBeyond","TheEnding"],"potions_floor_usage":[51,55,56,56],"damage_taken":[{"damage":0.0,"enemies":"Cultist","floor":1.0,"turns":5.0},{"damage":4.0,"enemies":"2 Louse","floor":2.0,"turns":4.0},{"damage":1.0,"enemies":"Jaw Worm","floor":3.0,"turns":3.0},{"damage":0.0,"enemies":"3 Louse","floor":4.0,"turns":4.0},{"damage":0.0,"enemies":"Exordium Wildlife","floor":5.0,"turns":4.0},{"damage":17.0,"enemies":"Gremlin Nob","floor":6.0,"turns":5.0},{"damage":13.0,"enemies":"3 Sentries","floor":8.0,"turns":8.0},{"damage":0.0,"enemies":"2 Fungi Beasts","floor":11.0,"turns":3.0},{"damage":6.0,"enemies":"Lagavulin","floor":13.0,"turns":4.0},{"damage":1.0,"enemies":"Looter","floor":14.0,"turns":3.0},{"damage":34.0,"enemies":"Hexaghost","floor":16.0,"turns":10.0},{"damage":5.0,"enemies":"Spheric Guardian","floor":18.0,"turns":6.0},{"damage":4.0,"enemies":"3 Byrds","floor":21.0,"turns":4.0},{"damage":4.0,"enemies":"Centurion and Healer","floor":22.0,"turns":8.0},{"damage":1.0,"enemies":"Sentry and Sphere","floor":24.0,"turns":7.0},{"damage":4.0,"enemies":"Book of Stabbing","floor":28.0,"turns":6.0},{"damage":0.0,"enemies":"Gremlin Leader","floor":30.0,"turns":8.0},{"damage":16.0,"enemies":"Champ","floor":33.0,"turns":8.0},{"damage":0.0,"enemies":"3 Shapes","floor":35.0,"turns":5.0},{"damage":0.0,"enemies":"Mind Bloom Boss Battle","floor":38.0,"turns":4.0},{"damage":2.0,"enemies":"3 Darklings","floor":39.0,"turns":6.0},{"damage":0.0,"enemies":"Nemesis","floor":40.0,"turns":11.0},{"damage":0.0,"enemies":"2 Orb Walkers","floor":41.0,"turns":7.0},{"damage":9.0,"enemies":"Reptomancer","floor":44.0,"turns":7.0},{"damage":0,"enemies":"Transient","floor":45,"turns":6},{"damage":0,"enemies":"Giant Head","floor":48,"turns":3},{"damage":15,"enemies":"Donu and Deca","floor":50,"turns":17},{"damage":0,"enemies":"Time Eater","floor":51,"turns":4},{"damage":0,"enemies":"Shield and Spear","floor":55,"turns":14},{"damage":44,"enemies":"The Heart","floor":56,"turns":18}],"seed_played":"4301284788238073869","potions_obtained":[{"floor":3.0,"key":"DistilledChaos"},{"floor":6.0,"key":"Block Potion"},{"floor":8.0,"key":"SkillPotion"},{"floor":11.0,"key":"SteroidPotion"},{"floor":16.0,"key":"Block Potion"},{"floor":24.0,"key":"Poison Potion"},{"floor":28.0,"key":"Ancient Potion"},{"floor":30.0,"key":"DuplicationPotion"},{"floor":33.0,"key":"Weak Potion"}],"is_trial":false,"path_per_floor":["M","M","M","M","M","E","R","E","T","?","M","R","E","M","R","B",null,"M","$","?","M","M","R","M","R","T","?","E","?","E","$","R","B",null,"M","?","$","?","M","E","?","R","T","E","M","R","?","E","R","B","B",null,"R","$","E","B",null],"character_chosen":"THE_SILENT","items_purchased":["TwistedFunnel","Blade Dance","War Paint","Calculated Gamble","Concentrate","DollysMirror"],"campfire_rested":3,"item_purchase_floors":[19,19,19,31,37,54],"current_hp_per_floor":[44,40,39,39,39,22,41,28,28,44,44,44,38,37,37,3,50,45,45,45,41,37,37,36,55,55,55,51,51,51,51,51,35,58,58,58,58,58,56,56,56,56,56,47,47,47,47,47,47,32,32,55,63,63,73,29],"gold":92,"neow_bonus":"ONE_RARE_RELIC","is_daily":false,"chose_seed":false,"campfire_upgraded":6,"win_rate":0.0,"timestamp":1613794179,"path_taken":["M","M","?","M","M","E","R","E","T","?","M","R","E","M","R","BOSS","M","$","?","M","?","R","?","R","T","?","E","?","E","?","R","BOSS","M","?","$","?","M","E","?","R","T","E","M","R","?","E","R","BOSS","BOSS","R","$","E","BOSS"],"items_purchased_type":["Relic","Card","Relic","Card","Card","Relic"],"build_version":"2020-12-22","purchased_purges":1,"victory":true,"max_hp_per_floor":[66,66,66,66,66,66,66,66,66,66,66,66,66,66,66,66,66,66,66,66,66,66,66,66,66,66,66,66,66,66,66,66,66,66,66,66,66,66,66,66,66,66,66,66,66,66,63,63,63,63,63,63,63,63,73,73],"relic_stats":{"Gremlin Horn":[2,2],"counters":[30,202],"Astrolabe":["Wraith Form v2","Prepared","Night Terror"],"Snake Skull":[95],"Pen Nib":[14],"Juzu Bracelet":0,"Ginger":[7],"Orichalcum":[528],"War Paint":["Defend_G","Defend_G"],"Boot":[59],"Dream Catcher":1,"Sundial":[10],"Prayer Wheel":2,"obtain_stats":[{"TwistedFunnel":19,"Pear":55,"Gremlin Horn":48,"Astrolabe":34,"Oddly Smooth Stone":40,"Snake Skull":30,"Pen Nib":43,"Juzu Bracelet":28,"Ginger":41,"Orichalcum":9,"War Paint":19,"Boot":44,"CaptainsWheel":0,"Dream Catcher":27,"Ninja Scroll":8,"Sundial":13,"DollysMirror":54,"Prayer Wheel":38,"Ring of the Snake":0,"Pocketwatch":6,"Runic Pyramid":17},{"TwistedFunnel":12,"Pear":29,"Gremlin Horn":26,"Astrolabe":18,"Oddly Smooth Stone":22,"Snake Skull":17,"Pen Nib":23,"Juzu Bracelet":16,"Ginger":23,"Orichalcum":7,"War Paint":12,"Boot":24,"CaptainsWheel":0,"Dream Catcher":15,"Ninja Scroll":7,"Sundial":9,"DollysMirror":28,"Prayer Wheel":20,"Ring of the Snake":0,"Pocketwatch":6,"Runic Pyramid":11},{"TwistedFunnel":59,"Pear":184,"Gremlin Horn":149,"Astrolabe":100,"Oddly Smooth Stone":126,"Snake Skull":92,"Pen Nib":133,"Juzu Bracelet":84,"Ginger":133,"Orichalcum":33,"War Paint":59,"Boot":140,"CaptainsWheel":0,"Dream Catcher":78,"Ninja Scroll":33,"Sundial":40,"DollysMirror":170,"Prayer Wheel":109,"Ring of the Snake":0,"Pocketwatch":25,"Runic Pyramid":53}],"Ring of the Snake":[60],"Pocketwatch":[38]},"card_choices":[{"not_picked":["Quick Slash","Concentrate"],"picked":"Flying Knee","floor":1.0},{"not_picked":["Tactician","Bane"],"picked":"Cloak And Dagger","floor":2.0},{"not_picked":["Bullet Time","Bane"],"picked":"Poisoned Stab","floor":3.0},{"not_picked":["Well Laid Plans","Escape Plan"],"picked":"Sucker Punch","floor":4.0},{"not_picked":["PiercingWail","Outmaneuver"],"picked":"Bane","floor":5.0},{"not_picked":["Storm of Steel","Tactician"],"picked":"Underhanded Strike","floor":6.0},{"not_picked":["Doppelganger","Flechettes"],"picked":"PiercingWail","floor":8.0},{"not_picked":["Underhanded Strike","All Out Attack"],"picked":"Accuracy","floor":13.0},{"not_picked":["Bane","Prepared"],"picked":"Deadly Poison","floor":14.0},{"not_picked":["Phantasmal Killer","Unload"],"picked":"Wraith Form v2","floor":16.0},{"not_picked":["Expertise","Cloak And Dagger"],"picked":"Eviscerate","floor":18.0},{"not_picked":["Outmaneuver","Flying Knee"],"picked":"Acrobatics","floor":21.0},{"not_picked":["Distraction","Acrobatics"],"picked":"Catalyst","floor":22.0},{"not_picked":["Dagger Spray+1","Sucker Punch"],"picked":"Blade Dance+1","floor":24.0},{"not_picked":["Blade Dance","Heel Hook"],"picked":"Deadly Poison","floor":28.0},{"not_picked":["Deflect","Dodge and Roll"],"picked":"Prepared","floor":30.0},{"not_picked":["Die Die Die","Adrenaline"],"picked":"After Image","floor":33.0},{"not_picked":["Sucker Punch","Prepared","All Out Attack"],"picked":"SKIP","floor":35.0},{"not_picked":["Outmaneuver","Deadly Poison"],"picked":"Venomology","floor":39.0},{"not_picked":["Masterful Stab","Underhanded Strike+1","Distraction"],"picked":"SKIP","floor":39.0},{"not_picked":["Distraction","Quick Slash+1"],"picked":"Adrenaline","floor":40.0},{"not_picked":["Flying Knee+1","Crippling Poison","Deflect+1"],"picked":"SKIP","floor":44},{"not_picked":["Dash+1","Predator"],"picked":"Tactician","floor":45},{"not_picked":["Acrobatics","Bane+1","Storm of Steel"],"picked":"SKIP","floor":45},{"not_picked":["Quick Slash","Blur","Cloak And Dagger"],"picked":"SKIP","floor":48},{"not_picked":["Dagger Throw","Bouncing Flask"],"picked":"Tactician","floor":55}],"player_experience":2409436,"relics_obtained":[{"floor":6.0,"key":"Pocketwatch"},{"floor":8.0,"key":"Ninja Scroll"},{"floor":9.0,"key":"Orichalcum"},{"floor":13.0,"key":"Sundial"},{"floor":28.0,"key":"Juzu Bracelet"},{"floor":30.0,"key":"Snake Skull"},{"floor":38.0,"key":"Prayer Wheel"},{"floor":40.0,"key":"Oddly Smooth Stone"},{"floor":41.0,"key":"Ginger"},{"floor":43.0,"key":"Pen Nib"},{"floor":44,"key":"Boot"},{"floor":48,"key":"Gremlin Horn"},{"floor":55,"key":"Pear"}],"event_choices":[{"damage_healed":16.0,"max_hp_gain":0.0,"max_hp_loss":0.0,"gold_gain":0.0,"event_name":"The Cleric","player_choice":"Healed","floor":10.0,"gold_loss":35.0,"damage_taken":0.0},{"damage_healed":0.0,"max_hp_gain":0.0,"max_hp_loss":0.0,"gold_gain":0.0,"event_name":"Accursed Blacksmith","player_choice":"Forge","floor":20.0,"gold_loss":0.0,"damage_taken":0.0,"cards_upgraded":["Wraith Form v2"]},{"damage_healed":0.0,"max_hp_gain":0.0,"max_hp_loss":0.0,"gold_gain":0.0,"event_name":"Addict","player_choice":"Obtained Relic","floor":27.0,"gold_loss":85.0,"damage_taken":0.0,"relics_obtained":["Dream Catcher"]},{"damage_healed":0.0,"max_hp_gain":0.0,"max_hp_loss":0.0,"gold_gain":0.0,"event_name":"Vampires","player_choice":"Ignored","floor":29.0,"gold_loss":0.0,"damage_taken":0.0},{"cards_removed":["Underhanded Strike"],"damage_healed":0.0,"max_hp_gain":0.0,"max_hp_loss":0.0,"gold_gain":0.0,"event_name":"Falling","player_choice":"Removed Attack","floor":36.0,"gold_loss":0.0,"damage_taken":0.0},{"damage_healed":0.0,"max_hp_gain":0.0,"max_hp_loss":0.0,"gold_gain":0.0,"event_name":"MindBloom","player_choice":"Fight","floor":38.0,"gold_loss":0.0,"damage_taken":0.0},{"damage_healed":0.0,"max_hp_gain":0.0,"max_hp_loss":0.0,"gold_gain":0.0,"event_name":"Mysterious Sphere","player_choice":"Fight","floor":41.0,"gold_loss":0.0,"damage_taken":0.0},{"damage_healed":0,"gold_gain":0,"player_choice":"Max HP","damage_taken":0,"max_hp_gain":0,"max_hp_loss":3,"event_name":"Winding Halls","floor":47,"gold_loss":0}],"is_beta":false,"boss_relics":[{"not_picked":["WristBlade","Philosopher\u0027s Stone"],"picked":"Runic Pyramid"},{"not_picked":["Ring of the Serpent","Busted Crown"],"picked":"Astrolabe"}],"items_purged_floors":[37],"is_endless":false,"potions_floor_spawned":[3,6,8,11,16,24,28,30,33,38,40,48],"ascension_level":20}}