{"host":"2l5k2wp87eek7qja","time":1613781288,"event":{"mods":["BaseMod","Colored Map","Minty Spire (QoL Compilation)","Relic Stats"],"gold_per_floor":[113,129,139,151,151,151,161,195,195,195,195,195,195],"floor_reached":12,"language":"ENG","playtime":402,"items_purged":[],"score":160,"play_id":"b5d058fc-cdf2-455b-8dcc-0bc858b3d764","local_time":"20210220023448","is_ascension_mode":true,"campfire_choices":[{"data":"Bane","floor":6.0,"key":"SMITH"},{"data":"Catalyst","floor":10,"key":"SMITH"}],"circlet_count":0,"master_deck":["AscendersBane","Strike_G","Strike_G","Strike_G","Strike_G","Strike_G","Defend_G","Defend_G","Defend_G","Defend_G","Defend_G","Survivor","Neutralize","Burst","Poisoned Stab","Bane+1","Catalyst+1","Blade Dance+1","Deadly Poison"],"relics":["Ring of the Snake","Bottled Flame","Matryoshka"],"acts_visited":["Exordium"],"potions_floor_usage":[8],"damage_taken":[{"damage":0.0,"enemies":"Small Slimes","floor":1.0,"turns":4.0},{"damage":0.0,"enemies":"2 Louse","floor":2.0,"turns":4.0},{"damage":7.0,"enemies":"Jaw Worm","floor":3.0,"turns":5.0},{"damage":21.0,"enemies":"Lots of Slimes","floor":4.0,"turns":6.0},{"damage":0.0,"enemies":"2 Fungi Beasts","floor":7.0,"turns":3.0},{"damage":5,"enemies":"Lagavulin","floor":8,"turns":6},{"damage":15,"enemies":"3 Sentries","floor":12,"turns":2}],"seed_played":"2072694288453301314","potions_obtained":[{"floor":7.0,"key":"LiquidMemories"}],"is_trial":false,"path_per_floor":["M","M","M","M","?","R","M","E","T","R","?","E"],"character_chosen":"THE_SILENT","items_purchased":[],"campfire_rested":0,"item_purchase_floors":[],"current_hp_per_floor":[44,44,37,16,16,16,16,11,11,11,11,0,0],"gold":195,"neow_bonus":"THREE_RARE_CARDS","is_daily":false,"chose_seed":false,"campfire_upgraded":2,"win_rate":0.0,"timestamp":1613781288,"path_taken":["M","M","M","M","?","R","M","E","T","R","?","E"],"items_purchased_type":[],"build_version":"2020-12-22","purchased_purges":0,"victory":false,"max_hp_per_floor":[66,66,66,66,66,66,66,66,66,66,66,66,66],"relic_stats":{"counters":[7,30],"obtain_stats":[{"Bottled Flame":8,"Matryoshka":9,"Ring of the Snake":0},{"Bottled Flame":6,"Matryoshka":6,"Ring of the Snake":0},{"Bottled Flame":28,"Matryoshka":28,"Ring of the Snake":0}],"Ring of the Snake":[14]},"card_choices":[{"not_picked":["Envenom","Bullet Time"],"picked":"Burst","floor":0.0},{"not_picked":["Sucker Punch","Prepared"],"picked":"Poisoned Stab","floor":1.0},{"not_picked":["Outmaneuver","Acrobatics"],"picked":"Bane","floor":2.0},{"not_picked":["Dagger Spray","Terror"],"picked":"Catalyst","floor":3.0},{"not_picked":["Eviscerate","Terror"],"picked":"Blade Dance","floor":4.0},{"not_picked":["Deflect","Heel Hook"],"picked":"Deadly Poison","floor":7.0},{"not_picked":["Slice","Dagger Throw","Acrobatics"],"picked":"SKIP","floor":8}],"player_experience":825389,"relics_obtained":[{"floor":8,"key":"Bottled Flame"},{"floor":9,"key":"Matryoshka"}],"event_choices":[{"damage_healed":0.0,"max_hp_gain":0.0,"max_hp_loss":0.0,"gold_gain":0.0,"event_name":"Living Wall","player_choice":"Grow","floor":5.0,"gold_loss":0.0,"damage_taken":0.0,"cards_upgraded":["Blade Dance"]},{"damage_healed":0,"gold_gain":0,"player_choice":"Ignored","damage_taken":0,"max_hp_gain":0,"max_hp_loss":0,"event_name":"Shining Light","floor":11,"gold_loss":0}],"is_beta":false,"boss_relics":[],"items_purged_floors":[],"is_endless":false,"potions_floor_spawned":[7],"killed_by":"3 Sentries","ascension_level":20}}