{"host":"wbn3xdfsa5pc2kse","time":1613808530,"event":{"mods":["AchievementEnabler","BaseMod","Bestiary","Colored Map","Colored Powertips","Curses Come First","Highlight Path","Minty Spire (QoL Compilation)","Permanent Neow","Rare Cards Sparkle","Relic Stats","StSLib"],"gold_per_floor":[118,118,138,149,165,199,199,229,229,229,299,318,243,261,261,337,337,355,355,28,28,45,45,78,104,153,186,206,206,206,206,206,283,283,294,516,15,91,107,133,133,162,240,273,292,310,310,322,322,322,322,322,322,20,53,53,53],"floor_reached":56,"language":"ZHT","playtime":2446,"items_purged":["Strike_P","Strike_P"],"score":2091,"play_id":"6325f838-25e7-4e54-9d4f-43c79c13e9fa","local_time":"20210220160850","is_ascension_mode":true,"campfire_choices":[{"data":"TalkToTheHand","floor":7.0,"key":"SMITH"},{"data":"Wallop","floor":10.0,"key":"SMITH"},{"data":"ThirdEye","floor":15.0,"key":"SMITH"},{"floor":23.0,"key":"REST"},{"floor":29.0,"key":"REST"},{"floor":32.0,"key":"REST"},{"floor":41.0,"key":"RECALL"},{"floor":49.0,"key":"REST"},{"floor":53.0,"key":"REST"}],"circlet_count":0,"master_deck":["AscendersBane","Strike_P","Defend_P","Defend_P","Defend_P","Defend_P","Eruption+1","Vigilance","FlurryOfBlows","CrushJoints","ThirdEye+1","TalkToTheHand+1","Wallop+1","ClearTheMind","DevaForm","CutThroughFate","Tantrum","RitualDagger","Worship","TalkToTheHand","EmptyBody","Perseverance","SpiritShield","FollowUp+1","Adaptation","EmptyMind","WheelKick","Nirvana+1","TalkToTheHand","FearNoEvil","Adaptation","ThirdEye","InnerPeace"],"relics":["PureWater","Pear","Lantern","The Courier","Sundial","Fusion Hammer","OrangePellets","Bag of Marbles","Oddly Smooth Stone","Red Mask","Tiny Chest","Shuriken","SlaversCollar","Mummified Hand","Happy Flower","Vajra","Unceasing Top","Calipers","Bottled Lightning","InkBottle","Letter Opener"],"acts_visited":["Exordium","TheCity","TheBeyond","TheEnding"],"potions_floor_usage":[56,56],"damage_taken":[{"damage":2.0,"enemies":"Jaw Worm","floor":1.0,"turns":3.0},{"damage":7.0,"enemies":"Small Slimes","floor":3.0,"turns":5.0},{"damage":0.0,"enemies":"2 Louse","floor":4.0,"turns":3.0},{"damage":6.0,"enemies":"Looter","floor":5.0,"turns":3.0},{"damage":23.0,"enemies":"3 Sentries","floor":6.0,"turns":4.0},{"damage":11.0,"enemies":"Lagavulin","floor":8.0,"turns":5.0},{"damage":0.0,"enemies":"3 Louse","floor":12.0,"turns":2.0},{"damage":0.0,"enemies":"2 Fungi Beasts","floor":14.0,"turns":2.0},{"damage":6.0,"enemies":"Hexaghost","floor":16.0,"turns":9.0},{"damage":8.0,"enemies":"Chosen","floor":18.0,"turns":5.0},{"damage":0.0,"enemies":"Spheric Guardian","floor":22.0,"turns":3.0},{"damage":22.0,"enemies":"Book of Stabbing","floor":24.0,"turns":4.0},{"damage":20.0,"enemies":"Masked Bandits","floor":25.0,"turns":4.0},{"damage":23.0,"enemies":"Slavers","floor":27.0,"turns":5.0},{"damage":0.0,"enemies":"3 Cultists","floor":28.0,"turns":3.0},{"damage":17.0,"enemies":"Champ","floor":33.0,"turns":6.0},{"damage":1.0,"enemies":"3 Shapes","floor":35.0,"turns":8.0},{"damage":0.0,"enemies":"Orb Walker","floor":39.0,"turns":3.0},{"damage":0.0,"enemies":"Reptomancer","floor":40.0,"turns":4.0},{"damage":0.0,"enemies":"Giant Head","floor":42.0,"turns":6.0},{"damage":9.0,"enemies":"Nemesis","floor":44.0,"turns":10.0},{"damage":0.0,"enemies":"Writhing Mass","floor":45.0,"turns":4.0},{"damage":17.0,"enemies":"4 Shapes","floor":46.0,"turns":6.0},{"damage":4.0,"enemies":"Transient","floor":48.0,"turns":6.0},{"damage":14.0,"enemies":"Time Eater","floor":50.0,"turns":7.0},{"damage":19.0,"enemies":"Donu and Deca","floor":51.0,"turns":6.0},{"damage":36.0,"enemies":"Shield and Spear","floor":55.0,"turns":6.0},{"damage":88,"enemies":"The Heart","floor":56,"turns":2}],"seed_played":"4852876486269179542","potions_obtained":[{"floor":1.0,"key":"Explosive Potion"},{"floor":5.0,"key":"Regen Potion"},{"floor":14.0,"key":"Energy Potion"},{"floor":22.0,"key":"PowerPotion"},{"floor":24.0,"key":"SkillPotion"},{"floor":25.0,"key":"Strength Potion"},{"floor":27.0,"key":"GamblersBrew"},{"floor":39.0,"key":"SneckoOil"},{"floor":42.0,"key":"AttackPotion"},{"floor":45.0,"key":"SpeedPotion"},{"floor":48.0,"key":"SteroidPotion"},{"floor":55.0,"key":"BottledMiracle"}],"is_trial":false,"path_per_floor":["M","?","M","M","M","E","R","E","T","R","?","M","?","M","R","B",null,"M","?","$","?","M","R","E","?","T","E","M","R","?","?","R","B",null,"M","?","$","T","M","E","R","E","T","E","M","M","?","M","R","B","B",null,"R","$","E","B"],"character_chosen":"WATCHER","items_purchased":["OrangePellets","Bag of Marbles","Adaptation","Mummified Hand","Happy Flower","Vajra","TalkToTheHand","FearNoEvil","Adaptation","ThirdEye"],"campfire_rested":5,"item_purchase_floors":[20,20,37,37,37,37,54,54,54,54],"current_hp_per_floor":[59,51,44,44,38,27,27,16,16,16,16,16,16,16,16,10,61,53,53,53,47,47,70,48,28,28,5,5,28,28,28,51,34,67,66,66,66,66,66,66,66,66,66,57,57,40,40,36,59,45,26,65,78,78,42,0,0],"gold":53,"neow_bonus":"UPGRADE_CARD","is_daily":false,"chose_seed":false,"campfire_upgraded":3,"win_rate":0.0,"timestamp":1613808530,"path_taken":["M","?","M","M","M","E","R","E","T","R","?","M","?","M","R","BOSS","M","?","$","?","M","R","E","?","T","E","M","R","?","?","R","BOSS","M","?","$","?","M","E","R","E","T","E","M","M","?","M","R","BOSS","BOSS","R","$","E","BOSS"],"items_purchased_type":["Relic","Relic","Card","Relic","Relic","Relic","Card","Card","Card","Card"],"build_version":"2020-12-22","purchased_purges":2,"victory":false,"max_hp_per_floor":[68,78,78,78,78,78,78,78,78,78,78,78,78,78,78,78,78,78,78,78,78,78,78,78,78,78,78,78,78,78,78,78,78,78,78,78,78,78,78,78,78,78,78,78,78,78,78,78,78,78,78,78,78,78,78,78,78],"relic_stats":{"OrangePellets":[8],"Happy Flower":[20],"counters":[28,134],"Sundial":[12],"Shuriken":[54],"Mummified Hand":[31],"Tiny Chest":1,"Letter Opener":[10],"obtain_stats":[{"Lantern":6,"Pear":2,"Calipers":42,"Happy Flower":37,"Oddly Smooth Stone":24,"Vajra":37,"The Courier":8,"Letter Opener":55,"OrangePellets":20,"SlaversCollar":34,"Sundial":9,"Shuriken":27,"Mummified Hand":37,"Tiny Chest":26,"Fusion Hammer":17,"Bag of Marbles":20,"Red Mask":25,"Bottled Lightning":43,"PureWater":0,"Unceasing Top":40,"InkBottle":44},{"Lantern":5,"Pear":1,"Calipers":20,"Happy Flower":17,"Oddly Smooth Stone":12,"Vajra":17,"The Courier":6,"Letter Opener":27,"OrangePellets":10,"SlaversCollar":16,"Sundial":6,"Shuriken":14,"Mummified Hand":17,"Tiny Chest":13,"Fusion Hammer":9,"Bag of Marbles":10,"Red Mask":13,"Bottled Lightning":20,"PureWater":0,"Unceasing Top":19,"InkBottle":21},{"Lantern":18,"Pear":3,"Calipers":87,"Happy Flower":74,"Oddly Smooth Stone":48,"Vajra":74,"The Courier":23,"Letter Opener":132,"OrangePellets":41,"SlaversCollar":66,"Sundial":23,"Shuriken":57,"Mummified Hand":74,"Tiny Chest":52,"Fusion Hammer":36,"Bag of Marbles":41,"Red Mask":52,"Bottled Lightning":87,"PureWater":0,"Unceasing Top":81,"InkBottle":97}],"Unceasing Top":[3],"InkBottle":[21]},"card_choices":[{"not_picked":["Study","ClearTheMind"],"picked":"FlurryOfBlows","floor":1.0},{"not_picked":["Protect","Halt"],"picked":"CrushJoints","floor":3.0},{"not_picked":["InnerPeace","Evaluate"],"picked":"BattleHymn","floor":4.0},{"not_picked":["Consecrate","FlyingSleeves"],"picked":"ThirdEye","floor":5.0},{"not_picked":["DeceiveReality","Weave"],"picked":"TalkToTheHand","floor":6.0},{"not_picked":["PathToVictory","Brilliance"],"picked":"Wallop","floor":8.0},{"not_picked":["CrushJoints","BowlingBash","Crescendo"],"picked":"SKIP","floor":12.0},{"not_picked":["Study","SashWhip"],"picked":"ClearTheMind","floor":14.0},{"not_picked":["Ragnarok","Brilliance"],"picked":"DevaForm","floor":16.0},{"not_picked":["ForeignInfluence","Swivel"],"picked":"CutThroughFate","floor":18.0},{"not_picked":["Worship","Crescendo","Indignation"],"picked":"SKIP","floor":22.0},{"not_picked":["Crescendo","Indignation"],"picked":"Worship","floor":22.0},{"not_picked":["JustLucky+1","SashWhip"],"picked":"TalkToTheHand","floor":24.0},{"not_picked":["JustLucky","Alpha"],"picked":"EmptyBody","floor":27.0},{"not_picked":["WreathOfFlame","ReachHeaven"],"picked":"Perseverance","floor":28.0},{"not_picked":["MasterReality","Alpha"],"picked":"SpiritShield","floor":33.0},{"not_picked":["Study","DeceiveReality"],"picked":"FollowUp+1","floor":35.0},{"not_picked":["BowlingBash","BattleHymn"],"picked":"EmptyMind","floor":39.0},{"not_picked":["Swivel","Collect"],"picked":"WheelKick","floor":40.0},{"not_picked":["WheelKick","ReachHeaven","CutThroughFate+1"],"picked":"SKIP","floor":42.0},{"not_picked":["SignatureMove","CrushJoints","DeceiveReality"],"picked":"SKIP","floor":44.0},{"not_picked":["Meditate","EmptyBody+1","Pray"],"picked":"SKIP","floor":45.0},{"not_picked":["FollowUp","CrushJoints","Prostrate+1"],"picked":"SKIP","floor":46.0},{"not_picked":["Nirvana+1","SashWhip","WheelKick"],"picked":"SKIP","floor":48.0},{"not_picked":["SashWhip","WheelKick"],"picked":"Nirvana+1","floor":48.0},{"not_picked":["SashWhip","DeceiveReality"],"picked":"InnerPeace","floor":55.0}],"player_experience":836444,"relics_obtained":[{"floor":6.0,"key":"Lantern"},{"floor":8.0,"key":"The Courier"},{"floor":9.0,"key":"Sundial"},{"floor":24.0,"key":"Oddly Smooth Stone"},{"floor":25.0,"key":"Red Mask"},{"floor":26.0,"key":"Tiny Chest"},{"floor":27.0,"key":"Shuriken"},{"floor":40.0,"key":"Unceasing Top"},{"floor":42.0,"key":"Calipers"},{"floor":43.0,"key":"Bottled Lightning"},{"floor":44.0,"key":"InkBottle"},{"floor":55.0,"key":"Letter Opener"}],"event_choices":[{"damage_healed":0.0,"max_hp_gain":0.0,"max_hp_loss":0.0,"gold_gain":0.0,"event_name":"Scrap Ooze","player_choice":"Success","floor":2.0,"gold_loss":0.0,"damage_taken":18.0,"relics_obtained":["Pear"]},{"damage_healed":0.0,"max_hp_gain":0.0,"max_hp_loss":0.0,"gold_gain":70.0,"event_name":"Golden Wing","player_choice":"Gained Gold","floor":11.0,"gold_loss":0.0,"damage_taken":0.0},{"cards_removed":["Strike_P"],"damage_healed":0.0,"max_hp_gain":0.0,"max_hp_loss":0.0,"gold_gain":0.0,"event_name":"The Cleric","player_choice":"Card Removal","floor":13.0,"gold_loss":75.0,"damage_taken":0.0},{"damage_healed":0.0,"max_hp_gain":0.0,"max_hp_loss":0.0,"gold_gain":0.0,"event_name":"The Library","player_choice":"Read","floor":19.0,"gold_loss":0.0,"damage_taken":0.0,"cards_obtained":["Tantrum"]},{"damage_healed":0.0,"max_hp_gain":0.0,"max_hp_loss":0.0,"gold_gain":0.0,"event_name":"Nest","player_choice":"Joined the Cult","floor":21.0,"gold_loss":0.0,"damage_taken":6.0,"cards_obtained":["RitualDagger"]},{"damage_healed":0.0,"max_hp_gain":0.0,"max_hp_loss":0.0,"gold_gain":0.0,"event_name":"Masked Bandits","player_choice":"Fought Bandits","floor":25.0,"gold_loss":0.0,"damage_taken":0.0},{"damage_healed":0.0,"max_hp_gain":0.0,"max_hp_loss":0.0,"gold_gain":0.0,"event_name":"Ghosts","player_choice":"Ignored","floor":30.0,"gold_loss":0.0,"damage_taken":0.0},{"damage_healed":0.0,"max_hp_gain":0.0,"max_hp_loss":0.0,"gold_gain":0.0,"event_name":"Vampires","player_choice":"Ignored","floor":31.0,"gold_loss":0.0,"damage_taken":0.0},{"damage_healed":0.0,"max_hp_gain":0.0,"max_hp_loss":0.0,"gold_gain":222.0,"event_name":"Tomb of Lord Red Mask","player_choice":"Wore Mask","floor":36.0,"gold_loss":0.0,"damage_taken":0.0},{"cards_removed":["BattleHymn"],"damage_healed":0.0,"max_hp_gain":0.0,"max_hp_loss":0.0,"gold_gain":0.0,"event_name":"Falling","player_choice":"Removed Power","floor":47.0,"gold_loss":0.0,"damage_taken":0.0}],"is_beta":false,"boss_relics":[{"not_picked":["Velvet Choker","Sozu"],"picked":"Fusion Hammer"},{"not_picked":["Coffee Dripper","SacredBark"],"picked":"SlaversCollar"}],"items_purged_floors":[20,54],"is_endless":false,"potions_floor_spawned":[1,5,14,22,24,25,27,39,42,45,48,55],"killed_by":"The Heart","ascension_level":20}}