{"host":"vx488ommchhibo3k","time":1613820581,"event":{"mods":["BaseMod","BetterRewards","Minty Spire (QoL Compilation)","Shop Mod","StSLib"],"gold_per_floor":[114,114,83,158,175,175,175,188,188,222,167,181,195,44,44,146,146,158,158,232,16,36,36,53,53,77,26,26,44,44,61,61,160,160,170,170,150,160,0,0,0,0,0,0,0,0,16,36,36,36,36,36,36,36,36],"floor_reached":54,"language":"JPN","playtime":5079,"items_purged":["Strike_G","Defend_G"],"score":683,"play_id":"58d735ef-810c-4725-989f-4e8669f518a3","local_time":"20210220202941","is_ascension_mode":false,"campfire_choices":[{"floor":6,"key":"RECALL"},{"floor":15,"key":"REST"},{"data":"Venomology","floor":23,"key":"SMITH"},{"data":"Crippling Poison","floor":25,"key":"SMITH"},{"data":"PiercingWail","floor":28,"key":"SMITH"},{"data":"Leg Sweep","floor":30,"key":"SMITH"},{"data":"Neutralize","floor":32,"key":"SMITH"},{"data":"Apotheosis","floor":40,"key":"SMITH"},{"data":"Setup","floor":42,"key":"SMITH"},{"data":"Burst","floor":46,"key":"SMITH"},{"data":"Catalyst","floor":49,"key":"SMITH"},{"data":"Well Laid Plans","floor":52,"key":"SMITH"}],"circlet_count":0,"master_deck":["Defend_G","Defend_G","Defend_G","Defend_G","Survivor","Neutralize+1","Deadly Poison","Backflip","Dramatic Entrance","Blur","Well Laid Plans+1","PiercingWail+1","Deadly Poison","Crippling Poison+1","Cloak And Dagger","Setup+1","Venomology+1","Dash","Bite","Bite","Bite","Bite","Bite","Acrobatics","Poisoned Stab","Backflip","Leg Sweep+1","Outmaneuver","Burst+1","CurseOfTheBell","Slice+1","Apotheosis+1","Bandage Up","Blind","PiercingWail","Dodge and Roll+1","Catalyst+1","Backflip"],"relics":["Ring of the Serpent","Potion Belt","Letter Opener","MerchantsRug","Pantograph","Toy Ornithopter","Bottled Lightning","Happy Flower","Snake Skull","Gremlin Horn","TungstenRod","Red Mask","Dead Branch","Darkstone Periapt"],"acts_visited":["Exordium","TheCity","TheBeyond","TheEnding"],"potions_floor_usage":[10,16,22,22,22,31,33,33,33,35,38,48,48,50,50,50,50,50,54,54],"damage_taken":[{"damage":0,"enemies":"Small Slimes","floor":1,"turns":2},{"damage":0,"enemies":"Cultist","floor":5,"turns":4},{"damage":0,"enemies":"Jaw Worm","floor":8,"turns":4},{"damage":16,"enemies":"Lagavulin","floor":10,"turns":6},{"damage":0,"enemies":"Exordium Thugs","floor":12,"turns":5},{"damage":0,"enemies":"Exordium Wildlife","floor":13,"turns":4},{"damage":42,"enemies":"Slime Boss","floor":16,"turns":18},{"damage":0,"enemies":"Shell Parasite","floor":18,"turns":8},{"damage":3,"enemies":"2 Thieves","floor":22,"turns":3},{"damage":17,"enemies":"Snake Plant","floor":24,"turns":5},{"damage":6,"enemies":"Chosen and Byrds","floor":29,"turns":4},{"damage":5,"enemies":"Centurion and Healer","floor":31,"turns":10},{"damage":60,"enemies":"Automaton","floor":33,"turns":17},{"damage":0,"enemies":"3 Shapes","floor":35,"turns":2},{"damage":23,"enemies":"3 Darklings","floor":38,"turns":6},{"damage":0,"enemies":"Maw","floor":47,"turns":9},{"damage":0,"enemies":"Transient","floor":48,"turns":5},{"damage":42,"enemies":"Awakened One","floor":50,"turns":17},{"damage":59,"enemies":"Shield and Spear","floor":54,"turns":6}],"seed_played":"-7552304722048903637","potions_obtained":[{"floor":5,"key":"CunningPotion"},{"floor":10,"key":"GhostInAJar"},{"floor":12,"key":"Strength Potion"},{"floor":13,"key":"LiquidBronze"},{"floor":18,"key":"Strength Potion"},{"floor":33,"key":"Explosive Potion"},{"floor":35,"key":"AttackPotion"},{"floor":48,"key":"Weak Potion"}],"is_trial":false,"path_per_floor":["M","?","$","?","M","R","?","M","T","E","?","M","M","$","R","B",null,"M","?","T","$","M","R","M","R","T","$","R","M","R","M","R","B",null,"M","?","$","M","?","R","$","R","T","$","T","R","M","M","R","B",null,"R","$","E"],"character_chosen":"THE_SILENT","items_purchased":["Potion Belt","Letter Opener","Sling","MerchantsRug","Deadly Poison","Backflip","Dramatic Entrance","Well Laid Plans","Toy Ornithopter","Bottled Lightning","Acrobatics","Backflip","PiercingWail"],"campfire_rested":1,"item_purchase_floors":[0,0,0,0,0,0,0,3,14,21,21,27,37],"current_hp_per_floor":[38,31,31,24,24,24,17,17,17,1,1,1,1,1,22,10,70,70,49,49,49,48,48,37,37,37,37,37,39,39,49,49,9,49,49,40,40,35,35,35,35,35,35,35,35,35,49,49,49,36,49,49,49,0,0],"gold":36,"neow_bonus":"","is_daily":false,"chose_seed":false,"campfire_upgraded":10,"win_rate":0.0,"timestamp":1613820581,"path_taken":["M","?","$","?","?","R","?","M","T","E","?","M","M","$","R","BOSS","M","?","?","$","M","R","M","R","T","?","R","M","R","M","R","BOSS","M","?","$","M","?","R","$","R","T","?","?","R","M","M","R","BOSS","R","$","E"],"items_purchased_type":["Relic","Relic","Relic","Relic","Card","Card","Card","Card","Relic","Relic","Card","Card","Card"],"build_version":"2020-12-22","purchased_purges":2,"victory":false,"max_hp_per_floor":[70,70,70,70,70,70,70,70,70,70,70,70,70,70,70,70,70,70,49,49,49,49,49,49,49,49,49,49,49,49,49,49,49,49,49,49,49,49,49,49,49,49,49,49,49,49,49,49,49,49,49,49,49,49,49],"card_choices":[{"not_picked":["Dagger Spray","Poisoned Stab"],"picked":"Blur","floor":1},{"not_picked":["Deflect","Eviscerate"],"picked":"PiercingWail","floor":5},{"not_picked":["Dagger Throw","Caltrops"],"picked":"Deadly Poison","floor":8},{"not_picked":["Flying Knee","Backstab"],"picked":"Crippling Poison","floor":10},{"not_picked":["Flechettes","Finisher"],"picked":"Cloak And Dagger","floor":12},{"not_picked":["Distraction","Deflect"],"picked":"Setup","floor":13},{"not_picked":["Unload","Phantasmal Killer"],"picked":"Venomology","floor":16},{"not_picked":["Blade Dance","Cloak And Dagger"],"picked":"Dash","floor":18},{"not_picked":["Dash","Terror"],"picked":"Poisoned Stab","floor":22},{"not_picked":["Eviscerate","Endless Agony","Calculated Gamble"],"picked":"SKIP","floor":24},{"not_picked":["Masterful Stab","Sucker Punch"],"picked":"Leg Sweep","floor":29},{"not_picked":["Masterful Stab+1","Acrobatics"],"picked":"Outmaneuver","floor":31},{"not_picked":["Corpse Explosion","Glass Knife"],"picked":"Burst","floor":33},{"not_picked":["Underhanded Strike+1","Skewer"],"picked":"Slice+1","floor":35},{"not_picked":["Good Instincts","Thinking Ahead"],"picked":"Apotheosis","floor":36},{"not_picked":["Dramatic Entrance","Forethought"],"picked":"Bandage Up","floor":36},{"not_picked":["Transmutation","Madness"],"picked":"Blind","floor":36},{"not_picked":["Masterful Stab","Eviscerate+1"],"picked":"Dodge and Roll+1","floor":38},{"not_picked":["Eviscerate+1","Quick Slash+1"],"picked":"Catalyst","floor":47},{"not_picked":["Acrobatics","Bane"],"picked":"Backflip","floor":48}],"player_experience":134551,"relics_obtained":[{"floor":10,"key":"Pantograph"},{"floor":20,"key":"Sundial"},{"floor":26,"key":"Happy Flower"},{"floor":34,"key":"Snake Skull"},{"floor":34,"key":"Gremlin Horn"},{"floor":34,"key":"TungstenRod"},{"floor":43,"key":"Dead Branch"},{"floor":45,"key":"Darkstone Periapt"}],"event_choices":[{"damage_healed":0,"gold_gain":0,"player_choice":"Success","damage_taken":7,"relics_obtained":["MawBank"],"max_hp_gain":0,"max_hp_loss":0,"event_name":"Scrap Ooze","floor":2,"gold_loss":0},{"damage_healed":0,"gold_gain":75,"player_choice":"Touch","damage_taken":7,"max_hp_gain":0,"max_hp_loss":0,"event_name":"FaceTrader","floor":4,"gold_loss":0},{"cards_removed":["Strike_G"],"damage_healed":0,"gold_gain":0,"player_choice":"Card Removal","damage_taken":7,"max_hp_gain":0,"max_hp_loss":0,"event_name":"Golden Wing","floor":7,"gold_loss":0},{"damage_healed":0,"gold_gain":0,"player_choice":"Paid Gold","damage_taken":0,"relics_obtained":["Du-Vu Doll"],"max_hp_gain":0,"max_hp_loss":0,"event_name":"WeMeetAgain","floor":11,"gold_loss":55},{"damage_healed":0,"gold_gain":0,"player_choice":"Became a vampire","damage_taken":0,"max_hp_gain":0,"max_hp_loss":21,"event_name":"Vampires","floor":19,"gold_loss":0,"cards_obtained":["Bite","Bite","Bite","Bite","Bite"]},{"damage_healed":0,"gold_gain":0,"player_choice":"Memory 3","damage_taken":10,"max_hp_gain":0,"max_hp_loss":0,"event_name":"SensoryStone","floor":36,"gold_loss":0},{"damage_healed":0,"gold_gain":0,"player_choice":"Paid","damage_taken":0,"relics_obtained":["Red Mask"],"max_hp_gain":0,"max_hp_loss":0,"event_name":"Tomb of Lord Red Mask","floor":39,"gold_loss":160}],"is_beta":false,"boss_relics":[{"not_picked":["Snecko Eye","Sozu"],"picked":"Ring of the Serpent"},{"not_picked":["Runic Dome","Cursed Key"],"picked":"Calling Bell"}],"items_purged_floors":[0,21],"is_endless":false,"potions_floor_spawned":[5,10,12,13,18,33,35,48],"killed_by":"Shield and Spear","ascension_level":0}}