{"host":"kvo7eymyd21g9abd","time":1613842630,"event":{"mods":["AchievementEnabler","BaseMod","Bestiary","Colored Map","Minty Spire (QoL Compilation)","StSLib"],"gold_per_floor":[113,113,113,131,149,149,193,193,261,295,295,319,319,357,357,485,485,503,503,200,200,64,64,93,93,116,135,170,188,188,188,188,188,188],"floor_reached":33,"language":"ENG","playtime":1166,"items_purged":[],"score":419,"play_id":"a10df6da-1b69-45a5-9dd2-ac83c414461a","local_time":"20210220123710","is_ascension_mode":true,"campfire_choices":[{"floor":6.0,"key":"RECALL"},{"floor":8.0,"key":"REST"},{"floor":13.0,"key":"REST"},{"floor":15,"key":"REST"},{"data":"Armaments","floor":23,"key":"SMITH"},{"data":"Disarm","floor":25,"key":"SMITH"},{"floor":30,"key":"REST"},{"floor":32,"key":"REST"}],"circlet_count":0,"master_deck":["Strike_R","Strike_R","Strike_R","Strike_R","Strike_R","Defend_R","Defend_R","Defend_R","Defend_R","Bash","Twin Strike","Injury","Heavy Blade","Shrug It Off","Sword Boomerang","Spot Weakness+1","Disarm+1","Disarm","Offering","CurseOfTheBell","Armaments+1","Whirlwind+1","Reaper+1","Flex","Flame Barrier","Iron Wave+1","Armaments+1","Clothesline+1","Iron Wave+1"],"relics":["Burning Blood","Happy Flower","Bloody Idol","MealTicket","Molten Egg 2","Tiny Chest","Potion Belt","Calling Bell","Toy Ornithopter","Letter Opener","CaptainsWheel","Sling","Mango","PreservedInsect","Toxic Egg 2"],"acts_visited":["Exordium","TheCity"],"potions_floor_usage":[33,33,33,33,33],"damage_taken":[{"damage":9.0,"enemies":"Jaw Worm","floor":1.0,"turns":3.0},{"damage":14.0,"enemies":"2 Louse","floor":4.0,"turns":3.0},{"damage":1.0,"enemies":"Small Slimes","floor":5.0,"turns":3.0},{"damage":32.0,"enemies":"Gremlin Nob","floor":7.0,"turns":4.0},{"damage":54.0,"enemies":"3 Sentries","floor":10.0,"turns":11.0},{"damage":5.0,"enemies":"Blue Slaver","floor":12.0,"turns":3.0},{"damage":44.0,"enemies":"Gremlin Nob","floor":14.0,"turns":5.0},{"damage":16,"enemies":"Hexaghost","floor":16,"turns":10},{"damage":15,"enemies":"3 Byrds","floor":18,"turns":7},{"damage":50,"enemies":"Gremlin Leader","floor":24,"turns":6},{"damage":32,"enemies":"2 Thieves","floor":27,"turns":3},{"damage":77,"enemies":"Slavers","floor":28,"turns":5},{"damage":27,"enemies":"3 Cultists","floor":29,"turns":5},{"damage":165,"enemies":"Automaton","floor":33,"turns":12}],"seed_played":"5296259058514553959","potions_obtained":[{"floor":7.0,"key":"LiquidBronze"},{"floor":10.0,"key":"Swift Potion"},{"floor":12.0,"key":"FairyPotion"},{"floor":14,"key":"HeartOfIron"},{"floor":27,"key":"Strength Potion"},{"floor":28,"key":"SteroidPotion"}],"is_trial":false,"path_per_floor":["M","?","?","M","M","R","E","R","T","E","?","M","R","E","R","B",null,"M","?","$","?","$","R","E","R","T","M","E","M","R","T","R","B"],"character_chosen":"IRONCLAD","items_purchased":["Sling","Reaper+1","Flex","Flame Barrier","SteroidPotion"],"campfire_rested":5,"item_purchase_floors":[20,20,22,22,22],"current_hp_per_floor":[69,69,69,61,66,66,40,64,64,16,16,17,41,30,54,44,71,62,62,77,77,80,80,76,76,81,65,18,29,57,57,85,0,0],"gold":188,"neow_bonus":"RANDOM_COMMON_RELIC","is_daily":false,"chose_seed":false,"campfire_upgraded":2,"win_rate":0.0,"timestamp":1613842630,"path_taken":["M","?","?","M","M","R","E","R","T","E","?","M","R","E","R","BOSS","M","?","$","?","$","R","E","R","T","M","E","M","R","?","R","BOSS"],"items_purchased_type":["Relic","Card","Card","Card","Potion"],"build_version":"2020-12-22","purchased_purges":0,"victory":false,"max_hp_per_floor":[80,80,80,80,80,80,80,80,80,80,80,80,80,80,80,80,80,80,80,80,80,80,80,94,94,94,94,94,94,94,94,94,94,94],"card_choices":[{"not_picked":["Warcry","Armaments"],"picked":"Twin Strike","floor":1.0},{"not_picked":["Dual Wield","Spot Weakness"],"picked":"Heavy Blade","floor":4.0},{"not_picked":["Fire Breathing","Power Through"],"picked":"Shrug It Off","floor":5.0},{"not_picked":["Carnage","Second Wind"],"picked":"Sword Boomerang","floor":7.0},{"not_picked":["Second Wind","Dark Embrace"],"picked":"Spot Weakness","floor":10.0},{"not_picked":["Clothesline+1","Sword Boomerang+1"],"picked":"Disarm","floor":12.0},{"not_picked":["Reckless Charge+1","Wild Strike+1"],"picked":"Disarm","floor":14},{"not_picked":["Berserk","Exhume"],"picked":"Offering","floor":16},{"not_picked":["Burning Pact","True Grit"],"picked":"Armaments","floor":18},{"not_picked":["Wild Strike+1","Carnage+1"],"picked":"Iron Wave+1","floor":24},{"not_picked":["Thunderclap+1","Twin Strike+1"],"picked":"Armaments+1","floor":27},{"not_picked":["Wild Strike+1","Anger+1"],"picked":"Clothesline+1","floor":28},{"not_picked":["Headbutt+1","Warcry"],"picked":"Iron Wave+1","floor":29}],"player_experience":472111,"relics_obtained":[{"floor":7.0,"key":"MealTicket"},{"floor":9.0,"key":"Molten Egg 2"},{"floor":10.0,"key":"Tiny Chest"},{"floor":14,"key":"Potion Belt"},{"floor":17,"key":"Toy Ornithopter"},{"floor":17,"key":"Letter Opener"},{"floor":17,"key":"CaptainsWheel"},{"floor":24,"key":"Mango"},{"floor":28,"key":"PreservedInsect"},{"floor":31,"key":"Toxic Egg 2"}],"event_choices":[{"damage_healed":0.0,"max_hp_gain":0.0,"max_hp_loss":0.0,"gold_gain":0.0,"event_name":"Golden Idol","player_choice":"Take Wound","floor":2.0,"gold_loss":0.0,"damage_taken":0.0,"relics_obtained":["Golden Idol"],"cards_obtained":["Injury"]},{"damage_healed":0.0,"max_hp_gain":0.0,"max_hp_loss":0.0,"gold_gain":0.0,"event_name":"Golden Wing","player_choice":"Ignored","floor":3.0,"gold_loss":0.0,"damage_taken":0.0},{"damage_healed":0.0,"max_hp_gain":0.0,"max_hp_loss":0.0,"gold_gain":0.0,"event_name":"Living Wall","player_choice":"Grow","floor":11.0,"gold_loss":0.0,"damage_taken":0.0,"cards_upgraded":["Spot Weakness"]},{"damage_healed":0,"gold_gain":0,"player_choice":"Read","damage_taken":0,"max_hp_gain":0,"max_hp_loss":0,"event_name":"The Library","floor":19,"gold_loss":0,"cards_obtained":["Whirlwind"]},{"damage_healed":0,"gold_gain":0,"player_choice":"Gave Idol","damage_taken":0,"relics_obtained":["Bloody Idol"],"max_hp_gain":0,"max_hp_loss":0,"event_name":"Forgotten Altar","floor":21,"relics_lost":["Golden Idol"],"gold_loss":0}],"is_beta":false,"boss_relics":[{"not_picked":["Runic Cube","Coffee Dripper"],"picked":"Calling Bell"}],"items_purged_floors":[],"is_endless":false,"potions_floor_spawned":[7,10,12,14,27,28],"killed_by":"Automaton","ascension_level":8}}