{"host":"h4qgcirtxz6qax9j","time":1613813373,"event":{"mods":["2.2 Compatiblity","AchievementEnabler","BaseMod","Colored Powertips","Custom Start","Minty Spire (QoL Compilation)","Replay The Spire","StSLib","SuperFastMode"],"gold_per_floor":[117,127,127,58,73,73,73,73,73,48,68,81,81,108,108,108,108],"floor_reached":16,"language":"KOR","playtime":293,"items_purged":[],"score":90,"play_id":"675e2ed7-5661-4ae0-b8b8-ed47efbf7c7c","local_time":"20210220182933","is_ascension_mode":false,"campfire_choices":[{"data":"Capacitor","floor":6,"key":"SMITH"},{"data":"Zap","floor":13,"key":"SMITH"},{"data":"Dualcast","floor":15,"key":"SMITH"}],"circlet_count":0,"master_deck":["Strike_B","Strike_B","Strike_B","Strike_B","Defend_B","Defend_B","Defend_B","Zap+1","Dualcast+1","Leap","Ball Lightning","Capacitor+1","Compile Driver"],"relics":["Cracked Core","NeowsBlessing","Regal Pillow"],"acts_visited":["Exordium"],"potions_floor_usage":[16,16],"damage_taken":[{"damage":0,"enemies":"Jaw Worm","floor":1,"turns":1},{"damage":0,"enemies":"Cultist","floor":2,"turns":1},{"damage":0,"enemies":"2 Louse","floor":5,"turns":1},{"damage":10,"enemies":"Looter","floor":11,"turns":4},{"damage":8,"enemies":"2 Fungi Beasts","floor":12,"turns":3},{"damage":67,"enemies":"Hexaghost","floor":16,"turns":7}],"seed_played":"-6962914554216138357","potions_obtained":[{"floor":1,"key":"FocusPotion"},{"floor":11,"key":"Death Potion"}],"is_trial":false,"path_per_floor":["M","M","?","$","M","R","?","$","T","$","M","M","R","T","R","B"],"character_chosen":"DEFECT","items_purchased":["Capacitor","Compile Driver"],"campfire_rested":0,"item_purchase_floors":[4,10],"current_hp_per_floor":[75,75,80,80,80,80,80,80,80,80,70,62,62,62,62,0,0],"gold":108,"neow_bonus":"THREE_ENEMY_KILL","is_daily":false,"chose_seed":false,"campfire_upgraded":3,"win_rate":0.0,"timestamp":1613813373,"path_taken":["M","M","?","$","M","R","?","$","T","$","?","M","R","?","R","BOSS"],"items_purchased_type":["Card","Card"],"build_version":"2020-12-22","purchased_purges":0,"victory":false,"max_hp_per_floor":[75,75,80,80,80,80,80,80,80,80,80,80,80,80,80,80,80],"card_choices":[{"not_picked":["Doom and Gloom","Hologram"],"picked":"Leap","floor":1},{"not_picked":["Stack","Reinforced Body"],"picked":"Ball Lightning","floor":2},{"not_picked":["Gash","Lockon","Turbo"],"picked":"SKIP","floor":5},{"not_picked":["Rebound","Streamline","Chaos"],"picked":"SKIP","floor":11},{"not_picked":["Hologram","Genetic Algorithm","Rebound"],"picked":"SKIP","floor":12}],"player_experience":48050,"relics_obtained":[{"floor":14,"key":"Regal Pillow"}],"event_choices":[{"damage_healed":0,"gold_gain":0,"player_choice":"Donut","damage_taken":0,"max_hp_gain":5,"max_hp_loss":0,"event_name":"Big Fish","floor":3,"gold_loss":0},{"cards_removed":["Defend_B"],"damage_healed":0,"gold_gain":0,"player_choice":"Offered Basic","damage_taken":0,"max_hp_gain":0,"max_hp_loss":0,"event_name":"Bonfire Elementals","floor":7,"gold_loss":0}],"is_beta":false,"boss_relics":[],"items_purged_floors":[],"is_endless":false,"potions_floor_spawned":[1,11],"killed_by":"Hexaghost","ascension_level":0}}