{"host":"r4yhuzs0e1z69tr3","time":1613855217,"event":{"mods":["BaseMod","Minty Spire (QoL Compilation)","Rare Cards Sparkle"],"gold_per_floor":[113,113,128,144,144,144,160,160,212,212,229,242,252,312,312,417,417,417,417,417,417,383,383,383,383,383,383,383,383,383,383,383],"floor_reached":31,"language":"ENG","playtime":1396,"items_purged":[],"score":233,"play_id":"2d524fc8-f979-4f8a-bac6-da44e0a627eb","local_time":"20210220160657","is_ascension_mode":false,"campfire_choices":[{"data":"ReachHeaven","floor":6.0,"key":"SMITH"},{"data":"MentalFortress","floor":8.0,"key":"SMITH"},{"floor":10.0,"key":"REST"},{"data":"Tantrum","floor":15.0,"key":"SMITH"},{"floor":23,"key":"REST"},{"floor":29,"key":"REST"}],"circlet_count":0,"master_deck":["Strike_P","Strike_P","Strike_P","Strike_P","Defend_P","Defend_P","Defend_P","Defend_P","Eruption+1","Vigilance","ReachHeaven+1","MentalFortress+1","CrushJoints","Tantrum+1","RitualDagger","InnerPeace","WreathOfFlame","Establishment"],"relics":["PureWater","Art of War","Ectoplasm","Letter Opener"],"acts_visited":["Exordium","TheCity"],"potions_floor_usage":[27,28,28],"damage_taken":[{"damage":4.0,"enemies":"Cultist","floor":1.0,"turns":4.0},{"damage":6.0,"enemies":"Jaw Worm","floor":3.0,"turns":2.0},{"damage":0.0,"enemies":"Small Slimes","floor":4.0,"turns":1.0},{"damage":6.0,"enemies":"2 Fungi Beasts","floor":7.0,"turns":2.0},{"damage":0.0,"enemies":"Large Slime","floor":11.0,"turns":3.0},{"damage":0.0,"enemies":"3 Louse","floor":12.0,"turns":1.0},{"damage":10.0,"enemies":"Looter","floor":13.0,"turns":3.0},{"damage":21.0,"enemies":"The Guardian","floor":16.0,"turns":6.0},{"damage":0.0,"enemies":"Spheric Guardian","floor":18.0,"turns":2.0},{"damage":12.0,"enemies":"Shell Parasite","floor":20.0,"turns":3.0},{"damage":43.0,"enemies":"Shelled Parasite and Fungi","floor":21.0,"turns":8.0},{"damage":19,"enemies":"Snake Plant","floor":24,"turns":4},{"damage":15,"enemies":"Centurion and Healer","floor":27,"turns":2},{"damage":0,"enemies":"3 Cultists","floor":28,"turns":3},{"damage":16,"enemies":"Cultist and Chosen","floor":30,"turns":4},{"damage":21,"enemies":"Centurion and Healer","floor":31,"turns":3}],"seed_played":"-3573420576716610805","potions_obtained":[{"floor":2.0,"key":"Energy Potion"},{"floor":2.0,"key":"SpeedPotion"},{"floor":2.0,"key":"Explosive Potion"},{"floor":7.0,"key":"Fruit Juice"},{"floor":12.0,"key":"DuplicationPotion"},{"floor":13.0,"key":"SkillPotion"},{"floor":16.0,"key":"StancePotion"},{"floor":20.0,"key":"LiquidMemories"},{"floor":27,"key":"SteroidPotion"}],"is_trial":false,"path_per_floor":["M","?","M","M","$","R","M","R","T","R","M","M","M","?","R","B",null,"M","?","M","M","$","R","M","?","T","M","M","R","M","M"],"character_chosen":"WATCHER","items_purchased":["WreathOfFlame"],"campfire_rested":3,"item_purchase_floors":[22],"current_hp_per_floor":[68,68,62,62,62,62,56,56,56,72,77,77,67,67,67,46,77,77,71,59,16,16,39,20,20,20,5,5,28,12,0,0],"gold":383,"neow_bonus":"UPGRADE_CARD","is_daily":false,"chose_seed":false,"campfire_upgraded":3,"win_rate":0.0,"timestamp":1613855217,"path_taken":["M","?","?","M","$","R","M","R","T","R","M","M","M","?","R","BOSS","M","?","M","M","$","R","M","?","T","M","M","R","M","M"],"items_purchased_type":["Card"],"build_version":"2020-12-22","purchased_purges":0,"victory":false,"max_hp_per_floor":[72,72,72,72,72,72,72,72,72,72,77,77,77,77,77,77,77,77,77,77,77,77,77,77,77,77,77,77,77,77,77,77],"card_choices":[{"not_picked":["BowlingBash","Protect"],"picked":"ReachHeaven","floor":1.0},{"not_picked":["Adaptation","Indignation"],"picked":"MentalFortress","floor":3.0},{"not_picked":["FollowUp","SashWhip","ThirdEye"],"picked":"SKIP","floor":4.0},{"not_picked":["WreathOfFlame","BowlingBash","Evaluate"],"picked":"SKIP","floor":7.0},{"not_picked":["LikeWater","Vengeance","Meditate"],"picked":"SKIP","floor":11.0},{"not_picked":["FlyingSleeves","Evaluate"],"picked":"CrushJoints","floor":12.0},{"not_picked":["Halt","Prostrate"],"picked":"Tantrum","floor":13.0},{"not_picked":["FollowUp","Study","PathToVictory"],"picked":"SKIP","floor":18.0},{"not_picked":["Perseverance","Weave+1","Sanctity"],"picked":"SKIP","floor":20.0},{"not_picked":["ThirdEye","FollowUp"],"picked":"InnerPeace","floor":21.0},{"not_picked":["WaveOfTheHand","Crescendo","FlurryOfBlows"],"picked":"SKIP","floor":24},{"not_picked":["Meditate","WreathOfFlame","FlyingSleeves"],"picked":"SKIP","floor":27},{"not_picked":["Pray","CutThroughFate"],"picked":"Establishment","floor":28},{"not_picked":["Consecrate","Vengeance+1","JustLucky"],"picked":"SKIP","floor":30}],"player_experience":137454,"relics_obtained":[{"floor":9.0,"key":"Art of War"},{"floor":26,"key":"Letter Opener"}],"event_choices":[{"damage_healed":0.0,"max_hp_gain":0.0,"max_hp_loss":0.0,"gold_gain":0.0,"event_name":"Lab","player_choice":"Got Potions","floor":2.0,"gold_loss":0.0,"damage_taken":0.0},{"damage_healed":0.0,"max_hp_gain":0.0,"max_hp_loss":0.0,"gold_gain":60.0,"event_name":"Golden Wing","player_choice":"Gained Gold","floor":14.0,"gold_loss":0.0,"damage_taken":0.0},{"damage_healed":0.0,"max_hp_gain":0.0,"max_hp_loss":0.0,"gold_gain":0.0,"event_name":"Nest","player_choice":"Joined the Cult","floor":19.0,"gold_loss":0.0,"damage_taken":6.0,"cards_obtained":["RitualDagger"]},{"damage_healed":0,"gold_gain":0,"player_choice":"Ignored","damage_taken":0,"max_hp_gain":0,"max_hp_loss":0,"event_name":"Beggar","floor":25,"gold_loss":0}],"is_beta":false,"boss_relics":[{"not_picked":["VioletLotus","SacredBark"],"picked":"Ectoplasm"}],"items_purged_floors":[],"is_endless":false,"potions_floor_spawned":[4,7,12,13,16,18,20,27],"killed_by":"Centurion and Healer","ascension_level":0}}