{"host":"w1l5t0a1l2lkq6my","time":1613800750,"event":{"mods":["100% Spire Juice","Bartender","BaseMod","Better Match","KinomotoSakuraMod(ñÿîVñ{?)","Lobotomy","LobotomyExtend","Magitek Elite","MarisaÅiñ∂âJÅ@ñÇóùçπÅj","Minty Spire (QoL Compilation)","Shapeshifter Mod","StSLib","The Animator","The Gatherer","The Senshi","Yuyuko"],"gold_per_floor":[99,99,65,86,98,98,112,112],"floor_reached":7,"language":"ENG","playtime":351,"items_purged":[],"score":41,"play_id":"f66f5c9d-c18c-4206-b576-94db701b8a28","local_time":"20210219225910","is_ascension_mode":false,"campfire_choices":[{"data":"StSShapeShifter:BurstingSpore","floor":6,"key":"SMITH"}],"circlet_count":0,"master_deck":["StSShapeShifter:ShapeShifter_Strike","StSShapeShifter:ShapeShifter_Strike+1","StSShapeShifter:ShapeShifter_Strike+1","StSShapeShifter:ShapeShifter_Strike","StSShapeShifter:ShapeShifter_Strike","StSShapeShifter:ShapeShifter_Defend","StSShapeShifter:ShapeShifter_Defend","StSShapeShifter:ShapeShifter_Defend","StSShapeShifter:ShapeShifter_Defend","StSShapeShifter:ShapeShifter_Defend","StSShapeShifter:Tortoise_Form","StSShapeShifter:Lynx_Form","StSShapeShifter:FoxForm","OSAHOGD","StSShapeShifter:FoxForm","StSShapeShifter:BurstingSpore+1"],"relics":["StSShapeShifter:AnimalHeart","StSShapeShifter:TheShapeShiftersMagnolia","CogitoBucket","LetterFromLob"],"acts_visited":["Exordium"],"potions_floor_usage":[7,7],"damage_taken":[{"damage":0,"enemies":"Small Slimes","floor":1,"turns":3},{"damage":0,"enemies":"Cultist","floor":4,"turns":3},{"damage":6,"enemies":"Jaw Worm","floor":5,"turns":3},{"damage":65,"enemies":"Gremlin Nob","floor":7,"turns":6}],"seed_played":"-9059275669372682125","potions_obtained":[{"floor":1,"key":"Dexterity Potion"},{"floor":4,"key":"Block Potion"}],"is_trial":false,"path_per_floor":["M","?","$","M","M","R","E"],"character_chosen":"SHAPESHIFTER","items_purchased":["StSShapeShifter:FoxForm"],"campfire_rested":0,"item_purchase_floors":[3],"current_hp_per_floor":[78,62,62,62,56,56,0,0],"gold":112,"neow_bonus":"","is_daily":false,"chose_seed":false,"campfire_upgraded":1,"win_rate":0.0,"timestamp":1613800750,"path_taken":["M","?","$","M","M","R","E"],"items_purchased_type":["Card"],"build_version":"2020-12-22","purchased_purges":0,"victory":false,"max_hp_per_floor":[78,78,78,78,78,78,78,78],"card_choices":[{"not_picked":["StSShapeShifter:WiltingWrath","StSShapeShifter:VineHandcuffs","StSShapeShifter:MonkeyForm"],"picked":"SKIP","floor":1},{"not_picked":["Bloodbath","FairyFestival"],"picked":"OSAHOGD","floor":4},{"not_picked":["StSShapeShifter:Guard","StSShapeShifter:Hunt"],"picked":"StSShapeShifter:FoxForm","floor":4},{"not_picked":["StSShapeShifter:BloomingSlash","StSShapeShifter:SquirrelForm"],"picked":"StSShapeShifter:BurstingSpore","floor":5}],"player_experience":138891,"relics_obtained":[{"floor":1,"key":"LetterFromLob"}],"event_choices":[{"damage_healed":0,"gold_gain":0,"player_choice":"Entered Light","damage_taken":16,"max_hp_gain":0,"max_hp_loss":0,"event_name":"Shining Light","floor":2,"gold_loss":0,"cards_upgraded":["StSShapeShifter:ShapeShifter_Strike","StSShapeShifter:ShapeShifter_Strike"]}],"is_beta":false,"boss_relics":[],"items_purged_floors":[],"is_endless":false,"potions_floor_spawned":[1,4],"killed_by":"Gremlin Nob","ascension_level":0}}