{"host":"ibckqdmmf9y74ymf","time":1613785203,"event":{"mods":["2.2 Compatiblity","BaseMod","Colored Map","Curses Come First","Highlight Path","Minty Spire (QoL Compilation)","Quick Restart","Rare Cards Sparkle","Relic Stats","StSLib"],"gold_per_floor":[110,128,141,141,159,159,185,185,185,204,204,204,227,255,255,327,327,341,360,1,17,27,56,56,82,82,82,82],"floor_reached":27,"language":"ENG","playtime":923,"items_purged":["Strike_R"],"score":526,"play_id":"3e943688-68a2-4f6f-a657-39610856af77","local_time":"20210220024003","is_ascension_mode":true,"campfire_choices":[{"data":"Cleave","floor":6,"key":"SMITH"},{"data":"Bludgeon","floor":8,"key":"SMITH"},{"floor":11,"key":"REST"},{"data":"Anger","floor":15,"key":"SMITH"},{"data":"Feel No Pain","floor":24,"key":"SMITH"}],"circlet_count":0,"master_deck":["AscendersBane","Strike_R","Strike_R","Strike_R+1","Defend_R","Defend_R","Defend_R","Defend_R+1","Bash+1","Ghostly Armor","Perfected Strike","Cleave+1","Shockwave+1","Bludgeon+1","Anger+1","Second Wind","Corruption","Fire Breathing","Feed","Shrug It Off","Infernal Blade+1","Feel No Pain+1","Havoc+1"],"relics":["Burning Blood","Vajra","Mercury Hourglass","Gambling Chip","War Paint","FossilizedHelix","Black Star","Smiling Mask","Toy Ornithopter","Omamori","HornCleat","Potion Belt"],"acts_visited":["Exordium","TheCity"],"potions_floor_usage":[7,16,18,19,23],"damage_taken":[{"damage":8.0,"enemies":"Small Slimes","floor":1.0,"turns":4.0},{"damage":14.0,"enemies":"Jaw Worm","floor":2.0,"turns":4.0},{"damage":0,"enemies":"Cultist","floor":3,"turns":3},{"damage":17,"enemies":"Large Slime","floor":5,"turns":6},{"damage":25,"enemies":"Lagavulin","floor":7,"turns":6},{"damage":0,"enemies":"Exordium Thugs","floor":10,"turns":3},{"damage":8,"enemies":"Gremlin Nob","floor":14,"turns":3},{"damage":7,"enemies":"Hexaghost","floor":16,"turns":8},{"damage":0,"enemies":"Spheric Guardian","floor":18,"turns":3},{"damage":8,"enemies":"2 Thieves","floor":19,"turns":4},{"damage":14,"enemies":"Snake Plant","floor":21,"turns":4},{"damage":10,"enemies":"Centurion and Healer","floor":22,"turns":4},{"damage":15,"enemies":"Book of Stabbing","floor":23,"turns":4},{"damage":37,"enemies":"Gremlin Leader","floor":25,"turns":6},{"damage":21,"enemies":"Slavers","floor":27,"turns":3}],"seed_played":"-7758831831736059911","potions_obtained":[{"floor":3,"key":"Ancient Potion"},{"floor":5,"key":"SteroidPotion"},{"floor":10,"key":"Fire Potion"},{"floor":14,"key":"BlessingOfTheForge"},{"floor":18,"key":"Energy Potion"},{"floor":19,"key":"SteroidPotion"}],"is_trial":false,"path_per_floor":["M","M","M","?","M","R","E","R","T","M","R","?","T","E","R","B",null,"M","M","$","M","M","E","R","E","T","E"],"character_chosen":"IRONCLAD","items_purchased":["Feed","AttackPotion","Shrug It Off"],"campfire_rested":1,"item_purchase_floors":[20,20,20],"current_hp_per_floor":[66,58,64,41,30,30,11,11,11,17,39,32,32,30,30,29,64,70,68,68,60,59,50,50,19,19,0,0],"gold":82,"neow_bonus":"RANDOM_COMMON_RELIC","is_daily":false,"chose_seed":false,"campfire_upgraded":4,"win_rate":0.0,"timestamp":1613785203,"path_taken":["M","M","M","?","M","R","E","R","T","M","R","?","?","E","R","BOSS","M","M","$","M","?","E","R","E","T","E"],"items_purchased_type":["Card","Potion","Card"],"build_version":"2020-12-22","purchased_purges":1,"victory":false,"max_hp_per_floor":[75,75,75,75,75,75,75,75,75,75,75,75,75,75,75,75,75,75,75,75,75,78,78,78,78,78,78,78],"relic_stats":{"counters":[15,65],"Gambling Chip":[20],"Black Star":2,"War Paint":["Defend_R","Shockwave"],"Smiling Mask":0,"obtain_stats":[{"Potion Belt":26,"HornCleat":25,"Gambling Chip":9,"Vajra":0,"Black Star":17,"Omamori":25,"War Paint":13,"Smiling Mask":23,"Burning Blood":0,"FossilizedHelix":14,"Toy Ornithopter":23,"Mercury Hourglass":7},{"Potion Belt":14,"HornCleat":14,"Gambling Chip":5,"Vajra":0,"Black Star":8,"Omamori":14,"War Paint":6,"Smiling Mask":13,"Burning Blood":0,"FossilizedHelix":7,"Toy Ornithopter":13,"Mercury Hourglass":5},{"Potion Belt":62,"HornCleat":62,"Gambling Chip":23,"Vajra":0,"Black Star":37,"Omamori":62,"War Paint":26,"Smiling Mask":56,"Burning Blood":0,"FossilizedHelix":29,"Toy Ornithopter":56,"Mercury Hourglass":23}],"Burning Blood":84,"Toy Ornithopter":0,"Mercury Hourglass":[165]},"card_choices":[{"not_picked":["True Grit","Havoc"],"picked":"Ghostly Armor","floor":1.0},{"not_picked":["Warcry","Flex"],"picked":"Perfected Strike","floor":2.0},{"not_picked":["Entrench","Metallicize"],"picked":"Cleave","floor":3},{"not_picked":["Hemokinesis","Headbutt"],"picked":"Shockwave","floor":5},{"not_picked":["Iron Wave","Metallicize"],"picked":"Bludgeon","floor":7},{"not_picked":["Perfected Strike","Havoc"],"picked":"Anger","floor":10},{"not_picked":["Clash","Havoc"],"picked":"Second Wind","floor":14},{"not_picked":["Limit Break","Double Tap"],"picked":"Corruption","floor":16},{"not_picked":["Intimidate","Clash"],"picked":"Fire Breathing","floor":18},{"not_picked":["Whirlwind","Clothesline+1","Fire Breathing"],"picked":"SKIP","floor":19},{"not_picked":["Headbutt","Flex"],"picked":"Infernal Blade+1","floor":21},{"not_picked":["Perfected Strike","Heavy Blade","Anger"],"picked":"SKIP","floor":22},{"not_picked":["Bludgeon","Flex"],"picked":"Feel No Pain","floor":23},{"not_picked":["Carnage","Reckless Charge"],"picked":"Havoc+1","floor":25}],"player_experience":749663,"relics_obtained":[{"floor":7,"key":"Mercury Hourglass"},{"floor":9,"key":"Gambling Chip"},{"floor":13,"key":"War Paint"},{"floor":14,"key":"FossilizedHelix"},{"floor":23,"key":"Smiling Mask"},{"floor":23,"key":"Toy Ornithopter"},{"floor":25,"key":"Omamori"},{"floor":25,"key":"HornCleat"},{"floor":26,"key":"Potion Belt"}],"event_choices":[{"damage_healed":0,"gold_gain":0,"player_choice":"Entered Light","damage_taken":23,"max_hp_gain":0,"max_hp_loss":0,"event_name":"Shining Light","floor":4,"gold_loss":0,"cards_upgraded":["Bash","Strike_R"]},{"cards_removed":["Strike_R"],"damage_healed":0,"gold_gain":0,"player_choice":"Card Removal","damage_taken":7,"max_hp_gain":0,"max_hp_loss":0,"event_name":"Golden Wing","floor":12,"gold_loss":0}],"is_beta":false,"boss_relics":[{"not_picked":["Black Blood","Runic Dome"],"picked":"Black Star"}],"items_purged_floors":[20],"is_endless":false,"potions_floor_spawned":[3,5,10,14,18,19,22],"killed_by":"Slavers","ascension_level":20}}