{"host":"7vsti54a9aip3o1e","time":1613803887,"event":{"mods":["AchievementEnabler","BaseMod","Colored Map","Colored Powertips","Highlight Path","Minty Spire (QoL Compilation)","Quick Restart","Rare Cards Sparkle","SuperFastMode"],"gold_per_floor":[116,66,66,241,241,281,51,69,69,109,109,122,122,141,141,240,240,254,269,269,71,87,87,37,37,62,83,83,117,117,97,97,190,190,204,227,252,252,252,252],"floor_reached":39,"language":"ENG","playtime":1198,"items_purged":["Doubt","Strike_B","Strike_B"],"score":819,"play_id":"442ae4fd-1eb0-4b9b-ad28-7c9404658aef","local_time":"20210220015127","is_ascension_mode":true,"campfire_choices":[{"data":"Defragment","floor":11,"key":"SMITH"},{"data":"Loop","floor":13,"key":"SMITH"},{"floor":15,"key":"REST"},{"floor":23,"key":"REST"},{"floor":25,"key":"REST"},{"floor":28,"key":"REST"},{"floor":30,"key":"REST"},{"data":"Hologram","floor":32,"key":"SMITH"}],"circlet_count":0,"master_deck":["AscendersBane","Defend_B","Defend_B","Defend_B","Defend_B","Zap","Dualcast+1","Ball Lightning","Coolheaded","Loop+1","Defragment+1","Echo Form","BootSequence","Hologram+1","Echo Form","Capacitor","Glacier+1"],"relics":["Cracked Core","NeowsBlessing","Golden Idol","HornCleat","ClockworkSouvenir","Blue Candle","Smiling Mask","Velvet Choker","Runic Capacitor","Centennial Puzzle","Toy Ornithopter","Sozu"],"acts_visited":["Exordium","TheCity","TheBeyond"],"potions_floor_usage":[16,22,29,33],"damage_taken":[{"damage":0,"enemies":"2 Louse","floor":1,"turns":1},{"damage":0,"enemies":"Gremlin Nob","floor":6,"turns":1},{"damage":0,"enemies":"Small Slimes","floor":8,"turns":1},{"damage":9,"enemies":"Lagavulin","floor":10,"turns":6},{"damage":0,"enemies":"Cultist","floor":12,"turns":3},{"damage":1,"enemies":"2 Fungi Beasts","floor":14,"turns":3},{"damage":0,"enemies":"Slime Boss","floor":16,"turns":5},{"damage":33,"enemies":"2 Thieves","floor":18,"turns":4},{"damage":23,"enemies":"Chosen","floor":19,"turns":5},{"damage":8,"enemies":"Centurion and Healer","floor":22,"turns":7},{"damage":6,"enemies":"Shelled Parasite and Fungi","floor":27,"turns":6},{"damage":23,"enemies":"Slavers","floor":29,"turns":10},{"damage":53,"enemies":"Collector","floor":33,"turns":8},{"damage":18,"enemies":"3 Darklings","floor":35,"turns":6},{"damage":1,"enemies":"Orb Walker","floor":36,"turns":4},{"damage":24,"enemies":"Jaw Worm Horde","floor":37,"turns":7},{"damage":56,"enemies":"2 Orb Walkers","floor":39,"turns":4}],"seed_played":"-6701443773633750744","potions_obtained":[{"floor":1,"key":"Dexterity Potion"},{"floor":6,"key":"DuplicationPotion"},{"floor":16,"key":"Energy Potion"},{"floor":22,"key":"Weak Potion"},{"floor":31,"key":"FairyPotion"}],"is_trial":false,"path_per_floor":["M","?","?","?","?","E","$","M","T","E","R","M","R","M","R","B",null,"M","M","?","$","M","R","$","R","T","M","R","E","R","?","R","B",null,"M","M","M","?","?"],"character_chosen":"DEFECT","items_purchased":["ClockworkSouvenir","Runic Capacitor"],"campfire_rested":5,"item_purchase_floors":[7,21],"current_hp_per_floor":[64,64,47,47,47,47,47,47,47,38,38,38,38,37,58,58,68,35,12,12,12,4,25,25,46,46,40,61,38,59,59,59,11,56,38,37,13,13,0,0],"gold":252,"neow_bonus":"THREE_ENEMY_KILL","is_daily":false,"chose_seed":false,"campfire_upgraded":3,"win_rate":0.0,"timestamp":1613803887,"path_taken":["M","?","?","?","?","E","$","?","T","E","R","M","R","M","R","BOSS","M","M","?","$","M","R","?","R","T","?","R","E","R","?","R","BOSS","M","M","M","?","?"],"items_purchased_type":["Relic","Relic"],"build_version":"2020-12-22","purchased_purges":3,"victory":false,"max_hp_per_floor":[71,71,71,71,71,71,71,71,71,71,71,71,71,71,71,71,71,71,71,71,71,71,71,71,71,71,71,71,71,71,71,71,71,71,71,71,71,71,71,71],"card_choices":[{"not_picked":["Double Energy","Redo"],"picked":"Ball Lightning","floor":1},{"not_picked":["Reprogram","Compile Driver"],"picked":"Coolheaded","floor":6},{"not_picked":["Stack","Sweeping Beam"],"picked":"Loop","floor":8},{"not_picked":["Aggregate","Lockon"],"picked":"Defragment","floor":10},{"not_picked":["Steam","Leap","Consume"],"picked":"SKIP","floor":12},{"not_picked":["Compile Driver","Stack","Coolheaded"],"picked":"SKIP","floor":14},{"not_picked":["Thunder Strike","Core Surge"],"picked":"Echo Form","floor":16},{"not_picked":["Steam","Redo"],"picked":"BootSequence","floor":18},{"not_picked":["Stack","Steam","Barrage"],"picked":"SKIP","floor":19},{"not_picked":["Barrage","Force Field+1","Reboot"],"picked":"SKIP","floor":22},{"not_picked":["Steam","Coolheaded"],"picked":"Hologram","floor":27},{"not_picked":["Hologram","White Noise","Auto Shields"],"picked":"SKIP","floor":29},{"not_picked":["Multi-Cast","Biased Cognition"],"picked":"Echo Form","floor":33},{"not_picked":["Stack+1","Double Energy"],"picked":"Capacitor","floor":35},{"not_picked":["Chill+1","Melter"],"picked":"Glacier+1","floor":36},{"not_picked":["Streamline+1","Redo","Chaos+1"],"picked":"SKIP","floor":37}],"player_experience":568079,"relics_obtained":[{"floor":6,"key":"HornCleat"},{"floor":9,"key":"Blue Candle"},{"floor":10,"key":"Smiling Mask"},{"floor":26,"key":"Centennial Puzzle"},{"floor":29,"key":"Toy Ornithopter"}],"event_choices":[{"cards_removed":["Strike_B"],"damage_healed":0,"gold_gain":0,"player_choice":"Card Removal","damage_taken":0,"max_hp_gain":0,"max_hp_loss":0,"event_name":"The Cleric","floor":2,"gold_loss":50},{"damage_healed":0,"gold_gain":0,"player_choice":"Take Damage","damage_taken":17,"relics_obtained":["Golden Idol"],"max_hp_gain":0,"max_hp_loss":0,"event_name":"Golden Idol","floor":3,"gold_loss":0},{"damage_healed":0,"gold_gain":175,"player_choice":"AGREE","damage_taken":0,"max_hp_gain":0,"max_hp_loss":0,"event_name":"Liars Game","floor":4,"gold_loss":0,"cards_obtained":["Doubt"]},{"damage_healed":0,"gold_gain":0,"player_choice":"Upgraded","damage_taken":0,"max_hp_gain":0,"max_hp_loss":0,"event_name":"Upgrade Shrine","floor":5,"gold_loss":0,"cards_upgraded":["Dualcast"]},{"cards_removed":["Strike_B"],"damage_healed":0,"gold_gain":0,"player_choice":"Purged","damage_taken":0,"max_hp_gain":0,"max_hp_loss":0,"event_name":"Purifier","floor":20,"gold_loss":0},{"damage_healed":0,"gold_gain":0,"player_choice":"Bought 1 Potion","damage_taken":0,"max_hp_gain":0,"max_hp_loss":0,"event_name":"The Woman in Blue","floor":31,"gold_loss":0},{"damage_healed":0,"gold_gain":0,"player_choice":"Ignored","damage_taken":0,"max_hp_gain":0,"max_hp_loss":0,"event_name":"Tomb of Lord Red Mask","floor":38,"gold_loss":0},{"damage_healed":0,"gold_gain":0,"player_choice":"Fight","damage_taken":0,"max_hp_gain":0,"max_hp_loss":0,"event_name":"Mysterious Sphere","floor":39,"gold_loss":0}],"is_beta":false,"boss_relics":[{"not_picked":["Runic Dome","SacredBark"],"picked":"Velvet Choker"},{"not_picked":["SlaversCollar","Runic Pyramid"],"picked":"Sozu"}],"items_purged_floors":[7,21,24],"is_endless":false,"potions_floor_spawned":[1,6,16,22,35],"killed_by":"2 Orb Walkers","ascension_level":14}}