{"host":"4i5my69dv6e41930","time":1613808753,"event":{"mods":["AchievementEnabler","BaseMod","Minty Spire (QoL Compilation)","Relic Stats"],"gold_per_floor":[119,119,119,132,146,146,178,178,230,248,260,260,297,314,314,314,314],"floor_reached":16,"language":"ENG","playtime":702,"items_purged":[],"score":208,"play_id":"f1b2f602-d8e0-4e93-9292-3d85a43f6cf0","local_time":"20210220031233","is_ascension_mode":true,"campfire_choices":[{"data":"Blade Dance","floor":6.0,"key":"SMITH"},{"floor":8.0,"key":"REST"},{"data":"Deadly Poison","floor":12.0,"key":"SMITH"},{"data":"Skewer","floor":15,"key":"SMITH"}],"circlet_count":0,"master_deck":["AscendersBane","Strike_G","Strike_G","Strike_G+1","Strike_G","Defend_G","Defend_G","Defend_G+1","Defend_G","Defend_G","Survivor","Neutralize","Deadly Poison","Poisoned Stab","Blade Dance+1","Cloak And Dagger","Deadly Poison+1","Calculated Gamble","Skewer+1"],"relics":["Ring of the Snake","Tiny Chest","Happy Flower"],"acts_visited":["Exordium"],"potions_floor_usage":[14],"damage_taken":[{"damage":4.0,"enemies":"Jaw Worm","floor":1.0,"turns":7.0},{"damage":2.0,"enemies":"2 Louse","floor":4.0,"turns":3.0},{"damage":1.0,"enemies":"Cultist","floor":5.0,"turns":4.0},{"damage":28.0,"enemies":"Lagavulin","floor":7.0,"turns":6.0},{"damage":0.0,"enemies":"Blue Slaver","floor":10.0,"turns":3.0},{"damage":0.0,"enemies":"Gremlin Gang","floor":11.0,"turns":6.0},{"damage":8.0,"enemies":"Large Slime","floor":13.0,"turns":5.0},{"damage":2,"enemies":"Exordium Thugs","floor":14,"turns":3},{"damage":0,"enemies":"Slime Boss","floor":16,"turns":5}],"seed_played":"3280122903078344615","potions_obtained":[{"floor":10.0,"key":"BlessingOfTheForge"},{"floor":11.0,"key":"ColorlessPotion"},{"floor":13.0,"key":"SteroidPotion"}],"is_trial":false,"path_per_floor":["M","?","?","M","M","R","E","R","T","M","M","R","M","M","R","B"],"character_chosen":"THE_SILENT","items_purchased":[],"campfire_rested":1,"item_purchase_floors":[],"current_hp_per_floor":[55,55,35,33,32,32,4,23,23,23,23,23,15,13,13,13,13],"gold":314,"neow_bonus":"REMOVE_CARD","is_daily":false,"chose_seed":false,"campfire_upgraded":3,"win_rate":0.0,"timestamp":1613808753,"path_taken":["M","?","?","M","M","R","E","R","T","M","M","R","M","M","R","BOSS"],"items_purchased_type":[],"build_version":"2020-12-22","purchased_purges":0,"victory":false,"max_hp_per_floor":[66,66,66,66,66,66,66,66,66,66,66,66,66,66,66,66,66],"relic_stats":{"Happy Flower":[7],"counters":[9,42],"Tiny Chest":0,"obtain_stats":[{"Happy Flower":9,"Tiny Chest":7,"Ring of the Snake":0},{"Happy Flower":4,"Tiny Chest":4,"Ring of the Snake":0},{"Happy Flower":20,"Tiny Chest":20,"Ring of the Snake":0}],"Ring of the Snake":[18]},"card_choices":[{"not_picked":["Quick Slash","Poisoned Stab"],"picked":"Deadly Poison","floor":1.0},{"not_picked":["Acrobatics","Endless Agony"],"picked":"Poisoned Stab","floor":4.0},{"not_picked":["Bullet Time","PiercingWail"],"picked":"Blade Dance","floor":5.0},{"not_picked":["Skewer","Acrobatics"],"picked":"Cloak And Dagger","floor":7.0},{"not_picked":["Slice","Dodge and Roll","Masterful Stab"],"picked":"SKIP","floor":10.0},{"not_picked":["PiercingWail","Doppelganger"],"picked":"Deadly Poison","floor":11.0},{"not_picked":["Terror","Eviscerate"],"picked":"Calculated Gamble","floor":13.0},{"not_picked":["Prepared","Flechettes"],"picked":"Skewer","floor":14}],"player_experience":77475,"relics_obtained":[{"floor":7.0,"key":"Tiny Chest"},{"floor":9.0,"key":"Happy Flower"}],"event_choices":[{"damage_healed":0.0,"max_hp_gain":0.0,"max_hp_loss":0.0,"gold_gain":0.0,"event_name":"Golden Wing","player_choice":"Ignored","floor":2.0,"gold_loss":0.0,"damage_taken":0.0},{"damage_healed":0.0,"max_hp_gain":0.0,"max_hp_loss":0.0,"gold_gain":0.0,"event_name":"Shining Light","player_choice":"Entered Light","floor":3.0,"gold_loss":0.0,"damage_taken":20.0,"cards_upgraded":["Strike_G","Defend_G"]}],"is_beta":false,"boss_relics":[],"items_purged_floors":[],"is_endless":false,"potions_floor_spawned":[10,11,13],"killed_by":"Slime Boss","ascension_level":20}}