{"host":"jyt72nbfoih0mxuq","time":1613822065,"event":{"mods":["BaseMod","Minty Spire (QoL Compilation)","Relic Stats"],"gold_per_floor":[118,118,135,152,164,164,191,191,191,205,219,219,249,129,129,226,226,246,246,260,260,86,86,103,103,129,129,129],"floor_reached":27,"language":"ENG","playtime":1278,"items_purged":["Parasite"],"score":268,"play_id":"ea7c9b74-aa85-4cd8-94ac-6bad9852f91d","local_time":"20210220125425","is_ascension_mode":true,"campfire_choices":[{"data":"Vigilance","floor":6.0,"key":"SMITH"},{"data":"SpiritShield","floor":15.0,"key":"SMITH"},{"data":"Apotheosis","floor":23,"key":"SMITH"},{"floor":25,"key":"REST"}],"circlet_count":0,"master_deck":["Strike_P","Strike_P","Defend_P","Defend_P","Defend_P","Eruption","Vigilance+1","BattleHymn+1","PathToVictory","Evaluate","BowlingBash","SpiritShield+1","PathToVictory","Establishment","Perseverance+1","Apotheosis+1"],"relics":["PureWater","NeowsBlessing","Ginger","Calipers","Bottled Lightning","Empty Cage","Bronze Scales"],"acts_visited":["Exordium","TheCity"],"potions_floor_usage":[20,27],"damage_taken":[{"damage":0.0,"enemies":"2 Louse","floor":1.0,"turns":1.0},{"damage":0.0,"enemies":"Cultist","floor":3.0,"turns":1.0},{"damage":0.0,"enemies":"Jaw Worm","floor":4.0,"turns":1.0},{"damage":27.0,"enemies":"Lots of Slimes","floor":5.0,"turns":4.0},{"damage":10.0,"enemies":"3 Sentries","floor":7.0,"turns":10.0},{"damage":6.0,"enemies":"3 Louse","floor":10.0,"turns":3.0},{"damage":3.0,"enemies":"Blue Slaver","floor":11.0,"turns":4.0},{"damage":9.0,"enemies":"Lagavulin","floor":13.0,"turns":7.0},{"damage":5.0,"enemies":"The Guardian","floor":16.0,"turns":9.0},{"damage":0,"enemies":"Chosen","floor":18,"turns":4},{"damage":28,"enemies":"2 Thieves","floor":20,"turns":4},{"damage":25,"enemies":"Centurion and Healer","floor":24,"turns":6},{"damage":26,"enemies":"Shelled Parasite and Fungi","floor":27,"turns":4}],"seed_played":"-9089504751787182285","potions_obtained":[{"floor":1.0,"key":"BlessingOfTheForge"},{"floor":3.0,"key":"ColorlessPotion"},{"floor":11.0,"key":"Block Potion"},{"floor":18,"key":"SpeedPotion"}],"is_trial":false,"path_per_floor":["M","?","M","M","M","R","E","?","T","M","M","?","E","$","R","B",null,"M","?","M","?","$","R","M","R","T","M"],"character_chosen":"WATCHER","items_purchased":["PathToVictory","Apotheosis"],"campfire_rested":1,"item_purchase_floors":[14,22],"current_hp_per_floor":[72,72,72,72,45,45,35,35,35,29,26,44,35,35,35,30,69,69,69,41,29,29,29,4,26,26,0,0],"gold":129,"neow_bonus":"THREE_ENEMY_KILL","is_daily":false,"chose_seed":false,"campfire_upgraded":3,"win_rate":0.0,"timestamp":1613822065,"path_taken":["M","?","?","M","M","R","E","?","T","M","?","?","E","$","R","BOSS","M","?","M","?","$","R","M","R","T","M"],"items_purchased_type":["Card","Card"],"build_version":"2020-12-22","purchased_purges":1,"victory":false,"max_hp_per_floor":[72,72,72,72,72,72,72,72,72,72,72,72,72,69,69,69,69,69,69,69,74,74,74,74,74,74,74,74],"relic_stats":{"counters":[13,58],"Bronze Scales":[24],"Ginger":[6],"obtain_stats":[{"Calipers":9,"NeowsBlessing":0,"Bronze Scales":26,"Ginger":7,"Bottled Lightning":13,"PureWater":0,"Empty Cage":17},{"Calipers":5,"NeowsBlessing":0,"Bronze Scales":12,"Ginger":5,"Bottled Lightning":8,"PureWater":0,"Empty Cage":9},{"Calipers":17,"NeowsBlessing":0,"Bronze Scales":54,"Ginger":17,"Bottled Lightning":31,"PureWater":0,"Empty Cage":40}]},"card_choices":[{"not_picked":["ForeignInfluence","Collect"],"picked":"BattleHymn","floor":1.0},{"not_picked":["CrushJoints","Halt"],"picked":"PathToVictory","floor":3.0},{"not_picked":["BowlingBash","ThirdEye","JustLucky"],"picked":"SKIP","floor":4.0},{"not_picked":["MentalFortress","FearNoEvil","Prostrate"],"picked":"SKIP","floor":5.0},{"not_picked":["Indignation","ReachHeaven"],"picked":"Evaluate","floor":7.0},{"not_picked":["Protect","InnerPeace"],"picked":"SpiritShield","floor":10.0},{"not_picked":["Crescendo","CrushJoints","Nirvana"],"picked":"SKIP","floor":11.0},{"not_picked":["FollowUp","Worship","Tantrum"],"picked":"SKIP","floor":13.0},{"not_picked":["Scrawl","Omniscience"],"picked":"Establishment","floor":16.0},{"not_picked":["JustLucky","CrushJoints","FlyingSleeves"],"picked":"SKIP","floor":18},{"not_picked":["Sanctity","SignatureMove"],"picked":"Perseverance+1","floor":20},{"not_picked":["Consecrate","CutThroughFate","SashWhip"],"picked":"SKIP","floor":24}],"player_experience":219283,"relics_obtained":[{"floor":7.0,"key":"Ginger"},{"floor":9.0,"key":"Calipers"},{"floor":13.0,"key":"Bottled Lightning"},{"floor":26,"key":"Bronze Scales"}],"event_choices":[{"damage_healed":0.0,"max_hp_gain":0.0,"max_hp_loss":0.0,"gold_gain":0.0,"event_name":"Accursed Blacksmith","player_choice":"Forge","floor":2.0,"gold_loss":0.0,"damage_taken":0.0,"cards_upgraded":["BattleHymn"]},{"damage_healed":0.0,"max_hp_gain":0.0,"max_hp_loss":0.0,"gold_gain":0.0,"cards_transformed":["Defend_P"],"event_name":"Transmorgrifier","player_choice":"Transformed","floor":8.0,"gold_loss":0.0,"damage_taken":0.0,"cards_obtained":["BowlingBash"]},{"damage_healed":18.0,"max_hp_gain":0.0,"max_hp_loss":0.0,"gold_gain":0.0,"event_name":"Mushrooms","player_choice":"Healed and dodged fight","floor":12.0,"gold_loss":0.0,"damage_taken":0.0,"cards_obtained":["Parasite"]},{"damage_healed":0,"gold_gain":0,"player_choice":"Ignored","damage_taken":0,"max_hp_gain":0,"max_hp_loss":0,"event_name":"Cursed Tome","floor":19,"gold_loss":0},{"damage_healed":0,"gold_gain":0,"player_choice":"Shed Blood","damage_taken":17,"max_hp_gain":5,"max_hp_loss":0,"event_name":"Forgotten Altar","floor":21,"gold_loss":0}],"is_beta":false,"boss_relics":[{"not_picked":["Calling Bell","Busted Crown"],"picked":"Empty Cage"}],"items_purged_floors":[14],"is_endless":false,"potions_floor_spawned":[1,3,11,18],"killed_by":"Shelled Parasite and Fungi","ascension_level":4}}