{"host":"qfskrnw3pl1q86j0","time":1613850806,"event":{"mods":["BaseMod","Block Reminder","Hermit","Marisa????????","Minty Spire (QoL Compilation)","Quick Restart","Random Character Button","Relic Stats","StSLib","The Poker Player","slay the spire mod where everything is the same but ironclad has a cowboy hat"],"gold_per_floor":[116,133,143,153,170,170,200,200,251,261,29,59,59,73,73,175,175,195,195,195,195,1,26,26,26,26,51,51,65,65,94,94,199,249,262,277,295,310,328,328,344,344,344,375,375,375,391,94,94,94],"floor_reached":51,"language":"ENG","playtime":1879,"items_purged":["Strike_P","Strike_P","Defend_P"],"score":997,"play_id":"cf7b009b-f731-4c16-af5d-0a2b8ca85796","local_time":"20210220205326","is_ascension_mode":false,"campfire_choices":[{"data":"Vigilance","floor":6,"key":"SMITH"},{"data":"Wallop","floor":8,"key":"SMITH"},{"data":"BattleHymn","floor":13,"key":"SMITH"},{"data":"Meditate","floor":15,"key":"SMITH"},{"data":"MentalFortress","floor":25,"key":"SMITH"},{"data":"Protect","floor":32,"key":"SMITH"},{"data":"EmptyFist","floor":40,"key":"SMITH"},{"data":"Consecrate","floor":42,"key":"SMITH"},{"data":"FearNoEvil","floor":46,"key":"SMITH"},{"floor":49,"key":"REST"}],"circlet_count":0,"master_deck":["Strike_P","Strike_P","Defend_P","Defend_P","Defend_P","Eruption+1","Vigilance+1","BattleHymn+1","Consecrate+1","Protect+1","Wallop+1","Meditate+1","Tantrum+1","EmptyFist+1","Establishment","MentalFortress+1","CutThroughFate+1","Evaluate+1","EmptyBody+1","MentalFortress+1","FearNoEvil+1","TalkToTheHand+1"],"relics":["HolyWater","Centennial Puzzle","Potion Belt","Lee\u0027s Waffle","Singing Bowl","Enchiridion","Damaru","Membership Card","Bag of Marbles","PreservedInsect","Mummified Hand","Frozen Egg 2","InkBottle","Tiny House","Sundial","StoneCalendar","FossilizedHelix","Oddly Smooth Stone"],"acts_visited":["Exordium","TheCity","TheBeyond"],"potions_floor_usage":[16,27,31,31,37,41,50,50,50,50,50],"damage_taken":[{"damage":0,"enemies":"Cultist","floor":1,"turns":4},{"damage":3,"enemies":"Jaw Worm","floor":2,"turns":3},{"damage":3,"enemies":"Small Slimes","floor":3,"turns":3},{"damage":2,"enemies":"Blue Slaver","floor":4,"turns":3},{"damage":2,"enemies":"3 Louse","floor":5,"turns":4},{"damage":21,"enemies":"Gremlin Nob","floor":7,"turns":4},{"damage":0,"enemies":"Large Slime","floor":10,"turns":5},{"damage":9,"enemies":"3 Sentries","floor":12,"turns":3},{"damage":3,"enemies":"Exordium Thugs","floor":14,"turns":3},{"damage":0,"enemies":"Slime Boss","floor":16,"turns":3},{"damage":0,"enemies":"Spheric Guardian","floor":18,"turns":2},{"damage":15,"enemies":"Slavers","floor":23,"turns":4},{"damage":8,"enemies":"Gremlin Leader","floor":27,"turns":5},{"damage":0,"enemies":"3 Byrds","floor":29,"turns":3},{"damage":2,"enemies":"Book of Stabbing","floor":31,"turns":2},{"damage":0,"enemies":"Automaton","floor":33,"turns":7},{"damage":0,"enemies":"Orb Walker","floor":35,"turns":2},{"damage":0,"enemies":"3 Darklings","floor":36,"turns":3},{"damage":0,"enemies":"Writhing Mass","floor":37,"turns":4},{"damage":0,"enemies":"Spire Growth","floor":38,"turns":4},{"damage":6,"enemies":"Maw","floor":39,"turns":6},{"damage":0,"enemies":"Jaw Worm Horde","floor":41,"turns":3},{"damage":0,"enemies":"Giant Head","floor":44,"turns":5},{"damage":18,"enemies":"3 Darklings","floor":47,"turns":4},{"damage":0,"enemies":"Donu and Deca","floor":50,"turns":7}],"seed_played":"-2223738107958787648","potions_obtained":[{"floor":1,"key":"BottledMiracle"},{"floor":4,"key":"EssenceOfSteel"},{"floor":12,"key":"AttackPotion"},{"floor":14,"key":"EntropicBrew"},{"floor":16,"key":"FearPotion"},{"floor":18,"key":"Ambrosia"},{"floor":27,"key":"DuplicationPotion"},{"floor":33,"key":"SneckoOil"},{"floor":34,"key":"Swift Potion"},{"floor":36,"key":"Fruit Juice"},{"floor":37,"key":"ColorlessPotion"},{"floor":41,"key":"Swift Potion"}],"is_trial":false,"path_per_floor":["M","M","M","M","M","R","E","R","T","M","$","E","R","M","R","B",null,"M","?","?","?","$","E","?","R","T","E","$","M","T","E","R","B",null,"M","M","M","M","M","R","M","R","T","E","?","R","M","$","R","B",null],"character_chosen":"WATCHER","items_purchased":["Lee\u0027s Waffle","Membership Card","FossilizedHelix","Oddly Smooth Stone"],"campfire_rested":1,"item_purchase_floors":[11,22,48,48],"current_hp_per_floor":[72,69,66,64,62,62,41,41,41,41,79,70,70,67,67,67,79,79,63,63,63,63,50,50,50,50,42,42,44,44,42,42,44,90,90,90,97,99,95,95,97,97,97,97,97,97,81,81,100,100],"gold":94,"neow_bonus":"UPGRADE_CARD","is_daily":false,"chose_seed":false,"campfire_upgraded":9,"win_rate":0.0,"timestamp":1613850806,"path_taken":["M","?","?","M","M","R","E","R","T","M","$","E","R","M","R","BOSS","M","?","?","?","$","E","?","R","T","E","$","M","?","E","R","BOSS","M","M","M","M","M","R","M","R","T","E","?","R","M","$","R","BOSS"],"items_purchased_type":["Relic","Relic","Relic","Relic"],"build_version":"2020-12-22","purchased_purges":3,"victory":true,"max_hp_per_floor":[72,72,72,72,72,72,72,72,72,72,79,79,79,79,79,79,79,79,79,79,79,79,81,81,81,81,81,81,83,83,83,83,85,90,90,90,97,99,101,101,103,103,103,103,98,98,100,100,100,100],"relic_stats":{"Centennial Puzzle":[21],"Lee\u0027s Waffle":38,"Singing Bowl":16,"counters":[25,96],"Mummified Hand":[53],"Sundial":[2],"StoneCalendar":[0],"PreservedInsect":212,"obtain_stats":[{"Potion Belt":9,"Lee\u0027s Waffle":11,"Tiny House":34,"Singing Bowl":12,"Enchiridion":19,"Damaru":21,"Oddly Smooth Stone":48,"StoneCalendar":44,"PreservedInsect":26,"Frozen Egg 2":30,"Centennial Puzzle":7,"Mummified Hand":27,"Sundial":43,"HolyWater":17,"Bag of Marbles":23,"Membership Card":22,"PureWater":0,"InkBottle":31,"FossilizedHelix":48},{"Potion Belt":6,"Lee\u0027s Waffle":7,"Tiny House":16,"Singing Bowl":8,"Enchiridion":11,"Damaru":11,"Oddly Smooth Stone":24,"StoneCalendar":23,"PreservedInsect":12,"Frozen Egg 2":14,"Centennial Puzzle":6,"Mummified Hand":13,"Sundial":22,"HolyWater":10,"Bag of Marbles":12,"Membership Card":11,"PureWater":0,"InkBottle":15,"FossilizedHelix":24},{"Potion Belt":21,"Lee\u0027s Waffle":26,"Tiny House":58,"Singing Bowl":29,"Enchiridion":37,"Damaru":37,"Oddly Smooth Stone":89,"StoneCalendar":85,"PreservedInsect":41,"Frozen Egg 2":49,"Centennial Puzzle":21,"Mummified Hand":46,"Sundial":80,"HolyWater":35,"Bag of Marbles":41,"Membership Card":37,"PureWater":0,"InkBottle":51,"FossilizedHelix":89}],"InkBottle":[26]},"card_choices":[{"not_picked":["ReachHeaven","Prostrate"],"picked":"BattleHymn","floor":1},{"not_picked":["FlurryOfBlows","SashWhip"],"picked":"Consecrate","floor":2},{"not_picked":["Consecrate","JustLucky","WindmillStrike"],"picked":"SKIP","floor":3},{"not_picked":["Crescendo","Omniscience"],"picked":"Protect","floor":4},{"not_picked":["Crescendo","SignatureMove"],"picked":"Wallop","floor":5},{"not_picked":["Blasphemy","FlyingSleeves","Prostrate"],"picked":"SKIP","floor":7},{"not_picked":["Crescendo","InnerPeace"],"picked":"Meditate","floor":10},{"not_picked":["DeusExMachina","TalkToTheHand"],"picked":"Tantrum","floor":12},{"not_picked":["SandsOfTime","Protect"],"picked":"EmptyFist","floor":14},{"not_picked":["Ragnarok","Devotion"],"picked":"Establishment","floor":16},{"not_picked":["ThirdEye","JustLucky"],"picked":"MentalFortress","floor":18},{"not_picked":["EmptyFist","FlyingSleeves+1","Wallop+1"],"picked":"Singing Bowl","floor":23},{"not_picked":["EmptyFist","Swivel"],"picked":"CutThroughFate+1","floor":27},{"not_picked":["Wallop","FlurryOfBlows","BowlingBash"],"picked":"Singing Bowl","floor":29},{"not_picked":["Meditate+1","BowlingBash"],"picked":"Evaluate+1","floor":31},{"not_picked":["DeusExMachina","Devotion+1","Judgement"],"picked":"Singing Bowl","floor":33},{"not_picked":["PathToVictory","WheelKick+1"],"picked":"EmptyBody+1","floor":34},{"not_picked":["ClearTheMind","EmptyFist+1"],"picked":"MentalFortress+1","floor":35},{"not_picked":["Halt","Prostrate"],"picked":"FearNoEvil","floor":36},{"not_picked":["Pray","CrushJoints","Omniscience"],"picked":"Singing Bowl","floor":37},{"not_picked":["ClearTheMind+1","JustLucky","SashWhip"],"picked":"Singing Bowl","floor":38},{"not_picked":["FollowUp+1","ConjureBlade","FlyingSleeves+1"],"picked":"Singing Bowl","floor":39},{"not_picked":["Study+1","Collect+1","Prostrate"],"picked":"Singing Bowl","floor":41},{"not_picked":["BattleHymn+1","FlyingSleeves"],"picked":"TalkToTheHand+1","floor":44},{"not_picked":["ThirdEye","PathToVictory+1","Collect"],"picked":"Singing Bowl","floor":47}],"player_experience":1097351,"relics_obtained":[{"floor":7,"key":"Centennial Puzzle"},{"floor":9,"key":"Potion Belt"},{"floor":12,"key":"Singing Bowl"},{"floor":19,"key":"Enchiridion"},{"floor":23,"key":"Bag of Marbles"},{"floor":26,"key":"PreservedInsect"},{"floor":27,"key":"Mummified Hand"},{"floor":30,"key":"Frozen Egg 2"},{"floor":31,"key":"InkBottle"},{"floor":43,"key":"Sundial"},{"floor":44,"key":"StoneCalendar"}],"event_choices":[{"damage_healed":0,"gold_gain":0,"player_choice":"Obtained Book","damage_taken":16,"max_hp_gain":0,"max_hp_loss":0,"event_name":"Cursed Tome","floor":19,"gold_loss":0},{"damage_healed":0,"gold_gain":0,"player_choice":"Ignored","damage_taken":0,"max_hp_gain":0,"max_hp_loss":0,"event_name":"Ghosts","floor":20,"gold_loss":0},{"damage_healed":0,"gold_gain":0,"player_choice":"Opened","damage_taken":0,"relics_obtained":["Damaru"],"max_hp_gain":0,"max_hp_loss":0,"event_name":"The Mausoleum","floor":21,"gold_loss":0},{"damage_healed":0,"gold_gain":0,"player_choice":"Ignored","damage_taken":0,"max_hp_gain":0,"max_hp_loss":0,"event_name":"Vampires","floor":24,"gold_loss":0},{"damage_healed":0,"gold_gain":0,"player_choice":"Max HP","damage_taken":0,"max_hp_gain":0,"max_hp_loss":5,"event_name":"Winding Halls","floor":45,"gold_loss":0}],"is_beta":false,"boss_relics":[{"not_picked":["Calling Bell","Empty Cage"],"picked":"HolyWater"},{"not_picked":["Fusion Hammer","Snecko Eye"],"picked":"Tiny House"}],"items_purged_floors":[11,22,48],"is_endless":false,"potions_floor_spawned":[1,4,12,14,16,18,27,33,36,37,39,41],"ascension_level":0}}