{"host":"49pjgf1q9ev52n8z","time":1613779603,"event":{"mods":["BaseMod","Bestiary","Colored Map","Keyboard Shortcuts","Minty Spire (QoL Compilation)","Practice Mode","Relic Stats","StSLib"],"gold_per_floor":[117,135,153,165,175,175,205,205,228,247,273,293,293,293,293,398,398,412,412,422,422,522,522,549,568,617,230,246,277,277,20,20,20,20],"floor_reached":33,"language":"ENG","playtime":2318,"items_purged":[],"score":615,"play_id":"975f8765-991a-4420-963c-3e106e22dda2","local_time":"20210219160643","is_ascension_mode":true,"campfire_choices":[{"data":"Eruption","floor":6.0,"key":"SMITH"},{"data":"Adaptation","floor":8.0,"key":"SMITH"},{"data":"SashWhip","floor":13.0,"key":"SMITH"},{"data":"Study","floor":15.0,"key":"SMITH"},{"data":"Ghostly","floor":23.0,"key":"SMITH"},{"data":"Ghostly","floor":30.0,"key":"SMITH"},{"floor":32.0,"key":"REST"}],"circlet_count":0,"master_deck":["Strike_P","Strike_P+1","Defend_P","Defend_P","Defend_P","Defend_P","Eruption+1","Vigilance","EmptyFist+1","EmptyMind","SashWhip+1","BowlingBash","ClearTheMind","Adaptation+1","Study+1","FollowUp","MasterReality","Ghostly+1","Ghostly+1","Ghostly","Ghostly","Ghostly","BattleHymn","MentalFortress+1","Adaptation","Crescendo"],"relics":["PureWater","Bag of Marbles","PreservedInsect","Whetstone","Empty Cage","Orichalcum","Ancient Tea Set","Nunchaku","OrangePellets","TungstenRod","Medical Kit"],"acts_visited":["Exordium","TheCity"],"potions_floor_usage":[],"damage_taken":[{"damage":7.0,"enemies":"Jaw Worm","floor":1.0,"turns":3.0},{"damage":0.0,"enemies":"Small Slimes","floor":2.0,"turns":2.0},{"damage":0.0,"enemies":"Cultist","floor":3.0,"turns":2.0},{"damage":0.0,"enemies":"2 Fungi Beasts","floor":4.0,"turns":2.0},{"damage":1.0,"enemies":"Looter","floor":5.0,"turns":4.0},{"damage":0.0,"enemies":"Gremlin Nob","floor":7.0,"turns":2.0},{"damage":6.0,"enemies":"Red Slaver","floor":10.0,"turns":3.0},{"damage":0.0,"enemies":"Lagavulin","floor":11.0,"turns":2.0},{"damage":0.0,"enemies":"Exordium Wildlife","floor":12.0,"turns":1.0},{"damage":20.0,"enemies":"Slime Boss","floor":16.0,"turns":5.0},{"damage":0.0,"enemies":"Chosen","floor":18.0,"turns":1.0},{"damage":18.0,"enemies":"Shell Parasite","floor":20.0,"turns":3.0},{"damage":2.0,"enemies":"Gremlin Leader","floor":24.0,"turns":4.0},{"damage":17.0,"enemies":"Cultist and Chosen","floor":25.0,"turns":7.0},{"damage":0.0,"enemies":"Snake Plant","floor":28.0,"turns":5.0},{"damage":0.0,"enemies":"Slavers","floor":29.0,"turns":5.0},{"damage":15.0,"enemies":"Collector","floor":33.0,"turns":9.0}],"seed_played":"-6672554366296949064","potions_obtained":[{"floor":2.0,"key":"FearPotion"},{"floor":3.0,"key":"Swift Potion"},{"floor":4.0,"key":"BottledMiracle"},{"floor":11.0,"key":"StancePotion"},{"floor":20.0,"key":"AttackPotion"},{"floor":25.0,"key":"SneckoOil"},{"floor":29.0,"key":"SpeedPotion"}],"is_trial":false,"path_per_floor":["M","M","M","M","M","R","E","R","T","M","E","M","R","?","R","B",null,"M","?","M","?","?","R","E","M","T","$","M","E","R","$","R","B"],"character_chosen":"WATCHER","items_purchased":["Nunchaku","BattleHymn","OrangePellets","Block Potion","Adaptation","Crescendo","Medical Kit"],"campfire_rested":1,"item_purchase_floors":[27,27,27,27,31,31,31],"current_hp_per_floor":[58,58,58,58,57,57,57,57,57,51,51,51,51,72,72,52,75,75,75,57,41,41,41,39,22,22,22,22,22,22,22,34,19,19],"gold":20,"neow_bonus":"TWENTY_PERCENT_HP_BONUS","is_daily":false,"chose_seed":false,"campfire_upgraded":6,"win_rate":0.0,"timestamp":1613779603,"path_taken":["M","M","M","M","M","R","E","R","T","M","E","M","R","?","R","BOSS","M","?","?","?","?","R","E","M","T","$","M","E","R","$","R","BOSS","BOSS"],"items_purchased_type":["Relic","Card","Relic","Potion","Card","Card","Relic"],"build_version":"2020-12-22","purchased_purges":0,"victory":false,"max_hp_per_floor":[86,86,86,86,86,86,86,86,86,86,86,86,86,86,86,86,83,83,83,83,41,41,41,41,41,41,41,41,41,41,41,41,41,41],"relic_stats":{"OrangePellets":[3],"Nunchaku":[3],"counters":[17,60],"PreservedInsect":114,"Whetstone":["Strike_P","EmptyFist"],"Orichalcum":[120],"Medical Kit":[0],"obtain_stats":[{"OrangePellets":27,"Nunchaku":27,"PreservedInsect":9,"Bag of Marbles":7,"Whetstone":11,"PureWater":0,"Orichalcum":24,"Empty Cage":17,"Ancient Tea Set":26,"Medical Kit":31,"TungstenRod":29},{"OrangePellets":14,"Nunchaku":14,"PreservedInsect":6,"Bag of Marbles":6,"Whetstone":8,"PureWater":0,"Orichalcum":13,"Empty Cage":10,"Ancient Tea Set":14,"Medical Kit":16,"TungstenRod":16},{"OrangePellets":41,"Nunchaku":41,"PreservedInsect":15,"Bag of Marbles":15,"Whetstone":20,"PureWater":0,"Orichalcum":34,"Empty Cage":26,"Ancient Tea Set":41,"Medical Kit":51,"TungstenRod":51}],"TungstenRod":2},"card_choices":[{"not_picked":["FlurryOfBlows","JustLucky"],"picked":"EmptyFist","floor":1.0},{"not_picked":["WaveOfTheHand","Weave"],"picked":"EmptyMind","floor":2.0},{"not_picked":["Halt","CrushJoints"],"picked":"SashWhip","floor":3.0},{"not_picked":["Worship","FlyingSleeves"],"picked":"BowlingBash","floor":4.0},{"not_picked":["EmptyBody","Evaluate"],"picked":"ClearTheMind","floor":5.0},{"not_picked":["Collect","CarveReality"],"picked":"Adaptation","floor":7.0},{"not_picked":["EmptyFist","CrushJoints"],"picked":"Study","floor":10.0},{"not_picked":["Brilliance","Indignation"],"picked":"FollowUp","floor":11.0},{"not_picked":["ClearTheMind","Wallop","Sanctity"],"picked":"SKIP","floor":12.0},{"not_picked":["Omniscience","Ragnarok"],"picked":"MasterReality","floor":16.0},{"not_picked":["Study+1","BowlingBash","Halt"],"picked":"SKIP","floor":18.0},{"not_picked":["Consecrate","Halt","Evaluate"],"picked":"SKIP","floor":20.0},{"not_picked":["FlurryOfBlows","Indignation","Halt"],"picked":"SKIP","floor":24.0},{"not_picked":["FollowUp","Protect+1","Study"],"picked":"SKIP","floor":25.0},{"not_picked":["MentalFortress","Halt","ClearTheMind"],"picked":"SKIP","floor":28.0},{"not_picked":["ReachHeaven","InnerPeace"],"picked":"MentalFortress+1","floor":29.0}],"player_experience":849604,"relics_obtained":[{"floor":7.0,"key":"Bag of Marbles"},{"floor":9.0,"key":"PreservedInsect"},{"floor":11.0,"key":"Whetstone"},{"floor":24.0,"key":"Orichalcum"},{"floor":26.0,"key":"Ancient Tea Set"},{"floor":29.0,"key":"TungstenRod"}],"event_choices":[{"damage_healed":21.0,"max_hp_gain":0.0,"max_hp_loss":0.0,"gold_gain":0.0,"event_name":"Mushrooms","player_choice":"Healed and dodged fight","floor":14.0,"gold_loss":0.0,"damage_taken":0.0,"cards_obtained":["Parasite"]},{"cards_removed":["Strike_P"],"damage_healed":0.0,"max_hp_gain":0.0,"max_hp_loss":0.0,"gold_gain":0.0,"event_name":"Purifier","player_choice":"Purged","floor":19.0,"gold_loss":0.0,"damage_taken":0.0},{"damage_healed":0.0,"max_hp_gain":0.0,"max_hp_loss":42.0,"gold_gain":0.0,"event_name":"Ghosts","player_choice":"Became a Ghost","floor":21.0,"gold_loss":0.0,"damage_taken":0.0,"cards_obtained":["Ghostly","Ghostly","Ghostly","Ghostly","Ghostly"]},{"damage_healed":0.0,"max_hp_gain":0.0,"max_hp_loss":0.0,"gold_gain":100.0,"event_name":"Golden Shrine","player_choice":"Pray","floor":22.0,"gold_loss":0.0,"damage_taken":0.0}],"is_beta":false,"boss_relics":[{"not_picked":["Cursed Key","Ectoplasm"],"picked":"Empty Cage"}],"items_purged_floors":[],"is_endless":false,"potions_floor_spawned":[2,3,4,11,20,25,29,33],"killed_by":"Collector","ascension_level":5}}