{"host":"xsuxkwaivmtd234a","time":1613857190,"event":{"mods":["BaseMod","Bestiary","Colored Map","Filter the Spire","Minty Spire (QoL Compilation)","Relic Stats","StSLib"],"gold_per_floor":[115,134,146,162,9,39,39,74,374,390,410,410,436,436,436,436,436],"floor_reached":16,"language":"ENG","playtime":586,"items_purged":["Strike_B"],"score":183,"play_id":"dd25dd19-eeb7-4d95-b456-9ea57be0d8a8","local_time":"20210220163950","is_ascension_mode":true,"campfire_choices":[{"floor":7,"key":"REST"},{"floor":12,"key":"REST"},{"data":"Consume","floor":15,"key":"SMITH"}],"circlet_count":0,"master_deck":["AscendersBane","Strike_B","Strike_B","Strike_B","Defend_B","Defend_B","Defend_B","Defend_B","Zap","Dualcast","Sweeping Beam","Hello World","Lockon","Sunder","Genetic Algorithm","Consume+1","Ball Lightning","Undo","Melter","Pain"],"relics":["Cracked Core","PreservedInsect","Bag of Marbles","White Beast Statue","Old Coin","FossilizedHelix","WarpedTongs"],"acts_visited":["Exordium"],"potions_floor_usage":[8,10,13,16,16,16],"damage_taken":[{"damage":0,"enemies":"2 Louse","floor":1,"turns":2},{"damage":1,"enemies":"Cultist","floor":2,"turns":3},{"damage":6,"enemies":"Small Slimes","floor":3,"turns":3},{"damage":16,"enemies":"3 Louse","floor":4,"turns":4},{"damage":25,"enemies":"Lagavulin","floor":6,"turns":6},{"damage":4,"enemies":"3 Sentries","floor":8,"turns":5},{"damage":11,"enemies":"Exordium Wildlife","floor":10,"turns":5},{"damage":0,"enemies":"2 Fungi Beasts","floor":11,"turns":2},{"damage":11,"enemies":"Gremlin Nob","floor":13,"turns":3},{"damage":38,"enemies":"Hexaghost","floor":16,"turns":7}],"seed_played":"3166326214061809859","potions_obtained":[{"floor":6,"key":"SneckoOil"},{"floor":8,"key":"EntropicBrew"},{"floor":10,"key":"Weak Potion"},{"floor":13,"key":"LiquidMemories"}],"is_trial":false,"path_per_floor":["M","M","M","M","$","E","R","E","T","M","M","R","E","?","R","B"],"character_chosen":"DEFECT","items_purchased":["Sunder"],"campfire_rested":2,"item_purchase_floors":[5],"current_hp_per_floor":[68,67,61,45,45,20,42,38,38,27,27,49,38,38,38,0,0],"gold":436,"neow_bonus":"RANDOM_COMMON_RELIC","is_daily":false,"chose_seed":false,"campfire_upgraded":1,"win_rate":0.0,"timestamp":1613857190,"path_taken":["M","M","M","M","$","E","R","E","T","M","M","R","E","?","R","BOSS"],"items_purchased_type":["Card"],"build_version":"2020-12-22","purchased_purges":1,"victory":false,"max_hp_per_floor":[75,75,75,75,75,75,75,75,75,75,75,75,75,75,75,75,75],"relic_stats":{"counters":[10,40],"PreservedInsect":84,"obtain_stats":[{"PreservedInsect":0,"Bag of Marbles":6,"Cracked Core":0,"White Beast Statue":8,"FossilizedHelix":13,"Old Coin":9,"WarpedTongs":14},{"PreservedInsect":0,"Bag of Marbles":5,"Cracked Core":0,"White Beast Statue":6,"FossilizedHelix":9,"Old Coin":6,"WarpedTongs":9},{"PreservedInsect":0,"Bag of Marbles":18,"Cracked Core":0,"White Beast Statue":23,"FossilizedHelix":33,"Old Coin":23,"WarpedTongs":33}],"WarpedTongs":[7]},"card_choices":[{"not_picked":["Steam","Cold Snap"],"picked":"Sweeping Beam","floor":1},{"not_picked":["Cold Snap","Steam"],"picked":"Hello World","floor":2},{"not_picked":["Streamline","Barrage"],"picked":"Lockon","floor":3},{"not_picked":["Beam Cell","Lockon","Stack"],"picked":"SKIP","floor":4},{"not_picked":["Loop","Turbo"],"picked":"Genetic Algorithm","floor":6},{"not_picked":["Steam","Reprogram"],"picked":"Consume","floor":8},{"not_picked":["Storm","Beam Cell"],"picked":"Ball Lightning","floor":10},{"not_picked":["Stack","Auto Shields"],"picked":"Undo","floor":11},{"not_picked":["Sunder","Reinforced Body"],"picked":"Melter","floor":13}],"player_experience":1324567,"relics_obtained":[{"floor":6,"key":"Bag of Marbles"},{"floor":8,"key":"White Beast Statue"},{"floor":9,"key":"Old Coin"},{"floor":13,"key":"FossilizedHelix"}],"event_choices":[{"damage_healed":0,"gold_gain":0,"player_choice":"Rummage","damage_taken":0,"relics_obtained":["WarpedTongs"],"max_hp_gain":0,"max_hp_loss":0,"event_name":"Accursed Blacksmith","floor":14,"gold_loss":0,"cards_obtained":["Pain"]}],"is_beta":false,"boss_relics":[],"items_purged_floors":[5],"is_endless":false,"potions_floor_spawned":[6,8,10,11,13],"killed_by":"Hexaghost","ascension_level":10}}