{"host":"n6wy3zv6av0qxahu","time":1613794069,"event":{"mods":["BaseMod","BetterRewards","Minty Spire (QoL Compilation)","Relic Filter","Shop Mod","StSLib","The Hierophant","[IsaacMod]ÒÔÈö¼âËþ","noobMod"],"gold_per_floor":[119,151,164,188,204,211,211],"floor_reached":6,"language":"ZHS","playtime":808,"items_purged":[],"score":40,"play_id":"e9e43a95-88e2-4e60-8c78-44bf136e691a","local_time":"20210220120749","is_ascension_mode":false,"campfire_choices":[],"circlet_count":0,"master_deck":["hierophant:Strike_Hierophant","hierophant:Strike_Hierophant","hierophant:Strike_Hierophant","hierophant:Strike_Hierophant","hierophant:Punish","hierophant:Defend_Hierophant","hierophant:Defend_Hierophant","hierophant:Defend_Hierophant","hierophant:Defend_Hierophant","hierophant:ChurchCoffers","BettingIsNotGood","Mayhem","Regret","hierophant:RustyCrate","hierophant:Doubloon","hierophant:Doubloon","hierophant:PassingBell","hierophant:SealAway","hierophant:Kindle","hierophant:Zeal"],"relics":["hierophant:PropheticMaskRelic","ice","HushsDoor","Thread and Needle","Bronze Scales","ClockworkSouvenir","MerchantsRug","GuppysTail"],"acts_visited":["Exordium"],"potions_floor_usage":[4,6],"damage_taken":[{"damage":3,"enemies":"Small Slimes","floor":1,"turns":3},{"damage":11,"enemies":"2 Louse","floor":2,"turns":2},{"damage":0,"enemies":"Cultist","floor":3,"turns":2},{"damage":0,"enemies":"3 Louse","floor":4,"turns":2},{"damage":20,"enemies":"Exordium Wildlife","floor":5,"turns":4},{"damage":18,"enemies":"Gremlin Nob","floor":6,"turns":5}],"seed_played":"3892141141522072656","potions_obtained":[{"floor":1,"key":"CultistPotion"},{"floor":2,"key":"Energy Potion"},{"floor":3,"key":"GamblersBrew"}],"is_trial":false,"path_per_floor":["M","M","M","M","M","E"],"character_chosen":"HIEROPHANT","items_purchased":["Thread and Needle","Bronze Scales","ClockworkSouvenir","MerchantsRug"],"campfire_rested":0,"item_purchase_floors":[0,0,0,0],"current_hp_per_floor":[37,26,26,26,11,59,59],"gold":211,"neow_bonus":"","is_daily":false,"chose_seed":false,"campfire_upgraded":0,"win_rate":0.0,"timestamp":1613794069,"path_taken":["M","M","M","M","M","E"],"items_purchased_type":["Relic","Relic","Relic","Relic"],"build_version":"2020-12-22","purchased_purges":0,"victory":false,"max_hp_per_floor":[75,75,75,75,75,76,76],"card_choices":[{"not_picked":[],"picked":"BettingIsNotGood","floor":0},{"not_picked":["hierophant:RepressedViolence","hierophant:MorningPrayer"],"picked":"hierophant:RustyCrate","floor":1},{"not_picked":["hierophant:FlamingChariot","hierophant:Cornucopia"],"picked":"hierophant:PassingBell","floor":2},{"not_picked":["hierophant:ArchangelShield","hierophant:MorningPrayer"],"picked":"hierophant:SealAway","floor":3},{"not_picked":["hierophant:FieryStrike","hierophant:AuricBeam"],"picked":"hierophant:Kindle","floor":4},{"not_picked":["hierophant:Smite","hierophant:ArchangelShield"],"picked":"hierophant:Zeal","floor":5}],"player_experience":122488,"relics_obtained":[],"event_choices":[],"is_beta":false,"boss_relics":[],"items_purged_floors":[],"is_endless":false,"potions_floor_spawned":[1,2,3],"killed_by":"Gremlin Nob","ascension_level":0}}