{"host":"ox77rn1xcurm2t5a","time":1613844537,"event":{"mods":["2.2 Compatiblity","AchievementEnabler","Act Like it!","Aspiration","BaseMod","Best Route Mod","Better Match","Better Note","Better Sensory Stone","Block Reminder","Colored Map","Colored Powertips","Conjunction","Conspire","Custom Start","Energized Spire","GifTheSpireLib","Gold Saver","Gremlin Skip","Halation","Highlight Path","Hubris","Infinite Spire","Minty Spire (QoL Compilation)","Pale of the Ancients","Quick Restart","Reliquary","Replay The Spire","Reworked Bosses","ShortenTheSpire","Spire Exporter","StSLib","Stuff the Spire","Wandering Minibosses"],"gold_per_floor":[469,469,4,4,79,79,28,59,59,71,98,98,126,173,173,276,276,263,289,304,321,340,340,340],"floor_reached":23,"language":"ENG","playtime":559,"items_purged":["Defend_R"],"score":286,"play_id":"d57e7b09-3599-4daa-91c4-9e58ffcd3632","local_time":"20210220200857","is_ascension_mode":true,"campfire_choices":[{"floor":6,"key":"RECALL"},{"data":"Metallicize","floor":12,"key":"SMITH"},{"data":"Metallicize","floor":15,"key":"SMITH"}],"circlet_count":0,"master_deck":["Strike_R","Strike_R","Strike_R","Strike_R","Strike_R","Defend_R","Defend_R","Defend_R+1","Bash+1","Anger","Cleave","Metallicize+1","Metallicize+1","Perfected Strike","Madness+1","Sword Boomerang","Heavy Blade+1","Uppercut","Twin Strike+1","Perfected Strike"],"relics":["Burning Blood","Bag of Marbles","halation:OrihimeAndHikoboshiSamaAndTears","Odd Mushroom","Bronze Scales","StuffTheSpire:TintedRock","reliquary:BigHammer","War Paint"],"acts_visited":["Exordium","TheCity"],"potions_floor_usage":[8,11,22,23],"damage_taken":[{"damage":6,"enemies":"Cultist","floor":1,"turns":4},{"damage":28,"enemies":"Gremlin Nob","floor":8,"turns":5},{"damage":0,"enemies":"2 Louse","floor":10,"turns":1},{"damage":13,"enemies":"The Mushroom Lair","floor":11,"turns":3},{"damage":15,"enemies":"Replay:BlueRogue","floor":13,"turns":6},{"damage":38,"enemies":"Hexaghost","floor":16,"turns":7},{"damage":27,"enemies":"2 Thieves","floor":18,"turns":4},{"damage":9,"enemies":"Spheric Guardian","floor":20,"turns":5},{"damage":8,"enemies":"Cultist and Chosen","floor":21,"turns":5},{"damage":29,"enemies":"Snake Plant","floor":22,"turns":3},{"damage":27,"enemies":"conspire:Head Lice","floor":23,"turns":6}],"seed_played":"-1993393813087941261","potions_obtained":[{"floor":1,"key":"Ancient Potion"},{"floor":8,"key":"Explosive Potion"},{"floor":21,"key":"Dexterity Potion"},{"floor":22,"key":"infinitespire:BlackPotion"}],"is_trial":false,"path_per_floor":["M","?","$","?","?","R","$","E","T","M","?","R","E","T","R","B",null,"M","T","M","M","M","E"],"character_chosen":"IRONCLAD","items_purchased":["Bag of Marbles","Cleave","Metallicize","Perfected Strike","Madness","Sword Boomerang"],"campfire_rested":0,"item_purchase_floors":[3,3,3,3,3,7],"current_hp_per_floor":[80,80,80,80,72,72,72,50,50,56,49,49,40,40,40,8,68,47,47,44,42,19,0,0],"gold":340,"neow_bonus":"TEN_PERCENT_HP_BONUS","is_daily":false,"chose_seed":false,"campfire_upgraded":2,"win_rate":0.0,"timestamp":1613844537,"path_taken":["M","?","$","?","?","R","$","E","T","?","?","R","E","?","R","BOSS","M","?","M","M","M","E"],"items_purchased_type":["Relic","Card","Card","Card","Card","Card"],"build_version":"2020-12-22","purchased_purges":1,"victory":false,"max_hp_per_floor":[88,88,88,88,88,88,88,88,88,88,88,88,88,88,88,88,88,88,88,88,88,88,88,88],"card_choices":[{"not_picked":["hubris:ReadiedAction","StuffTheSpire:RagingBull"],"picked":"Anger","floor":1},{"not_picked":["ReplayTheSpireMod:Strike From Hell","Shrug It Off","hubris:CleavingFinish"],"picked":"SKIP","floor":8},{"not_picked":["Headbutt","Bloodletting","Sword Boomerang"],"picked":"SKIP","floor":10},{"not_picked":["Second Wind","ReplayTheSpireMod:LeadingStrike","ReplayTheSpireMod:Muscle Training"],"picked":"SKIP","floor":13},{"not_picked":["Body Slam","Cleave"],"picked":"Heavy Blade+1","floor":18},{"not_picked":["Rampage","hubris:CleavingFinish"],"picked":"Uppercut","floor":20},{"not_picked":["Wild Strike","Replay:Undeath\u0027s Touch"],"picked":"Twin Strike+1","floor":21},{"not_picked":["Rampage+1","ReplayTheSpireMod:Strike From Hell"],"picked":"Perfected Strike","floor":22}],"player_experience":3209474,"relics_obtained":[{"floor":8,"key":"halation:OrihimeAndHikoboshiSamaAndTears"},{"floor":11,"key":"Odd Mushroom"},{"floor":13,"key":"Bronze Scales"},{"floor":14,"key":"StuffTheSpire:TintedRock"},{"floor":19,"key":"War Paint"}],"event_choices":[{"damage_healed":0,"gold_gain":0,"player_choice":"Ignored","damage_taken":0,"max_hp_gain":0,"max_hp_loss":0,"event_name":"Golden Idol","floor":4,"gold_loss":0},{"damage_healed":0,"gold_gain":75,"player_choice":"Touch","damage_taken":8,"max_hp_gain":0,"max_hp_loss":0,"event_name":"FaceTrader","floor":5,"gold_loss":0},{"damage_healed":0,"gold_gain":0,"player_choice":"Fought Mushrooms","damage_taken":0,"max_hp_gain":0,"max_hp_loss":0,"event_name":"Mushrooms","floor":11,"gold_loss":0}],"is_beta":false,"boss_relics":[{"not_picked":["energizedSpire:EnergizedDie","Painkiller Herb"],"picked":"reliquary:BigHammer"}],"items_purged_floors":[3],"is_endless":false,"potions_floor_spawned":[1,8,21,22],"killed_by":"conspire:Head Lice","ascension_level":9}}