{"host":"nxnzcl474ro3ewbj","time":1613799360,"event":{"mods":["2.2 Compatiblity","Act Like it!","BaseMod","Better Third Choice","Better-Laid Plans","Colored Map","Custom Start","Highlight Path","Keyboard Shortcuts","Minty Spire (QoL Compilation)","Quick Restart","Rare Cards Sparkle","Relic Stats","Shop Mod","Slay the Relics Exporter","StSLib","SuperFastMode"],"gold_per_floor":[115,133,133,151,76,76,94,94,118,118,151,226,255,255,255,331,331,343,363,363,5,5,5,37,37,37,37,137,167,178,9,9,86,86,97,97,115,125,125,125],"floor_reached":39,"language":"KOR","playtime":987,"items_purged":["Strike_R"],"score":883,"play_id":"851becba-3274-4988-8d4c-d7b6f71b858e","local_time":"20210220143600","is_ascension_mode":true,"campfire_choices":[{"data":"Whirlwind","floor":6,"key":"SMITH"},{"data":"Bludgeon","floor":8,"key":"SMITH"},{"data":"Seeing Red","floor":10,"key":"SMITH"},{"data":"Uppercut","floor":15,"key":"SMITH"},{"data":"Evolve","floor":25,"key":"SMITH"},{"floor":27,"key":"REST"},{"data":"Double Tap","floor":32,"key":"SMITH"}],"circlet_count":0,"master_deck":["AscendersBane","Strike_R","Strike_R","Strike_R","Defend_R","Defend_R","Defend_R","Defend_R","Bash","Whirlwind+1","Uppercut+1","Seeing Red+1","Bludgeon+1","Shrug It Off","Inflame","Feed","True Grit+1","Evolve+1","Shrug It Off+1","Double Tap+1","Evolve","Demon Form","Anger"],"relics":["Mark of Pain","Oddly Smooth Stone","Happy Flower","Boot","Gambling Chip","Velvet Choker","Singing Bowl","Enchiridion","Mango","Dream Catcher","Shovel","Sundial","Self Forming Clay","Runic Pyramid","Omamori"],"acts_visited":["Exordium","TheCity","TheBeyond"],"potions_floor_usage":[24,33,33],"damage_taken":[{"damage":0,"enemies":"Small Slimes","floor":1,"turns":2},{"damage":0,"enemies":"Cultist","floor":2,"turns":3},{"damage":0,"enemies":"2 Louse","floor":4,"turns":3},{"damage":6,"enemies":"Lots of Slimes","floor":7,"turns":2},{"damage":0,"enemies":"Gremlin Nob","floor":11,"turns":2},{"damage":11,"enemies":"Lagavulin","floor":13,"turns":3},{"damage":9,"enemies":"Slime Boss","floor":16,"turns":7},{"damage":0,"enemies":"Chosen","floor":18,"turns":2},{"damage":5,"enemies":"Shell Parasite","floor":19,"turns":2},{"damage":17,"enemies":"Gremlin Leader","floor":24,"turns":5},{"damage":0,"enemies":"Colosseum Slavers","floor":28,"turns":1},{"damage":14,"enemies":"Colosseum Nobs","floor":28,"turns":4},{"damage":17,"enemies":"Book of Stabbing","floor":29,"turns":5},{"damage":0,"enemies":"Centurion and Healer","floor":30,"turns":5},{"damage":29,"enemies":"Champ","floor":33,"turns":7},{"damage":27,"enemies":"3 Shapes","floor":35,"turns":5},{"damage":32,"enemies":"3 Darklings","floor":37,"turns":4},{"damage":30,"enemies":"Maw","floor":38,"turns":5},{"damage":42,"enemies":"Writhing Mass","floor":39,"turns":3}],"seed_played":"-4670824990504227402","potions_obtained":[{"floor":1,"key":"Regen Potion"},{"floor":2,"key":"AttackPotion"},{"floor":13,"key":"DistilledChaos"},{"floor":24,"key":"Block Potion"},{"floor":33,"key":"SteroidPotion"}],"is_trial":false,"path_per_floor":["M","M","?","M","$","R","M","R","T","R","E","?","E","?","R","B",null,"M","M","?","$","?","$","E","R","T","R","?","E","M","$","R","B",null,"M","?","M","M","M"],"character_chosen":"IRONCLAD","items_purchased":["Singing Bowl","Evolve","Double Tap","Evolve"],"campfire_rested":1,"item_purchase_floors":[21,21,31,31],"current_hp_per_floor":[68,68,68,68,68,68,62,62,62,62,62,51,40,40,40,31,64,67,62,62,62,41,41,40,40,40,70,61,46,49,49,49,29,87,65,65,35,7,0,0],"gold":125,"neow_bonus":"BOSS_RELIC","is_daily":false,"chose_seed":false,"campfire_upgraded":6,"win_rate":0.0,"timestamp":1613799360,"path_taken":["M","M","?","?","$","R","M","R","T","R","E","?","E","?","R","BOSS","M","?","?","$","?","$","E","R","T","R","?","E","M","?","R","BOSS","M","?","?","M","M"],"items_purchased_type":["Relic","Card","Card","Card"],"build_version":"2020-12-22","purchased_purges":1,"victory":false,"max_hp_per_floor":[75,75,75,75,75,75,75,75,75,75,75,75,75,75,75,75,75,78,78,78,78,78,78,94,94,94,96,101,103,106,106,106,106,106,111,111,113,115,115,115],"relic_stats":{"Dream Catcher":1,"Shovel":0,"Happy Flower":[20],"Singing Bowl":14,"counters":[19,70],"Sundial":[4],"Self Forming Clay":[33],"Gambling Chip":[49],"Boot":[8],"obtain_stats":[{"Happy Flower":9,"Singing Bowl":21,"Self Forming Clay":29,"Oddly Smooth Stone":3,"Velvet Choker":17,"Enchiridion":22,"Mango":24,"Omamori":39,"Boot":11,"Burning Blood":0,"Dream Catcher":26,"Shovel":28,"Sundial":28,"Gambling Chip":13,"Mark of Pain":0,"Runic Pyramid":34},{"Happy Flower":4,"Singing Bowl":9,"Self Forming Clay":13,"Oddly Smooth Stone":2,"Velvet Choker":7,"Enchiridion":9,"Mango":10,"Omamori":19,"Boot":5,"Burning Blood":0,"Dream Catcher":10,"Shovel":12,"Sundial":12,"Gambling Chip":6,"Mark of Pain":0,"Runic Pyramid":15},{"Happy Flower":10,"Singing Bowl":26,"Self Forming Clay":41,"Oddly Smooth Stone":5,"Velvet Choker":22,"Enchiridion":26,"Mango":31,"Omamori":68,"Boot":12,"Burning Blood":0,"Dream Catcher":31,"Shovel":36,"Sundial":36,"Gambling Chip":15,"Mark of Pain":0,"Runic Pyramid":53}]},"card_choices":[{"not_picked":["Disarm","Body Slam"],"picked":"Whirlwind","floor":1},{"not_picked":["Headbutt","Wild Strike"],"picked":"Uppercut","floor":2},{"not_picked":["Twin Strike","Dropkick"],"picked":"Seeing Red","floor":4},{"not_picked":["Dual Wield","Power Through"],"picked":"Bludgeon","floor":7},{"not_picked":["Fire Breathing","Heavy Blade"],"picked":"Shrug It Off","floor":11},{"not_picked":["Armaments","Rampage"],"picked":"Inflame","floor":13},{"not_picked":["Impervious","Fiend Fire"],"picked":"Feed","floor":16},{"not_picked":["Seeing Red","Carnage"],"picked":"True Grit+1","floor":18},{"not_picked":["Wild Strike","Dropkick+1","Sword Boomerang"],"picked":"SKIP","floor":19},{"not_picked":["Immolate","Sword Boomerang","Combust"],"picked":"Singing Bowl","floor":24},{"not_picked":["Clothesline","Sword Boomerang","Thunderclap"],"picked":"Singing Bowl","floor":27},{"not_picked":["Warcry","Clothesline+1","Wild Strike"],"picked":"Singing Bowl","floor":28},{"not_picked":["Clash","Dark Embrace","Sword Boomerang"],"picked":"Singing Bowl","floor":29},{"not_picked":["Pommel Strike","Heavy Blade"],"picked":"Shrug It Off+1","floor":30},{"not_picked":["Immolate","Exhume"],"picked":"Demon Form","floor":33},{"not_picked":["Headbutt","Inflame","Sword Boomerang"],"picked":"Singing Bowl","floor":35},{"not_picked":["Dark Embrace","Pommel Strike","Armaments"],"picked":"Singing Bowl","floor":37},{"not_picked":["Sever Soul","Twin Strike","Sword Boomerang"],"picked":"Singing Bowl","floor":38}],"player_experience":84752,"relics_obtained":[{"floor":9,"key":"Happy Flower"},{"floor":11,"key":"Boot"},{"floor":13,"key":"Gambling Chip"},{"floor":22,"key":"Enchiridion"},{"floor":24,"key":"Mango"},{"floor":26,"key":"Dream Catcher"},{"floor":28,"key":"Shovel"},{"floor":28,"key":"Sundial"},{"floor":29,"key":"Self Forming Clay"}],"event_choices":[{"damage_healed":0,"gold_gain":0,"player_choice":"Gave Potion","damage_taken":0,"relics_obtained":["Oddly Smooth Stone"],"max_hp_gain":0,"max_hp_loss":0,"event_name":"WeMeetAgain","floor":3,"gold_loss":0},{"damage_healed":0,"gold_gain":75,"player_choice":"Gold","damage_taken":11,"max_hp_gain":0,"max_hp_loss":0,"event_name":"betterThird:BetterGoop","floor":12,"gold_loss":0},{"cards_removed":["Strike_R"],"damage_healed":0,"gold_gain":0,"player_choice":"Purged","damage_taken":0,"max_hp_gain":0,"max_hp_loss":0,"event_name":"Purifier","floor":14,"gold_loss":0},{"damage_healed":0,"gold_gain":0,"player_choice":"Ignored","damage_taken":0,"max_hp_gain":0,"max_hp_loss":0,"event_name":"Vampires","floor":20,"gold_loss":0},{"damage_healed":0,"gold_gain":0,"player_choice":"Obtained Book","damage_taken":21,"max_hp_gain":0,"max_hp_loss":0,"event_name":"Cursed Tome","floor":22,"gold_loss":0},{"damage_healed":0,"gold_gain":0,"player_choice":"Fight","damage_taken":0,"max_hp_gain":0,"max_hp_loss":0,"event_name":"Colosseum","floor":28,"gold_loss":0},{"damage_healed":0,"gold_gain":0,"player_choice":"Fought Nobs","damage_taken":0,"max_hp_gain":0,"max_hp_loss":0,"event_name":"Colosseum","floor":28,"gold_loss":0},{"damage_healed":0,"gold_gain":0,"player_choice":"1 cards matched","damage_taken":0,"max_hp_gain":0,"max_hp_loss":0,"event_name":"Match and Keep!","floor":36,"gold_loss":0,"cards_obtained":["Anger"]}],"is_beta":false,"boss_relics":[{"not_picked":["Fusion Hammer","Calling Bell"],"picked":"Velvet Choker"},{"not_picked":["Runic Cube","Empty Cage"],"picked":"Runic Pyramid"}],"items_purged_floors":[5],"is_endless":false,"potions_floor_spawned":[1,2,13,24,28,30,33],"killed_by":"Writhing Mass","ascension_level":17}}