{"host":"9be782jbh3sa3sl1","time":1613790660,"event":{"mods":["AchievementEnabler","BaseMod","BetterRewards","Hubris","Minty Spire (QoL Compilation)","Robot Space Explorer","Shop Mod","StSLib","The Hierophant","The Marked","The Poker Player"],"gold_per_floor":[109,59,59,72,90,117,117,292,316,316,342,44,44,44,44,148,148,164,164,181,181,155,182,194,194,194,194,194,220,220,220,220,321,321,333,349,368,34,53,85,85,85,85,85,85,96,22,52,52,52],"floor_reached":51,"language":"ENG","playtime":4419,"items_purged":["Doubt"],"score":822,"play_id":"7ef5a698-9395-4df7-9f59-c36e35a350f2","local_time":"20210219221100","is_ascension_mode":true,"campfire_choices":[{"data":"hubris:Ukulele","floor":7,"key":"SMITH"},{"data":"Defragment","floor":13,"key":"SMITH"},{"data":"Zap","floor":15,"key":"SMITH"},{"floor":25,"key":"REST"},{"floor":30,"key":"REST"},{"data":"Reboot","floor":32,"key":"SMITH"},{"data":"Defragment","floor":42,"key":"SMITH"},{"data":"Hologram","floor":44,"key":"SMITH"},{"data":"White Noise","floor":49,"key":"SMITH"}],"circlet_count":0,"master_deck":["Strike_B","Strike_B","Defend_B","Defend_B","Defend_B","Zap+1","Dualcast","hubris:SpecializedCircuitry","Capacitor","hubris:Ukulele+1","Leap","Glacier","Glacier","Defragment+1","Thunder Strike","Reboot+1","Hologram+1","Doom and Gloom","Ball Lightning+1","BootSequence","Electrodynamics","Chill+1","Cold Snap+1","Redo+1","Defragment+1","White Noise+1","Glacier","Madness","Madness","Blizzard","Conserve Battery","Tempest+1"],"relics":["Cracked Core","Oddly Smooth Stone","Tiny Chest","hubris:Towel","Calipers","Omamori","SlaversCollar","Juzu Bracelet","Gremlin Horn","Eternal Feather","Question Card","hubris:Icosahedron","hubris:SlimyHat","Art of War","Symbiotic Virus","Matryoshka","hubris:BallOfYels","hubris:SoftwareUpdate","FossilizedHelix","Blood Vial","Bronze Scales"],"acts_visited":["Exordium","TheCity","TheBeyond"],"potions_floor_usage":[6,6,6,23,24,35,36,37,46,48,50],"damage_taken":[{"damage":0,"enemies":"Small Slimes","floor":1,"turns":3},{"damage":8,"enemies":"Jaw Worm","floor":4,"turns":4},{"damage":0,"enemies":"Cultist","floor":5,"turns":2},{"damage":4,"enemies":"3 Sentries","floor":6,"turns":4},{"damage":6,"enemies":"Lagavulin","floor":11,"turns":7},{"damage":12,"enemies":"Slime Boss","floor":16,"turns":8},{"damage":2,"enemies":"Shell Parasite","floor":18,"turns":8},{"damage":0,"enemies":"Chosen","floor":20,"turns":6},{"damage":48,"enemies":"Gremlin Leader","floor":23,"turns":6},{"damage":9,"enemies":"Snake Plant","floor":24,"turns":6},{"damage":39,"enemies":"Colosseum Slavers","floor":28,"turns":5},{"damage":48,"enemies":"Slavers","floor":29,"turns":7},{"damage":43,"enemies":"Automaton","floor":33,"turns":10},{"damage":10,"enemies":"Orb Walker","floor":35,"turns":5},{"damage":9,"enemies":"3 Shapes","floor":36,"turns":5},{"damage":27,"enemies":"Maw","floor":37,"turns":8},{"damage":0,"enemies":"Jaw Worm Horde","floor":39,"turns":4},{"damage":0,"enemies":"Reptomancer","floor":40,"turns":5},{"damage":4,"enemies":"Spire Growth","floor":46,"turns":7},{"damage":0,"enemies":"Giant Head","floor":48,"turns":10},{"damage":41,"enemies":"Awakened One","floor":50,"turns":9}],"seed_played":"-6087718747477495656","potions_obtained":[{"floor":1,"key":"SkillPotion"},{"floor":4,"key":"Explosive Potion"},{"floor":5,"key":"SkillPotion"},{"floor":18,"key":"Energy Potion"},{"floor":23,"key":"FocusPotion"},{"floor":33,"key":"ColorlessPotion"},{"floor":35,"key":"Regen Potion"},{"floor":36,"key":"Dexterity Potion"},{"floor":40,"key":"Swift Potion"},{"floor":48,"key":"Explosive Potion"}],"is_trial":false,"path_per_floor":["M","?","?","M","M","E","R","?","T","?","E","$","R","?","R","B",null,"M","?","M","T","$","E","M","R","T","?","?","E","R","T","R","B",null,"M","M","M","$","M","E","T","R","T","R","?","M","$","E","R","B",null],"character_chosen":"DEFECT","items_purchased":["Defragment","Omamori","Hologram","Defragment","Symbiotic Virus","Conserve Battery","FocusPotion"],"campfire_rested":2,"item_purchase_floors":[12,12,22,38,38,47,47],"current_hp_per_floor":[75,75,68,60,60,56,56,56,56,56,50,50,50,75,75,63,75,73,73,73,73,73,25,16,47,47,47,8,27,61,61,73,30,75,70,75,48,48,48,48,48,63,63,75,66,64,64,66,75,34],"gold":52,"neow_bonus":"TRANSFORM_CARD","is_daily":false,"chose_seed":false,"campfire_upgraded":7,"win_rate":0.0,"timestamp":1613790660,"path_taken":["M","?","?","M","M","E","R","?","T","?","E","$","R","?","R","BOSS","M","?","M","?","$","E","M","R","T","?","?","E","R","?","R","BOSS","M","M","M","$","M","E","?","R","T","R","?","M","$","E","R","BOSS"],"items_purchased_type":["Card","Relic","Card","Card","Relic","Card","Potion"],"build_version":"2020-12-22","purchased_purges":1,"victory":true,"max_hp_per_floor":[75,75,75,75,75,75,75,75,75,75,75,75,75,75,75,75,75,75,75,75,75,75,75,75,75,75,75,75,75,75,75,75,75,75,75,75,75,75,75,75,75,75,75,75,75,75,75,75,75,75],"card_choices":[{"not_picked":["Melter","Stack"],"picked":"Capacitor","floor":1},{"not_picked":["Stack","Compile Driver"],"picked":"hubris:Ukulele","floor":4},{"not_picked":["Go for the Eyes","Beam Cell"],"picked":"Leap","floor":5},{"not_picked":["Cold Snap","Blizzard"],"picked":"Glacier","floor":6},{"not_picked":["Aggregate","Steam Power"],"picked":"Glacier","floor":11},{"not_picked":["Rainbow","Amplify"],"picked":"Thunder Strike","floor":16},{"not_picked":["Steam","Compile Driver"],"picked":"Reboot","floor":18},{"not_picked":["Steam Power+1","Steam","Skim"],"picked":"SKIP","floor":20},{"not_picked":["FTL+1","Rip and Tear"],"picked":"Doom and Gloom","floor":23},{"not_picked":["Cold Snap","Stack"],"picked":"Ball Lightning+1","floor":24},{"not_picked":["Darkness","Compile Driver+1","Redo"],"picked":"BootSequence","floor":29},{"not_picked":["Thunder Strike","Fission","Multi-Cast"],"picked":"Electrodynamics","floor":33},{"not_picked":["Storm+1","Conserve Battery+1","Sweeping Beam"],"picked":"Chill+1","floor":35},{"not_picked":["Sweeping Beam+1","Compile Driver+1","Ball Lightning"],"picked":"Cold Snap+1","floor":36},{"not_picked":["Rebound","Streamline","Fusion+1"],"picked":"Redo+1","floor":37},{"not_picked":["Barrage+1","Streamline","Turbo"],"picked":"White Noise","floor":39},{"not_picked":["Ball Lightning","Stack","Beam Cell+1"],"picked":"Glacier","floor":40},{"not_picked":["Gash","Rebound","Streamline"],"picked":"Blizzard","floor":46},{"not_picked":["Undo","Lockon+1","hubris:Ukulele"],"picked":"Tempest+1","floor":48}],"player_experience":368348,"relics_obtained":[{"floor":6,"key":"Oddly Smooth Stone"},{"floor":9,"key":"Tiny Chest"},{"floor":11,"key":"Calipers"},{"floor":21,"key":"Gremlin Horn"},{"floor":23,"key":"Eternal Feather"},{"floor":26,"key":"Question Card"},{"floor":29,"key":"hubris:SlimyHat"},{"floor":31,"key":"Art of War"},{"floor":40,"key":"Matryoshka"},{"floor":41,"key":"hubris:BallOfYels"},{"floor":41,"key":"hubris:SoftwareUpdate"},{"floor":43,"key":"FossilizedHelix"},{"floor":43,"key":"Blood Vial"},{"floor":48,"key":"Bronze Scales"}],"event_choices":[{"cards_removed":["Strike_B"],"damage_healed":0,"gold_gain":0,"player_choice":"Card Removal","damage_taken":0,"max_hp_gain":0,"max_hp_loss":0,"event_name":"The Cleric","floor":2,"gold_loss":50},{"cards_removed":["Defend_B"],"damage_healed":0,"gold_gain":0,"player_choice":"Card Removal","damage_taken":7,"max_hp_gain":0,"max_hp_loss":0,"event_name":"Golden Wing","floor":3,"gold_loss":0},{"damage_healed":0,"gold_gain":175,"player_choice":"AGREE","damage_taken":0,"max_hp_gain":0,"max_hp_loss":0,"event_name":"Liars Game","floor":8,"gold_loss":0,"cards_obtained":["Doubt"]},{"damage_healed":25,"gold_gain":0,"player_choice":"Banana","damage_taken":0,"max_hp_gain":0,"max_hp_loss":0,"event_name":"Big Fish","floor":14,"gold_loss":0},{"damage_healed":0,"gold_gain":0,"player_choice":"Opened","damage_taken":0,"relics_obtained":["Juzu Bracelet"],"max_hp_gain":0,"max_hp_loss":0,"event_name":"The Mausoleum","floor":19,"gold_loss":0,"cards_obtained":["Writhe"]},{"damage_healed":0,"gold_gain":0,"player_choice":"Fight","damage_taken":0,"max_hp_gain":0,"max_hp_loss":0,"event_name":"Colosseum","floor":28,"gold_loss":0},{"damage_healed":0,"gold_gain":0,"player_choice":"Fled From Nobs","damage_taken":0,"max_hp_gain":0,"max_hp_loss":0,"event_name":"Colosseum","floor":28,"gold_loss":0},{"damage_healed":0,"gold_gain":0,"player_choice":"Embrace Madness","damage_taken":9,"max_hp_gain":0,"max_hp_loss":0,"event_name":"Winding Halls","floor":45,"gold_loss":0,"cards_obtained":["Madness","Madness"]}],"is_beta":false,"boss_relics":[{"not_picked":["Tiny House","Cursed Key"],"picked":"SlaversCollar"},{"not_picked":["hubris:CrackedHourglass","hubris:Stopwatch","Snecko Eye"]}],"items_purged_floors":[12],"is_endless":false,"potions_floor_spawned":[1,4,5,18,23,33,35,36,40,48],"ascension_level":2}}