{"host":"syozzdlzcqop4jia","time":1613795361,"event":{"mods":["AchievementEnabler","BaseMod","Colored Map","Colored Powertips","Minty Spire (QoL Compilation)","Quick Restart"],"gold_per_floor":[118,118,131,131,142,142,157,157,157,169,169,189,189,202,202,202,202],"floor_reached":16,"language":"ENG","playtime":750,"items_purged":[],"score":94,"play_id":"c9196c5a-2f65-4157-b263-d9a04a5f8d45","local_time":"20210220052921","is_ascension_mode":false,"campfire_choices":[{"floor":6,"key":"RECALL"},{"data":"Heavy Blade","floor":11,"key":"SMITH"},{"data":"Immolate","floor":13,"key":"SMITH"},{"floor":15,"key":"REST"}],"circlet_count":0,"master_deck":["Strike_R","Strike_R","Strike_R","Strike_R","Strike_R","Defend_R","Defend_R","Defend_R","Defend_R","Bash","Heavy Blade+1","Sword Boomerang","Wild Strike","Heavy Blade+1","Immolate+1","Rage"],"relics":["Burning Blood"],"acts_visited":["Exordium"],"potions_floor_usage":[16],"damage_taken":[{"damage":5,"enemies":"Small Slimes","floor":1,"turns":3},{"damage":6,"enemies":"Jaw Worm","floor":3,"turns":3},{"damage":0,"enemies":"2 Louse","floor":5,"turns":2},{"damage":33,"enemies":"Gremlin Gang","floor":7,"turns":6},{"damage":8,"enemies":"3 Louse","floor":10,"turns":5},{"damage":14,"enemies":"Blue Slaver","floor":12,"turns":3},{"damage":12,"enemies":"Looter","floor":14,"turns":4},{"damage":77,"enemies":"The Guardian","floor":16,"turns":9}],"seed_played":"3582773172824549293","potions_obtained":[{"floor":12,"key":"AttackPotion"},{"floor":14,"key":"ElixirPotion"}],"is_trial":false,"path_per_floor":["M","?","M","?","M","R","M","$","T","M","R","M","R","M","R","B"],"character_chosen":"IRONCLAD","items_purchased":[],"campfire_rested":1,"item_purchase_floors":[],"current_hp_per_floor":[88,93,93,93,93,93,66,66,66,64,64,56,56,50,77,0,0],"gold":202,"neow_bonus":"TEN_PERCENT_HP_BONUS","is_daily":false,"chose_seed":false,"campfire_upgraded":2,"win_rate":0.0,"timestamp":1613795361,"path_taken":["M","?","M","?","M","R","M","$","T","M","R","M","R","M","R","BOSS"],"items_purchased_type":[],"build_version":"2020-12-22","purchased_purges":0,"victory":false,"max_hp_per_floor":[88,93,93,93,93,93,93,93,93,93,93,93,93,93,93,93,93],"card_choices":[{"not_picked":["Twin Strike","Thunderclap"],"picked":"Heavy Blade","floor":1},{"not_picked":["Clothesline","Body Slam"],"picked":"Sword Boomerang","floor":3},{"not_picked":["Feel No Pain","Thunderclap"],"picked":"Wild Strike","floor":5},{"not_picked":["Reckless Charge","Cleave","Armaments"],"picked":"SKIP","floor":7},{"not_picked":["Clash","Thunderclap"],"picked":"Heavy Blade","floor":10},{"not_picked":["Seeing Red","Rupture"],"picked":"Immolate","floor":12},{"not_picked":["Shrug It Off","Warcry"],"picked":"Rage","floor":14}],"player_experience":721883,"relics_obtained":[],"event_choices":[{"damage_healed":0,"gold_gain":0,"player_choice":"Donut","damage_taken":0,"max_hp_gain":5,"max_hp_loss":0,"event_name":"Big Fish","floor":2,"gold_loss":0},{"damage_healed":0,"gold_gain":0,"player_choice":"Grow","damage_taken":0,"max_hp_gain":0,"max_hp_loss":0,"event_name":"Living Wall","floor":4,"gold_loss":0,"cards_upgraded":["Heavy Blade"]}],"is_beta":false,"boss_relics":[],"items_purged_floors":[],"is_endless":false,"potions_floor_spawned":[12,14],"killed_by":"The Guardian","ascension_level":0}}