{"host":"htqwg582tjjtn9p7","time":1613844423,"event":{"mods":["2.2 Compatiblity","AchievementEnabler","Act Like it!","Aspiration","BaseMod","Better Third Choice","Colored Map","Conspire","Curses Come First","Displayed Cursed Tome","Energized Spire","Force Act Four","Fox Events","GifTheSpireLib","Hermit","Highlight Path","JesterMod","Mad Scientist","Minty Spire (QoL Compilation)","Pale of the Ancients","Permanent Neow","Random Character Button","Relic Stats","Reliquary","Replay The Spire","Robot Space Explorer","Somnambulant","Spicy Shops","Spikes Relics","StSLib","Stuff the Spire","The Blue Laboratory","The Bug Knight","The Forsaken","The Gatherer","The Judge","The Jungle","The Marked","The Runesmith","The Servant 0.9.4","Uncapped"],"gold_per_floor":[113,113,129,148,166,166,195,215,215,215,215,215],"floor_reached":11,"language":"ENG","playtime":340,"items_purged":[],"score":113,"play_id":"18d9a337-77fe-4ad7-b765-d491a7c1dc51","local_time":"20210220190703","is_ascension_mode":true,"campfire_choices":[{"data":"WordoMod:Sacrilege","floor":6,"key":"SMITH"}],"circlet_count":0,"master_deck":["AscendersBane","WordoMod:StrikeCard","WordoMod:StrikeCard","WordoMod:StrikeCard","WordoMod:StrikeCard","WordoMod:DefendCard","WordoMod:DefendCard","WordoMod:DefendCard","WordoMod:DefendCard","WordoMod:Accursed","WordoMod:IllWill","WordoMod:Unchained","WordoMod:MementoMori","WordoMod:Resurrection","WordoMod:Sacrilege+1"],"relics":["WordoMod:Obsidian","WordoMod:Effigy","StuffTheSpire:TintedRock","The Courier","StuffTheSpire:Mouthbags"],"acts_visited":["Exordium"],"potions_floor_usage":[4,4,7,11],"damage_taken":[{"damage":1,"enemies":"Small Slimes","floor":1,"turns":3},{"damage":1,"enemies":"Cultist","floor":3,"turns":4},{"damage":2,"enemies":"Jaw Worm","floor":4,"turns":3},{"damage":3,"enemies":"Red Slaver","floor":5,"turns":4},{"damage":20,"enemies":"Gremlin Nob","floor":7,"turns":5},{"damage":0,"enemies":"2 Fungi Beasts","floor":8,"turns":3},{"damage":35,"enemies":"Lagavulin","floor":11,"turns":5}],"seed_played":"-803499793231140438","potions_obtained":[{"floor":0,"key":"blueLaboratory:PhilterOfMotion"},{"floor":0,"key":"SpeedPotion"},{"floor":0,"key":"SpeedPotion"},{"floor":1,"key":"Energy Potion"},{"floor":2,"key":"blueLaboratory:HummingbirdPotion"},{"floor":2,"key":"Swift Potion"},{"floor":8,"key":"ColorlessPotion"}],"is_trial":false,"path_per_floor":["M","?","M","M","M","R","E","M","T","?","E"],"character_chosen":"JUDGE_CLASS","items_purchased":[],"campfire_rested":0,"item_purchase_floors":[],"current_hp_per_floor":[67,67,66,64,61,61,41,41,41,38,3,3],"gold":215,"neow_bonus":"THREE_SMALL_POTIONS","is_daily":false,"chose_seed":false,"campfire_upgraded":1,"win_rate":0.0,"timestamp":1613844423,"path_taken":["M","?","M","M","?","R","E","M","T","?","E"],"items_purchased_type":[],"build_version":"2020-12-22","purchased_purges":0,"victory":false,"max_hp_per_floor":[75,75,75,75,75,75,75,75,75,75,75,75],"relic_stats":{"counters":[7,27],"obtain_stats":[{"StuffTheSpire:TintedRock":7,"WordoMod:Effigy":0,"StuffTheSpire:Mouthbags":10,"WordoMod:Obsidian":0,"The Courier":9},{"StuffTheSpire:TintedRock":5,"WordoMod:Effigy":0,"StuffTheSpire:Mouthbags":6,"WordoMod:Obsidian":0,"The Courier":6},{"StuffTheSpire:TintedRock":19,"WordoMod:Effigy":0,"StuffTheSpire:Mouthbags":22,"WordoMod:Obsidian":0,"The Courier":22}]},"card_choices":[{"not_picked":["WordoMod:Vulgarity","WordoMod:BadMemories","WordoMod:BurdenOfSin"],"picked":"SKIP","floor":1},{"not_picked":["WordoMod:SoulSpear","WordoMod:Resurrection"],"picked":"WordoMod:Unchained","floor":3},{"not_picked":["WordoMod:ScatterAshes","WordoMod:Spite"],"picked":"WordoMod:Sacrilege","floor":4},{"not_picked":["WordoMod:Contagion","WordoMod:PurgeDisease","WordoMod:BeneathTheMask"],"picked":"SKIP","floor":5},{"not_picked":["WordoMod:FalseDiagnosis","WordoMod:Sickness"],"picked":"WordoMod:MementoMori","floor":7},{"not_picked":["WordoMod:ShackleGuard","WordoMod:GreatSeal"],"picked":"WordoMod:Resurrection","floor":8}],"player_experience":2056393,"relics_obtained":[{"floor":7,"key":"StuffTheSpire:TintedRock"},{"floor":9,"key":"The Courier"}],"event_choices":[{"damage_healed":0,"gold_gain":0,"player_choice":"Got Potions","damage_taken":0,"max_hp_gain":0,"max_hp_loss":0,"event_name":"Lab","floor":2,"gold_loss":0},{"damage_healed":0,"gold_gain":0,"player_choice":"Relic ","damage_taken":3,"max_hp_gain":0,"max_hp_loss":0,"event_name":"betterThird:BetterScrap","floor":10,"gold_loss":0,"cards_obtained":["StuffTheSpire:Sprint"]}],"is_beta":false,"boss_relics":[],"items_purged_floors":[],"is_endless":false,"potions_floor_spawned":[1,8],"killed_by":"Lagavulin","ascension_level":10}}