{"host":"v86vpwf004p2esb7","time":1613796354,"event":{"mods":["AchievementEnabler","BaseMod","BetterRewards","Colored Powertips","Minty Spire (QoL Compilation)","Quick Restart","StSLib","Transform Curses"],"gold_per_floor":[118,118,193,208,222,222,247,46,91,101,101,116,116,445,445,540,590,602,61,61,74,74,74,74],"floor_reached":23,"language":"ENG","playtime":828,"items_purged":[],"score":305,"play_id":"66ceadd1-77ff-4150-b679-61563a8a1fa3","local_time":"20210219204554","is_ascension_mode":true,"campfire_choices":[{"data":"1","floor":6,"key":"LIFT"},{"data":"2","floor":11,"key":"LIFT"},{"floor":13,"key":"REST"},{"data":"3","floor":15,"key":"LIFT"}],"circlet_count":0,"master_deck":["Strike_R","Strike_R","Strike_R","Strike_R+1","Strike_R","Defend_R","Defend_R","Defend_R","Defend_R","Bash","Demon Form","Heavy Blade","Feel No Pain","Inflame","Heavy Blade","Seeing Red","Armaments","Limit Break","Reaper","Dual Wield","Sword Boomerang","Flex","Burning Pact","Shame"],"relics":["Burning Blood","Regal Pillow","StrikeDummy","Girya","Oddly Smooth Stone","Nunchaku","Happy Flower","Old Coin","Tiny House","Gremlin Horn","Pear","Red Skull"],"acts_visited":["Exordium","TheCity"],"potions_floor_usage":[7,16,21,23,23],"damage_taken":[{"damage":16,"enemies":"Small Slimes","floor":1,"turns":4},{"damage":1,"enemies":"Jaw Worm","floor":4,"turns":3},{"damage":0,"enemies":"Cultist","floor":5,"turns":3},{"damage":28,"enemies":"3 Sentries","floor":7,"turns":5},{"damage":0,"enemies":"3 Louse","floor":10,"turns":2},{"damage":0,"enemies":"Gremlin Gang","floor":12,"turns":3},{"damage":20,"enemies":"Lagavulin","floor":14,"turns":5},{"damage":26,"enemies":"Hexaghost","floor":16,"turns":5},{"damage":23,"enemies":"Spheric Guardian","floor":18,"turns":4},{"damage":22,"enemies":"2 Thieves","floor":21,"turns":5},{"damage":69,"enemies":"Book of Stabbing","floor":23,"turns":5}],"seed_played":"2251708717377473127","potions_obtained":[{"floor":1,"key":"CultistPotion"},{"floor":4,"key":"SneckoOil"},{"floor":12,"key":"Block Potion"},{"floor":17,"key":"EssenceOfSteel"},{"floor":21,"key":"Strength Potion"}],"is_trial":false,"path_per_floor":["M","?","?","M","M","R","E","$","T","M","R","M","R","E","R","B",null,"M","$","?","M","?","E"],"character_chosen":"IRONCLAD","items_purchased":["Regal Pillow","Demon Form","StrikeDummy","Happy Flower","BloodPotion","Gremlin Horn","Pear","Flex"],"campfire_rested":1,"item_purchase_floors":[0,0,0,8,8,19,19,19],"current_hp_per_floor":[34,31,20,25,31,31,9,9,9,15,15,21,60,46,46,26,72,55,65,56,49,49,0,0],"gold":74,"neow_bonus":"","is_daily":false,"chose_seed":false,"campfire_upgraded":0,"win_rate":0.0,"timestamp":1613796354,"path_taken":["M","?","?","M","M","R","E","$","T","M","R","M","R","E","R","BOSS","M","$","?","?","?","E"],"items_purchased_type":["Relic","Card","Relic","Relic","Potion","Relic","Relic","Card"],"build_version":"2020-12-22","purchased_purges":0,"victory":false,"max_hp_per_floor":[80,80,80,80,80,80,80,80,80,80,80,80,80,80,80,80,85,85,95,95,95,95,95,95],"card_choices":[{"not_picked":["Thunderclap","Power Through"],"picked":"Heavy Blade","floor":1},{"not_picked":["Disarm","Twin Strike"],"picked":"Feel No Pain","floor":4},{"not_picked":["Intimidate","Clash"],"picked":"Inflame","floor":5},{"not_picked":["Power Through","Twin Strike"],"picked":"Heavy Blade","floor":7},{"not_picked":["Second Wind","Disarm"],"picked":"Seeing Red","floor":10},{"not_picked":["Clothesline","Blood for Blood"],"picked":"Armaments","floor":12},{"not_picked":["Battle Trance","Pommel Strike"],"picked":"Limit Break","floor":14},{"not_picked":["Impervious","Demon Form"],"picked":"Reaper","floor":16},{"not_picked":["Thunderclap","Sever Soul"],"picked":"Dual Wield","floor":17},{"not_picked":["Shockwave","Wild Strike"],"picked":"Sword Boomerang","floor":18},{"not_picked":["Hemokinesis","Wild Strike"],"picked":"Burning Pact","floor":21}],"player_experience":305877,"relics_obtained":[{"floor":7,"key":"Nunchaku"},{"floor":14,"key":"Old Coin"}],"event_choices":[{"damage_healed":0,"gold_gain":0,"player_choice":"Success","damage_taken":3,"relics_obtained":["Oddly Smooth Stone"],"max_hp_gain":0,"max_hp_loss":0,"event_name":"Scrap Ooze","floor":2,"gold_loss":0},{"damage_healed":0,"gold_gain":75,"player_choice":"Gather Gold","damage_taken":11,"max_hp_gain":0,"max_hp_loss":0,"event_name":"World of Goop","floor":3,"gold_loss":0},{"damage_healed":0,"gold_gain":0,"player_choice":"Damaged","damage_taken":9,"max_hp_gain":0,"max_hp_loss":0,"event_name":"Wheel of Change","floor":20,"gold_loss":0},{"damage_healed":0,"gold_gain":0,"player_choice":"Stole Relic","damage_taken":0,"relics_obtained":["Red Skull"],"max_hp_gain":0,"max_hp_loss":0,"event_name":"Addict","floor":22,"gold_loss":0,"cards_obtained":["Shame"]}],"is_beta":false,"boss_relics":[{"not_picked":["Fusion Hammer","Runic Dome"],"picked":"Tiny House"}],"items_purged_floors":[],"is_endless":false,"potions_floor_spawned":[1,4,12,18,21],"killed_by":"Book of Stabbing","ascension_level":5}}