{"host":"ox77rn1xcurm2t5a","time":1613842722,"event":{"mods":["2.2 Compatiblity","AchievementEnabler","Act Like it!","Aspiration","BaseMod","Best Route Mod","Better Match","Better Note","Better Sensory Stone","Block Reminder","Colored Map","Colored Powertips","Conjunction","Conspire","Custom Start","Energized Spire","GifTheSpireLib","Gold Saver","Gremlin Skip","Halation","Highlight Path","Hubris","Infinite Spire","Minty Spire (QoL Compilation)","Pale of the Ancients","Quick Restart","Reliquary","Replay The Spire","Reworked Bosses","ShortenTheSpire","Spire Exporter","StSLib","Stuff the Spire","Wandering Minibosses"],"gold_per_floor":[1010,335,350,369,369,403,403,429,429,443,443,475,475,501,501,604,604,621,621,720,680,699,699,699,699],"floor_reached":24,"language":"ENG","playtime":695,"items_purged":["Doubt"],"score":311,"play_id":"4c5dcbc9-11c7-41c8-b760-b06a5c273402","local_time":"20210220193842","is_ascension_mode":true,"campfire_choices":[{"floor":7.0,"key":"RECALL"},{"data":"Metallicize","floor":11.0,"key":"SMITH"},{"data":"Bash","floor":13.0,"key":"SMITH"},{"data":"Clothesline","floor":15.0,"key":"SMITH"},{"data":"Cleave","floor":23,"key":"SMITH"}],"circlet_count":0,"master_deck":["Strike_R","Strike_R","Strike_R","Strike_R","Strike_R","Defend_R","Defend_R","Defend_R","Defend_R","Bash+1","Clothesline+1","Cleave+1","Battle Trance+1","Cleave+1","Metallicize+1","Thunderclap"],"relics":["Burning Blood","Iron Hammer","Singing Bowl","reliquary:Buckler","Centennial Puzzle","reliquary:Sideboard","halation:PrussianBluePaint"],"acts_visited":["Exordium","TheCity"],"potions_floor_usage":[22,22,22,24],"damage_taken":[{"damage":1.0,"enemies":"Small Slimes","floor":1.0,"turns":4.0},{"damage":1.0,"enemies":"Jaw Worm","floor":3.0,"turns":3.0},{"damage":0.0,"enemies":"2 Louse","floor":4.0,"turns":1.0},{"damage":25.0,"enemies":"Replay:BlueRogue","floor":6.0,"turns":4.0},{"damage":15.0,"enemies":"3 Sentries","floor":8.0,"turns":6.0},{"damage":5.0,"enemies":"Exordium Thugs","floor":10.0,"turns":6.0},{"damage":18.0,"enemies":"Gremlin Nob","floor":12.0,"turns":5.0},{"damage":17.0,"enemies":"Replay:BlueRogue","floor":14.0,"turns":6.0},{"damage":52.0,"enemies":"Fading Forest","floor":16.0,"turns":11.0},{"damage":42.0,"enemies":"conspire:FuzzyDice","floor":18.0,"turns":6.0},{"damage":11,"enemies":"Spheric Guardian","floor":22,"turns":4},{"damage":44,"enemies":"Slavers","floor":24,"turns":3}],"seed_played":"6500952515927013531","potions_obtained":[{"floor":3.0,"key":"Weak Potion"},{"floor":4.0,"key":"ColorlessPotion"},{"floor":10.0,"key":"Explosive Potion"},{"floor":12.0,"key":"AttackPotion"},{"floor":21.0,"key":"Venom Potion"},{"floor":21.0,"key":"SkillPotion"},{"floor":21.0,"key":"Toxic Potion"},{"floor":22,"key":"Ancient Potion"}],"is_trial":false,"path_per_floor":["M","$","M","M","?","E","R","E","T","M","R","E","R","E","R","B",null,"M","?","?","?","M","R","E"],"character_chosen":"IRONCLAD","items_purchased":["Cleave","Iron Hammer","Battle Trance","Singing Bowl"],"campfire_rested":0,"item_purchase_floors":[2,2,2,2],"current_hp_per_floor":[77,77,82,82,82,65,65,56,56,59,59,47,47,38,38,16,72,38,38,38,38,35,35,0,0],"gold":699,"neow_bonus":"TWO_FIFTY_GOLD","is_daily":false,"chose_seed":false,"campfire_upgraded":4,"win_rate":0.0,"timestamp":1613842722,"path_taken":["M","$","M","M","?","E","R","E","T","M","R","E","R","E","R","BOSS","M","?","?","?","M","R","E"],"items_purchased_type":["Card","Relic","Card","Relic"],"build_version":"2020-12-22","purchased_purges":1,"victory":false,"max_hp_per_floor":[80,80,82,82,82,84,84,84,84,86,86,86,86,88,88,90,90,92,92,92,92,94,94,94,94],"card_choices":[{"not_picked":["StuffTheSpire:Incineration","Burning Pact"],"picked":"Clothesline","floor":1.0},{"not_picked":["StuffTheSpire:Incineration","Iron Wave","Whirlwind"],"picked":"Singing Bowl","floor":3.0},{"not_picked":["ReplayTheSpireMod:Strike From Hell","Dropkick"],"picked":"Cleave","floor":4.0},{"not_picked":["hubris:ReadiedAction","Entrench","ReplayTheSpireMod:Stacked"],"picked":"Singing Bowl","floor":6.0},{"not_picked":["Feel No Pain","Twin Strike"],"picked":"Metallicize","floor":8.0},{"not_picked":["Flame Barrier","Warcry","Dropkick"],"picked":"Singing Bowl","floor":10.0},{"not_picked":["Heavy Blade","Juggernaut"],"picked":"Thunderclap","floor":12.0},{"not_picked":["True Grit","Rampage","Battle Trance"],"picked":"Singing Bowl","floor":14.0},{"not_picked":["Juggernaut","StuffTheSpire:TitanForm","Hemogenesis"],"picked":"Singing Bowl","floor":16.0},{"not_picked":["Warcry","hubris:ReadiedAction+1","Flame Barrier"],"picked":"Singing Bowl","floor":18.0},{"not_picked":["Run Through+1","Body Slam","Wild Strike"],"picked":"Singing Bowl","floor":22}],"player_experience":3207654,"relics_obtained":[{"floor":6.0,"key":"reliquary:Buckler"},{"floor":8.0,"key":"Centennial Puzzle"},{"floor":12.0,"key":"reliquary:Sideboard"},{"floor":14.0,"key":"halation:PrussianBluePaint"}],"event_choices":[{"damage_healed":0.0,"max_hp_gain":0.0,"max_hp_loss":0.0,"gold_gain":0.0,"event_name":"Golden Idol","player_choice":"Ignored","floor":5.0,"gold_loss":0.0,"damage_taken":0.0},{"damage_healed":0.0,"max_hp_gain":0.0,"max_hp_loss":0.0,"gold_gain":0.0,"event_name":"betterNote:BetterNote","player_choice":"Ignored","floor":19.0,"gold_loss":0.0,"damage_taken":0.0,"cards_obtained":["Strike_P"]},{"damage_healed":0.0,"max_hp_gain":0.0,"max_hp_loss":0.0,"gold_gain":99.0,"event_name":"Nest","player_choice":"Stole From Cult","floor":20.0,"gold_loss":0.0,"damage_taken":0.0},{"damage_healed":0.0,"max_hp_gain":0.0,"max_hp_loss":0.0,"gold_gain":0.0,"event_name":"The Woman in Blue","player_choice":"Bought 3 Potions","floor":21.0,"gold_loss":0.0,"damage_taken":0.0}],"is_beta":false,"boss_relics":[{"not_picked":["aspiration:WatcherSkillbook","conspire:RunicOctahedron","ChewingGum"]}],"items_purged_floors":[2],"is_endless":false,"potions_floor_spawned":[3,4,10,12,22],"killed_by":"Slavers","ascension_level":8}}