{"host":"e4wnmsyty9uvvtwf","time":1613825879,"event":{"mods":["BaseMod","Colored Map","Colored Powertips","Minty Spire (QoL Compilation)","StSLib","The Poker Player"],"gold_per_floor":[116,116,132,149,169,194,194,211,211,39,39,88,106,106,106,201,201,217,217,227,142,142,142,176,187,187,206,219,239,239,258,258,362,362,382,396,329,181,181,207,207,217,217,234,234,247,257,85,85,85,85,85],"floor_reached":50,"language":"ZHS","playtime":2601,"items_purged":["PokerPlayerMod:FakeSymbols"],"score":523,"play_id":"a24b1dd0-3aae-4030-8e96-55fc7c5f4adc","local_time":"20210220205759","is_ascension_mode":false,"metric_token":406,"campfire_choices":[{"data":"PokerPlayerMod:Heart2","floor":7,"key":"SMITH"},{"data":"PokerPlayerMod:CardPrinter","floor":11,"key":"SMITH"},{"data":"PokerPlayerMod:ClubStrike","floor":15,"key":"SMITH"},{"data":"PokerPlayerMod:ChangeRules","floor":23,"key":"SMITH"},{"data":"PokerPlayerMod:WasteCollection","floor":30,"key":"SMITH"},{"data":"PokerPlayerMod:CardPrinter+1","floor":32,"key":"SMITH"},{"floor":41,"key":"REST"},{"data":"PokerPlayerMod:CardPrinter+2","floor":45,"key":"SMITH"},{"data":"PokerPlayerMod:CardPrinter+3","floor":49,"key":"SMITH"}],"circlet_count":0,"master_deck":["PokerPlayerMod:Diamond3","PokerPlayerMod:Diamond4","PokerPlayerMod:Diamond5","PokerPlayerMod:Spade2","PokerPlayerMod:Spade3","PokerPlayerMod:Spade4","PokerPlayerMod:Club2","PokerPlayerMod:Heart3","PokerPlayerMod:TrumpStrike","PokerPlayerMod:BadJoker","PokerPlayerMod:Mulligan+1","PokerPlayerMod:CardPrinter+4","PokerPlayerMod:ClubStrike+1","PokerPlayerMod:Trickery","PokerPlayerMod:DartThrow","PokerPlayerMod:Heart9","PokerPlayerMod:StackedDeck","PokerPlayerMod:Club8","PokerPlayerMod:ChangeRules+1","PokerPlayerMod:Spade2","PokerPlayerMod:Trickery+1","PokerPlayerMod:Heart2","PokerPlayerMod:SpadeStrike","PokerPlayerMod:FillThePot","PokerPlayerMod:WasteCollection+1","PokerPlayerMod:Spade7","PokerPlayerMod:Trickery","PokerPlayerMod:Heart4","PokerPlayerMod:Club10+","PokerPlayerMod:Club10+","PokerPlayerMod:Club5","PokerPlayerMod:Raise+1","PokerPlayerMod:HotShotCut","PokerPlayerMod:ClubShade","PokerPlayerMod:Club8","Blind","PokerPlayerMod:Club8","PokerPlayerMod:Configure+1","PokerPlayerMod:FlyingCard+1","PokerPlayerMod:Configure+1","PokerPlayerMod:CloakAndDiamond+1","Finesse"],"relics":["PokerPlayerMod:DeckCase","HornCleat","Dream Catcher","Ancient Tea Set","Vajra","Nloth\u0027s Gift","StrikeDummy","Pen Nib","Velvet Choker","PokerPlayerMod:BrokenClock","Nunchaku"],"acts_visited":["Exordium","TheCity","TheBeyond"],"potions_floor_usage":[],"damage_taken":[{"damage":0,"enemies":"Small Slimes","floor":1,"turns":2},{"damage":12,"enemies":"Cultist","floor":3,"turns":5},{"damage":8,"enemies":"Jaw Worm","floor":4,"turns":3},{"damage":9,"enemies":"2 Fungi Beasts","floor":5,"turns":2},{"damage":12,"enemies":"Lagavulin","floor":6,"turns":6},{"damage":0,"enemies":"Exordium Wildlife","floor":8,"turns":1},{"damage":12,"enemies":"Red Slaver","floor":13,"turns":3},{"damage":3,"enemies":"Slime Boss","floor":16,"turns":6},{"damage":18,"enemies":"2 Thieves","floor":18,"turns":3},{"damage":4,"enemies":"Shell Parasite","floor":20,"turns":4},{"damage":11,"enemies":"Slavers","floor":24,"turns":4},{"damage":11,"enemies":"Snake Plant","floor":25,"turns":3},{"damage":0,"enemies":"Sentry and Sphere","floor":27,"turns":3},{"damage":0,"enemies":"Cultist and Chosen","floor":28,"turns":4},{"damage":0,"enemies":"3 Cultists","floor":29,"turns":4},{"damage":12,"enemies":"Centurion and Healer","floor":31,"turns":5},{"damage":45,"enemies":"Collector","floor":33,"turns":7},{"damage":0,"enemies":"3 Darklings","floor":35,"turns":3},{"damage":0,"enemies":"3 Shapes","floor":36,"turns":3},{"damage":48,"enemies":"Giant Head","floor":40,"turns":8},{"damage":1,"enemies":"Jaw Worm Horde","floor":42,"turns":3},{"damage":9,"enemies":"3 Darklings","floor":44,"turns":4},{"damage":0,"enemies":"Spire Growth","floor":46,"turns":3},{"damage":0,"enemies":"Sphere and 2 Shapes","floor":47,"turns":4},{"damage":97,"enemies":"Time Eater","floor":50,"turns":10}],"seed_played":"-1646956186739508388","potions_obtained":[{"floor":4,"key":"BlessingOfTheForge"},{"floor":5,"key":"GamblersBrew"},{"floor":6,"key":"SkillPotion"}],"is_trial":false,"path_per_floor":["M","?","M","M","M","E","R","M","T","$","R","T","M","?","R","B",null,"M","?","M","?","?","R","E","M","T","M","M","M","R","M","R","B",null,"M","M","$","$","?","E","R","M","T","M","R","M","M","$","R","B"],"character_chosen":"THE_POKER_PLAYER","items_purchased":["PokerPlayerMod:Heart9","PokerPlayerMod:HotShotCut","PokerPlayerMod:ClubShade","PokerPlayerMod:Club8","Finesse"],"campfire_rested":1,"item_purchase_floors":[10,37,38,38,48],"current_hp_per_floor":[57,57,47,41,36,26,26,26,26,26,26,26,28,28,28,37,57,48,48,57,57,57,57,57,57,57,57,57,57,57,57,57,32,57,57,57,57,57,57,9,26,56,56,57,57,57,57,57,57,0,0,0],"gold":85,"neow_bonus":"TEN_PERCENT_HP_BONUS","is_daily":false,"chose_seed":false,"campfire_upgraded":8,"win_rate":0.0,"timestamp":1613825879,"path_taken":["M","?","M","M","M","E","R","M","T","?","R","?","M","?","R","BOSS","M","?","?","?","?","R","E","M","T","M","M","M","R","M","R","BOSS","M","M","?","$","?","E","R","M","T","M","R","M","M","$","R","BOSS"],"items_purchased_type":["Card","Card","Card","Card","Card"],"build_version":"2020-12-22","purchased_purges":1,"victory":false,"max_hp_per_floor":[57,57,57,57,57,57,57,57,57,57,57,57,57,57,57,57,57,57,57,57,57,57,57,57,57,57,57,57,57,57,57,57,57,57,57,57,57,57,57,57,57,57,57,57,57,57,57,57,57,57,57,57],"card_choices":[{"not_picked":["PokerPlayerMod:ClubsClub","PokerPlayerMod:Diamond4"],"picked":"PokerPlayerMod:CardPrinter","floor":1},{"not_picked":["PokerPlayerMod:CloakAndDiamond","PokerPlayerMod:DiamondStrike","PokerPlayerMod:Spade2"],"picked":"SKIP","floor":3},{"not_picked":["PokerPlayerMod:Spade3","PokerPlayerMod:Diamond2"],"picked":"PokerPlayerMod:ClubStrike","floor":4},{"not_picked":["PokerPlayerMod:ClubStrike","PokerPlayerMod:Configure"],"picked":"PokerPlayerMod:FakeSymbols","floor":5},{"not_picked":["PokerPlayerMod:Diamond5","PokerPlayerMod:CardBurn"],"picked":"PokerPlayerMod:Trickery","floor":6},{"not_picked":["PokerPlayerMod:Spade1","PokerPlayerMod:Diamond3"],"picked":"PokerPlayerMod:DartThrow","floor":8},{"not_picked":["PokerPlayerMod:Heart1","PokerPlayerMod:Spade3"],"picked":"PokerPlayerMod:StackedDeck","floor":13},{"not_picked":["PokerPlayerMod:SecretDealer","PokerPlayerMod:RoyalStrike"],"picked":"PokerPlayerMod:ChangeRules","floor":16},{"not_picked":["PokerPlayerMod:CloakAndDiamond+1","PokerPlayerMod:Spade5"],"picked":"PokerPlayerMod:DamnStraight","floor":18},{"not_picked":["PokerPlayerMod:SpadeStrike","PokerPlayerMod:Club6"],"picked":"PokerPlayerMod:FillThePot","floor":20},{"not_picked":["PokerPlayerMod:RoyalStrike","PokerPlayerMod:DiamondStrike"],"picked":"PokerPlayerMod:WasteCollection","floor":24},{"not_picked":["PokerPlayerMod:CardPrinter+1","PokerPlayerMod:Raise"],"picked":"PokerPlayerMod:Spade7","floor":25},{"not_picked":["PokerPlayerMod:CardBurn","PokerPlayerMod:Diamond3","PokerPlayerMod:Configure"],"picked":"SKIP","floor":27},{"not_picked":["PokerPlayerMod:DartThrow","PokerPlayerMod:Spade5"],"picked":"PokerPlayerMod:Trickery","floor":28},{"not_picked":["PokerPlayerMod:CardBurn","PokerPlayerMod:Diamond5"],"picked":"PokerPlayerMod:Heart4","floor":29},{"not_picked":["PokerPlayerMod:Spade6","PokerPlayerMod:Heart2"],"picked":"PokerPlayerMod:Club10+","floor":31},{"not_picked":["PokerPlayerMod:Club7","PokerPlayerMod:Diamond10+"],"picked":"PokerPlayerMod:Club10+","floor":33},{"not_picked":["PokerPlayerMod:RoyalStrike","PokerPlayerMod:Diamond3"],"picked":"PokerPlayerMod:Club5","floor":35},{"not_picked":["PokerPlayerMod:Configure+1","PokerPlayerMod:Club8"],"picked":"PokerPlayerMod:Raise+1","floor":36},{"not_picked":["Metamorphosis","Panacea"],"picked":"Blind","floor":39},{"not_picked":["PokerPlayerMod:Spade4","PokerPlayerMod:RoyalStrike"],"picked":"PokerPlayerMod:Club8","floor":40},{"not_picked":["PokerPlayerMod:FillThePot+1","PokerPlayerMod:Club6"],"picked":"PokerPlayerMod:Configure+1","floor":41},{"not_picked":["PokerPlayerMod:Diamond3","PokerPlayerMod:Spade3"],"picked":"PokerPlayerMod:FlyingCard+1","floor":42},{"not_picked":["PokerPlayerMod:FillThePot","PokerPlayerMod:HiddenCard"],"picked":"PokerPlayerMod:Configure+1","floor":44},{"not_picked":["PokerPlayerMod:CardBurn+1","PokerPlayerMod:Diamond1"],"picked":"PokerPlayerMod:CloakAndDiamond+1","floor":46},{"not_picked":["PokerPlayerMod:CloakAndDiamond+1","PokerPlayerMod:SpadeStrike+1","PokerPlayerMod:DartThrow"],"picked":"SKIP","floor":47}],"player_experience":521718,"relics_obtained":[{"floor":6,"key":"HornCleat"},{"floor":9,"key":"Dream Catcher"},{"floor":12,"key":"Ancient Tea Set"},{"floor":24,"key":"StrikeDummy"},{"floor":26,"key":"Pen Nib"},{"floor":40,"key":"PokerPlayerMod:BrokenClock"},{"floor":43,"key":"Nunchaku"}],"event_choices":[{"damage_healed":0,"gold_gain":0,"player_choice":"Forge","damage_taken":0,"max_hp_gain":0,"max_hp_loss":0,"event_name":"Accursed Blacksmith","floor":2,"gold_loss":0,"cards_upgraded":["PokerPlayerMod:Mulligan"]},{"cards_removed":["PokerPlayerMod:Diamond1"],"damage_healed":0,"gold_gain":0,"player_choice":"Trade","damage_taken":0,"max_hp_gain":0,"max_hp_loss":0,"event_name":"PokerPlayerMod:ExordiumClub","floor":14,"gold_loss":0,"cards_obtained":["PokerPlayerMod:Club8"]},{"damage_healed":0,"gold_gain":0,"cards_transformed":["PokerPlayerMod:DamnStraight"],"player_choice":"Transformed","damage_taken":0,"max_hp_gain":0,"max_hp_loss":0,"event_name":"Transmorgrifier","floor":19,"gold_loss":0,"cards_obtained":["PokerPlayerMod:SpadeStrike"]},{"damage_healed":0,"gold_gain":0,"player_choice":"Obtained Relic","damage_taken":0,"relics_obtained":["Vajra"],"max_hp_gain":0,"max_hp_loss":0,"event_name":"Addict","floor":21,"gold_loss":85},{"damage_healed":0,"gold_gain":0,"player_choice":"Traded Relic","damage_taken":0,"relics_obtained":["Nloth\u0027s Gift"],"max_hp_gain":0,"max_hp_loss":0,"event_name":"N\u0027loth","floor":22,"relics_lost":["Astrolabe"],"gold_loss":0},{"damage_healed":0,"gold_gain":0,"player_choice":"Memory 1","damage_taken":0,"max_hp_gain":0,"max_hp_loss":0,"event_name":"SensoryStone","floor":39,"gold_loss":0}],"is_beta":false,"boss_relics":[{"not_picked":["Fusion Hammer","Tiny House"],"picked":"Astrolabe"},{"not_picked":["Black Star","Sozu"],"picked":"Velvet Choker"}],"items_purged_floors":[48],"is_endless":false,"potions_floor_spawned":[4,5,6,16,18,24,25,27,44,46,47],"killed_by":"Time Eater","ascension_level":0}}