{"host":"p0hktren06injwdf","time":1613810215,"event":{"mods":["AchievementEnabler","BaseMod","Colored Map","DeckTracker","Minty Spire (QoL Compilation)","Permanent Neow","StSLib","SuperFastMode"],"gold_per_floor":[112,130,130,145,220,254,254,265,288,288,304,304,338,350,350,424,424,440,454,26,26,39,39,68,83,83,83,83,97,131,12,12,90,90,110,29,54,70,70,70,82,32,32,32,57,57,104,104,104],"floor_reached":48,"language":"KOR","playtime":943,"items_purged":["Strike_G","Defend_G"],"score":1041,"play_id":"56d78e50-87c7-404d-bb9a-35aeeef73127","local_time":"20210220173655","is_ascension_mode":true,"campfire_choices":[{"data":"Blade Dance","floor":7,"key":"SMITH"},{"data":"Poisoned Stab","floor":10,"key":"SMITH"},{"data":"Finisher","floor":12,"key":"SMITH"},{"floor":15,"key":"REST"},{"data":"Envenom","floor":23,"key":"SMITH"},{"data":"Venomology","floor":28,"key":"SMITH"},{"data":"Cloak And Dagger","floor":32,"key":"SMITH"},{"data":"Venomology","floor":40,"key":"SMITH"},{"floor":44,"key":"REST"}],"circlet_count":0,"master_deck":["AscendersBane","Strike_G","Strike_G","Strike_G","Defend_G","Defend_G","Defend_G","Defend_G","Survivor","Neutralize+1","Flying Knee","Blade Dance+1","Blade Dance+1","Poisoned Stab+1","Dagger Spray","Finisher+1","Envenom+1","Venomology+1","Concentrate","Footwork","Backstab","Cloak And Dagger+1","PiercingWail","Cloak And Dagger","Noxious Fumes","Backflip","Accuracy","Escape Plan","Venomology+1","Concentrate+1","Leg Sweep","Prepared+1","Dodge and Roll+1","Burst","Blade Dance"],"relics":["Ring of the Snake","Boot","Bag of Preparation","Pen Nib","WristBlade","Shuriken","Prayer Wheel","Smiling Mask","SacredBark","Tingsha","Molten Egg 2","Omamori","CaptainsWheel"],"acts_visited":["Exordium","TheCity","TheBeyond"],"potions_floor_usage":[6,13,24,24,25,25,33,35,38,41,41,41,41,45,45,45,47,48],"damage_taken":[{"damage":10,"enemies":"Jaw Worm","floor":1,"turns":8},{"damage":0,"enemies":"2 Louse","floor":2,"turns":2},{"damage":0,"enemies":"Small Slimes","floor":4,"turns":3},{"damage":8,"enemies":"Gremlin Nob","floor":6,"turns":3},{"damage":5,"enemies":"Red Slaver","floor":8,"turns":3},{"damage":4,"enemies":"Lots of Slimes","floor":11,"turns":2},{"damage":10,"enemies":"Lagavulin","floor":13,"turns":4},{"damage":1,"enemies":"Large Slime","floor":14,"turns":5},{"damage":18,"enemies":"The Guardian","floor":16,"turns":8},{"damage":0,"enemies":"Chosen","floor":18,"turns":1},{"damage":3,"enemies":"2 Thieves","floor":19,"turns":2},{"damage":0,"enemies":"Snake Plant","floor":22,"turns":1},{"damage":15,"enemies":"Slavers","floor":24,"turns":4},{"damage":1,"enemies":"Centurion and Healer","floor":25,"turns":6},{"damage":0,"enemies":"Chosen and Byrds","floor":29,"turns":3},{"damage":13,"enemies":"Gremlin Leader","floor":30,"turns":4},{"damage":27,"enemies":"Automaton","floor":33,"turns":8},{"damage":0,"enemies":"Orb Walker","floor":35,"turns":1},{"damage":0,"enemies":"Mind Bloom Boss Battle","floor":37,"turns":3},{"damage":13,"enemies":"3 Darklings","floor":38,"turns":4},{"damage":11,"enemies":"Sphere and 2 Shapes","floor":41,"turns":5},{"damage":82,"enemies":"Nemesis","floor":45,"turns":8},{"damage":4,"enemies":"2 Orb Walkers","floor":47,"turns":3},{"damage":27,"enemies":"Maw","floor":48,"turns":2}],"seed_played":"-246505475305886297","potions_obtained":[{"floor":1,"key":"Fire Potion"},{"floor":4,"key":"DuplicationPotion"},{"floor":11,"key":"Swift Potion"},{"floor":16,"key":"Dexterity Potion"},{"floor":24,"key":"SkillPotion"},{"floor":30,"key":"DuplicationPotion"},{"floor":38,"key":"LiquidBronze"},{"floor":41,"key":"CunningPotion"},{"floor":45,"key":"AttackPotion"}],"is_trial":false,"path_per_floor":["M","M","?","M","?","E","R","M","T","R","M","R","E","M","R","B",null,"M","M","$","?","M","R","E","M","T","?","R","M","E","$","R","B",null,"M","$","?","M","?","R","M","$","T","R","E","?","?","M"],"character_chosen":"THE_SILENT","items_purchased":["Shuriken","Backstab","Accuracy","Escape Plan","Leg Sweep"],"campfire_rested":2,"item_purchase_floors":[20,20,31,31,36],"current_hp_per_floor":[49,49,49,49,38,30,30,25,25,25,21,21,11,10,29,11,52,52,49,49,49,49,49,34,47,47,47,47,47,34,34,34,7,51,51,51,51,38,38,38,27,27,27,46,30,30,26,0,0],"gold":104,"neow_bonus":"UPGRADE_CARD","is_daily":false,"chose_seed":false,"campfire_upgraded":7,"win_rate":0.0,"timestamp":1613810215,"path_taken":["M","M","?","M","?","E","R","M","T","R","M","R","E","M","R","BOSS","M","M","$","?","M","R","E","M","T","?","R","M","E","?","R","BOSS","M","$","?","M","?","R","?","?","T","R","E","?","?","M"],"items_purchased_type":["Relic","Card","Card","Card","Card"],"build_version":"2020-12-22","purchased_purges":2,"victory":false,"max_hp_per_floor":[66,66,66,66,66,66,66,66,66,66,66,66,66,66,66,66,66,66,66,66,66,66,66,66,66,66,66,66,66,66,66,66,66,66,66,66,66,66,66,66,66,66,66,66,66,63,63,63,63],"card_choices":[{"not_picked":["Distraction","Deflect"],"picked":"Flying Knee","floor":1},{"not_picked":["Catalyst","Expertise"],"picked":"Blade Dance","floor":2},{"not_picked":["Endless Agony","Calculated Gamble"],"picked":"Blade Dance","floor":4},{"not_picked":["Acrobatics","Riddle With Holes"],"picked":"Poisoned Stab","floor":6},{"not_picked":["Prepared","Blade Dance"],"picked":"Dagger Spray","floor":8},{"not_picked":["Flying Knee","Underhanded Strike"],"picked":"Finisher","floor":11},{"not_picked":["Caltrops","Dash"],"picked":"Envenom","floor":13},{"not_picked":["Quick Slash","Flying Knee","Reflex"],"picked":"SKIP","floor":14},{"not_picked":["Glass Knife","Storm of Steel"],"picked":"Venomology","floor":16},{"not_picked":["Blade Dance+1","Infinite Blades"],"picked":"Concentrate","floor":18},{"not_picked":["Tactician","Dagger Spray"],"picked":"Footwork","floor":19},{"not_picked":["Flying Knee","Blade Dance","Bouncing Flask+1"],"picked":"SKIP","floor":22},{"not_picked":["Flying Knee","Blade Dance","Bouncing Flask+1"],"picked":"SKIP","floor":22},{"not_picked":["Bullet Time","Deadly Poison"],"picked":"Cloak And Dagger","floor":24},{"not_picked":["Slice","Tactician"],"picked":"PiercingWail","floor":25},{"not_picked":["Dodge and Roll","Catalyst","Dagger Throw"],"picked":"SKIP","floor":25},{"not_picked":["Well Laid Plans","Deflect"],"picked":"Noxious Fumes","floor":29},{"not_picked":["Deadly Poison","Doppelganger","Dagger Spray"],"picked":"SKIP","floor":29},{"not_picked":["Flying Knee","Calculated Gamble"],"picked":"Backflip","floor":30},{"not_picked":["Doppelganger","Wraith Form v2"],"picked":"Venomology","floor":33},{"not_picked":["Outmaneuver","Cloak And Dagger"],"picked":"Concentrate+1","floor":35},{"not_picked":["Dagger Throw","Poisoned Stab","Bouncing Flask"],"picked":"SKIP","floor":35},{"not_picked":["Distraction","Deadly Poison+1"],"picked":"Prepared+1","floor":37},{"not_picked":["Sucker Punch","Distraction"],"picked":"Dodge and Roll+1","floor":38},{"not_picked":["Dodge and Roll","Underhanded Strike"],"picked":"Burst","floor":38},{"not_picked":["Leg Sweep","Choke+1"],"picked":"Blade Dance","floor":41},{"not_picked":["Tactician","Setup","Outmaneuver+1"],"picked":"SKIP","floor":41},{"not_picked":["Deflect","Dagger Spray+1","Underhanded Strike+1"],"picked":"SKIP","floor":45}],"player_experience":1091327,"relics_obtained":[{"floor":6,"key":"Boot"},{"floor":9,"key":"Bag of Preparation"},{"floor":13,"key":"Pen Nib"},{"floor":24,"key":"Prayer Wheel"},{"floor":30,"key":"Smiling Mask"},{"floor":37,"key":"Tingsha"},{"floor":43,"key":"Molten Egg 2"},{"floor":45,"key":"Omamori"},{"floor":47,"key":"CaptainsWheel"}],"event_choices":[{"damage_healed":0,"gold_gain":0,"player_choice":"Grow","damage_taken":0,"max_hp_gain":0,"max_hp_loss":0,"event_name":"Living Wall","floor":3,"gold_loss":0,"cards_upgraded":["Blade Dance"]},{"damage_healed":0,"gold_gain":75,"player_choice":"Gather Gold","damage_taken":11,"max_hp_gain":0,"max_hp_loss":0,"event_name":"World of Goop","floor":5,"gold_loss":0},{"cards_removed":["Strike_G"],"damage_healed":0,"gold_gain":0,"player_choice":"Elegance","damage_taken":0,"max_hp_gain":0,"max_hp_loss":0,"event_name":"Back to Basics","floor":21,"gold_loss":0},{"damage_healed":0,"gold_gain":0,"player_choice":"Read","damage_taken":0,"max_hp_gain":0,"max_hp_loss":0,"event_name":"The Library","floor":27,"gold_loss":0,"cards_obtained":["Cloak And Dagger"]},{"damage_healed":0,"gold_gain":0,"player_choice":"Fight","damage_taken":0,"max_hp_gain":0,"max_hp_loss":0,"event_name":"MindBloom","floor":37,"gold_loss":0},{"damage_healed":0,"gold_gain":0,"player_choice":"Got Potions","damage_taken":0,"max_hp_gain":0,"max_hp_loss":0,"event_name":"Lab","floor":39,"gold_loss":0},{"damage_healed":0,"gold_gain":0,"player_choice":"Max HP","damage_taken":0,"max_hp_gain":0,"max_hp_loss":3,"event_name":"Winding Halls","floor":46,"gold_loss":0},{"damage_healed":0,"gold_gain":0,"player_choice":"Fight","damage_taken":0,"max_hp_gain":0,"max_hp_loss":0,"event_name":"Mysterious Sphere","floor":47,"gold_loss":0}],"is_beta":false,"boss_relics":[{"not_picked":["Pandora\u0027s Box","Calling Bell"],"picked":"WristBlade"},{"not_picked":["Runic Dome","Sozu"],"picked":"SacredBark"}],"items_purged_floors":[20,42],"is_endless":false,"potions_floor_spawned":[1,4,11,16,22,24,30,38,41,45],"killed_by":"Maw","ascension_level":20}}