{"host":"6dypmz777xraikqf","time":1613825874,"event":{"mods":["AchievementEnabler","BaseMod","BetterRewards","Colored Map","Colored Powertips","Downfall","Highlight Path","Hubris","Infinite Spire","Minty Spire (QoL Compilation)","Replay The Spire","StSLib"],"gold_per_floor":[109,109,37,47,1,1,30,30,30,30,63,3,18,37,37,136,136,152,152,171,191,191,191,224,239,286,302,319,117,117,128,128,128,128],"floor_reached":33,"language":"ENG","playtime":1737,"items_purged":["Strike_G"],"score":483,"play_id":"273966c2-baf7-46b0-83b3-d90d03a48f5f","local_time":"20210220125754","is_ascension_mode":true,"campfire_choices":[{"data":"Neutralize","floor":6,"key":"SMITH"},{"data":"Cloak And Dagger","floor":8,"key":"SMITH"},{"data":"ReplayTheSpireMod:Scrap Shanks","floor":15,"key":"SMITH"},{"floor":23,"key":"REST"},{"floor":32,"key":"REST"}],"circlet_count":0,"master_deck":["AscendersBane","Strike_G","Strike_G","Strike_G","Defend_G","Defend_G","Defend_G","Defend_G","Defend_G","Survivor","Neutralize+1","ReplayTheSpireMod:Speed Training","Backstab","ReplayTheSpireMod:Scrap Shanks+1","PiercingWail","Deadly Poison","Cloak And Dagger+1","Pot Of Greed","Pot Of Greed","Riddle With Holes+1","Endless Agony","Deflect","Replay:Bag of Tricks","Underhanded Strike","Backflip","Pot Of Greed","Eviscerate","hubris:Sniper","Prostrate","Prostrate","Blade Dance","Footwork","Deflect","Poisoned Stab"],"relics":["Ring of the Snake","NeowsBlessing","Omamori","hubris:Reverence","WarpedTongs","Grinning Jar","HoveringKite","Orichalcum","Nilry\u0027s Codex","hubris:DisguiseKit","infinitespire:PuzzleCube"],"acts_visited":["Exordium","TheCity"],"potions_floor_usage":[16,18,25,33,33],"damage_taken":[{"damage":0,"enemies":"2 Louse","floor":1,"turns":1},{"damage":0,"enemies":"Cultist","floor":4,"turns":1},{"damage":0,"enemies":"3 Sentries","floor":7,"turns":1},{"damage":13,"enemies":"Replay:BlueRogue","floor":11,"turns":7},{"damage":4,"enemies":"Small Slimes","floor":13,"turns":2},{"damage":2,"enemies":"3 Louse","floor":14,"turns":2},{"damage":24,"enemies":"Fading Forest","floor":16,"turns":11},{"damage":0,"enemies":"Chosen","floor":18,"turns":4},{"damage":7,"enemies":"3 Byrds","floor":20,"turns":5},{"damage":7,"enemies":"Centurion and Healer","floor":21,"turns":6},{"damage":10,"enemies":"Book of Stabbing","floor":24,"turns":6},{"damage":7,"enemies":"Snecko","floor":25,"turns":4},{"damage":2,"enemies":"Snake Plant","floor":27,"turns":4},{"damage":19,"enemies":"3 Cultists","floor":28,"turns":6},{"damage":4,"enemies":"Centurion and Healer","floor":31,"turns":7},{"damage":56,"enemies":"hubris:MusketHawk","floor":33,"turns":6}],"seed_played":"-7373971586385377971","potions_obtained":[{"floor":4,"key":"Energy Potion"},{"floor":7,"key":"Dexterity Potion"},{"floor":11,"key":"Fire Potion"},{"floor":13,"key":"Fire Potion"},{"floor":16,"key":"CunningPotion"},{"floor":24,"key":"SkillPotion"},{"floor":27,"key":"Venom Potion"}],"is_trial":false,"path_per_floor":["M","?","$","M","$","R","E","R","T","?","E","$","M","M","R","B",null,"M","?","M","M","?","R","E","M","T","M","M","$","?","M","R","B"],"character_chosen":"THE_SILENT","items_purchased":["ReplayTheSpireMod:Scrap Shanks","Deadly Poison","Riddle With Holes+1","Footwork","Deflect"],"campfire_rested":2,"item_purchase_floors":[3,5,12,29,29],"current_hp_per_floor":[63,63,63,63,63,63,63,63,63,63,50,50,46,44,44,28,60,60,60,53,46,30,51,41,34,34,32,13,13,7,3,24,0,0],"gold":128,"neow_bonus":"THREE_ENEMY_KILL","is_daily":false,"chose_seed":false,"campfire_upgraded":3,"win_rate":0.0,"timestamp":1613825874,"path_taken":["M","?","?","M","$","R","E","R","T","?","E","$","?","M","R","BOSS","M","?","M","M","?","R","E","M","T","M","M","$","?","?","R","BOSS"],"items_purchased_type":["Card","Card","Card","Card","Card"],"build_version":"2020-12-22","purchased_purges":1,"victory":false,"max_hp_per_floor":[70,70,70,70,70,70,70,70,70,70,70,70,70,70,70,70,70,70,70,70,70,70,70,70,70,70,70,70,70,70,70,70,70,70],"card_choices":[{"not_picked":["Crippling Poison","hubris:TrickCloak"],"picked":"ReplayTheSpireMod:Speed Training","floor":1},{"not_picked":["Flying Knee","ReplayTheSpireMod:Shiv Toss"],"picked":"PiercingWail","floor":4},{"not_picked":["All Out Attack","Bane"],"picked":"Cloak And Dagger","floor":7},{"not_picked":["Malaise","ReplayTheSpireMod:Exploit Weakness","Underhanded Strike"],"picked":"SKIP","floor":11},{"not_picked":["Slice","hubris:Counter"],"picked":"Endless Agony","floor":13},{"not_picked":["Dagger Throw","Dagger Spray"],"picked":"Deflect","floor":14},{"not_picked":["Atom Bomb","Die Die Die"],"picked":"Replay:Bag of Tricks","floor":16},{"not_picked":["Deadly Poison","Dagger Spray"],"picked":"Underhanded Strike","floor":18},{"not_picked":["Fluid Movement+1","Terror"],"picked":"Backflip","floor":20},{"not_picked":["Slice","Backstab"],"picked":"Eviscerate","floor":21},{"not_picked":["Expertise","Setup"],"picked":"hubris:Sniper","floor":24},{"not_picked":["PiercingWail","Dodge and Roll","Acrobatics"],"picked":"Prostrate","floor":25},{"not_picked":["Terror","PiercingWail","Deflect"],"picked":"Prostrate","floor":27},{"not_picked":["Dash","Grand Finale","Sanctity"],"picked":"Blade Dance","floor":28},{"not_picked":["Quick Slash","Underhanded Strike+1","BowlingBash"],"picked":"Poisoned Stab","floor":31}],"player_experience":268341,"relics_obtained":[{"floor":7,"key":"Omamori"},{"floor":9,"key":"hubris:Reverence"},{"floor":11,"key":"Grinning Jar"},{"floor":22,"key":"Nilry\u0027s Codex"},{"floor":24,"key":"hubris:DisguiseKit"},{"floor":26,"key":"infinitespire:PuzzleCube"}],"event_choices":[{"damage_healed":0,"gold_gain":0,"cards_transformed":["Strike_G"],"player_choice":"Transformed","damage_taken":0,"max_hp_gain":0,"max_hp_loss":0,"event_name":"Transmorgrifier","floor":2,"gold_loss":0,"cards_obtained":["Backstab"]},{"damage_healed":0,"gold_gain":0,"player_choice":"Rummage","damage_taken":0,"relics_obtained":["WarpedTongs"],"max_hp_gain":0,"max_hp_loss":0,"event_name":"Accursed Blacksmith","floor":10,"gold_loss":0,"cards_obtained":["Pain"]},{"damage_healed":0,"gold_gain":0,"player_choice":"Stole Relic","damage_taken":0,"relics_obtained":["Orichalcum"],"max_hp_gain":0,"max_hp_loss":0,"event_name":"Addict","floor":19,"gold_loss":0,"cards_obtained":["Shame"]},{"damage_healed":0,"gold_gain":0,"player_choice":"Obtained Book","damage_taken":16,"max_hp_gain":0,"max_hp_loss":0,"event_name":"Cursed Tome","floor":22,"gold_loss":0},{"damage_healed":0,"gold_gain":0,"player_choice":"","damage_taken":6,"max_hp_gain":0,"max_hp_loss":0,"event_name":"Knowing Skull","floor":30,"potions_obtained":[],"gold_loss":0,"cards_obtained":[]}],"is_beta":false,"boss_relics":[{"not_picked":["Fusion Hammer","SacredBark"],"picked":"HoveringKite"}],"items_purged_floors":[29],"is_endless":false,"potions_floor_spawned":[4,7,11,13,16,24,27,28],"killed_by":"hubris:MusketHawk","ascension_level":12}}