{"host":"r7hmxrtwvofdnlkf","time":1613826977,"event":{"mods":["AchievementEnabler","BaseMod","Colored Powertips","Minty Spire (QoL Compilation)","Relic Stats","StSLib"],"gold_per_floor":[112,191,191,210,310,354,369,392,392,406,406,442,442,467,467,598,598,612,83,83,83,106,106,147,147,174,187,187,187,201,236,236,236,236],"floor_reached":33,"language":"ENG","playtime":1443,"items_purged":["Strike_B"],"score":295,"play_id":"5a040f81-8518-414f-a65c-6aac58a3ef5f","local_time":"20210220141617","is_ascension_mode":false,"campfire_choices":[{"floor":11,"key":"REST"},{"floor":13,"key":"REST"},{"data":"Darkness","floor":15,"key":"SMITH"},{"data":"Echo Form","floor":23,"key":"SMITH"},{"data":"Machine Learning","floor":25,"key":"SMITH"},{"floor":29,"key":"REST"},{"floor":32,"key":"REST"}],"circlet_count":0,"master_deck":["Strike_B","Strike_B","Defend_B","Defend_B","Defend_B","Zap","Dualcast","Doom and Gloom","Darkness+1","Lockon","Compile Driver","Compile Driver","Melter","Steam","Echo Form+1","Barrage+1","Glacier+1","Conserve Battery+1","Sweeping Beam+1","Machine Learning+1","Rebound","Leap","Undo","Forethought","Turbo+1","Beam Cell"],"relics":["Cracked Core","Golden Idol","PreservedInsect","Kunai","CaptainsWheel","Inserter","Orrery","Dead Branch","MealTicket","Bronze Scales","Frozen Egg 2"],"acts_visited":["Exordium","TheCity"],"potions_floor_usage":[6,10,16,24,27],"damage_taken":[{"damage":3,"enemies":"Small Slimes","floor":1,"turns":3},{"damage":7,"enemies":"2 Louse","floor":4,"turns":2},{"damage":21,"enemies":"Lagavulin","floor":6,"turns":7},{"damage":0,"enemies":"Cultist","floor":7,"turns":3},{"damage":9,"enemies":"Blue Slaver","floor":8,"turns":3},{"damage":0,"enemies":"2 Fungi Beasts","floor":10,"turns":2},{"damage":14,"enemies":"Gremlin Nob","floor":12,"turns":3},{"damage":10,"enemies":"Gremlin Gang","floor":14,"turns":3},{"damage":14,"enemies":"Hexaghost","floor":16,"turns":7},{"damage":0,"enemies":"Spheric Guardian","floor":18,"turns":2},{"damage":3,"enemies":"Shell Parasite","floor":22,"turns":5},{"damage":19,"enemies":"Book of Stabbing","floor":24,"turns":5},{"damage":15,"enemies":"3 Cultists","floor":27,"turns":6},{"damage":14,"enemies":"Cultist and Chosen","floor":30,"turns":7},{"damage":36,"enemies":"Slavers","floor":31,"turns":5},{"damage":49,"enemies":"Automaton","floor":33,"turns":6}],"seed_played":"-3976142333895374421","potions_obtained":[{"floor":4,"key":"SkillPotion"},{"floor":6,"key":"AttackPotion"},{"floor":14,"key":"FocusPotion"},{"floor":16,"key":"LiquidBronze"},{"floor":24,"key":"AttackPotion"},{"floor":31,"key":"SmokeBomb"}],"is_trial":false,"path_per_floor":["M","?","?","M","?","E","M","M","T","M","R","E","R","M","R","B",null,"M","$","?","?","M","R","E","R","T","M","?","R","M","E","R","B"],"character_chosen":"DEFECT","items_purchased":["Orrery","Dead Branch"],"campfire_rested":4,"item_purchase_floors":[19,19],"current_hp_per_floor":[72,72,54,47,47,26,26,17,17,17,39,25,47,37,37,23,75,75,75,75,75,72,72,53,53,53,38,38,60,46,10,32,0,0],"gold":236,"neow_bonus":"RANDOM_COLORLESS","is_daily":false,"chose_seed":false,"campfire_upgraded":3,"win_rate":0.0,"timestamp":1613826977,"path_taken":["M","?","?","M","?","E","M","M","T","M","R","E","R","M","R","BOSS","M","$","?","?","M","R","E","R","T","M","?","R","?","E","R","BOSS"],"items_purchased_type":["Relic","Relic"],"build_version":"2020-12-22","purchased_purges":1,"victory":false,"max_hp_per_floor":[75,75,75,75,75,75,75,75,75,75,75,75,75,75,75,75,75,75,75,75,75,75,75,75,75,75,75,75,75,75,75,75,75,75],"relic_stats":{"Inserter":[18],"counters":[16,69],"Golden Idol":91,"Dead Branch":[16],"Bronze Scales":[109],"MealTicket":0,"PreservedInsect":101,"Kunai":[4],"obtain_stats":[{"CaptainsWheel":12,"Inserter":17,"Golden Idol":3,"Dead Branch":19,"Bronze Scales":26,"Orrery":19,"MealTicket":24,"PreservedInsect":6,"Kunai":9,"Frozen Egg 2":31,"Cracked Core":0},{"CaptainsWheel":7,"Inserter":9,"Golden Idol":1,"Dead Branch":10,"Bronze Scales":12,"Orrery":10,"MealTicket":12,"PreservedInsect":3,"Kunai":5,"Frozen Egg 2":15,"Cracked Core":0},{"CaptainsWheel":23,"Inserter":33,"Golden Idol":3,"Dead Branch":35,"Bronze Scales":45,"Orrery":35,"MealTicket":45,"PreservedInsect":12,"Kunai":18,"Frozen Egg 2":63,"Cracked Core":0}]},"card_choices":[{"not_picked":["Madness","Mind Blast"],"picked":"Purity","floor":0},{"not_picked":["Hello World","Skim"],"picked":"Doom and Gloom","floor":1},{"not_picked":["Skim","Reinforced Body"],"picked":"Darkness","floor":4},{"not_picked":["Steam","Compile Driver"],"picked":"Lockon","floor":6},{"not_picked":["Gash","Stack","Go for the Eyes"],"picked":"SKIP","floor":7},{"not_picked":["Stack","Go for the Eyes"],"picked":"Compile Driver","floor":8},{"not_picked":["Sweeping Beam","Reinforced Body"],"picked":"Compile Driver","floor":10},{"not_picked":["Gash","Stack"],"picked":"Melter","floor":12},{"not_picked":["Steam Power","Force Field"],"picked":"Steam","floor":14},{"not_picked":["Meteor Strike","All For One"],"picked":"Echo Form","floor":16},{"not_picked":["Ball Lightning+1","Go for the Eyes"],"picked":"Barrage+1","floor":18},{"not_picked":["Static Discharge","Compile Driver"],"picked":"Glacier+1","floor":19},{"not_picked":["Beam Cell","Blizzard"],"picked":"Conserve Battery+1","floor":19},{"not_picked":["Static Discharge","Gash"],"picked":"Sweeping Beam+1","floor":19},{"not_picked":["Recycle","Fusion","Gash"],"picked":"SKIP","floor":22},{"not_picked":["Compile Driver","Doom and Gloom"],"picked":"Leap","floor":24},{"not_picked":["Hello World+1","Heatsinks"],"picked":"Undo","floor":27},{"not_picked":["Beam Cell","Double Energy+1"],"picked":"Turbo+1","floor":30},{"not_picked":["Sweeping Beam","Genetic Algorithm"],"picked":"Beam Cell","floor":31}],"player_experience":177455,"relics_obtained":[{"floor":6,"key":"PreservedInsect"},{"floor":9,"key":"Kunai"},{"floor":12,"key":"CaptainsWheel"},{"floor":24,"key":"MealTicket"},{"floor":26,"key":"Bronze Scales"},{"floor":31,"key":"Frozen Egg 2"}],"event_choices":[{"damage_healed":0,"gold_gain":79,"player_choice":"Gained Gold","damage_taken":0,"max_hp_gain":0,"max_hp_loss":0,"event_name":"Golden Wing","floor":2,"gold_loss":0},{"damage_healed":0,"gold_gain":0,"player_choice":"Take Damage","damage_taken":18,"relics_obtained":["Golden Idol"],"max_hp_gain":0,"max_hp_loss":0,"event_name":"Golden Idol","floor":3,"gold_loss":0},{"damage_healed":0,"gold_gain":100,"player_choice":"Pray","damage_taken":0,"max_hp_gain":0,"max_hp_loss":0,"event_name":"Golden Shrine","floor":5,"gold_loss":0},{"damage_healed":0,"gold_gain":0,"cards_transformed":["Defend_B","Strike_B"],"player_choice":"Became Test Subject","damage_taken":0,"max_hp_gain":0,"max_hp_loss":0,"event_name":"Drug Dealer","floor":20,"gold_loss":0,"cards_obtained":["Machine Learning","Rebound"]},{"damage_healed":0,"gold_gain":0,"player_choice":"Ignored","damage_taken":0,"max_hp_gain":0,"max_hp_loss":0,"event_name":"Vampires","floor":21,"gold_loss":0},{"damage_healed":0,"gold_gain":0,"cards_transformed":["Purity"],"player_choice":"Transformed","damage_taken":0,"max_hp_gain":0,"max_hp_loss":0,"event_name":"Transmorgrifier","floor":28,"gold_loss":0,"cards_obtained":["Forethought"]}],"is_beta":false,"boss_relics":[{"not_picked":["Velvet Choker","Busted Crown"],"picked":"Inserter"}],"items_purged_floors":[19],"is_endless":false,"potions_floor_spawned":[4,6,14,16,24,31],"killed_by":"Automaton","ascension_level":0}}