{"host":"lv7etzzgwahaenh9","time":1613786076,"event":{"mods":["AchievementEnabler","BaseMod","Colored Map","Colored Powertips","Highlight Path","Minty Spire (QoL Compilation)","Permanent Neow","Quick Restart","Random Character Button","StSLib"],"gold_per_floor":[368,383,19,43,143,143,178,178,178,222,246,246,269,298,298,410,410,439,448,461,121,145,145,170,170,170,197,226,267,284,303,303,407,407,426,13,39,60,0,35,56,72,72,110,110,139,160,182,182,182,182,182,86,86,86],"floor_reached":54,"language":"ENG","playtime":3753,"items_purged":["Strike_R","Pain","Strike_R"],"score":1331,"play_id":"e8c3b001-a84b-4c76-a24d-29299663167c","local_time":"20210219175436","is_ascension_mode":true,"campfire_choices":[{"data":"Feed","floor":6.0,"key":"SMITH"},{"floor":8.0,"key":"REST"},{"data":"Fire Breathing","floor":12.0,"key":"SMITH"},{"data":"Wild Strike","floor":15.0,"key":"SMITH"},{"data":"Whirlwind","floor":23.0,"key":"SMITH"},{"data":"Immolate","floor":25.0,"key":"SMITH"},{"data":"Inflame","floor":32.0,"key":"SMITH"},{"data":"Second Wind","floor":45.0,"key":"SMITH"},{"floor":49.0,"key":"RECALL"},{"data":"Evolve","floor":52.0,"key":"SMITH"}],"circlet_count":0,"master_deck":["AscendersBane","Strike_R","Strike_R","Strike_R","Defend_R","Defend_R","Defend_R","Defend_R","Bash","Hemokinesis","Shrug It Off","Feed+1","Carnage","Second Wind+1","Wild Strike+1","Fire Breathing+1","Sever Soul","Evolve+1","Immolate+1","Whirlwind+1","Shrug It Off","Wild Strike+1","Power Through","Clothesline+1","Inflame+1","Impervious","Whirlwind+1","Body Slam+1","Burning Pact","Warcry+1","Shrug It Off+1","Dark Embrace+1","Parasite","Impervious+1"],"relics":["Burning Blood","CeramicFish","HornCleat","Lantern","Eternal Feather","Philosopher\u0027s Stone","WarpedTongs","Strange Spoon","Akabeko","Pear","Regal Pillow","Velvet Choker","Pen Nib","DollysMirror","Red Mask","White Beast Statue","Strawberry","Toxic Egg 2"],"acts_visited":["Exordium","TheCity","TheBeyond","TheEnding"],"potions_floor_usage":[],"damage_taken":[{"damage":8.0,"enemies":"Jaw Worm","floor":1.0,"turns":4.0},{"damage":1.0,"enemies":"Cultist","floor":2.0,"turns":4.0},{"damage":0.0,"enemies":"2 Louse","floor":4.0,"turns":3.0},{"damage":51.0,"enemies":"3 Sentries","floor":7.0,"turns":13.0},{"damage":27.0,"enemies":"Lagavulin","floor":10.0,"turns":6.0},{"damage":7.0,"enemies":"Gremlin Gang","floor":11.0,"turns":4.0},{"damage":7.0,"enemies":"3 Louse","floor":13.0,"turns":3.0},{"damage":0.0,"enemies":"2 Fungi Beasts","floor":14.0,"turns":2.0},{"damage":28.0,"enemies":"Slime Boss","floor":16.0,"turns":8.0},{"damage":21.0,"enemies":"2 Thieves","floor":18.0,"turns":3.0},{"damage":7.0,"enemies":"Chosen","floor":20.0,"turns":3.0},{"damage":29.0,"enemies":"Snecko","floor":22.0,"turns":5.0},{"damage":8.0,"enemies":"Gremlin Leader","floor":24.0,"turns":7.0},{"damage":19.0,"enemies":"Snake Plant","floor":27.0,"turns":2.0},{"damage":2.0,"enemies":"Centurion and Healer","floor":28.0,"turns":8.0},{"damage":11.0,"enemies":"Slavers","floor":29.0,"turns":3.0},{"damage":7.0,"enemies":"Cultist and Chosen","floor":30.0,"turns":5.0},{"damage":21.0,"enemies":"Snake Plant","floor":31.0,"turns":3.0},{"damage":54.0,"enemies":"Collector","floor":33.0,"turns":10.0},{"damage":10.0,"enemies":"3 Darklings","floor":35.0,"turns":2.0},{"damage":0.0,"enemies":"3 Shapes","floor":37.0,"turns":2.0},{"damage":3.0,"enemies":"Maw","floor":38.0,"turns":5.0},{"damage":31.0,"enemies":"Reptomancer","floor":40.0,"turns":6.0},{"damage":25.0,"enemies":"Transient","floor":41.0,"turns":5.0},{"damage":2.0,"enemies":"Sphere and 2 Shapes","floor":42.0,"turns":4.0},{"damage":25.0,"enemies":"Giant Head","floor":44.0,"turns":8.0},{"damage":0.0,"enemies":"Reptomancer","floor":46.0,"turns":3.0},{"damage":10.0,"enemies":"Writhing Mass","floor":47.0,"turns":6.0},{"damage":45.0,"enemies":"Spire Growth","floor":48.0,"turns":5.0},{"damage":75.0,"enemies":"Awakened One","floor":50.0,"turns":12.0},{"damage":135,"enemies":"Shield and Spear","floor":54,"turns":6}],"seed_played":"-6305069492174074433","potions_obtained":[{"floor":7.0,"key":"Regen Potion"},{"floor":14.0,"key":"Fire Potion"},{"floor":16.0,"key":"Dexterity Potion"},{"floor":18.0,"key":"DistilledChaos"},{"floor":22.0,"key":"SpeedPotion"},{"floor":28.0,"key":"EssenceOfSteel"},{"floor":29.0,"key":"EssenceOfSteel"},{"floor":31.0,"key":"SkillPotion"},{"floor":35.0,"key":"BloodPotion"},{"floor":40.0,"key":"SteroidPotion"},{"floor":41.0,"key":"Swift Potion"},{"floor":44.0,"key":"EssenceOfSteel"},{"floor":46.0,"key":"Strength Potion"},{"floor":47.0,"key":"ElixirPotion"},{"floor":48.0,"key":"Weak Potion"}],"is_trial":false,"path_per_floor":["M","M","$","M","?","R","E","R","T","E","M","R","M","M","R","B",null,"M","?","M","$","M","R","E","R","T","M","M","E","M","M","R","B",null,"M","$","M","M","?","E","M","M","T","E","R","E","M","M","R","B",null,"R","$","E"],"character_chosen":"IRONCLAD","items_purchased":["Feed","CeramicFish","Strange Spoon","Shrug It Off","BloodPotion","Pen Nib","DollysMirror","SteroidPotion","BlessingOfTheForge"],"campfire_rested":1,"item_purchase_floors":[3,3,21,21,21,36,36,53,53],"current_hp_per_floor":[49,54,54,63,63,63,22,48,48,42,45,54,57,67,76,54,88,77,77,76,76,73,85,83,95,105,92,100,95,98,83,98,50,103,99,99,105,112,112,112,93,97,97,85,103,109,105,66,84,15,103,121,121,0,0],"gold":86,"neow_bonus":"TWO_FIFTY_GOLD","is_daily":false,"chose_seed":false,"campfire_upgraded":8,"win_rate":0.0,"timestamp":1613786076,"path_taken":["M","M","$","M","?","R","E","R","T","E","M","R","?","M","R","BOSS","M","?","M","$","?","R","E","R","T","M","M","E","M","M","R","BOSS","M","$","M","M","?","E","M","M","T","E","R","E","M","M","R","BOSS","R","$","E"],"items_purchased_type":["Card","Relic","Relic","Card","Potion","Relic","Relic","Potion","Potion"],"build_version":"2020-12-22","purchased_purges":3,"victory":false,"max_hp_per_floor":[80,80,80,83,83,83,87,87,87,87,91,91,95,99,99,99,99,103,103,103,103,103,103,103,103,113,113,117,117,121,121,121,121,121,121,121,121,125,125,125,125,125,125,132,132,132,132,132,132,132,132,132,132,132,132],"card_choices":[{"not_picked":["Clash","Bloodletting"],"picked":"Hemokinesis","floor":1.0},{"not_picked":["Clash","Headbutt"],"picked":"Shrug It Off","floor":2.0},{"not_picked":["Shockwave","Havoc"],"picked":"Carnage","floor":4.0},{"not_picked":["Spot Weakness","Shockwave"],"picked":"Second Wind","floor":7.0},{"not_picked":["Bloodletting","Iron Wave"],"picked":"Wild Strike","floor":10.0},{"not_picked":["Exhume","Twin Strike"],"picked":"Fire Breathing","floor":11.0},{"not_picked":["Iron Wave","Ghostly Armor"],"picked":"Sever Soul","floor":13.0},{"not_picked":["Rampage","Burning Pact"],"picked":"Evolve","floor":14.0},{"not_picked":["Reaper","Demon Form"],"picked":"Immolate","floor":16.0},{"not_picked":["Dual Wield","Clothesline"],"picked":"Whirlwind","floor":18.0},{"not_picked":["Havoc","Iron Wave","Anger"],"picked":"SKIP","floor":20.0},{"not_picked":["Blood for Blood","Sword Boomerang"],"picked":"Wild Strike+1","floor":22.0},{"not_picked":["Rage","Perfected Strike","Body Slam"],"picked":"SKIP","floor":24.0},{"not_picked":["Heavy Blade","Juggernaut"],"picked":"Power Through","floor":27.0},{"not_picked":["Entrench","Body Slam"],"picked":"Clothesline+1","floor":28.0},{"not_picked":["Clash","Rage+1"],"picked":"Inflame","floor":29.0},{"not_picked":["Thunderclap","Anger","Warcry"],"picked":"SKIP","floor":30.0},{"not_picked":["Thunderclap","Anger","Warcry"],"picked":"SKIP","floor":30.0},{"not_picked":["Limit Break","Havoc","Uppercut"],"picked":"SKIP","floor":31.0},{"not_picked":["Brutality","Exhume"],"picked":"Impervious","floor":33.0},{"not_picked":["Thunderclap","Dropkick+1","Anger"],"picked":"SKIP","floor":35.0},{"not_picked":["Sword Boomerang","Anger+1"],"picked":"Body Slam+1","floor":37.0},{"not_picked":["Dropkick","Anger"],"picked":"Burning Pact","floor":38.0},{"not_picked":["Anger","Sentinel"],"picked":"Warcry+1","floor":40.0},{"not_picked":["Body Slam","Twin Strike+1"],"picked":"Shrug It Off+1","floor":41.0},{"not_picked":["Cleave","Heavy Blade","Rupture"],"picked":"SKIP","floor":42.0},{"not_picked":["Rage","Shrug It Off+1"],"picked":"Dark Embrace+1","floor":44.0},{"not_picked":["Havoc+1","Twin Strike","Fire Breathing"],"picked":"SKIP","floor":46.0},{"not_picked":["Wild Strike","Blood for Blood","Anger"],"picked":"SKIP","floor":47.0},{"not_picked":["Wild Strike","Infernal Blade+1"],"picked":"Impervious+1","floor":48.0}],"player_experience":458450,"relics_obtained":[{"floor":7.0,"key":"HornCleat"},{"floor":9.0,"key":"Lantern"},{"floor":10.0,"key":"Eternal Feather"},{"floor":24.0,"key":"Akabeko"},{"floor":26.0,"key":"Pear"},{"floor":29.0,"key":"Regal Pillow"},{"floor":40.0,"key":"White Beast Statue"},{"floor":44.0,"key":"Strawberry"},{"floor":46.0,"key":"Toxic Egg 2"}],"event_choices":[{"damage_healed":0.0,"max_hp_gain":0.0,"max_hp_loss":0.0,"gold_gain":100.0,"event_name":"Wheel of Change","player_choice":"Gold","floor":5.0,"gold_loss":0.0,"damage_taken":0.0},{"damage_healed":0.0,"max_hp_gain":0.0,"max_hp_loss":0.0,"gold_gain":0.0,"event_name":"Accursed Blacksmith","player_choice":"Rummage","floor":19.0,"gold_loss":0.0,"damage_taken":0.0,"relics_obtained":["WarpedTongs"],"cards_obtained":["Pain"]},{"damage_healed":0.0,"max_hp_gain":0.0,"max_hp_loss":0.0,"gold_gain":0.0,"event_name":"Tomb of Lord Red Mask","player_choice":"Paid","floor":39.0,"gold_loss":60.0,"damage_taken":0.0,"relics_obtained":["Red Mask"]}],"is_beta":false,"boss_relics":[{"not_picked":["Sozu","Tiny House"],"picked":"Philosopher\u0027s Stone"},{"not_picked":["Snecko Eye","Runic Dome"],"picked":"Velvet Choker"}],"items_purged_floors":[3,21,36],"is_endless":false,"potions_floor_spawned":[7,14,16,18,22,28,29,31,35,40,41,42,44,46,47,48],"killed_by":"Shield and Spear","ascension_level":12}}