{"host":"bakf0s4odzu8z5xt","time":1613848840,"event":{"mods":["2.2 Compatiblity","BaseMod","Downfall","Friendly Minions","Minty Spire (QoL Compilation)","StSLib"],"gold_per_floor":[99,115,134,134,134,134,134,44,56,82,82,18,3,3,16,16,16,16],"floor_reached":16,"language":"ENG","playtime":905,"items_purged":["bronze:Strike"],"score":113,"play_id":"84dfb4a6-ddc6-414e-bf5f-571d8c9f0962","local_time":"20210220132040","is_ascension_mode":true,"campfire_choices":[{"data":"bronze:Replicate","floor":1,"key":"SMITH"},{"data":"bronze:MaxOutput","floor":6,"key":"SMITH"},{"floor":11,"key":"REST"}],"circlet_count":0,"master_deck":["bronze:Defend","bronze:Defend","bronze:Defend","bronze:Replicate+1","bronze:Goto","bronze:OilSpill","bronze:Fortify","bronze:MaxOutput+1","bronze:Mutator","bronze:ShipIt","bronze:ItsAFeature","bronze:Iterate"],"relics":["bronze:BronzeCore","StrikeDummy","champ:DuelingGlove"],"acts_visited":["Exordium"],"potions_floor_usage":[16],"damage_taken":[{"damage":7,"enemies":"Small Slimes","floor":2,"turns":4},{"damage":7,"enemies":"Jaw Worm","floor":3,"turns":2},{"damage":0,"enemies":"downfall:FleeingMerchant","floor":8,"turns":4},{"damage":0,"enemies":"Cultist","floor":9,"turns":2},{"damage":21,"enemies":"3 Sentries","floor":10,"turns":7},{"damage":5,"enemies":"downfall:FleeingMerchant","floor":12,"turns":4},{"damage":13,"enemies":"downfall:FleeingMerchant","floor":13,"turns":4},{"damage":14,"enemies":"Exordium Thugs","floor":15,"turns":6},{"damage":4,"enemies":"SI_SHIV_ARCHETYPE","floor":16,"turns":3}],"seed_played":"-9094547450405127073","potions_obtained":[{"floor":2,"key":"LiquidBronze"},{"floor":10,"key":"hexamod:SoulburnPotion"},{"floor":15,"key":"Swift Potion"}],"is_trial":false,"path_per_floor":["R","M","M","?","?","R","T","$","M","E","R","$","$","?","M","B"],"character_chosen":"THE_AUTOMATON","items_purchased":["PowerPotion"],"campfire_rested":1,"item_purchase_floors":[12],"current_hp_per_floor":[49,42,35,35,35,35,35,35,35,14,35,30,17,17,3,0,0,0],"gold":16,"neow_bonus":"REMOVE_TWO","is_daily":false,"chose_seed":false,"campfire_upgraded":2,"win_rate":0.0,"timestamp":1613848840,"path_taken":["R","M","M","?","?","R","T","$","?","E","R","?","$","?","M","BOSS"],"items_purchased_type":["Potion"],"build_version":"2020-12-22","purchased_purges":1,"victory":false,"max_hp_per_floor":[70,70,70,70,70,70,70,70,70,70,70,70,70,70,70,70,70,70],"card_choices":[{"not_picked":["bronze:DarkDash","bronze:BitShift"],"picked":"bronze:OilSpill","floor":2},{"not_picked":["bronze:DelayedGuard","bronze:Turbo"],"picked":"bronze:Fortify","floor":3},{"not_picked":["bronze:Constructor","bronze:OilSpill"],"picked":"bronze:Mutator","floor":8},{"not_picked":["bronze:BitShift","bronze:DelayedSlice","bronze:Overheat"],"picked":"SKIP","floor":9},{"not_picked":["bronze:BuggyMess","bronze:Frontload","bronze:ShipIt"],"picked":"SKIP","floor":10},{"not_picked":["bronze:BuggyMess","bronze:Frontload"],"picked":"bronze:ShipIt","floor":10},{"not_picked":["bronze:FineTuning","bronze:BuggyMess"],"picked":"bronze:ItsAFeature","floor":12},{"not_picked":["bronze:Refactor","bronze:Overload"],"picked":"bronze:Iterate","floor":13},{"not_picked":["bronze:Branch","bronze:Deprecate","bronze:Turbo"],"picked":"SKIP","floor":15}],"player_experience":2234104,"relics_obtained":[{"floor":7,"key":"StrikeDummy"},{"floor":10,"key":"champ:DuelingGlove"}],"event_choices":[{"cards_removed":["bronze:Strike"],"damage_healed":0,"gold_gain":0,"player_choice":"Card Removal","damage_taken":0,"max_hp_gain":0,"max_hp_loss":0,"event_name":"The Cleric","floor":14,"gold_loss":0}],"is_beta":false,"boss_relics":[],"items_purged_floors":[8],"is_endless":false,"potions_floor_spawned":[2,10,15],"killed_by":"SI_SHIV_ARCHETYPE","ascension_level":3}}