{"host":"bujo36x4gho9hf3m","time":1613841456,"event":{"mods":["BaseMod","Minty Spire (QoL Compilation)"],"gold_per_floor":[114,114,130,141,156,181,35,62,62,78,105,105,123,123,123,223,273,290,290,301,301,318,343,362,362,362,392,471,31,47,47,47,147,147,163,181,181,181,192,227,227,253,324,363,390,390,390],"floor_reached":46,"language":"DEU","playtime":2225,"items_purged":[],"score":856,"play_id":"400ea752-db4b-4986-828b-227d46947ec3","local_time":"20210220181736","is_ascension_mode":true,"campfire_choices":[{"data":"Fiend Fire","floor":12,"key":"SMITH"},{"data":"Wild Strike","floor":15,"key":"SMITH"},{"data":"Barricade","floor":25,"key":"SMITH"},{"data":"True Grit","floor":32,"key":"SMITH"},{"floor":41,"key":"REST"}],"circlet_count":0,"master_deck":["Strike_R+1","Strike_R","Defend_R","Defend_R","Defend_R","Defend_R","Bash","Power Through","Wild Strike+1","Feel No Pain","Shrug It Off","Feed","True Grit+1","Dark Embrace","Fiend Fire+1","Fire Breathing","Regret","Immolate+1","Shrug It Off","Second Wind","RitualDagger","Metallicize+1","Power Through+1","Barricade+1","Fire Breathing","Impervious","Bloodletting+1","Perfected Strike+1","Thunderclap+1","Dark Shackles","Brutality+1","Havoc+1"],"relics":["Runic Pyramid","Toy Ornithopter","Lee\u0027s Waffle","Ancient Tea Set","Akabeko","Eternal Feather","Happy Flower","Tiny House","Darkstone Periapt","Bronze Scales","PreservedInsect","InkBottle","Gambling Chip","HandDrill","Astrolabe","Anchor","Frozen Egg 2","CeramicFish"],"acts_visited":["Exordium","TheCity","TheBeyond"],"potions_floor_usage":[6,6,11,23,23,27,27,44,46],"damage_taken":[{"damage":0,"enemies":"2 Louse","floor":1,"turns":3},{"damage":0,"enemies":"Cultist","floor":3,"turns":3},{"damage":0,"enemies":"Jaw Worm","floor":4,"turns":3},{"damage":16,"enemies":"Blue Slaver","floor":5,"turns":3},{"damage":27,"enemies":"Lagavulin","floor":6,"turns":8},{"damage":34,"enemies":"Gremlin Nob","floor":8,"turns":5},{"damage":2,"enemies":"2 Fungi Beasts","floor":10,"turns":4},{"damage":4,"enemies":"3 Sentries","floor":11,"turns":7},{"damage":2,"enemies":"3 Louse","floor":13,"turns":4},{"damage":0,"enemies":"Slime Boss","floor":16,"turns":4},{"damage":14,"enemies":"Spheric Guardian","floor":18,"turns":4},{"damage":15,"enemies":"3 Byrds","floor":20,"turns":6},{"damage":2,"enemies":"Cultist and Chosen","floor":22,"turns":4},{"damage":17,"enemies":"Gremlin Leader","floor":23,"turns":5},{"damage":9,"enemies":"Snake Plant","floor":24,"turns":3},{"damage":19,"enemies":"Book of Stabbing","floor":27,"turns":5},{"damage":0,"enemies":"Snecko","floor":30,"turns":3},{"damage":26,"enemies":"Collector","floor":33,"turns":10},{"damage":7,"enemies":"Orb Walker","floor":35,"turns":4},{"damage":3,"enemies":"3 Darklings","floor":36,"turns":3},{"damage":32,"enemies":"Maw","floor":39,"turns":10},{"damage":43,"enemies":"Nemesis","floor":40,"turns":5},{"damage":34,"enemies":"Reptomancer","floor":42,"turns":7},{"damage":2,"enemies":"Giant Head","floor":44,"turns":8},{"damage":5,"enemies":"Spire Growth","floor":45,"turns":6},{"damage":66,"enemies":"Transient","floor":46,"turns":4}],"seed_played":"-3977061000106624765","potions_obtained":[{"floor":1,"key":"EssenceOfSteel"},{"floor":4,"key":"Weak Potion"},{"floor":10,"key":"AttackPotion"},{"floor":13,"key":"DistilledChaos"},{"floor":17,"key":"DistilledChaos"},{"floor":22,"key":"Strength Potion"},{"floor":23,"key":"Dexterity Potion"},{"floor":27,"key":"Ancient Potion"},{"floor":33,"key":"LiquidBronze"},{"floor":40,"key":"SpeedPotion"},{"floor":42,"key":"AttackPotion"},{"floor":45,"key":"ElixirPotion"}],"is_trial":false,"path_per_floor":["M","?","M","M","M","E","$","E","T","M","E","R","M","?","R","B",null,"M","?","M","?","M","E","M","R","T","E","T","$","M","$","R","B",null,"M","M","?","?","M","E","R","E","T","E","M","M"],"character_chosen":"IRONCLAD","items_purchased":["Lee\u0027s Waffle","Gambling Chip","HandDrill"],"campfire_rested":1,"item_purchase_floors":[7,29,29],"current_hp_per_floor":[72,72,72,72,56,29,87,56,56,57,61,70,71,71,83,83,100,86,80,65,65,63,56,50,65,65,56,56,56,56,56,71,45,92,85,82,82,82,50,7,57,23,23,26,24,0,0],"gold":390,"neow_bonus":"BOSS_RELIC","is_daily":false,"chose_seed":false,"campfire_upgraded":4,"win_rate":0.0,"timestamp":1613841456,"path_taken":["M","?","M","M","M","E","$","E","T","?","E","R","M","?","R","BOSS","M","?","M","?","M","E","M","R","T","E","?","$","M","?","R","BOSS","M","M","?","?","M","E","R","E","T","E","M","M"],"items_purchased_type":["Relic","Relic","Relic"],"build_version":"2020-12-22","purchased_purges":0,"victory":false,"max_hp_per_floor":[80,80,80,80,80,80,87,90,90,93,96,96,99,99,99,99,104,104,104,104,104,104,104,107,107,107,107,107,107,107,107,107,107,107,107,107,107,107,107,107,107,107,107,107,110,110,110],"card_choices":[{"not_picked":["Havoc","Blood for Blood"],"picked":"Power Through","floor":1},{"not_picked":["Armaments","Dual Wield"],"picked":"Wild Strike","floor":3},{"not_picked":["Perfected Strike","Clash"],"picked":"Feel No Pain","floor":4},{"not_picked":["Sword Boomerang","Clothesline"],"picked":"Shrug It Off","floor":5},{"not_picked":["Intimidate","Thunderclap"],"picked":"Feed","floor":6},{"not_picked":["Clothesline","Heavy Blade"],"picked":"True Grit","floor":8},{"not_picked":["Iron Wave","Armaments"],"picked":"Dark Embrace","floor":10},{"not_picked":["Clothesline","Spot Weakness"],"picked":"Fiend Fire","floor":11},{"not_picked":["True Grit","Perfected Strike"],"picked":"Fire Breathing","floor":13},{"not_picked":["Double Tap","Limit Break"],"picked":"Immolate","floor":16},{"not_picked":["Dual Wield","Twin Strike"],"picked":"Shrug It Off","floor":17},{"not_picked":["Twin Strike","Flex"],"picked":"Second Wind","floor":18},{"not_picked":["Headbutt","Cleave","Ghostly Armor+1"],"picked":"SKIP","floor":20},{"not_picked":["Spot Weakness","Wild Strike"],"picked":"Metallicize+1","floor":22},{"not_picked":["Rampage","Shrug It Off"],"picked":"Power Through+1","floor":23},{"not_picked":["Wild Strike","Thunderclap"],"picked":"Barricade","floor":24},{"not_picked":["Flex","Warcry"],"picked":"Fire Breathing","floor":27},{"not_picked":["Flex","Uppercut+1","Armaments"],"picked":"SKIP","floor":30},{"not_picked":["Immolate","Brutality"],"picked":"Impervious","floor":33},{"not_picked":["Heavy Blade","Flex+1","Iron Wave+1"],"picked":"SKIP","floor":35},{"not_picked":["Twin Strike+1","Iron Wave+1","Clothesline+1"],"picked":"SKIP","floor":36},{"not_picked":["Deep Breath","Blind"],"picked":"Dark Shackles","floor":37},{"not_picked":["Thunderclap+1","Pummel+1","Cleave"],"picked":"SKIP","floor":39},{"not_picked":["Disarm","Pummel+1","Dark Embrace"],"picked":"SKIP","floor":40},{"not_picked":["Dual Wield+1","Uppercut+1","Heavy Blade+1"],"picked":"SKIP","floor":42},{"not_picked":["Anger","Sever Soul"],"picked":"Brutality+1","floor":44},{"not_picked":["Shrug It Off","Ghostly Armor"],"picked":"Havoc+1","floor":45}],"player_experience":391393,"relics_obtained":[{"floor":6,"key":"Toy Ornithopter"},{"floor":8,"key":"Ancient Tea Set"},{"floor":9,"key":"Akabeko"},{"floor":11,"key":"Eternal Feather"},{"floor":23,"key":"Darkstone Periapt"},{"floor":26,"key":"Bronze Scales"},{"floor":27,"key":"PreservedInsect"},{"floor":28,"key":"InkBottle"},{"floor":40,"key":"Anchor"},{"floor":42,"key":"Frozen Egg 2"},{"floor":44,"key":"CeramicFish"}],"event_choices":[{"damage_healed":0,"gold_gain":0,"player_choice":"Bought 0 Potions","damage_taken":0,"max_hp_gain":0,"max_hp_loss":0,"event_name":"The Woman in Blue","floor":2,"gold_loss":0},{"damage_healed":0,"gold_gain":0,"player_choice":"Box","damage_taken":0,"relics_obtained":["Happy Flower"],"max_hp_gain":0,"max_hp_loss":0,"event_name":"Big Fish","floor":14,"gold_loss":0,"cards_obtained":["Regret"]},{"damage_healed":0,"gold_gain":0,"player_choice":"Joined the Cult","damage_taken":6,"max_hp_gain":0,"max_hp_loss":0,"event_name":"Nest","floor":19,"gold_loss":0,"cards_obtained":["RitualDagger"]},{"damage_healed":0,"gold_gain":0,"player_choice":"Ignored","damage_taken":0,"max_hp_gain":0,"max_hp_loss":0,"event_name":"Vampires","floor":21,"gold_loss":0},{"damage_healed":0,"gold_gain":0,"player_choice":"Memory 1","damage_taken":0,"max_hp_gain":0,"max_hp_loss":0,"event_name":"SensoryStone","floor":37,"gold_loss":0},{"damage_healed":0,"gold_gain":0,"player_choice":"Upgraded","damage_taken":0,"max_hp_gain":0,"max_hp_loss":0,"event_name":"Upgrade Shrine","floor":38,"gold_loss":0,"cards_upgraded":["Immolate"]}],"is_beta":false,"boss_relics":[{"not_picked":["Snecko Eye","Sozu"],"picked":"Tiny House"},{"not_picked":["Velvet Choker","Empty Cage"],"picked":"Astrolabe"}],"items_purged_floors":[],"is_endless":false,"potions_floor_spawned":[1,4,10,13,22,23,27,33,40,42,45],"killed_by":"Transient","ascension_level":6}}