{"host":"fhwr1fuluf6086fh","time":1613796215,"event":{"mods":["2.2 Compatiblity","Act Like it!","BaseMod","Colored Map","Downfall","Elementarium","Minty Spire (QoL Compilation)","StSLib"],"gold_per_floor":[99,119,138,149,149,149,149,165,178,190,202,202,235,43,53,155,155,155,169,54,67,77,77,77,97,110,123,113,113,113,140,170,182,182],"floor_reached":33,"language":"ENG","playtime":4664,"items_purged":["Clumsy","bronze:Strike"],"score":300,"play_id":"c61d12bf-ac04-49ce-b1bc-c49886101346","local_time":"20210219234335","is_ascension_mode":false,"campfire_choices":[{"data":"bronze:Goto","floor":1,"key":"SMITH"},{"data":"bronze:Invalidate","floor":6,"key":"SMITH"},{"data":"bronze:Frontload","floor":12,"key":"SMITH"},{"data":"bronze:Format","floor":18,"key":"SMITH"},{"data":"bronze:Replicate","floor":23,"key":"SMITH"},{"floor":30,"key":"DIG"}],"circlet_count":0,"master_deck":["bronze:Defend","bronze:Defend","bronze:Defend","bronze:Defend","bronze:Replicate+1","bronze:Goto+1","bronze:DelayedSlice","bronze:Frontload+1","bronze:Iterate","bronze:Invalidate+1","bronze:MaxOutput","bronze:ForceShield","bronze:DigitalCarnage","bronze:WhirlingStrike","bronze:Iterate","bronze:BugBarrage","bronze:BitShift","bronze:HardenedForm","bronze:OilSpill","bronze:BitShift","bronze:BugBarrage","bronze:Format+1","bronze:CutThrough+1","bronze:Verify","bronze:Philosophize","bronze:ChildClass","bronze:ForLoop+1","bronze:BronzeOrb","bronze:DelayedGuard","Elementarium:GildedEssence","Dark Shackles","Metallicize","bronze:FindAndReplace","bronze:ForceShield"],"relics":["bronze:BronzeCore","Pocketwatch","MealTicket","bronze:MakeshiftBattery","Shovel","Potion Belt","MawBank"],"acts_visited":["Exordium","Elementarium:Elementarium"],"potions_floor_usage":[33,33,33],"damage_taken":[{"damage":0,"enemies":"2 Louse","floor":2,"turns":3},{"damage":0,"enemies":"Cultist","floor":3,"turns":5},{"damage":1,"enemies":"Jaw Worm","floor":4,"turns":3},{"damage":2,"enemies":"Blue Slaver","floor":8,"turns":3},{"damage":0,"enemies":"2 Fungi Beasts","floor":9,"turns":2},{"damage":0,"enemies":"Large Slime","floor":10,"turns":2},{"damage":4,"enemies":"Gremlin Gang","floor":11,"turns":3},{"damage":8,"enemies":"Lagavulin","floor":13,"turns":6},{"damage":10,"enemies":"downfall:FleeingMerchant","floor":14,"turns":4},{"damage":7,"enemies":"Exordium Thugs","floor":15,"turns":2},{"damage":20,"enemies":"SI_SHIV_ARCHETYPE","floor":16,"turns":5},{"damage":13,"enemies":"Elementarium:MUD_AND_TAR_GOLEMS","floor":19,"turns":3},{"damage":5,"enemies":"downfall:FleeingMerchant","floor":20,"turns":4},{"damage":0,"enemies":"Elementarium:2_ELEMENTALS","floor":21,"turns":2},{"damage":5,"enemies":"Elementarium:Hydrostalker","floor":22,"turns":6},{"damage":4,"enemies":"Elementarium:STONE_GOLEMS","floor":25,"turns":5},{"damage":2,"enemies":"Elementarium:VOID_CORRUPTION_AND_ORB_OF_FIRE","floor":26,"turns":4},{"damage":1,"enemies":"Elementarium:CYCLONE_AND_ORB_OF_FIRE","floor":27,"turns":4},{"damage":0,"enemies":"Elementarium:ElementalPortal","floor":31,"turns":8},{"damage":9,"enemies":"Elementarium:RubyGolem","floor":32,"turns":2},{"damage":87,"enemies":"DF_ARCHETYPE_CLAW","floor":33,"turns":5}],"seed_played":"2912917212194449792","potions_obtained":[{"floor":3,"key":"AttackPotion"},{"floor":4,"key":"Fire Potion"},{"floor":9,"key":"DuplicationPotion"},{"floor":22,"key":"PowerPotion"},{"floor":32,"key":"champ:CounterPotion"}],"is_trial":false,"path_per_floor":["R","M","M","M","?","R","T","M","M","M","M","R","E","$","M","B",null,"R","M","$","M","M","R","T","M","M","M","?","?","R","E","M","B"],"character_chosen":"THE_AUTOMATON","items_purchased":["bronze:OilSpill","bronze:BitShift"],"campfire_rested":0,"item_purchase_floors":[14,14],"current_hp_per_floor":[77,77,77,76,76,76,76,74,74,74,70,70,62,67,60,40,77,77,64,72,72,67,67,67,63,61,60,60,60,60,60,51,0,0],"gold":182,"neow_bonus":"TEN_PERCENT_HP_BONUS","is_daily":false,"chose_seed":false,"campfire_upgraded":5,"win_rate":0.0,"timestamp":1613796215,"path_taken":["R","M","M","M","?","R","T","M","?","M","M","R","E","?","M","BOSS","R","M","$","M","M","R","T","M","M","M","?","?","R","E","M","BOSS"],"items_purchased_type":["Card","Card"],"build_version":"2020-12-22","purchased_purges":2,"victory":false,"max_hp_per_floor":[77,77,77,77,77,77,77,77,77,77,77,77,77,77,77,77,77,77,77,77,77,77,77,77,77,77,77,77,77,77,77,77,77,77],"card_choices":[{"not_picked":["bronze:CutThrough","bronze:WhirlingStrike"],"picked":"bronze:DelayedSlice","floor":2},{"not_picked":["bronze:ForceShield","bronze:BugBarrage"],"picked":"bronze:Frontload","floor":3},{"not_picked":["bronze:Safeguard","bronze:MaxOutput"],"picked":"bronze:Iterate","floor":4},{"not_picked":["bronze:Shield","bronze:Overheat"],"picked":"bronze:DigitalCarnage","floor":8},{"not_picked":["bronze:WildBeam","bronze:Turbo"],"picked":"bronze:WhirlingStrike","floor":9},{"not_picked":["bronze:Deprecate","bronze:Invalidate"],"picked":"bronze:Iterate","floor":10},{"not_picked":["bronze:Deprecate","bronze:Frontload"],"picked":"bronze:BugBarrage","floor":11},{"not_picked":["bronze:BurnOut","bronze:DelayedSlice"],"picked":"bronze:BitShift","floor":13},{"not_picked":["bronze:Frontload","bronze:BitShift"],"picked":"bronze:HardenedForm","floor":14},{"not_picked":["bronze:Overheat","bronze:BuggyMess"],"picked":"bronze:BugBarrage","floor":15},{"not_picked":["bronze:Assembly","bronze:HyperBeam"],"picked":"bronze:Format","floor":16},{"not_picked":["bronze:BitShift","bronze:Frontload"],"picked":"bronze:CutThrough+1","floor":19},{"not_picked":["bronze:Deprecate+1","bronze:DelayedSlice"],"picked":"bronze:Verify","floor":20},{"not_picked":["bronze:BugBarrage","bronze:Iterate"],"picked":"bronze:Philosophize","floor":21},{"not_picked":["bronze:WhirlingStrike+1","bronze:Turbo"],"picked":"bronze:ChildClass","floor":22},{"not_picked":["bronze:Overheat+1","bronze:WildBeam"],"picked":"bronze:ForLoop+1","floor":25},{"not_picked":["bronze:BitShift","bronze:DigitalCarnage"],"picked":"bronze:BronzeOrb","floor":26},{"not_picked":["bronze:BuggyMess","bronze:GetLatest"],"picked":"bronze:DelayedGuard","floor":27},{"not_picked":["Enlightenment","Discovery"],"picked":"Dark Shackles","floor":29},{"not_picked":["Guardian:TemporalShield","sneckomod:CheapStock"],"picked":"Metallicize","floor":29},{"not_picked":["bronze:DigitalCarnage+1","bronze:OilSpill"],"picked":"bronze:FindAndReplace","floor":31},{"not_picked":["bronze:CutThrough","bronze:Iterate+1"],"picked":"bronze:ForceShield","floor":32}],"player_experience":965616,"relics_obtained":[{"floor":7,"key":"Pocketwatch"},{"floor":13,"key":"MealTicket"},{"floor":24,"key":"Shovel"},{"floor":30,"key":"Potion Belt"},{"floor":31,"key":"MawBank"}],"event_choices":[{"damage_healed":0,"gold_gain":0,"player_choice":"Toss","damage_taken":0,"max_hp_gain":0,"max_hp_loss":0,"event_name":"Elementarium:OnrushingOffering","floor":28,"gold_loss":10,"cards_obtained":["Elementarium:GildedEssence"]},{"damage_healed":0,"gold_gain":0,"player_choice":"Machinery","damage_taken":0,"max_hp_gain":0,"max_hp_loss":0,"event_name":"Elementarium:IncubationChamber","floor":29,"gold_loss":0}],"is_beta":false,"boss_relics":[{"not_picked":["Sozu","SlaversCollar"],"picked":"bronze:MakeshiftBattery"}],"items_purged_floors":[14,20],"is_endless":false,"potions_floor_spawned":[3,4,9,15,21,22,32],"killed_by":"DF_ARCHETYPE_CLAW","ascension_level":0}}