{"host":"iggyqwhh1tk9qczq","time":1613857160,"event":{"mods":["BaseMod","Downfall","Googly Eyes","Minty Spire (QoL Compilation)","StSLib","The Disciple","The Mystic","The Necromancer","The Runesmith","The Servant 0.9.4","Together in Spire","Yuri Mod"],"gold_per_floor":[112,41,55,72,72,72,107,107,176,202,202,202,217,235,235,333,333,349,349,349,362,136,156,156,156,208,236,248,248,283,312,324,431,443,471,499,511,268,280,280,306,306,332,332,332,332],"floor_reached":45,"language":"ENG","playtime":1796,"items_purged":["Strike_R","Strike_R"],"score":516,"play_id":"1dcbb241-4a9f-44e0-ac07-6652046a93e1","local_time":"20210220133920","is_ascension_mode":false,"campfire_choices":[{"data":"Heavy Blade","floor":6.0,"key":"SMITH"},{"data":"Sword Boomerang","floor":8.0,"key":"SMITH"},{"data":"Inflame","floor":15.0,"key":"SMITH"},{"floor":24,"key":"REST"},{"data":"Limit Break","floor":29,"key":"SMITH"},{"data":"Cleave","floor":32,"key":"SMITH"},{"data":"Berserk","floor":40,"key":"SMITH"}],"circlet_count":0,"master_deck":["Strike_R+1","Strike_R","Defend_R+1","Defend_R+1","Bash","Twin Strike","Inflame+1","Heavy Blade+1","Sword Boomerang+1","Bloodletting","Spot Weakness","Immolate","Wild Strike","Limit Break+1","Thunderclap","Cleave","Pummel+1","Immolate","Cleave+1","Evolve","Berserk+1","Inflame+1","Rage+1","Writhe"],"relics":["Burning Blood","NeowsBlessing","Red Skull","Matryoshka","Self Forming Clay","Kunai","Empty Cage","PreservedInsect","Bag of Preparation","Tiny Chest","Toy Ornithopter","MawBank","SlaversCollar","War Paint","Runesmith:AutoHammer","Mercury Hourglass","Dream Catcher","MealTicket"],"acts_visited":["Exordium","TheCity","TheBeyond"],"potions_floor_usage":[21,30,31,33,33,36],"damage_taken":[{"damage":0.0,"enemies":"Cultist","floor":1.0,"turns":1.0},{"damage":0.0,"enemies":"Jaw Worm","floor":3.0,"turns":1.0},{"damage":0.0,"enemies":"Small Slimes","floor":4.0,"turns":2.0},{"damage":17.0,"enemies":"Gremlin Nob","floor":7.0,"turns":4.0},{"damage":12.0,"enemies":"3 Sentries","floor":10.0,"turns":7.0},{"damage":10.0,"enemies":"Blue Slaver","floor":13.0,"turns":3.0},{"damage":10.0,"enemies":"2 Fungi Beasts","floor":14.0,"turns":2.0},{"damage":18.0,"enemies":"The Guardian","floor":16.0,"turns":6.0},{"damage":8,"enemies":"Chosen","floor":18,"turns":3},{"damage":21,"enemies":"3 Byrds","floor":21,"turns":4},{"damage":31,"enemies":"Snake Plant","floor":23,"turns":4},{"damage":29,"enemies":"Book of Stabbing","floor":27,"turns":4},{"damage":0,"enemies":"Snecko","floor":28,"turns":2},{"damage":4,"enemies":"Slavers","floor":30,"turns":2},{"damage":2,"enemies":"Cultist and Chosen","floor":31,"turns":3},{"damage":40,"enemies":"Champ","floor":33,"turns":6},{"damage":9,"enemies":"3 Shapes","floor":35,"turns":3},{"damage":38,"enemies":"3 Darklings","floor":36,"turns":3},{"damage":6,"enemies":"Transient","floor":39,"turns":5},{"damage":27,"enemies":"Reptomancer","floor":41,"turns":4},{"damage":61,"enemies":"Writhing Mass","floor":45,"turns":2}],"seed_played":"1551394904838618417","potions_obtained":[{"floor":3.0,"key":"AttackPotion"},{"floor":7.0,"key":"HeartOfIron"},{"floor":10.0,"key":"bronze:BurnAndBuffPotion"},{"floor":14.0,"key":"Block Potion"},{"floor":18,"key":"LiquidMemories"},{"floor":25,"key":"GamblersBrew"},{"floor":25,"key":"AttackPotion"},{"floor":25,"key":"FearPotion"},{"floor":28,"key":"DistilledChaos"},{"floor":31,"key":"bronze:BurnAndBuffPotion"},{"floor":33,"key":"champ:CounterPotion"},{"floor":35,"key":"sneckomod:MuddlingPotion"},{"floor":36,"key":"Guardian:BlockOnCardUsePotion"}],"is_trial":false,"path_per_floor":["M","$","M","M","$","R","E","R","T","E","?","?","M","M","R","B",null,"M","?","?","M","$","M","R","?","T","E","M","R","E","M","R","B",null,"M","M","?","$","M","R","E","?","T","T","M"],"character_chosen":"IRONCLAD","items_purchased":["Inflame","PreservedInsect","War Paint"],"campfire_rested":1,"item_purchase_floors":[2,22,38],"current_hp_per_floor":[80,80,80,80,80,80,69,69,69,63,47,47,43,39,39,27,80,78,78,78,63,63,38,62,62,62,39,45,45,52,61,61,37,80,77,50,70,70,70,70,49,49,49,49,0,0],"gold":332,"neow_bonus":"THREE_ENEMY_KILL","is_daily":false,"chose_seed":false,"campfire_upgraded":6,"win_rate":0.0,"timestamp":1613857160,"path_taken":["M","$","M","?","$","R","E","R","T","E","?","?","?","M","R","BOSS","M","?","?","M","$","?","R","?","T","E","?","R","E","M","R","BOSS","M","M","?","$","M","R","E","?","T","?","M"],"items_purchased_type":["Card","Relic","Relic"],"build_version":"2020-12-22","purchased_purges":2,"victory":false,"max_hp_per_floor":[80,80,80,80,80,80,80,80,80,80,80,80,80,80,80,80,80,80,80,80,80,80,80,80,80,80,80,80,80,80,80,80,80,80,80,80,80,80,80,80,80,80,80,80,80,80],"card_choices":[{"not_picked":["Clash","Entrench"],"picked":"Twin Strike","floor":1.0},{"not_picked":["Spot Weakness","Rupture"],"picked":"Heavy Blade","floor":3.0},{"not_picked":["Anger","Berserk"],"picked":"Sword Boomerang","floor":4.0},{"not_picked":["Warcry","Clothesline","Ghostly Armor"],"picked":"SKIP","floor":7.0},{"not_picked":["Infernal Blade","Power Through"],"picked":"Bloodletting","floor":10.0},{"not_picked":["Metallicize","Headbutt","Anger"],"picked":"SKIP","floor":13.0},{"not_picked":["Headbutt","Flex"],"picked":"Spot Weakness","floor":14.0},{"not_picked":["Impervious","Exhume"],"picked":"Immolate","floor":16.0},{"not_picked":["Shrug It Off","Havoc"],"picked":"Wild Strike","floor":18},{"not_picked":["Clash","Warcry"],"picked":"Thunderclap","floor":21},{"not_picked":["True Grit","Disarm"],"picked":"Cleave","floor":23},{"not_picked":["Intimidate","Sentinel"],"picked":"Pummel+1","floor":27},{"not_picked":["Body Slam","Twin Strike"],"picked":"Immolate","floor":28},{"not_picked":["Warcry","Iron Wave+1"],"picked":"Cleave","floor":30},{"not_picked":["Flame Barrier","Battle Trance+1"],"picked":"Evolve","floor":31},{"not_picked":["Impervious","Immolate"],"picked":"Berserk","floor":33},{"not_picked":["Feel No Pain+1","Sword Boomerang"],"picked":"Inflame+1","floor":35},{"not_picked":["Headbutt+1","Flex+1"],"picked":"Rage+1","floor":36},{"not_picked":["Sword Boomerang","Havoc","Iron Wave"],"picked":"SKIP","floor":39},{"not_picked":["Pommel Strike","Juggernaut","Hemokinesis+1"],"picked":"SKIP","floor":41}],"player_experience":143504,"relics_obtained":[{"floor":7.0,"key":"Red Skull"},{"floor":9.0,"key":"Matryoshka"},{"floor":10.0,"key":"Self Forming Clay"},{"floor":26,"key":"Bag of Preparation"},{"floor":26,"key":"Tiny Chest"},{"floor":27,"key":"Toy Ornithopter"},{"floor":30,"key":"MawBank"},{"floor":41,"key":"Runesmith:AutoHammer"},{"floor":43,"key":"Mercury Hourglass"},{"floor":43,"key":"Dream Catcher"},{"floor":44,"key":"MealTicket"}],"event_choices":[{"damage_healed":0.0,"max_hp_gain":0.0,"max_hp_loss":0.0,"gold_gain":0.0,"event_name":"Shining Light","player_choice":"Entered Light","floor":11.0,"gold_loss":0.0,"damage_taken":16.0,"cards_upgraded":["Strike_R","Defend_R"]},{"damage_healed":0.0,"max_hp_gain":0.0,"max_hp_loss":0.0,"gold_gain":0.0,"event_name":"WeMeetAgain","player_choice":"Gave Potion","floor":12.0,"gold_loss":0.0,"damage_taken":0.0,"relics_obtained":["Kunai"]},{"damage_healed":0,"gold_gain":0,"player_choice":"1 cards matched","damage_taken":0,"max_hp_gain":0,"max_hp_loss":0,"event_name":"Match and Keep!","floor":20,"gold_loss":0,"cards_obtained":["Limit Break"]},{"damage_healed":0,"gold_gain":0,"player_choice":"Got Potions","damage_taken":0,"max_hp_gain":0,"max_hp_loss":0,"event_name":"Lab","floor":25,"gold_loss":0},{"damage_healed":20,"gold_gain":0,"player_choice":"Writhe","damage_taken":0,"max_hp_gain":0,"max_hp_loss":0,"event_name":"Winding Halls","floor":37,"gold_loss":0,"cards_obtained":["Writhe"]},{"cards_removed":["Defend_R"],"damage_healed":0,"gold_gain":0,"player_choice":"Removed Skill","damage_taken":0,"max_hp_gain":0,"max_hp_loss":0,"event_name":"Falling","floor":42,"gold_loss":0}],"is_beta":false,"boss_relics":[{"not_picked":["Fusion Hammer","SacredBark"],"picked":"Empty Cage"},{"not_picked":["Tiny House","Runesmith:UraniumAnvil"],"picked":"SlaversCollar"}],"items_purged_floors":[22,38],"is_endless":false,"potions_floor_spawned":[3,7,10,14,18,28,31,33,35,36],"killed_by":"Writhing Mass","ascension_level":0}}