{"host":"mydft8i2zzydgggw","time":1613796858,"event":{"mods":["AchievementEnabler","BaseMod","Colored Map","Colored Powertips","DeckTracker","Keyboard Shortcuts","Minty Spire (QoL Compilation)","Rare Cards Sparkle","Relic Stats","StSLib","SuperFastMode","Together in Spire","everything is the same but u backflip on backflip"],"gold_per_floor":[18,18,36,55,123,152,152,152,152],"floor_reached":8,"language":"KOR","playtime":180,"items_purged":[],"score":90,"play_id":"f1b0b7f2-ae2d-4cca-8ab2-73b64bf9e443","local_time":"20210220135418","is_ascension_mode":true,"campfire_choices":[{"data":"Metamorphosis","floor":7,"key":"SMITH"}],"circlet_count":0,"master_deck":["AscendersBane","Strike_G","Strike_G","Strike_G","Strike_G","Strike_G","Defend_G","Defend_G","Defend_G","Defend_G","Defend_G","Survivor","Neutralize","Metamorphosis+1","Prepared","Quick Slash","Dodge and Roll","Backflip"],"relics":["Ring of the Snake","Sundial","Incense Burner"],"acts_visited":["Exordium"],"potions_floor_usage":[6,8],"damage_taken":[{"damage":0,"enemies":"Cultist","floor":1,"turns":4},{"damage":13,"enemies":"Jaw Worm","floor":3,"turns":7},{"damage":0,"enemies":"Small Slimes","floor":4,"turns":3},{"damage":20,"enemies":"3 Sentries","floor":6,"turns":3},{"damage":46,"enemies":"Gremlin Nob","floor":8,"turns":4}],"seed_played":"8967336073259190800","potions_obtained":[{"floor":3,"key":"GamblersBrew"},{"floor":4,"key":"SkillPotion"}],"is_trial":false,"path_per_floor":["M","$","M","M","T","E","R","E"],"character_chosen":"THE_SILENT","items_purchased":[],"campfire_rested":0,"item_purchase_floors":[],"current_hp_per_floor":[63,63,50,50,50,30,30,0,0],"gold":152,"neow_bonus":"RANDOM_COLORLESS_2","is_daily":false,"chose_seed":false,"campfire_upgraded":1,"win_rate":0.0,"timestamp":1613796858,"path_taken":["M","?","M","M","?","E","R","E"],"items_purchased_type":[],"build_version":"2020-12-22","purchased_purges":0,"victory":false,"max_hp_per_floor":[70,70,70,70,70,70,70,70,70],"relic_stats":{"counters":[5,21],"Sundial":[0],"obtain_stats":[{"Sundial":5,"Incense Burner":6,"Ring of the Snake":0},{"Sundial":3,"Incense Burner":4,"Ring of the Snake":0},{"Sundial":14,"Incense Burner":17,"Ring of the Snake":0}],"Ring of the Snake":[10]},"card_choices":[{"not_picked":["Violence","The Bomb"],"picked":"Metamorphosis","floor":0},{"not_picked":["Dagger Spray","Cloak And Dagger"],"picked":"Prepared","floor":1},{"not_picked":["Outmaneuver","Slice"],"picked":"Quick Slash","floor":3},{"not_picked":["Accuracy","Prepared"],"picked":"Dodge and Roll","floor":4},{"not_picked":["Deflect","Storm of Steel"],"picked":"Backflip","floor":6}],"player_experience":291554,"relics_obtained":[{"floor":5,"key":"Sundial"},{"floor":6,"key":"Incense Burner"}],"event_choices":[],"is_beta":false,"boss_relics":[],"items_purged_floors":[],"is_endless":false,"potions_floor_spawned":[3,4],"killed_by":"Gremlin Nob","ascension_level":12}}