{"host":"zk6vb2npgw3pu6j2","time":1613840922,"event":{"mods":["Act Like it!","Aspiration","Bard","BaseMod","Beaked The Cultist","Bestiary","Better Note","Better Sensory Stone","CapriCore","Conspire","Downfall","Friendly Minions","Gensokyo","GifTheSpireLib","Hermit","Hubris","Koishi","Marisa????????","Marked Mod","Minty Spire (QoL Compilation)","Quarter Circle Forward PUNCH!","Reimu??????","Reliquary","Replay The Spire","Retaliation","Ruina","StSLib","The Administrix","The Alterego","The Blue Laboratory","The Bug Knight","The Construct","The Exalted","The Hierophant","The Immortal","The Marked","The Runesmith","The Senshi","The Servant 0.9.4","The Wild Card","TheVacant","Wandering Minibosses","yUi"],"gold_per_floor":[99,119,57,57,76,87,87,87,116,116,126,151,151,162,173,277,277,77,87,112,112,138,158,183,25,25,25,25],"floor_reached":26,"language":"ENG","playtime":1753,"items_purged":["hexamod:Defend"],"score":256,"play_id":"00dead52-8802-40db-8bda-8c0ddf25a77a","local_time":"20210220120842","is_ascension_mode":true,"campfire_choices":[{"floor":1,"key":"RECALL"},{"data":"hexamod:SuperheatedStrike","floor":8,"key":"SMITH"}],"circlet_count":0,"master_deck":["hexamod:Strike","hexamod:Strike","hexamod:Defend","hexamod:Defend","hexamod:Defend","hexamod:Sear","hexamod:Float","hexamod:Rewind","hexamod:ShieldOfDarkness","hexamod:FlamesFromBeyond","hexamod:FlamesFromBeyond+1","hexamod:ThirdSeal","hexamod:Hexaguard","hexamod:SuperheatedStrike+1","hexamod:HexaLevel","hexamod:PowerFromBeyond","hexamod:ExtraCrispy","hexamod:HeatShield","hexamod:SpectralSpark","hexamod:WildfireWeapon","hexamod:FifthSeal","hexamod:FirstSeal","hexamod:FourthSeal","hexamod:ThermalTransfer","hexamod:Firestarter","hexamod:RadiantFlame","hexamod:GiftsFromTheDead","hexamod:VolcanoVisage","hexamod:SecondSeal","DDmod:EasePowerCard","Bloodletting","Panacea","Madness","hexamod:FlamesFromBeyond+1","Body Slam","hexamod:PhantomCloak","Metallicize"],"relics":["hexamod:SpiritBrand","hubris:MysteriousPyramids","construct:BoolHorns","Bromod:ArcaneFury","aspiration:IroncladSkillbook","downfall:HeartBlessingRed","downfall:HeartBlessingGreen"],"acts_visited":["Exordium","TheCity"],"potions_floor_usage":[],"damage_taken":[{"damage":0,"enemies":"Jaw Worm","floor":2,"turns":3},{"damage":0,"enemies":"downfall:FleeingMerchant","floor":3,"turns":4},{"damage":0,"enemies":"Cultist","floor":5,"turns":3},{"damage":0,"enemies":"2 Louse","floor":6,"turns":3},{"damage":1,"enemies":"3 Sentries","floor":9,"turns":5},{"damage":0,"enemies":"downfall:LooterAlt","floor":11,"turns":3},{"damage":4,"enemies":"Lagavulin","floor":12,"turns":6},{"damage":27,"enemies":"Lots of Slimes","floor":14,"turns":4},{"damage":0,"enemies":"2 Fungi Beasts","floor":15,"turns":3},{"damage":37,"enemies":"DF_ARCHETYPE_STREAMLINE","floor":16,"turns":11},{"damage":16,"enemies":"3 Byrds","floor":19,"turns":6},{"damage":17,"enemies":"conspire:FuzzyDice","floor":20,"turns":4},{"damage":40,"enemies":"Snake Plant","floor":22,"turns":4},{"damage":26,"enemies":"conspire:HollyBat","floor":23,"turns":10},{"damage":9,"enemies":"downfall:FleeingMerchant","floor":25,"turns":4},{"damage":29,"enemies":"conspire:Head Lice","floor":26,"turns":5}],"seed_played":"3453565417457579160","potions_obtained":[{"floor":2,"key":"blueLaboratory:PhilterOfMotion"},{"floor":6,"key":"GrandPatriotsElixir:ReiMu"},{"floor":11,"key":"DuplicationPotion"},{"floor":15,"key":"Dexterity Potion"}],"is_trial":false,"path_per_floor":["R","M","$","?","M","M","T","R","E","?","M","E","?","M","M","B",null,"R","M","M","?","M","M","T","$","E"],"character_chosen":"THE_SPIRIT","items_purchased":["hexamod:FlamesFromBeyond","Metallicize"],"campfire_rested":0,"item_purchase_floors":[3,25],"current_hp_per_floor":[77,77,77,77,77,77,77,77,76,76,76,72,72,45,52,22,77,77,65,64,64,35,20,20,15,0,0,0],"gold":25,"neow_bonus":"TEN_PERCENT_HP_BONUS","is_daily":false,"chose_seed":false,"campfire_upgraded":1,"win_rate":0.0,"timestamp":1613840922,"path_taken":["R","M","$","?","?","M","T","R","E","?","M","E","?","M","M","BOSS","R","M","?","?","M","M","T","$","E"],"items_purchased_type":["Card","Card"],"build_version":"2020-12-22","purchased_purges":1,"victory":false,"max_hp_per_floor":[77,77,77,77,77,77,77,77,77,77,77,77,77,77,77,77,77,77,77,77,77,77,77,77,77,77,77,77],"card_choices":[{"not_picked":["hexamod:HauntingEcho","hexamod:GhostShield"],"picked":"hexamod:Rewind","floor":2},{"not_picked":["hexamod:FourthSeal","hexamod:Rewind"],"picked":"hexamod:ShieldOfDarkness","floor":3},{"not_picked":["hexamod:StepThrough","hexamod:Hexaguard"],"picked":"hexamod:ThirdSeal","floor":5},{"not_picked":["hexamod:SwordOfDarkness","hexamod:GhostLash"],"picked":"hexamod:Hexaguard","floor":6},{"not_picked":["hexamod:FourthSeal","hexamod:HeatMetal"],"picked":"hexamod:SuperheatedStrike","floor":6},{"not_picked":["hexamod:NightmareGuise","hexamod:EtherealExpedition"],"picked":"hexamod:HexaLevel","floor":9},{"not_picked":["hexamod:SpectersWail","hexamod:NightmareStrike"],"picked":"hexamod:PowerFromBeyond","floor":9},{"not_picked":["hexamod:ShieldOfDarkness","hexamod:FastForward"],"picked":"hexamod:ExtraCrispy","floor":11},{"not_picked":["hexamod:Hexaguard","hexamod:BacktrackSmack"],"picked":"hexamod:HeatShield","floor":11},{"not_picked":["hexamod:Toasty","hexamod:HauntingEcho"],"picked":"hexamod:SpectralSpark","floor":12},{"not_picked":["hexamod:BurningTouch","hexamod:ShieldOfDarkness"],"picked":"hexamod:WildfireWeapon","floor":12},{"not_picked":["hexamod:SecondSeal","hexamod:ThirdSeal"],"picked":"hexamod:FirstSeal","floor":14},{"not_picked":["hexamod:NecessarySacrifice","hexamod:BacktrackSmack"],"picked":"hexamod:FourthSeal","floor":14},{"not_picked":["hexamod:ThirdSeal","hexamod:GhostShield"],"picked":"hexamod:ThermalTransfer","floor":14},{"not_picked":["hexamod:FastForward","hexamod:FourthSeal"],"picked":"hexamod:Firestarter","floor":15},{"not_picked":["hexamod:Incineration","hexamod:BacktrackSmack"],"picked":"hexamod:RadiantFlame","floor":15},{"not_picked":["hexamod:ApocalypticArmor","hexamod:ParanormalForm"],"picked":"hexamod:GiftsFromTheDead","floor":16},{"not_picked":["hexamod:UnleashSpirits","hexamod:ForkedFlame"],"picked":"hexamod:VolcanoVisage","floor":16},{"not_picked":["hexamod:ThirdSeal","hexamod:FirstSeal"],"picked":"hexamod:SecondSeal","floor":19},{"not_picked":["Replay:Undeath\u0027s Touch","hexamod:CatchUp","Wild Strike"],"picked":"DDmod:EasePowerCard","floor":19},{"not_picked":["Wild Strike","Flex","hexamod:SecondSeal"],"picked":"Bloodletting","floor":20},{"not_picked":["Blind","Chrysalis","Mayhem"],"picked":"Panacea","floor":21},{"not_picked":["hubris:Insight","HandOfGreed","Secret Weapon"],"picked":"Madness","floor":21},{"not_picked":["hexamod:GhostShield","hexamod:HeatShield","hexamod:GhostOfSpireFuture+1"],"picked":"hexamod:FlamesFromBeyond+1","floor":22},{"not_picked":["hexamod:Firestarter","hexamod:EtherealExpedition","hubris:ReadiedAction+1","hexamod:SecondSeal"],"picked":"SKIP","floor":22},{"not_picked":["Twin Strike","Anger","Pommel Strike"],"picked":"Body Slam","floor":23},{"not_picked":["ReplayReversal","Sword Boomerang+1","Rupture","Replay:Undeath\u0027s Touch"],"picked":"SKIP","floor":23},{"not_picked":["Hemogenesis","hexamod:BurningTouch+1","ReplayTheSpireMod:Corrosion Curse"],"picked":"hexamod:PhantomCloak","floor":25}],"player_experience":302910,"relics_obtained":[{"floor":7,"key":"hubris:MysteriousPyramids"},{"floor":9,"key":"construct:BoolHorns"},{"floor":12,"key":"Bromod:ArcaneFury"}],"event_choices":[{"cards_removed":["hexamod:Strike"],"damage_healed":0,"gold_gain":0,"player_choice":"Card Removal","damage_taken":0,"max_hp_gain":0,"max_hp_loss":0,"event_name":"The Cleric","floor":10,"gold_loss":0},{"damage_healed":0,"gold_gain":2,"player_choice":"1","damage_taken":0,"max_hp_gain":0,"max_hp_loss":0,"event_name":"betterStone:BetterStone","floor":21,"gold_loss":0}],"is_beta":false,"boss_relics":[{"not_picked":["Ring of Chaos","beaked:SacredDeck"],"picked":"aspiration:IroncladSkillbook"}],"items_purged_floors":[25],"is_endless":false,"potions_floor_spawned":[2,6,11,15,19,22],"killed_by":"conspire:Head Lice","ascension_level":1}}