{"host":"fbdlh90rovbiajun","time":1613843336,"event":{"mods":["AchievementEnabler","BaseMod","Colored Map","Keyboard Shortcuts","Minty Spire (QoL Compilation)","SuperFastMode"],"gold_per_floor":[118,130,205,205,108,138,138,157,209,209,209,222,242,257,257,354,354,364,383,397,415,167,194,194,222,276,287,287,299,299,310,310,409,409,419,419,38,58,87,121,121,151,151,183,183,194,194,211,211,211,211,211,61,100,100,100],"floor_reached":55,"language":"KOR","playtime":2468,"items_purged":["Defend_P","Defend_P","Strike_P","SpiritShield+1"],"score":1189,"play_id":"a7b07949-95d7-4400-9f5b-d878cbb9028c","local_time":"20210221024856","is_ascension_mode":true,"campfire_choices":[{"data":"Eruption","floor":7.0,"key":"SMITH"},{"data":"ReachHeaven","floor":11.0,"key":"SMITH"},{"data":"Adaptation","floor":15.0,"key":"SMITH"},{"data":"Halt","floor":24.0,"key":"SMITH"},{"data":"Vigilance","floor":28.0,"key":"SMITH"},{"floor":30,"key":"REST"},{"floor":32,"key":"RECALL"},{"data":"InnerPeace","floor":45,"key":"SMITH"},{"data":"FlurryOfBlows","floor":47,"key":"SMITH"},{"floor":49,"key":"REST"},{"floor":52,"key":"REST"}],"circlet_count":0,"master_deck":["Eruption+1","Vigilance+1","ReachHeaven+1","Halt+1","FlurryOfBlows+1","Adaptation+1","Sanctity+1","Omniscience+1","InnerPeace+1","MentalFortress"],"relics":["PureWater","Anchor","Bag of Preparation","PreservedInsect","Astrolabe","Lantern","Omamori","CeramicFish","Oddly Smooth Stone","VioletLotus","White Beast Statue","Damaru","Bottled Flame","MealTicket","Mercury Hourglass"],"acts_visited":["Exordium","TheCity","TheBeyond","TheEnding"],"potions_floor_usage":[33,38,55,55,55],"damage_taken":[{"damage":6.0,"enemies":"2 Louse","floor":1.0,"turns":3.0},{"damage":3.0,"enemies":"Small Slimes","floor":2.0,"turns":2.0},{"damage":23.0,"enemies":"Lagavulin","floor":6.0,"turns":4.0},{"damage":0.0,"enemies":"Cultist","floor":8.0,"turns":2.0},{"damage":0.0,"enemies":"Blue Slaver","floor":12.0,"turns":2.0},{"damage":0.0,"enemies":"Lots of Slimes","floor":13.0,"turns":3.0},{"damage":0.0,"enemies":"Looter","floor":14.0,"turns":2.0},{"damage":34.0,"enemies":"Hexaghost","floor":16.0,"turns":4.0},{"damage":0.0,"enemies":"Shell Parasite","floor":18.0,"turns":3.0},{"damage":0.0,"enemies":"Spheric Guardian","floor":19.0,"turns":2.0},{"damage":12.0,"enemies":"3 Cultists","floor":20.0,"turns":3.0},{"damage":27.0,"enemies":"Snake Plant","floor":21.0,"turns":3.0},{"damage":0.0,"enemies":"Gremlin Leader","floor":23.0,"turns":3.0},{"damage":5.0,"enemies":"Slavers","floor":25.0,"turns":3.0},{"damage":0.0,"enemies":"Snecko","floor":27.0,"turns":3.0},{"damage":0,"enemies":"3 Cultists","floor":29,"turns":3},{"damage":0,"enemies":"Snake Plant","floor":31,"turns":2},{"damage":13,"enemies":"Collector","floor":33,"turns":8},{"damage":6,"enemies":"3 Shapes","floor":35,"turns":2},{"damage":0,"enemies":"3 Darklings","floor":38,"turns":4},{"damage":0,"enemies":"Sphere and 2 Shapes","floor":39,"turns":2},{"damage":0,"enemies":"Giant Head","floor":40,"turns":4},{"damage":0,"enemies":"Nemesis","floor":42,"turns":1},{"damage":0,"enemies":"Reptomancer","floor":44,"turns":1},{"damage":0,"enemies":"4 Shapes","floor":46,"turns":1},{"damage":0,"enemies":"Spire Growth","floor":48,"turns":1},{"damage":0,"enemies":"Donu and Deca","floor":50,"turns":1},{"damage":0,"enemies":"Shield and Spear","floor":54,"turns":1},{"damage":85,"enemies":"The Heart","floor":55,"turns":3}],"seed_played":"-6993490915102568342","potions_obtained":[{"floor":1.0,"key":"SteroidPotion"},{"floor":12.0,"key":"SkillPotion"},{"floor":14.0,"key":"SteroidPotion"},{"floor":20.0,"key":"Energy Potion"},{"floor":29,"key":"Ambrosia"},{"floor":33,"key":"Energy Potion"},{"floor":38,"key":"DuplicationPotion"},{"floor":40,"key":"GamblersBrew"},{"floor":46,"key":"Ancient Potion"}],"is_trial":false,"path_per_floor":["M","M","?","?","$","E","R","M","T","?","R","M","M","M","R","B",null,"M","M","M","M","$","E","R","E","T","M","R","M","R","M","R","B",null,"M","?","$","M","M","E","?","E","T","E","R","M","R","M","R","B",null,"R","$","E","B"],"character_chosen":"WATCHER","items_purchased":["Halt","Lantern","White Beast Statue"],"campfire_rested":3,"item_purchase_floors":[5,22,37],"current_hp_per_floor":[45,42,31,31,31,8,8,8,8,72,72,72,72,72,72,38,64,64,64,52,25,25,25,25,20,20,20,20,20,41,41,41,28,61,55,55,55,55,55,55,55,55,55,55,55,55,55,55,68,68,68,68,68,68,0,0],"gold":100,"neow_bonus":"TRANSFORM_TWO_CARDS","is_daily":false,"chose_seed":false,"campfire_upgraded":7,"win_rate":0.0,"timestamp":1613843336,"path_taken":["M","M","?","?","$","E","R","?","T","?","R","M","?","M","R","BOSS","M","M","M","M","$","E","R","E","T","M","R","M","R","M","R","BOSS","M","?","$","M","M","E","?","E","T","E","R","?","R","M","R","BOSS","R","$","E","BOSS"],"items_purchased_type":["Card","Relic","Relic"],"build_version":"2020-12-22","purchased_purges":4,"victory":false,"max_hp_per_floor":[72,72,72,72,72,72,72,72,72,72,72,72,72,72,72,72,72,72,72,72,72,72,72,72,72,72,72,72,72,72,72,72,72,72,72,72,72,72,72,72,68,68,68,68,68,68,68,68,68,68,68,68,68,68,68,68],"card_choices":[{"not_picked":["Indignation","ReachHeaven","CutThroughFate"],"picked":"SKIP","floor":1.0},{"not_picked":["Perseverance","ForeignInfluence","Crescendo"],"picked":"SKIP","floor":2.0},{"not_picked":["Conclude","EmptyFist"],"picked":"FlurryOfBlows","floor":6.0},{"not_picked":["Evaluate","CrushJoints","CutThroughFate"],"picked":"SKIP","floor":8.0},{"not_picked":["EmptyBody","Crescendo","ThirdEye"],"picked":"SKIP","floor":12.0},{"not_picked":["WheelKick","Halt"],"picked":"Adaptation","floor":13.0},{"not_picked":["Meditate","SashWhip","EmptyMind"],"picked":"SKIP","floor":14.0},{"not_picked":["Meditate","SashWhip","EmptyMind"],"picked":"SKIP","floor":14.0},{"not_picked":["Tantrum+1","Consecrate+1","Swivel"],"picked":"SKIP","floor":18.0},{"not_picked":["TalkToTheHand","BowlingBash","FlurryOfBlows"],"picked":"SKIP","floor":19.0},{"not_picked":["JustLucky","Nirvana","EmptyBody"],"picked":"SKIP","floor":20.0},{"not_picked":["ClearTheMind","PathToVictory","FlyingSleeves+1"],"picked":"SKIP","floor":21.0},{"not_picked":["Nirvana","ForeignInfluence","EmptyBody"],"picked":"SKIP","floor":23.0},{"not_picked":["ThirdEye","Evaluate","FlyingSleeves"],"picked":"SKIP","floor":25.0},{"not_picked":["EmptyBody+1","WreathOfFlame","Scrawl"],"picked":"SKIP","floor":27.0},{"not_picked":["EmptyBody","Evaluate","Wireheading"],"picked":"SKIP","floor":29},{"not_picked":["JustLucky+1","Crescendo","ThirdEye"],"picked":"SKIP","floor":31},{"not_picked":["FollowUp","SashWhip","Halt+1"],"picked":"SKIP","floor":35},{"not_picked":["Meditate+1","Halt","ClearTheMind+1"],"picked":"SKIP","floor":38},{"not_picked":["DeceiveReality+1","BattleHymn"],"picked":"InnerPeace","floor":39},{"not_picked":["LikeWater+1","Halt+1","Tantrum"],"picked":"SKIP","floor":40},{"not_picked":["Crescendo+1","Halt","InnerPeace+1"],"picked":"SKIP","floor":42},{"not_picked":["CrushJoints","Weave+1","Worship+1"],"picked":"SKIP","floor":44},{"not_picked":["CrushJoints","FollowUp","Crescendo"],"picked":"SKIP","floor":46},{"not_picked":["SandsOfTime","Collect","Consecrate"],"picked":"SKIP","floor":48},{"not_picked":["Omniscience","Collect"],"picked":"MentalFortress","floor":54}],"player_experience":111321,"relics_obtained":[{"floor":6.0,"key":"Bag of Preparation"},{"floor":9.0,"key":"PreservedInsect"},{"floor":23.0,"key":"Omamori"},{"floor":25.0,"key":"CeramicFish"},{"floor":26.0,"key":"Oddly Smooth Stone"},{"floor":40,"key":"Damaru"},{"floor":42,"key":"Bottled Flame"},{"floor":44,"key":"MealTicket"},{"floor":54,"key":"Mercury Hourglass"}],"event_choices":[{"damage_healed":0.0,"max_hp_gain":0.0,"max_hp_loss":0.0,"gold_gain":75.0,"event_name":"World of Goop","player_choice":"Gather Gold","floor":3.0,"gold_loss":0.0,"damage_taken":11.0},{"damage_healed":0.0,"max_hp_gain":0.0,"max_hp_loss":0.0,"gold_gain":0.0,"event_name":"WeMeetAgain","player_choice":"Gave Potion","floor":4.0,"gold_loss":0.0,"damage_taken":0.0,"relics_obtained":["Anchor"]},{"cards_removed":["WreathOfFlame"],"damage_healed":64.0,"max_hp_gain":0.0,"max_hp_loss":0.0,"gold_gain":0.0,"event_name":"Bonfire Elementals","player_choice":"Offered Uncommon","floor":10.0,"gold_loss":0.0,"damage_taken":0.0},{"damage_healed":0,"gold_gain":0,"player_choice":"Memory 1","damage_taken":0,"max_hp_gain":0,"max_hp_loss":0,"event_name":"SensoryStone","floor":36,"gold_loss":0},{"damage_healed":0,"gold_gain":0,"player_choice":"Max HP","damage_taken":0,"max_hp_gain":0,"max_hp_loss":4,"event_name":"Winding Halls","floor":41,"gold_loss":0}],"is_beta":false,"boss_relics":[{"not_picked":["Runic Dome","Calling Bell"],"picked":"Astrolabe"},{"not_picked":["Velvet Choker","Philosopher\u0027s Stone"],"picked":"VioletLotus"}],"items_purged_floors":[5,22,37,53],"is_endless":false,"potions_floor_spawned":[1,12,14,20,23,27,29,33,35,38,39,40,42,44,46,48,54],"killed_by":"The Heart","ascension_level":5}}