{"host":"jngeqill3bw7azzz","time":1613843876,"event":{"mods":["BaseMod","Highlight Path","Minty Spire (QoL Compilation)","Permanent Neow","Relic Stats"],"gold_per_floor":[369,383,383,39,39,73,73,85,137,137,137],"floor_reached":10,"language":"ENG","playtime":558,"items_purged":["Regret"],"score":132,"play_id":"65192131-0be1-4b7a-8e1d-aa2025c7499a","local_time":"20210220125756","is_ascension_mode":true,"campfire_choices":[{"data":"Limit Break","floor":7,"key":"SMITH"}],"circlet_count":0,"master_deck":["AscendersBane","Strike_R","Strike_R","Strike_R","Strike_R","Strike_R","Defend_R","Defend_R+1","Defend_R+1","Bash","Cleave","Intimidate","Feed","Feel No Pain","Shrug It Off","Limit Break+1","Heavy Blade"],"relics":["Burning Blood","Vajra","Ancient Tea Set"],"acts_visited":["Exordium"],"potions_floor_usage":[10],"damage_taken":[{"damage":21,"enemies":"2 Louse","floor":1,"turns":3},{"damage":7,"enemies":"Small Slimes","floor":2,"turns":3},{"damage":10,"enemies":"3 Sentries","floor":6,"turns":11},{"damage":1,"enemies":"Jaw Worm","floor":8,"turns":3},{"damage":26,"enemies":"Lagavulin","floor":10,"turns":8}],"seed_played":"-2455320174319243460","potions_obtained":[{"floor":8,"key":"GamblersBrew"}],"is_trial":false,"path_per_floor":["M","M","?","$","?","E","R","M","T","E"],"character_chosen":"IRONCLAD","items_purchased":["Feed","Feel No Pain","Shrug It Off"],"campfire_rested":0,"item_purchase_floors":[4,4,4],"current_hp_per_floor":[53,52,29,29,22,21,21,29,29,3,3],"gold":137,"neow_bonus":"TWO_FIFTY_GOLD","is_daily":false,"chose_seed":false,"campfire_upgraded":1,"win_rate":0.0,"timestamp":1613843876,"path_taken":["M","M","?","$","?","E","R","M","T","E"],"items_purchased_type":["Card","Card","Card"],"build_version":"2020-12-22","purchased_purges":1,"victory":false,"max_hp_per_floor":[75,75,75,75,75,78,78,81,81,81,81],"relic_stats":{"counters":[5,28],"obtain_stats":[{"Vajra":6,"Ancient Tea Set":9,"Burning Blood":0},{"Vajra":3,"Ancient Tea Set":4,"Burning Blood":0},{"Vajra":17,"Ancient Tea Set":20,"Burning Blood":0}],"Burning Blood":24},"card_choices":[{"not_picked":["Warcry","Heavy Blade"],"picked":"Cleave","floor":1},{"not_picked":["Clash","Rampage"],"picked":"Intimidate","floor":2},{"not_picked":["Reckless Charge","Flex"],"picked":"Limit Break","floor":6},{"not_picked":["Iron Wave","Cleave"],"picked":"Heavy Blade","floor":8}],"player_experience":2673502,"relics_obtained":[{"floor":6,"key":"Vajra"},{"floor":9,"key":"Ancient Tea Set"}],"event_choices":[{"damage_healed":0,"gold_gain":0,"player_choice":"Entered Light","damage_taken":23,"max_hp_gain":0,"max_hp_loss":0,"event_name":"Shining Light","floor":3,"gold_loss":0,"cards_upgraded":["Defend_R","Defend_R"]},{"cards_removed":["Defend_R"],"damage_healed":0,"gold_gain":0,"player_choice":"Card Removal","damage_taken":7,"max_hp_gain":0,"max_hp_loss":0,"event_name":"Golden Wing","floor":5,"gold_loss":0}],"is_beta":false,"boss_relics":[],"items_purged_floors":[4],"is_endless":false,"potions_floor_spawned":[8],"killed_by":"Lagavulin","ascension_level":20}}