{"host":"i2s4iw62z1dejrqn","time":1613813905,"event":{"mods":["AchievementEnabler","BaseMod","Minty Spire (QoL Compilation)","Random Character Button","SuperFastMode"],"gold_per_floor":[116,191,217,236,253,253,105,137,137,137,167,186,214,233,233,328,328,343,343,343,142,153,153,34,34,60,60,60,3,14,24,24,126,176,191,201,211,20,20,20,52,52,52,52,52,66,66,95,95,95,95,95,37,64,64],"floor_reached":56,"language":"KOR","playtime":4329,"items_purged":["Defend_P","Defend_P"],"score":1716,"play_id":"8f7463d7-c346-4a7a-995b-22b660671ae3","local_time":"20210220183825","is_ascension_mode":true,"campfire_choices":[{"data":"Eruption","floor":6.0,"key":"SMITH"},{"floor":10.0,"key":"REST"},{"floor":15.0,"key":"REST"},{"data":"Omniscience","floor":23.0,"key":"SMITH"},{"data":"SashWhip","floor":25.0,"key":"SMITH"},{"data":"Vault","floor":32.0,"key":"SMITH"},{"floor":40.0,"key":"RECALL"},{"data":"Indignation","floor":42.0,"key":"SMITH"},{"floor":47.0,"key":"REST"},{"data":"Worship","floor":49.0,"key":"SMITH"},{"data":"Prostrate","floor":52.0,"key":"SMITH"}],"circlet_count":0,"master_deck":["Strike_P","Strike_P","Eruption+1","Vigilance","Wireheading","Worship+1","InnerPeace","Adaptation","Omniscience+1","WheelKick","SashWhip+1","Indignation+1","Brilliance","Protect+1","ThirdEye+1","MentalFortress+1","MentalFortress","Vault+1","SpiritShield","Wallop","InnerPeace","MentalFortress+1","Adaptation+1","ClearTheMind","Prostrate+1","Madness","Madness","Prostrate+1","DevaForm"],"relics":["PureWater","Lantern","Happy Flower","The Courier","Regal Pillow","Odd Mushroom","VioletLotus","Bag of Preparation","Toy Ornithopter","Tiny House","TeardropLocket","Blood Vial","CloakClasp","Bottled Flame"],"acts_visited":["Exordium","TheCity","TheBeyond","TheEnding"],"potions_floor_usage":[55,55,55],"damage_taken":[{"damage":0.0,"enemies":"2 Louse","floor":1.0,"turns":4.0},{"damage":4.0,"enemies":"Jaw Worm","floor":4.0,"turns":3.0},{"damage":0.0,"enemies":"Small Slimes","floor":5.0,"turns":3.0},{"damage":24.0,"enemies":"3 Sentries","floor":8.0,"turns":7.0},{"damage":17.0,"enemies":"Lagavulin","floor":11.0,"turns":6.0},{"damage":9.0,"enemies":"Looter","floor":12.0,"turns":3.0},{"damage":10.0,"enemies":"The Mushroom Lair","floor":13.0,"turns":3.0},{"damage":8.0,"enemies":"Exordium Wildlife","floor":14.0,"turns":4.0},{"damage":35.0,"enemies":"Hexaghost","floor":16.0,"turns":8.0},{"damage":12.0,"enemies":"Chosen","floor":18.0,"turns":2.0},{"damage":11.0,"enemies":"3 Byrds","floor":22.0,"turns":4.0},{"damage":4.0,"enemies":"Cultist and Chosen","floor":30.0,"turns":5.0},{"damage":15.0,"enemies":"Snake Plant","floor":31.0,"turns":4.0},{"damage":14.0,"enemies":"Champ","floor":33.0,"turns":10.0},{"damage":16.0,"enemies":"3 Shapes","floor":35.0,"turns":4.0},{"damage":11.0,"enemies":"Orb Walker","floor":36.0,"turns":6.0},{"damage":3.0,"enemies":"4 Shapes","floor":37.0,"turns":4.0},{"damage":0.0,"enemies":"Giant Head","floor":41.0,"turns":7.0},{"damage":9.0,"enemies":"Transient","floor":46.0,"turns":6.0},{"damage":0.0,"enemies":"Reptomancer","floor":48.0,"turns":5.0},{"damage":16.0,"enemies":"Awakened One","floor":50.0,"turns":6.0},{"damage":0.0,"enemies":"Shield and Spear","floor":54.0,"turns":6.0},{"damage":43,"enemies":"The Heart","floor":55,"turns":10}],"seed_played":"-5523858863977363708","potions_obtained":[{"floor":1.0,"key":"Explosive Potion"},{"floor":4.0,"key":"SteroidPotion"},{"floor":14.0,"key":"LiquidMemories"},{"floor":22.0,"key":"FearPotion"},{"floor":33.0,"key":"Fire Potion"},{"floor":34.0,"key":"Fruit Juice"},{"floor":36.0,"key":"Dexterity Potion"},{"floor":48.0,"key":"BlessingOfTheForge"}],"is_trial":false,"path_per_floor":["M","?","T","M","M","R","$","E","T","R","E","M","?","M","R","B",null,"M","?","?","$","M","R","$","R","T","?","?","$","M","M","R","B",null,"M","M","M","$","?","R","E","R","T","?","?","M","R","E","R","B",null,"R","$","E","B",null],"character_chosen":"WATCHER","items_purchased":["Adaptation","Bag of Preparation","MentalFortress","MentalFortress","Wallop","TeardropLocket","StancePotion"],"campfire_rested":3,"item_purchase_floors":[7,21,24,24,29,38,53],"current_hp_per_floor":[65,54,54,50,50,50,50,26,26,47,30,21,11,3,39,4,55,43,43,67,67,56,56,56,56,56,56,56,56,52,37,37,23,71,55,44,41,41,41,41,41,41,41,31,31,24,63,65,65,56,76,76,76,78,51],"gold":64,"neow_bonus":"TRANSFORM_CARD","is_daily":false,"chose_seed":false,"campfire_upgraded":7,"win_rate":0.0,"timestamp":1613813905,"path_taken":["M","?","?","M","M","R","$","E","T","R","E","?","?","M","R","BOSS","M","?","?","$","M","R","$","R","T","?","?","?","?","M","R","BOSS","M","M","M","$","?","R","E","R","T","?","?","M","R","E","R","BOSS","R","$","E","BOSS"],"items_purchased_type":["Card","Relic","Card","Card","Card","Relic","Potion"],"build_version":"2020-12-22","purchased_purges":2,"victory":true,"max_hp_per_floor":[72,72,72,72,72,72,72,72,72,72,72,72,72,72,72,72,72,72,72,72,72,72,72,72,72,72,72,72,72,72,72,72,72,82,82,82,82,82,82,82,82,82,82,82,82,82,82,82,82,82,82,82,82,82,82],"card_choices":[{"not_picked":["Vengeance","Wireheading"],"picked":"Worship","floor":1.0},{"not_picked":["SashWhip","ThirdEye"],"picked":"InnerPeace","floor":4.0},{"not_picked":["DeceiveReality","BattleHymn","FlurryOfBlows"],"picked":"SKIP","floor":5.0},{"not_picked":["CarveReality","SashWhip"],"picked":"Omniscience","floor":8.0},{"not_picked":["FlyingSleeves","SpiritShield"],"picked":"WheelKick","floor":11.0},{"not_picked":["PathToVictory","Sanctity"],"picked":"SashWhip","floor":12.0},{"not_picked":["Prostrate","Worship"],"picked":"Indignation","floor":13.0},{"not_picked":["Conclude","SashWhip"],"picked":"CutThroughFate","floor":14.0},{"not_picked":["Ragnarok","Devotion"],"picked":"Brilliance","floor":16.0},{"not_picked":["ReachHeaven","JustLucky"],"picked":"Protect+1","floor":18.0},{"not_picked":["Halt","Evaluate"],"picked":"ThirdEye+1","floor":22.0},{"not_picked":["CrushJoints","Protect"],"picked":"InnerPeace","floor":30.0},{"not_picked":["Consecrate+1","DeceiveReality"],"picked":"MentalFortress+1","floor":31.0},{"not_picked":["Protect+1","Evaluate"],"picked":"Adaptation+1","floor":35.0},{"not_picked":["EmptyBody+1","Crescendo"],"picked":"ClearTheMind","floor":36.0},{"not_picked":["Study+1","Protect+1"],"picked":"Prostrate+1","floor":37.0},{"not_picked":["SashWhip+1","Consecrate+1","LessonLearned"],"picked":"SKIP","floor":41.0},{"not_picked":["Collect+1","Consecrate","FlyingSleeves"],"picked":"SKIP","floor":46.0},{"not_picked":["PathToVictory+1","Wallop+1"],"picked":"Prostrate","floor":48.0},{"not_picked":["Prostrate+1","FlyingSleeves+1"],"picked":"DevaForm","floor":54.0}],"player_experience":489487,"relics_obtained":[{"floor":3.0,"key":"Lantern"},{"floor":8.0,"key":"Happy Flower"},{"floor":9.0,"key":"The Courier"},{"floor":11.0,"key":"Regal Pillow"},{"floor":13.0,"key":"Odd Mushroom"},{"floor":26.0,"key":"Toy Ornithopter"},{"floor":41.0,"key":"Blood Vial"},{"floor":48.0,"key":"CloakClasp"},{"floor":54.0,"key":"Bottled Flame"}],"event_choices":[{"damage_healed":0.0,"max_hp_gain":0.0,"max_hp_loss":0.0,"gold_gain":75.0,"event_name":"World of Goop","player_choice":"Gather Gold","floor":2.0,"gold_loss":0.0,"damage_taken":11.0},{"damage_healed":0.0,"max_hp_gain":0.0,"max_hp_loss":0.0,"gold_gain":0.0,"event_name":"Mushrooms","player_choice":"Fought Mushrooms","floor":13.0,"gold_loss":0.0,"damage_taken":0.0},{"damage_healed":0.0,"max_hp_gain":0.0,"max_hp_loss":0.0,"gold_gain":0.0,"event_name":"Vampires","player_choice":"Ignored","floor":19.0,"gold_loss":0.0,"damage_taken":0.0},{"damage_healed":24.0,"max_hp_gain":0.0,"max_hp_loss":0.0,"gold_gain":0.0,"event_name":"The Library","player_choice":"Heal","floor":20.0,"gold_loss":0.0,"damage_taken":0.0},{"damage_healed":0.0,"max_hp_gain":0.0,"max_hp_loss":0.0,"gold_gain":0.0,"cards_transformed":["Defend_P","Defend_P"],"event_name":"Drug Dealer","player_choice":"Became Test Subject","floor":27.0,"gold_loss":0.0,"damage_taken":0.0,"cards_obtained":["Vault","SpiritShield"]},{"cards_removed":["Strike_P"],"damage_healed":0.0,"max_hp_gain":0.0,"max_hp_loss":0.0,"gold_gain":0.0,"event_name":"Back to Basics","player_choice":"Elegance","floor":28.0,"gold_loss":0.0,"damage_taken":0.0},{"damage_healed":0.0,"max_hp_gain":0.0,"max_hp_loss":0.0,"gold_gain":0.0,"event_name":"The Moai Head","player_choice":"Ignored","floor":39.0,"gold_loss":0.0,"damage_taken":0.0},{"damage_healed":0.0,"max_hp_gain":0.0,"max_hp_loss":0.0,"gold_gain":0.0,"event_name":"Winding Halls","player_choice":"Embrace Madness","floor":44.0,"gold_loss":0.0,"damage_taken":10.0,"cards_obtained":["Madness","Madness"]},{"cards_removed":["CutThroughFate"],"damage_healed":0.0,"max_hp_gain":0.0,"max_hp_loss":0.0,"gold_gain":0.0,"event_name":"Falling","player_choice":"Removed Attack","floor":45.0,"gold_loss":0.0,"damage_taken":0.0}],"is_beta":false,"boss_relics":[{"not_picked":["Coffee Dripper","Runic Pyramid"],"picked":"VioletLotus"},{"not_picked":["Calling Bell","Pandora\u0027s Box"],"picked":"Tiny House"}],"items_purged_floors":[7,21],"is_endless":false,"potions_floor_spawned":[1,4,14,22,33,36,46,48,54],"ascension_level":9}}