{"host":"r3aiys8ato0opyzb","time":1613846150,"event":{"mods":["AchievementEnabler","Aspiration","BaseMod","Colored Powertips","Duelist Mod","GifTheSpireLib","Minty Spire (QoL Compilation)","READ ME - Guardian Mod","StSLib","The Disciple","The Dragon Tamer","The Marked","The Necromancer"],"gold_per_floor":[155,155,189,248,287,287,337,372,399,399,438,477,523,204,204,329,329,361,361,379,649,649,649],"floor_reached":22,"language":"ENG","playtime":1368,"items_purged":["theDuelist:CastleWalls"],"score":221,"play_id":"045e1910-5cd3-4563-8f12-76adefa734f2","local_time":"20210220203550","is_ascension_mode":false,"campfire_choices":[{"data":"theDuelist:BigFire","floor":6,"key":"SMITH"},{"data":"theDuelist:RainbowOverdragon","floor":10,"key":"SMITH"},{"floor":15,"key":"REST"}],"circlet_count":0,"master_deck":["theDuelist:CastleWalls","theDuelist:GiantSoldier","theDuelist:BigFire+1","theDuelist:Sparks","HandOfGreed","theDuelist:PowerGiant","theDuelist:RainbowOverdragon+1","theDuelist:CombinationAttack","theDuelist:BeaverWarrior+1","theDuelist:GravityAxe","theDuelist:ScrapFactory","theDuelist:KamionTimelord","theDuelist:FinalFlame","theDuelist:BeaverWarrior","theDuelist:MagnumShield","theDuelist:GiantSoldier","theDuelist:Sparks+1","theDuelist:WhiteMagicalHat","theDuelist:MillenniumShield","theDuelist:YamiForm","theDuelist:FeatherShot+1","theDuelist:VampireCurse","theDuelist:Fissure","theDuelist:TimeSeal"],"relics":["theDuelist:MillenniumPuzzle","theDuelist:CardPoolRelic","theDuelist:CardPoolBasicRelic","theDuelist:BoosterPackPoolRelic","theDuelist:CardPoolAddRelic","theDuelist:CardPoolMinusRelic","theDuelist:CardPoolSaveRelic","theDuelist:CardPoolOptionsRelic","PreservedInsect","Vajra","Girya","theDuelist:CardRewardRelicH","Black Star","theDuelist:MillenniumRing"],"acts_visited":["Exordium","TheCity"],"potions_floor_usage":[16,16,16],"damage_taken":[{"damage":0,"enemies":"2 Louse","floor":1,"turns":2},{"damage":0,"enemies":"Small Slimes","floor":3,"turns":3},{"damage":2,"enemies":"Jaw Worm","floor":5,"turns":3},{"damage":0,"enemies":"3 Sentries","floor":7,"turns":5},{"damage":0,"enemies":"Large Slime","floor":8,"turns":5},{"damage":16,"enemies":"Lots of Slimes","floor":11,"turns":3},{"damage":0,"enemies":"Looter","floor":12,"turns":2},{"damage":11,"enemies":"Lagavulin","floor":13,"turns":4},{"damage":11,"enemies":"Slime Boss","floor":16,"turns":10},{"damage":1,"enemies":"Spheric Guardian","floor":18,"turns":3},{"damage":25,"enemies":"Chosen","floor":20,"turns":5},{"damage":25,"enemies":"Shelled Parasite and Fungi","floor":22,"turns":4}],"seed_played":"-648071927786963182","potions_obtained":[{"floor":1,"key":"theDuelist:BottledKuriboh"},{"floor":11,"key":"FearPotion"},{"floor":12,"key":"theDuelist:VoidBottle"}],"is_trial":false,"path_per_floor":["M","?","M","?","M","R","E","M","T","R","M","M","E","$","R","B",null,"M","?","M","?","M"],"character_chosen":"THE_DUELIST","items_purchased":["theDuelist:CardRewardRelicH"],"campfire_rested":1,"item_purchase_floors":[14],"current_hp_per_floor":[56,40,40,40,38,38,38,38,38,38,22,22,11,11,35,24,80,79,79,54,14,0,0],"gold":649,"neow_bonus":"RANDOM_COLORLESS_2","is_daily":false,"chose_seed":false,"campfire_upgraded":2,"win_rate":0.0,"timestamp":1613846150,"path_taken":["M","?","M","?","M","R","E","M","T","R","M","M","E","$","R","BOSS","M","?","M","?","M"],"items_purchased_type":["Relic"],"build_version":"2020-12-22","purchased_purges":1,"victory":false,"max_hp_per_floor":[80,80,80,80,80,80,80,80,80,80,80,80,80,80,80,80,80,80,80,80,80,80,80],"card_choices":[{"not_picked":["theDuelist:RainbowJar","Master of Strategy"],"picked":"HandOfGreed","floor":0},{"not_picked":["theDuelist:Hinotama","theDuelist:PowerKaishin","theDuelist:WormApocalypse","theDuelist:WhiteHowling"],"picked":"theDuelist:BigFire","floor":1},{"not_picked":["theDuelist:RainbowNeos","theDuelist:Eva","theDuelist:WhiteMagicalHat","theDuelist:AncientGearFist"],"picked":"theDuelist:MagnumShield","floor":3},{"not_picked":["theDuelist:RainbowNeos","theDuelist:Eva","theDuelist:BlueBloodedOni","theDuelist:GreenGraveOni"],"picked":"theDuelist:RainbowOverdragon","floor":5},{"not_picked":["theDuelist:RainbowNeos","theDuelist:Eva","theDuelist:RainbowKuriboh","theDuelist:RainbowOverdragon"],"picked":"theDuelist:KamionTimelord","floor":7},{"not_picked":["theDuelist:BattleOx","theDuelist:BigFire","theDuelist:DarklordSuperbia","theDuelist:SmashingGround"],"picked":"theDuelist:PowerGiant","floor":8},{"not_picked":["theDuelist:WhiteHowling","theDuelist:ImperialOrder","theDuelist:ElectromagneticShield"],"picked":"theDuelist:GravityAxe","floor":11},{"not_picked":["theDuelist:SpellShatteringArrow","theDuelist:CoreBlaster","theDuelist:ScrapFactory","theDuelist:Downbeat"],"picked":"theDuelist:CombinationAttack","floor":12},{"not_picked":["theDuelist:BigFire","theDuelist:WormApocalypse","theDuelist:MagnumShield","theDuelist:OnslaughtFireKings"],"picked":"theDuelist:WhiteMagicalHat","floor":13},{"not_picked":["theDuelist:PineappleBlast","theDuelist:GravityLash","theDuelist:MillenniumShield","theDuelist:Mathematician"],"picked":"theDuelist:YamiForm","floor":16},{"not_picked":["theDuelist:DoubleTool+1","theDuelist:CoreBlaster+1","theDuelist:BerserkerCrush+1","theDuelist:CharcoalInpachi"],"picked":"theDuelist:FeatherShot+1","floor":18},{"not_picked":["theDuelist:InfernoFireBlast+1","theDuelist:CoreBlaster","theDuelist:MiracleFertilizer","theDuelist:DeltaAttacker","theDuelist:BlackPendant"],"picked":"SKIP","floor":20}],"player_experience":48124,"relics_obtained":[{"floor":7,"key":"PreservedInsect"},{"floor":9,"key":"Vajra"},{"floor":13,"key":"Girya"}],"event_choices":[{"damage_healed":0,"gold_gain":0,"player_choice":"Entered Light","damage_taken":16,"max_hp_gain":0,"max_hp_loss":0,"event_name":"Shining Light","floor":2,"gold_loss":0,"cards_upgraded":["theDuelist:Sparks","theDuelist:BeaverWarrior"]},{"damage_healed":0,"gold_gain":59,"player_choice":"Gained Gold","damage_taken":0,"max_hp_gain":0,"max_hp_loss":0,"event_name":"Golden Wing","floor":4,"gold_loss":0},{"damage_healed":0,"gold_gain":0,"player_choice":"Took item - Received: Millennium Ring","duelist":true,"damage_taken":0,"max_hp_gain":0,"max_hp_loss":0,"event_name":"Millennium Items","floor":19,"gold_loss":0},{"damage_healed":0,"gold_gain":270,"player_choice":"CARD GOLD GOLD GOLD CARD ","damage_taken":40,"max_hp_gain":0,"max_hp_loss":0,"event_name":"Knowing Skull","floor":21,"potions_obtained":[],"gold_loss":0,"cards_obtained":["theDuelist:Fissure","theDuelist:TimeSeal"]}],"is_beta":false,"boss_relics":[{"not_picked":["aspiration:SecretTechniqueScroll","Tiny House"],"picked":"Black Star"}],"items_purged_floors":[14],"is_endless":false,"potions_floor_spawned":[1,11,12],"killed_by":"Shelled Parasite and Fungi","ascension_level":0}}