{"host":"miejrq8yypas90n2","time":1613807856,"event":{"mods":["100% Spire Juice","Act Like it!","BaseMod","Colored Powertips","Gensokyo","Marisa£®ÏF”Í°°ƒß¿Ì…≥£©","Minty Spire (QoL Compilation)","Relic Filter Mod","StSLib"],"gold_per_floor":[96,96,114,39,53,53,85,85,85,85,116,16,16,28,28,129,129,142,95,106,106,117,117,433,73,118,68,301,301,301,57,57,57,154,154,171,182,195,195,209,236,236,247,247,247,247,263,297,352,352,372,372,372,372],"floor_reached":55,"language":"ZHS","playtime":1883,"items_purged":["Pain","Moonworks:Strike"],"score":1130,"play_id":"78a42d38-08a6-497b-8dfc-51071d78bd4a","local_time":"20210220155736","is_ascension_mode":true,"campfire_choices":[{"data":"Moonworks:IndiscriminateFireSupport","floor":6.0,"key":"SMITH"},{"data":"Moonworks:Ambush","floor":8.0,"key":"SMITH"},{"data":"Moonworks:NicePresent","floor":10.0,"key":"SMITH"},{"data":"Moonworks:PlushieMaster","floor":15.0,"key":"SMITH"},{"data":"Moonworks:CookingTime","floor":23.0,"key":"SMITH"},{"data":"Moonworks:UnpaidWork","floor":29.0,"key":"SMITH"},{"data":"Moonworks:AnotherUltimateWeapon","floor":32.0,"key":"SMITH"},{"data":"Moonworks:ImOnFire","floor":33.0,"key":"SMITH"},{"data":"Gensokyo:ShootingStar","floor":42,"key":"SMITH"},{"data":"Moonworks:ForcedRevival","floor":44,"key":"SMITH"},{"data":"Moonworks:NicePresent","floor":46,"key":"SMITH"},{"data":"Moonworks:FinalBattle","floor":50,"key":"SMITH"},{"data":"Moonworks:AnotherUltimateWeapon","floor":52,"key":"SMITH"},{"data":"Moonworks:NicePresent","floor":53,"key":"SMITH"}],"circlet_count":0,"master_deck":["Moonworks:Strike","Moonworks:Strike","Moonworks:Strike","Moonworks:Defend+1","Moonworks:Defend","Moonworks:Defend","Moonworks:Defend","Moonworks:Ambush+1","Moonworks:LongDistanceShot","Moonworks:IndiscriminateFireSupport+1","Moonworks:DeployBits","Moonworks:NicePresent+1","Moonworks:NicePresent+1","Moonworks:PlushieMaster+1","Moonworks:AnotherUltimateWeapon+1","Moonworks:NicePresent","Moonworks:CookingTime+1","Moonworks:SealedMemories+1","Moonworks:ImOnFire+1","Gensokyo:AllTheWorldsEvil","Moonworks:UnpaidWork+1","Gensokyo:ShootingStar+1","Moonworks:AnotherUltimateWeapon+1","Moonworks:ExtendedPhotonRifle+1","Moonworks:ForcedRevival+1","Moonworks:NicePresent+1","Moonworks:NicePresent+1","Moonworks:FinalBattle+1"],"relics":["Moonworks:BrokenBomb","Moonworks:Homemark","Gensokyo:LunaticRedEyes","Question Card","Vajra","Blood Vial","Gensokyo:OccultBall","Sozu","War Paint","Akabeko","Gensokyo:RedStar","Chemical X","SlaversCollar","InkBottle","Molten Egg 2","Shuriken","TungstenRod"],"acts_visited":["Gensokyo:Gensokyo","Gensokyo:Gensokyoer","TheBeyond"],"potions_floor_usage":[34],"damage_taken":[{"damage":12.0,"enemies":"Gensokyo:Gryphon","floor":1.0,"turns":5.0},{"damage":7.0,"enemies":"Gensokyo:2_Kodama","floor":3.0,"turns":3.0},{"damage":0.0,"enemies":"Gensokyo:3_Fairies","floor":5.0,"turns":2.0},{"damage":10.0,"enemies":"Gensokyo:Mamizou","floor":7.0,"turns":8.0},{"damage":16.0,"enemies":"Gensokyo:Aya","floor":11.0,"turns":3.0},{"damage":0.0,"enemies":"Gensokyo:Python_and_Kodama","floor":12.0,"turns":2.0},{"damage":0.0,"enemies":"Gensokyo:Gryphon_and_Rabbit","floor":14.0,"turns":2.0},{"damage":7.0,"enemies":"Gensokyo:Reimu","floor":16.0,"turns":5.0},{"damage":17.0,"enemies":"Gensokyo:AngelMirror","floor":18.0,"turns":2.0},{"damage":15.0,"enemies":"Gensokyo:2_Gloops","floor":20.0,"turns":5.0},{"damage":0.0,"enemies":"Gensokyo:Wraith","floor":22.0,"turns":2.0},{"damage":0.0,"enemies":"Gensokyo:Slime_Group","floor":24.0,"turns":2.0},{"damage":2.0,"enemies":"Gensokyo:Koishi","floor":28.0,"turns":4.0},{"damage":34,"enemies":"Gensokyo:Kaguya","floor":34,"turns":7},{"damage":0,"enemies":"3 Shapes","floor":36,"turns":1},{"damage":1,"enemies":"Orb Walker","floor":37,"turns":1},{"damage":0,"enemies":"4 Shapes","floor":38,"turns":1},{"damage":0,"enemies":"3 Darklings","floor":40,"turns":1},{"damage":0,"enemies":"Giant Head","floor":41,"turns":4},{"damage":0,"enemies":"Maw","floor":43,"turns":5},{"damage":0,"enemies":"Writhing Mass","floor":47,"turns":2},{"damage":0,"enemies":"Nemesis","floor":48,"turns":5},{"damage":0,"enemies":"2 Orb Walkers","floor":49,"turns":1},{"damage":0,"enemies":"Spire Growth","floor":51,"turns":2},{"damage":0,"enemies":"Donu and Deca","floor":54,"turns":2}],"seed_played":"-1287385911418989031","potions_obtained":[{"floor":1.0,"key":"LiquidBronze"},{"floor":12.0,"key":"FearPotion"},{"floor":14.0,"key":"SmokeBomb"},{"floor":16.0,"key":"DuplicationPotion"}],"is_trial":false,"path_per_floor":["M","?","M","$","M","R","E","R","T","R","E","M","?","M","R","B",null,"M","COS","M","$","M","R","M","?","T","?","E","R","?","$","R","R","B",null,"M","M","M","?","M","E","R","M","R","T","R","M","E","?","R","M","R","R","B",null],"character_chosen":"THE_STARBREAKER","items_purchased":["Chemical X"],"campfire_rested":0,"item_purchase_floors":[31],"current_hp_per_floor":[48,48,41,41,41,41,31,31,31,31,15,17,17,19,19,14,49,34,34,21,21,26,26,36,36,36,43,51,51,51,51,51,51,49,63,65,66,67,67,67,67,67,67,67,67,67,67,67,67,67,67,67,67,67],"gold":372,"neow_bonus":"HUNDRED_GOLD","is_daily":false,"chose_seed":false,"campfire_upgraded":14,"win_rate":0.0,"timestamp":1613807856,"path_taken":["M","?","M","$","M","R","E","R","T","R","E","M","?","M","R","BOSS","M","COS","M","$","M","R","M","?","T","?","E","R","?","?","R","R","BOSS","M","M","M","?","M","E","R","?","R","T","R","M","E","?","R","M","R","R","BOSS"],"items_purchased_type":["Relic"],"build_version":"2020-12-22","purchased_purges":2,"victory":true,"max_hp_per_floor":[60,60,60,60,60,60,60,60,60,60,60,60,60,60,60,60,60,60,60,60,60,60,60,60,60,60,67,67,67,67,67,67,67,67,67,67,67,67,67,67,67,67,67,67,67,67,67,67,67,67,67,67,67,67],"card_choices":[{"not_picked":["Moonworks:CookingTime","Moonworks:BackdoorTrade","Moonworks:Bloodlust"],"picked":"SKIP","floor":1.0},{"not_picked":["Moonworks:ImOnFire","Moonworks:SakisCookie"],"picked":"Moonworks:IndiscriminateFireSupport","floor":3.0},{"not_picked":["Moonworks:MiracleWalker","Moonworks:LulusLuckyEgg"],"picked":"Moonworks:DeployBits","floor":5.0},{"not_picked":["Moonworks:SakisCookie","Moonworks:JonathanRush"],"picked":"Moonworks:NicePresent","floor":7.0},{"not_picked":["Moonworks:JonathanRush","Moonworks:EvilSpyWorkPreparation","Moonworks:SakisCookie"],"picked":"Moonworks:NicePresent","floor":11.0},{"not_picked":["Moonworks:x16BigRocket","Moonworks:NicePresent","Moonworks:SakisCookie"],"picked":"Moonworks:HolyNight","floor":12.0},{"not_picked":["Moonworks:DeployBits","Moonworks:IndiscriminateFireSupport","Moonworks:JonathanRush"],"picked":"Moonworks:PlushieMaster","floor":14.0},{"not_picked":["Moonworks:ReflectiveShell","Moonworks:EvilMastermind","Moonworks:HolyNight"],"picked":"Moonworks:AnotherUltimateWeapon","floor":16.0},{"not_picked":["Moonworks:AwakeningOfTalent","Moonworks:SweetBattle+1","Moonworks:SakisCookie"],"picked":"Moonworks:NicePresent","floor":18.0},{"not_picked":["Moonworks:LulusLuckyEgg","Moonworks:SweetBattle+1","Moonworks:DevilHand"],"picked":"Moonworks:CookingTime","floor":20.0},{"not_picked":["Moonworks:UnpaidWork","Moonworks:SakisCookie+1","Moonworks:Assault"],"picked":"Moonworks:SealedMemories","floor":22.0},{"not_picked":["Moonworks:Heat300Percent","Moonworks:SelfDestruct","Moonworks:SinkOrSwim"],"picked":"Moonworks:ImOnFire","floor":24.0},{"not_picked":["Moonworks:SelfDestruct+1","Moonworks:RagingMadness+1","Moonworks:Accelerator"],"picked":"Moonworks:UnpaidWork","floor":28.0},{"not_picked":[],"picked":"Gensokyo:ShootingStar","floor":34},{"not_picked":["Moonworks:MetallicMonocoque","Moonworks:CrystalBarrier","Moonworks:GoAway"],"picked":"Moonworks:AnotherUltimateWeapon","floor":34},{"not_picked":["Moonworks:IndiscriminateFireSupport+1","Moonworks:EvilSpyWorkPreparation","Moonworks:SakisCookie+1","Moonworks:DevilHand+1"],"picked":"SKIP","floor":36},{"not_picked":["Moonworks:ImOnFire+1","Moonworks:LulusLuckyEgg","Moonworks:WeAreWaruda"],"picked":"Moonworks:ExtendedPhotonRifle+1","floor":37},{"not_picked":["Moonworks:BigMagnum+1","Moonworks:JonathanRush","Moonworks:Assault"],"picked":"Moonworks:ForcedRevival","floor":38},{"not_picked":["Moonworks:LulusLuckyEgg","Moonworks:Assault+1","Moonworks:SakisCookie+1"],"picked":"Moonworks:NicePresent","floor":40},{"not_picked":["Moonworks:SakisCookie+1","Moonworks:DeployBits","Moonworks:BigMagnum","Moonworks:Bloodlust+1"],"picked":"SKIP","floor":41},{"not_picked":["Moonworks:EvilSpyWorkPreparation+1","Moonworks:JonathanRush+1","Moonworks:BindingChains+1"],"picked":"Moonworks:NicePresent+1","floor":43},{"not_picked":["Moonworks:MiracleWalker+1","Moonworks:SakisCookie","Moonworks:AngelHand+1","Moonworks:DeployBits"],"picked":"SKIP","floor":47},{"not_picked":["Moonworks:DeployBits+1","Moonworks:FullSpeedAlicianrone+1","Moonworks:EvilSpyWorkPreparation","Moonworks:SelfDestruct+1"],"picked":"SKIP","floor":48},{"not_picked":["Moonworks:DevilHand+1","Moonworks:ImOnFire","Moonworks:CompletionReward+1"],"picked":"Moonworks:FinalBattle","floor":49},{"not_picked":["Moonworks:EvilSpyWorkPreparation+1","Moonworks:BigMagnum","Moonworks:Assault+1","Moonworks:CookingTime+1"],"picked":"SKIP","floor":51}],"player_experience":387898,"relics_obtained":[{"floor":7.0,"key":"Question Card"},{"floor":9.0,"key":"Vajra"},{"floor":11.0,"key":"Blood Vial"},{"floor":16.0,"key":"Gensokyo:OccultBall"},{"floor":26.0,"key":"War Paint"},{"floor":28.0,"key":"Akabeko"},{"floor":34,"key":"Gensokyo:OccultBall"},{"floor":38,"key":"Gensokyo:OccultBall"},{"floor":41,"key":"InkBottle"},{"floor":45,"key":"Molten Egg 2"},{"floor":48,"key":"Shuriken"},{"floor":49,"key":"TungstenRod"},{"floor":49,"key":"Gensokyo:OccultBall"}],"event_choices":[{"damage_healed":0,"gold_gain":0,"player_choice":"0 cards matched","damage_taken":0,"max_hp_gain":0,"max_hp_loss":0,"event_name":"Match and Keep!","floor":39,"gold_loss":0,"cards_obtained":[]},{"damage_healed":0,"gold_gain":0,"player_choice":"Fight","damage_taken":0,"max_hp_gain":0,"max_hp_loss":0,"event_name":"Mysterious Sphere","floor":49,"gold_loss":0}],"is_beta":false,"boss_relics":[{"not_picked":["Black Star","Calling Bell"],"picked":"Sozu"},{"not_picked":["Runic Pyramid","SacredBark"],"picked":"SlaversCollar"}],"items_purged_floors":[4,31],"is_endless":false,"potions_floor_spawned":[1,12,14,16,22,28,37,38,41,43,49,51],"ascension_level":5}}