{"host":"bx54wbx1b8s5cm4v","time":1613854031,"event":{"mods":["BaseMod","GifTheSpireLib","Hubris","Minty Spire (QoL Compilation)","StSLib"],"gold_per_floor":[111,186,136,136,151,151,180,180,180,180,215,234,234,250,250,351,351,368,380,380,21,21,21,39,39,39,65,65,81,114,114,114,214,214,225,245,245,7,24,54,54,87,87,55,55,69,69,81,81,81,81],"floor_reached":50,"language":"ENG","playtime":2556,"items_purged":["Strike_B"],"score":740,"play_id":"e8d2a016-9d8f-4a11-919b-bf773a2b20b2","local_time":"20210220174711","is_ascension_mode":true,"campfire_choices":[{"data":"Genetic Algorithm","floor":6,"key":"SMITH"},{"data":"Dualcast","floor":8,"key":"SMITH"},{"floor":13,"key":"REST"},{"data":"Redo","floor":15,"key":"SMITH"},{"data":"Streamline","floor":23,"key":"SMITH"},{"floor":25,"key":"REST"},{"floor":28,"key":"REST"},{"data":"Scrape","floor":32,"key":"SMITH"},{"floor":41,"key":"RECALL"},{"data":"Conserve Battery","floor":47,"key":"SMITH"},{"data":"Turbo","floor":49,"key":"SMITH"}],"circlet_count":0,"master_deck":["Strike_B","Strike_B","Defend_B+1","Defend_B","Defend_B+1","Zap+1","Dualcast+1","Streamline+1","Turbo+1","Genetic Algorithm+1","Rebound","Rebound","Redo+1","Echo Form+1","Ball Lightning+1","hubris:PowerSurge+1","Leap+1","Defragment+1","Scrape+1","Self Repair+1","Conserve Battery+1","BootSequence+1","Coolheaded+1","Leap+1","Steam Power+1","Parasite"],"relics":["Cracked Core","The Courier","Frozen Egg 2","Centennial Puzzle","Ancient Tea Set","hubris:ScarierMask","Bronze Scales","Happy Flower","War Paint","Toy Ornithopter","Oddly Smooth Stone","hubris:BottledHeart","Inserter","hubris:Icosahedron","FossilizedHelix","Bag of Marbles","Dead Branch","Singing Bowl"],"acts_visited":["Exordium","TheCity","TheBeyond"],"potions_floor_usage":[1,24,24,33,33,36,42,42,42,50],"damage_taken":[{"damage":2,"enemies":"Jaw Worm","floor":1,"turns":3},{"damage":7,"enemies":"Small Slimes","floor":5,"turns":3},{"damage":30,"enemies":"3 Sentries","floor":7,"turns":6},{"damage":17,"enemies":"Lagavulin","floor":11,"turns":5},{"damage":8,"enemies":"2 Louse","floor":12,"turns":2},{"damage":9,"enemies":"Red Slaver","floor":14,"turns":2},{"damage":15,"enemies":"Hexaghost","floor":16,"turns":8},{"damage":43,"enemies":"Shell Parasite","floor":18,"turns":6},{"damage":11,"enemies":"2 Thieves","floor":19,"turns":3},{"damage":14,"enemies":"Centurion and Healer","floor":24,"turns":2},{"damage":10,"enemies":"Gremlin Leader","floor":27,"turns":4},{"damage":0,"enemies":"3 Cultists","floor":29,"turns":4},{"damage":16,"enemies":"Slavers","floor":30,"turns":3},{"damage":0,"enemies":"Collector","floor":33,"turns":12},{"damage":0,"enemies":"3 Darklings","floor":35,"turns":4},{"damage":0,"enemies":"Orb Walker","floor":36,"turns":4},{"damage":0,"enemies":"Sphere and 2 Shapes","floor":39,"turns":2},{"damage":0,"enemies":"Reptomancer","floor":40,"turns":7},{"damage":0,"enemies":"Giant Head","floor":42,"turns":8},{"damage":0,"enemies":"Writhing Mass","floor":44,"turns":5},{"damage":0,"enemies":"4 Shapes","floor":46,"turns":6},{"damage":0,"enemies":"Jaw Worm Horde","floor":48,"turns":2},{"damage":15,"enemies":"Awakened One","floor":50,"turns":11}],"seed_played":"2989113507784372681","potions_obtained":[{"floor":1,"key":"Fruit Juice"},{"floor":7,"key":"Explosive Potion"},{"floor":11,"key":"BlessingOfTheForge"},{"floor":16,"key":"Regen Potion"},{"floor":19,"key":"SteroidPotion"},{"floor":27,"key":"EssenceOfSteel"},{"floor":29,"key":"FocusPotion"},{"floor":33,"key":"Weak Potion"},{"floor":35,"key":"Strength Potion"},{"floor":39,"key":"DuplicationPotion"},{"floor":44,"key":"FocusPotion"}],"is_trial":false,"path_per_floor":["M","?","?","?","M","R","E","R","T","?","E","M","R","M","R","B",null,"M","M","?","$","?","R","M","R","T","E","R","M","E","?","R","B",null,"M","M","?","$","M","E","R","E","T","M","?","M","R","M","R","B"],"character_chosen":"DEFECT","items_purchased":["Bronze Scales","Happy Flower","Regen Potion","FossilizedHelix"],"campfire_rested":3,"item_purchase_floors":[21,21,21,38],"current_hp_per_floor":[78,67,67,67,60,60,30,30,30,30,13,5,29,20,20,5,80,37,26,11,11,11,11,7,32,32,22,47,47,31,1,1,1,1,1,1,1,1,1,1,1,1,1,1,1,1,1,1,1,0,0],"gold":81,"neow_bonus":"THREE_CARDS","is_daily":false,"chose_seed":false,"campfire_upgraded":7,"win_rate":0.0,"timestamp":1613854031,"path_taken":["M","?","?","?","M","R","E","R","T","?","E","M","R","M","R","BOSS","M","M","?","$","?","R","M","R","T","E","R","?","E","?","R","BOSS","M","M","?","$","M","E","R","E","T","M","?","M","R","?","R","BOSS"],"items_purchased_type":["Relic","Relic","Potion","Relic"],"build_version":"2020-12-22","purchased_purges":1,"victory":false,"max_hp_per_floor":[80,80,80,80,80,80,80,80,80,80,80,80,80,80,80,80,80,80,80,85,85,85,85,85,85,85,85,85,85,85,1,1,1,1,1,1,1,1,1,1,1,1,1,1,1,1,1,1,1,1,1],"card_choices":[{"not_picked":["Leap","Gash"],"picked":"Streamline","floor":0},{"not_picked":["Fusion","Cold Snap"],"picked":"Turbo","floor":1},{"not_picked":["Aggregate","Hologram"],"picked":"Genetic Algorithm","floor":5},{"not_picked":["Storm","Steam"],"picked":"Rebound","floor":7},{"not_picked":["Beam Cell","Barrage"],"picked":"Rebound","floor":11},{"not_picked":["Barrage","Cold Snap"],"picked":"Redo","floor":12},{"not_picked":["Sweeping Beam","Steam"],"picked":"Echo Form+1","floor":14},{"not_picked":["Gash","Coolheaded+1"],"picked":"Ball Lightning+1","floor":18},{"not_picked":["Cold Snap+1","Go for the Eyes"],"picked":"hubris:PowerSurge+1","floor":19},{"not_picked":["Sweeping Beam","Ball Lightning"],"picked":"Leap+1","floor":24},{"not_picked":["Static Discharge+1","Beam Cell"],"picked":"Defragment+1","floor":27},{"not_picked":["Gash","Streamline"],"picked":"Scrape","floor":29},{"not_picked":["Redo","Aggregate"],"picked":"Self Repair+1","floor":30},{"not_picked":["Aggregate","Glacier+1"],"picked":"Conserve Battery","floor":35},{"not_picked":["Skim","Leap+1"],"picked":"BootSequence+1","floor":36},{"not_picked":["Force Field+1","Barrage+1"],"picked":"Coolheaded+1","floor":39},{"not_picked":["Compile Driver","Cold Snap+1"],"picked":"Leap+1","floor":40},{"not_picked":["Ball Lightning","Sunder"],"picked":"Steam Power","floor":42},{"not_picked":["Sweeping Beam+1","Leap","Conserve Battery"],"picked":"Singing Bowl","floor":44},{"not_picked":["Rebound+1","BootSequence","Beam Cell"],"picked":"Singing Bowl","floor":46},{"not_picked":["Hello World+1","Redo","Fusion+1"],"picked":"Singing Bowl","floor":48}],"player_experience":47163,"relics_obtained":[{"floor":7,"key":"The Courier"},{"floor":9,"key":"Frozen Egg 2"},{"floor":11,"key":"Ancient Tea Set"},{"floor":26,"key":"War Paint"},{"floor":27,"key":"Toy Ornithopter"},{"floor":30,"key":"Oddly Smooth Stone"},{"floor":40,"key":"Bag of Marbles"},{"floor":42,"key":"Dead Branch"},{"floor":43,"key":"Singing Bowl"}],"event_choices":[{"damage_healed":0,"gold_gain":75,"player_choice":"Gather Gold","damage_taken":11,"max_hp_gain":0,"max_hp_loss":0,"event_name":"World of Goop","floor":2,"gold_loss":0},{"cards_removed":["Defend_B"],"damage_healed":0,"gold_gain":0,"player_choice":"Card Removal","damage_taken":0,"max_hp_gain":0,"max_hp_loss":0,"event_name":"The Cleric","floor":3,"gold_loss":50},{"damage_healed":0,"gold_gain":0,"player_choice":"Gave Potion","damage_taken":0,"relics_obtained":["Centennial Puzzle"],"max_hp_gain":0,"max_hp_loss":0,"event_name":"WeMeetAgain","floor":10,"gold_loss":0},{"damage_healed":0,"gold_gain":0,"player_choice":"Shed Blood","damage_taken":20,"max_hp_gain":5,"max_hp_loss":0,"event_name":"Forgotten Altar","floor":20,"gold_loss":0},{"cards_removed":["Strike_B"],"damage_healed":0,"gold_gain":0,"player_choice":"Offered Basic","damage_taken":0,"max_hp_gain":0,"max_hp_loss":0,"event_name":"Bonfire Elementals","floor":22,"gold_loss":0},{"damage_healed":0,"gold_gain":0,"player_choice":"Upgraded","damage_taken":0,"max_hp_gain":0,"max_hp_loss":0,"event_name":"Upgrade Shrine","floor":45,"gold_loss":0,"cards_upgraded":["Steam Power"]}],"is_beta":false,"boss_relics":[{"not_picked":["Cursed Key","Velvet Choker"],"picked":"hubris:ScarierMask"},{"not_picked":["Runic Dome","hubris:GrandSneckoEye"],"picked":"Inserter"}],"items_purged_floors":[21],"is_endless":false,"potions_floor_spawned":[1,7,11,16,19,27,29,33,35,39,44],"killed_by":"Awakened One","ascension_level":2}}