{"host":"r3aiys8ato0opyzb","time":1613846678,"event":{"mods":["AchievementEnabler","Aspiration","BaseMod","Colored Powertips","Duelist Mod","GifTheSpireLib","Minty Spire (QoL Compilation)","READ ME - Guardian Mod","StSLib","The Disciple","The Dragon Tamer","The Marked","The Necromancer"],"gold_per_floor":[117,192,208,222,242,242,242],"floor_reached":6,"language":"ENG","playtime":477,"items_purged":[],"score":40,"play_id":"27711f5a-6e63-4763-9e1b-8026761c06ec","local_time":"20210220204438","is_ascension_mode":true,"campfire_choices":[],"circlet_count":0,"master_deck":["Strike_W","Strike_W","Strike_W","Strike_W","Defend_W","Defend_W","Defend_W","Defend_W","Negative_Energy_Arrows","Bone_Wall","Bone_Armor","Whirlwind_of_Bones","Bones_to_Steel","Pandemic"],"relics":["Vampire_Amulet","aspiration:Nostalgia","theDuelist:CardPoolBasicRelic"],"acts_visited":["Exordium"],"potions_floor_usage":[6],"damage_taken":[{"damage":3,"enemies":"Jaw Worm","floor":1,"turns":5},{"damage":1,"enemies":"Cultist","floor":3,"turns":4},{"damage":2,"enemies":"Small Slimes","floor":4,"turns":4},{"damage":2,"enemies":"3 Louse","floor":5,"turns":6},{"damage":55,"enemies":"Gremlin Nob","floor":6,"turns":6}],"seed_played":"6112112188198392196","potions_obtained":[{"floor":3,"key":"Ancient Potion"},{"floor":4,"key":"EssenceOfSteel"},{"floor":5,"key":"ColorlessPotion"}],"is_trial":false,"path_per_floor":["M","?","M","M","M","E"],"character_chosen":"NECROMANCER","items_purchased":[],"campfire_rested":0,"item_purchase_floors":[],"current_hp_per_floor":[74,63,64,66,70,15,15],"gold":242,"neow_bonus":"NOSTALGIA","is_daily":false,"chose_seed":false,"campfire_upgraded":0,"win_rate":0.0,"timestamp":1613846678,"path_taken":["M","?","M","M","M","E"],"items_purchased_type":[],"build_version":"2020-12-22","purchased_purges":0,"victory":false,"max_hp_per_floor":[75,75,75,75,75,75,75],"card_choices":[{"not_picked":["Bones_to_Steel","Epidemic"],"picked":"Bone_Armor","floor":1},{"not_picked":["Blood_Curse","Bone_Spikes"],"picked":"Whirlwind_of_Bones","floor":3},{"not_picked":["Bone_Bullets","Siphon_Strength"],"picked":"Bones_to_Steel","floor":4},{"not_picked":["Necromantic_Selection","Life_Tap"],"picked":"Pandemic","floor":5}],"player_experience":49492,"relics_obtained":[],"event_choices":[{"damage_healed":0,"gold_gain":75,"player_choice":"Gather Gold","damage_taken":11,"max_hp_gain":0,"max_hp_loss":0,"event_name":"World of Goop","floor":2,"gold_loss":0}],"is_beta":false,"boss_relics":[],"items_purged_floors":[],"is_endless":false,"potions_floor_spawned":[3,4,5],"killed_by":"Gremlin Nob","ascension_level":1}}