{"host":"w1l5t0a1l2lkq6my","time":1613809593,"event":{"mods":["100% Spire Juice","Bartender","BaseMod","Better Match","KinomotoSakuraMod(ñÿîVñ{?)","Lobotomy","LobotomyExtend","Magitek Elite","MarisaÅiñ∂âJÅ@ñÇóùçπÅj","Minty Spire (QoL Compilation)","Shapeshifter Mod","StSLib","The Animator","The Gatherer","The Senshi","Yuyuko"],"gold_per_floor":[115,115,111,174,240,158,146,146,173,147,147,133,141,188,188,271,271,244,264,19,69,87,87,117,117,167,192,192,206,256,306,306,404,404,404,404],"floor_reached":35,"language":"ENG","playtime":2930,"items_purged":[],"score":405,"play_id":"4495ee3c-74e0-43eb-9161-303fc2ae1330","local_time":"20210220012633","is_ascension_mode":false,"campfire_choices":[],"circlet_count":0,"master_deck":["SpecialBullet","SpecialBullet","SpecialBullet","SpecialBullet","SpecialBullet","SpecialBullet","SpecialBullet","SpecialBullet","SecurityCode","InformationCode","WelfareCode","CherryBlossom","VoidDream","Soda","Freischutz","CUTE","Soda","Regret_ego","QueenOfHatred","TheSmile","GreenStem","Soda","CentralCode","SoundOfStar","Regret_ego+1"],"relics":["CogitoBucket","NeowsBlessing","LetterFromLob","SsserpentHead","Mythril_Glove","Tiny Chest","BehaviorAdjustment","Centennial Puzzle","Coffee Dripper","Heaven_r","HellTrain","Letter Opener","Boot","Juzu Bracelet","Matryoshka","Cleaning_Rag","HornCleat","SlaversCollar"],"acts_visited":["Exordium","TheCity","TheBeyond"],"potions_floor_usage":[16,18,33,35,35],"damage_taken":[{"damage":0,"enemies":"Jaw Worm","floor":1,"turns":1},{"damage":0,"enemies":"Cultist","floor":4,"turns":1},{"damage":1,"enemies":"Small Slimes","floor":5,"turns":2},{"damage":9,"enemies":"3 Sentries","floor":6,"turns":3},{"damage":56,"enemies":"Gremlin Gang","floor":7,"turns":5},{"damage":23,"enemies":"3 Louse","floor":10,"turns":2},{"damage":0,"enemies":"Looter","floor":12,"turns":1},{"damage":19,"enemies":"Lagavulin","floor":13,"turns":7},{"damage":21,"enemies":"Exordium Thugs","floor":14,"turns":5},{"damage":63,"enemies":"Slime Boss","floor":16,"turns":14},{"damage":57,"enemies":"Spheric Guardian","floor":18,"turns":4},{"damage":56,"enemies":"Spheric Guardian","floor":19,"turns":6},{"damage":44,"enemies":"Chosen","floor":22,"turns":6},{"damage":45,"enemies":"Slavers","floor":24,"turns":5},{"damage":93,"enemies":"Book of Stabbing","floor":27,"turns":6},{"damage":36,"enemies":"Snecko","floor":29,"turns":5},{"damage":60,"enemies":"Champ","floor":33,"turns":13},{"damage":3,"enemies":"3 Darklings","floor":35,"turns":53}],"seed_played":"-5878577391816591638","potions_obtained":[{"floor":5,"key":"Block Potion"},{"floor":7,"key":"DistilledChaos"},{"floor":14,"key":"FearPotion"},{"floor":16,"key":"SpeedPotion"},{"floor":22,"key":"DuplicationPotion"},{"floor":24,"key":"SkillPotion"}],"is_trial":false,"path_per_floor":["M","?","$","M","M","E","M","R","T","M","R","M","E","M","R","B",null,"M","M","$","?","M","R","E","R","T","E","R","M","?","T","R","B",null,"M"],"character_chosen":"Angela","items_purchased":["CherryBlossom","Letter Opener"],"campfire_rested":0,"item_purchase_floors":[3,20],"current_hp_per_floor":[70,70,70,70,70,70,28,28,28,9,9,23,29,30,30,41,70,70,60,60,64,52,52,66,66,66,56,56,59,64,64,64,70,70,70,70],"gold":404,"neow_bonus":"THREE_ENEMY_KILL","is_daily":false,"chose_seed":false,"campfire_upgraded":0,"win_rate":0.0,"timestamp":1613809593,"path_taken":["M","?","?","?","?","E","M","R","T","M","R","M","E","?","R","BOSS","M","M","$","?","M","R","E","R","T","E","R","M","?","?","R","BOSS","M"],"items_purchased_type":["Card","Relic"],"build_version":"2020-12-22","purchased_purges":0,"victory":false,"max_hp_per_floor":[70,70,70,70,70,70,70,70,70,70,70,70,70,70,70,70,70,70,70,70,70,70,70,70,70,70,70,70,70,70,70,70,70,70,70,70],"card_choices":[{"not_picked":["Beak","Penitence"],"picked":"SKIP","floor":1},{"not_picked":["Alriune","PunishingBird"],"picked":"VoidDream","floor":4},{"not_picked":["Reverberation"],"picked":"Soda","floor":4},{"not_picked":["ShyLook","Scorched"],"picked":"Freischutz","floor":5},{"not_picked":["SomewhereSpear","BlackSwan_ego"],"picked":"SKIP","floor":5},{"not_picked":["Lantern"],"picked":"CUTE","floor":6},{"not_picked":["Amita"],"picked":"Soda","floor":7},{"not_picked":["Wingbeat","CENSORED_ego"],"picked":"SKIP","floor":10},{"not_picked":["RedEyes"],"picked":"Regret_ego","floor":12},{"not_picked":["Lantern","FourthMatchFlame"],"picked":"SKIP","floor":13},{"not_picked":["OSAHOGD","Alriune"],"picked":"QueenOfHatred","floor":14},{"not_picked":["RapturousDream"],"picked":"Regret_ego","floor":14},{"not_picked":["Pinks"],"picked":"TheSmile","floor":16},{"not_picked":["CUTE"],"picked":"GreenStem","floor":19},{"not_picked":["Christmas"],"picked":"Soda","floor":22},{"not_picked":["FeatherOfHonor+1"],"picked":"SoundOfStar","floor":24},{"not_picked":["Horn","TodaysExpression"],"picked":"SKIP","floor":27},{"not_picked":["Loneliness"],"picked":"Regret_ego+1","floor":29}],"player_experience":144984,"relics_obtained":[{"floor":1,"key":"LetterFromLob"},{"floor":6,"key":"Mythril_Glove"},{"floor":9,"key":"Tiny Chest"},{"floor":13,"key":"Centennial Puzzle"},{"floor":24,"key":"Boot"},{"floor":26,"key":"Juzu Bracelet"},{"floor":27,"key":"Matryoshka"},{"floor":31,"key":"Cleaning_Rag"},{"floor":31,"key":"HornCleat"}],"event_choices":[{"damage_healed":0,"gold_gain":0,"player_choice":"Trade","damage_taken":0,"relics_obtained":["SsserpentHead"],"max_hp_gain":0,"max_hp_loss":0,"event_name":"FaceTrader","floor":2,"gold_loss":0},{"cards_removed":["Regret_ego"],"damage_healed":5,"gold_gain":0,"player_choice":"Offered Common","damage_taken":0,"max_hp_gain":0,"max_hp_loss":0,"event_name":"Bonfire Elementals","floor":30,"gold_loss":0},{"cards_removed":["Regret_ego"],"damage_healed":5,"gold_gain":0,"player_choice":"Offered Special","damage_taken":0,"max_hp_gain":0,"max_hp_loss":0,"event_name":"Bonfire Elementals","floor":30,"gold_loss":0}],"is_beta":false,"boss_relics":[{"not_picked":["Sozu","Black Star"],"picked":"Coffee Dripper"},{"not_picked":["Snecko Eye","Cursed Key"],"picked":"SlaversCollar"}],"items_purged_floors":[],"is_endless":false,"potions_floor_spawned":[5,7,14,16,22,24,29],"killed_by":"3 Darklings","ascension_level":0}}