{"host":"cbu6enf2xtq4r7r3","time":1613831810,"event":{"mods":["2.2 Compatiblity","AlwaysNeverKeys","BaseMod","Better Match","Better Note","Better Sensory Stone","Better Skull","Better Third Choice","Colored Map","Colored Powertips","Defuse TimeMaze Blight","Emptier Cage","Minty Spire (QoL Compilation)","Permanent Neow","Quick Restart","Random Character Button","Relic Sorter","Reorder Act Four","Shop Mod","StSLib"],"gold_per_floor":[218,318,8,25,40,40,71,83,83,83,101,130,130,148,148,249,299,309,319,319,333,343,371,371,402,402,402,402,402],"floor_reached":28,"language":"ENG","playtime":743,"items_purged":["Strike_B"],"score":309,"play_id":"f6597a77-4193-45ef-8f36-68ae56b12ec2","local_time":"20210220153650","is_ascension_mode":true,"campfire_choices":[{"data":"Defragment","floor":6.0,"key":"SMITH"},{"data":"Zap","floor":10.0,"key":"SMITH"},{"data":"Gash","floor":13.0,"key":"SMITH"},{"data":"Gash","floor":15.0,"key":"SMITH"},{"data":"FTL","floor":24,"key":"SMITH"},{"data":"Gash","floor":27,"key":"SMITH"}],"circlet_count":0,"master_deck":["Strike_B","Strike_B","Strike_B","Defend_B","Defend_B","Defend_B","Defend_B","Zap+1","Dualcast","Melter","Defragment+1","Barrage","Gash+1","Gash+1","Ball Lightning","Scrape+1","BootSequence","Coolheaded+1","Glass Knife","FTL+1","Gash+1"],"relics":["Cracked Core","Sling","Singing Bowl","Sundial","StrikeDummy","Tiny House","Ginger","Oddly Smooth Stone","Smiling Mask"],"acts_visited":["Exordium","TheCity"],"potions_floor_usage":[19,21,21,25],"damage_taken":[{"damage":0.0,"enemies":"Small Slimes","floor":1.0,"turns":2.0},{"damage":0.0,"enemies":"Cultist","floor":4.0,"turns":3.0},{"damage":6.0,"enemies":"Jaw Worm","floor":5.0,"turns":2.0},{"damage":16.0,"enemies":"Lagavulin","floor":7.0,"turns":4.0},{"damage":12.0,"enemies":"Gremlin Gang","floor":8.0,"turns":4.0},{"damage":4.0,"enemies":"Blue Slaver","floor":11.0,"turns":3.0},{"damage":8.0,"enemies":"3 Sentries","floor":12.0,"turns":4.0},{"damage":5.0,"enemies":"Looter","floor":14.0,"turns":3.0},{"damage":6.0,"enemies":"Slime Boss","floor":16.0,"turns":5.0},{"damage":0.0,"enemies":"Spheric Guardian","floor":18.0,"turns":1.0},{"damage":10,"enemies":"2 Thieves","floor":19,"turns":3},{"damage":5,"enemies":"Snake Plant","floor":21,"turns":3},{"damage":0,"enemies":"Centurion and Healer","floor":22,"turns":4},{"damage":21,"enemies":"Book of Stabbing","floor":23,"turns":4},{"damage":27,"enemies":"Slavers","floor":25,"turns":3},{"damage":34,"enemies":"Shelled Parasite and Fungi","floor":28,"turns":3}],"seed_played":"3516110658892997352","potions_obtained":[{"floor":1.0,"key":"Energy Potion"},{"floor":7.0,"key":"PotionOfCapacity"},{"floor":8.0,"key":"Weak Potion"},{"floor":16.0,"key":"BlessingOfTheForge"},{"floor":17.0,"key":"SpeedPotion"},{"floor":22,"key":"FearPotion"}],"is_trial":false,"path_per_floor":["M","?","$","M","M","R","E","M","T","R","M","E","R","M","R","B",null,"M","M","?","M","M","E","R","E","T","R","M"],"character_chosen":"DEFECT","items_purchased":["Defragment","Barrage","Sling"],"campfire_rested":0,"item_purchase_floors":[3,3,3],"current_hp_per_floor":[75,75,75,75,69,69,55,45,45,45,41,35,35,30,30,26,90,90,80,80,77,77,58,58,31,31,31,0,0],"gold":402,"neow_bonus":"HUNDRED_GOLD","is_daily":false,"chose_seed":false,"campfire_upgraded":6,"win_rate":0.0,"timestamp":1613831810,"path_taken":["M","?","$","M","M","R","E","M","T","R","M","E","R","?","R","BOSS","M","M","?","M","M","E","R","E","T","R","M"],"items_purchased_type":["Card","Card","Relic"],"build_version":"2020-12-22","purchased_purges":1,"victory":false,"max_hp_per_floor":[75,75,75,75,75,75,77,79,79,79,79,81,81,81,81,83,90,90,90,90,92,92,94,94,94,94,94,94,94],"card_choices":[{"not_picked":["Force Field","Gash"],"picked":"Melter","floor":1.0},{"not_picked":["Coolheaded","Heatsinks"],"picked":"Gash","floor":4.0},{"not_picked":["Double Energy","Capacitor"],"picked":"Gash","floor":5.0},{"not_picked":["Darkness","Lockon","Reboot"],"picked":"Singing Bowl","floor":7.0},{"not_picked":["Aggregate","Doom and Gloom","Barrage"],"picked":"Singing Bowl","floor":8.0},{"not_picked":["Compile Driver","Go for the Eyes"],"picked":"Ball Lightning","floor":11.0},{"not_picked":["Streamline","Seek","Auto Shields"],"picked":"Singing Bowl","floor":12.0},{"not_picked":["Stack","Turbo"],"picked":"Scrape","floor":14.0},{"not_picked":["Hyperbeam","Multi-Cast","Seek"],"picked":"Singing Bowl","floor":16.0},{"not_picked":["Compile Driver","Turbo","Consume"],"picked":"Singing Bowl","floor":17.0},{"not_picked":["Double Energy","Redo"],"picked":"BootSequence","floor":18.0},{"not_picked":["Hyperbeam","Stack+1"],"picked":"Coolheaded+1","floor":19},{"not_picked":["Static Discharge","Skim","Storm+1"],"picked":"Singing Bowl","floor":21},{"not_picked":["Redo","Lockon"],"picked":"FTL","floor":22},{"not_picked":["Redo","Aggregate","Stack"],"picked":"Singing Bowl","floor":23},{"not_picked":["BootSequence","Electrodynamics"],"picked":"Gash","floor":25}],"player_experience":163776,"relics_obtained":[{"floor":7.0,"key":"Singing Bowl"},{"floor":9.0,"key":"Sundial"},{"floor":12.0,"key":"StrikeDummy"},{"floor":23,"key":"Ginger"},{"floor":25,"key":"Oddly Smooth Stone"},{"floor":26,"key":"Smiling Mask"}],"event_choices":[{"damage_healed":0.0,"max_hp_gain":0.0,"max_hp_loss":0.0,"gold_gain":100.0,"event_name":"Golden Shrine","player_choice":"Pray","floor":2.0,"gold_loss":0.0,"damage_taken":0.0},{"cards_removed":["BootSequence"],"damage_healed":0,"gold_gain":0,"player_choice":"Take \u0026 Give","damage_taken":0,"max_hp_gain":0,"max_hp_loss":0,"event_name":"betterNote:BetterNote","floor":20,"gold_loss":0,"cards_obtained":["Glass Knife"]}],"is_beta":false,"boss_relics":[{"not_picked":["Snecko Eye","Busted Crown"],"picked":"Tiny House"}],"items_purged_floors":[3],"is_endless":false,"potions_floor_spawned":[1,7,8,16,22],"killed_by":"Shelled Parasite and Fungi","ascension_level":1}}