{"host":"qfskrnw3pl1q86j0","time":1613837543,"event":{"mods":["BaseMod","Block Reminder","Hermit","Marisa????????","Minty Spire (QoL Compilation)","Quick Restart","Random Character Button","Relic Stats","StSLib","The Poker Player","slay the spire mod where everything is the same but ironclad has a cowboy hat"],"gold_per_floor":[114,127,127,137,152,152,172,62,85,85,103,119,119,152,152,251,251,270,185,185,202,219,219,88,88,88,88,99,49,69,101,101,101,101],"floor_reached":33,"language":"ENG","playtime":1280,"items_purged":["Strike_G","Strike_G","Strike_G"],"score":269,"play_id":"56dcfe2f-eb20-4084-9c87-f42c0420c0d1","local_time":"20210220171223","is_ascension_mode":false,"campfire_choices":[{"data":"Neutralize","floor":6,"key":"SMITH"},{"data":"Footwork","floor":10,"key":"SMITH"},{"data":"Skewer","floor":13,"key":"SMITH"},{"data":"Doppelganger","floor":15,"key":"SMITH"},{"data":"Phantasmal Killer","floor":23,"key":"SMITH"},{"data":"Leg Sweep","floor":27,"key":"SMITH"},{"floor":32,"key":"REST"}],"circlet_count":0,"master_deck":["Defend_G","Defend_G","Defend_G","Defend_G","Defend_G","Survivor","Neutralize+1","Skewer+1","Flying Knee","Escape Plan","PiercingWail","Poisoned Stab","Footwork+1","Doppelganger+1","Phantasmal Killer+1","Well Laid Plans+1","Outmaneuver+1","Leg Sweep+1","Footwork+1","Burst","Bullet Time"],"relics":["Empty Cage","Oddly Smooth Stone","Ancient Tea Set","Runic Dome","Smiling Mask","Frozen Egg 2","Shovel"],"acts_visited":["Exordium","TheCity"],"potions_floor_usage":[16,16,30,31,33],"damage_taken":[{"damage":17,"enemies":"Jaw Worm","floor":1,"turns":12},{"damage":2,"enemies":"Small Slimes","floor":2,"turns":3},{"damage":0,"enemies":"Cultist","floor":4,"turns":3},{"damage":3,"enemies":"Exordium Thugs","floor":5,"turns":6},{"damage":4,"enemies":"Looter","floor":7,"turns":4},{"damage":0,"enemies":"Red Slaver","floor":11,"turns":4},{"damage":0,"enemies":"Gremlin Gang","floor":12,"turns":6},{"damage":20,"enemies":"Gremlin Nob","floor":14,"turns":4},{"damage":8,"enemies":"Hexaghost","floor":16,"turns":15},{"damage":3,"enemies":"Shell Parasite","floor":18,"turns":6},{"damage":0,"enemies":"Chosen","floor":21,"turns":3},{"damage":14,"enemies":"Centurion and Healer","floor":22,"turns":6},{"damage":3,"enemies":"Snake Plant","floor":28,"turns":4},{"damage":31,"enemies":"Cultist and Chosen","floor":30,"turns":10},{"damage":29,"enemies":"Gremlin Leader","floor":31,"turns":10},{"damage":0,"enemies":"Collector","floor":33,"turns":4}],"seed_played":"6261236681147478469","potions_obtained":[{"floor":4,"key":"Fruit Juice"},{"floor":7,"key":"Fire Potion"},{"floor":11,"key":"ColorlessPotion"},{"floor":16,"key":"AttackPotion"},{"floor":22,"key":"SpeedPotion"},{"floor":30,"key":"Dexterity Potion"}],"is_trial":false,"path_per_floor":["M","M","?","M","M","R","M","$","T","R","M","M","R","E","R","B",null,"M","?","?","M","M","R","$","?","T","R","M","$","M","E","R","B"],"character_chosen":"THE_SILENT","items_purchased":["Footwork","Leg Sweep"],"campfire_rested":1,"item_purchase_floors":[8,24],"current_hp_per_floor":[53,51,56,56,53,53,49,49,49,49,49,49,49,29,29,26,80,77,77,80,80,66,66,66,66,66,66,63,63,32,3,27,27,27],"gold":101,"neow_bonus":"BOSS_RELIC","is_daily":false,"chose_seed":false,"campfire_upgraded":6,"win_rate":0.0,"timestamp":1613837543,"path_taken":["M","M","?","M","M","R","M","$","T","R","M","M","R","E","R","BOSS","M","?","?","M","?","R","?","?","T","R","M","$","M","E","R","BOSS"],"items_purchased_type":["Card","Card"],"build_version":"2020-12-22","purchased_purges":3,"victory":false,"max_hp_per_floor":[70,70,75,75,75,75,75,75,75,75,75,75,75,75,75,80,80,80,80,80,80,80,80,80,80,80,80,80,80,80,80,80,80,80],"relic_stats":{"Shovel":0,"counters":[16,100],"Smiling Mask":125,"obtain_stats":[{"Runic Dome":17,"Shovel":31,"Oddly Smooth Stone":9,"Frozen Egg 2":26,"Empty Cage":0,"Ancient Tea Set":14,"Smiling Mask":19,"Ring of the Snake":0},{"Runic Dome":9,"Shovel":15,"Oddly Smooth Stone":5,"Frozen Egg 2":12,"Empty Cage":0,"Ancient Tea Set":8,"Smiling Mask":10,"Ring of the Snake":0},{"Runic Dome":57,"Shovel":96,"Oddly Smooth Stone":28,"Frozen Egg 2":72,"Empty Cage":0,"Ancient Tea Set":42,"Smiling Mask":63,"Ring of the Snake":0}]},"card_choices":[{"not_picked":["Prepared","Underhanded Strike"],"picked":"Skewer","floor":1},{"not_picked":["Bouncing Flask","Acrobatics"],"picked":"Flying Knee","floor":2},{"not_picked":["Underhanded Strike","Prepared"],"picked":"Escape Plan","floor":4},{"not_picked":["Cloak And Dagger","Flying Knee"],"picked":"PiercingWail","floor":5},{"not_picked":["Sucker Punch","Cloak And Dagger"],"picked":"Poisoned Stab","floor":7},{"not_picked":["Infinite Blades","Backstab","Flying Knee"],"picked":"SKIP","floor":11},{"not_picked":["Slice","Dagger Spray","Masterful Stab"],"picked":"SKIP","floor":12},{"not_picked":["Skewer","Slice"],"picked":"Doppelganger","floor":14},{"not_picked":["Burst","Die Die Die"],"picked":"Phantasmal Killer","floor":16},{"not_picked":["Backstab","Dagger Throw+1"],"picked":"Well Laid Plans+1","floor":18},{"not_picked":["Deadly Poison","Slice+1"],"picked":"Outmaneuver+1","floor":21},{"not_picked":["Catalyst+1","Unload","Reflex+1"],"picked":"SKIP","floor":22},{"not_picked":["Dagger Throw+1","Backstab+1","Prepared"],"picked":"SKIP","floor":28},{"not_picked":["Slice+1","Prepared+1"],"picked":"Burst","floor":30},{"not_picked":["Dagger Spray","Caltrops+1"],"picked":"Bullet Time","floor":31}],"player_experience":1094538,"relics_obtained":[{"floor":9,"key":"Oddly Smooth Stone"},{"floor":14,"key":"Ancient Tea Set"},{"floor":26,"key":"Frozen Egg 2"},{"floor":31,"key":"Shovel"}],"event_choices":[{"damage_healed":0,"gold_gain":0,"player_choice":"Donut","damage_taken":0,"max_hp_gain":5,"max_hp_loss":0,"event_name":"Big Fish","floor":3,"gold_loss":0},{"damage_healed":0,"gold_gain":0,"player_choice":"Obtained Relic","damage_taken":0,"relics_obtained":["Smiling Mask"],"max_hp_gain":0,"max_hp_loss":0,"event_name":"Addict","floor":19,"gold_loss":85},{"damage_healed":3,"gold_gain":0,"player_choice":"Full Heal","damage_taken":0,"max_hp_gain":0,"max_hp_loss":0,"event_name":"Wheel of Change","floor":20,"gold_loss":0},{"damage_healed":0,"gold_gain":0,"player_choice":"Copied","damage_taken":0,"max_hp_gain":0,"max_hp_loss":0,"event_name":"Duplicator","floor":25,"gold_loss":0,"cards_obtained":["Footwork"]}],"is_beta":false,"boss_relics":[{"not_picked":["Fusion Hammer","Ectoplasm"],"picked":"Runic Dome"}],"items_purged_floors":[8,24,29],"is_endless":false,"potions_floor_spawned":[4,7,11,14,16,22,28,30],"killed_by":"Collector","ascension_level":0}}