{"host":"2l5k2wp87eek7qja","time":1613784944,"event":{"mods":["BaseMod","Colored Map","Minty Spire (QoL Compilation)","Relic Stats"],"gold_per_floor":[111,121,121,37,37,37,78,78,78,78,97,97,135,158,158,254,254,273,273,273,35,56,56,56],"floor_reached":23,"language":"ENG","playtime":533,"items_purged":["Strike_G"],"score":444,"play_id":"67665832-fa39-4514-8b0e-8aa62dfd6a82","local_time":"20210220033544","is_ascension_mode":true,"campfire_choices":[{"data":"Blade Dance","floor":6,"key":"SMITH"},{"data":"Neutralize","floor":8,"key":"SMITH"},{"data":"Blade Dance","floor":12,"key":"SMITH"},{"data":"Glass Knife","floor":15,"key":"SMITH"}],"circlet_count":0,"master_deck":["AscendersBane","Strike_G+1","Strike_G","Strike_G+1","Strike_G","Defend_G+1","Defend_G","Defend_G","Defend_G","Defend_G+1","Survivor","Neutralize+1","Dagger Throw","Cloak And Dagger","Blade Dance+1","Poisoned Stab","Blade Dance+1","Glass Knife+1","Bullet Time","CurseOfTheBell","Necronomicurse","Accuracy"],"relics":["Ring of the Snake","NeowsBlessing","Golden Idol","StoneCalendar","Whetstone","Orichalcum","Calling Bell","Ancient Tea Set","Blue Candle","WingedGreaves","Necronomicon","Centennial Puzzle"],"acts_visited":["Exordium","TheCity"],"potions_floor_usage":[13,16,23,23],"damage_taken":[{"damage":0,"enemies":"Jaw Worm","floor":1,"turns":1},{"damage":0,"enemies":"2 Louse","floor":2,"turns":1},{"damage":0,"enemies":"Gremlin Nob","floor":7,"turns":1},{"damage":0,"enemies":"Small Slimes","floor":11,"turns":3},{"damage":9,"enemies":"Lagavulin","floor":13,"turns":4},{"damage":0,"enemies":"Exordium Wildlife","floor":14,"turns":3},{"damage":15,"enemies":"The Guardian","floor":16,"turns":11},{"damage":5,"enemies":"Spheric Guardian","floor":18,"turns":3},{"damage":13,"enemies":"3 Byrds","floor":22,"turns":5},{"damage":19,"enemies":"Gremlin Leader","floor":23,"turns":2}],"seed_played":"-5518229209876312671","potions_obtained":[{"floor":7,"key":"ColorlessPotion"},{"floor":11,"key":"Strength Potion"},{"floor":13,"key":"Dexterity Potion"},{"floor":16,"key":"Swift Potion"}],"is_trial":false,"path_per_floor":["M","M","?","$","?","R","E","R","T","?","M","R","E","M","R","B",null,"M","?","?","$","M","E"],"character_chosen":"THE_SILENT","items_purchased":["Cloak And Dagger","Blade Dance","Centennial Puzzle"],"campfire_rested":0,"item_purchase_floors":[4,4,21],"current_hp_per_floor":[59,59,59,59,59,59,59,59,59,41,41,41,32,32,32,17,49,44,23,23,23,10,0,0],"gold":56,"neow_bonus":"THREE_ENEMY_KILL","is_daily":false,"chose_seed":false,"campfire_upgraded":4,"win_rate":0.0,"timestamp":1613784944,"path_taken":["M","M","?","$","?","R","E","R","T","?","?","R","E","M","R","BOSS","M","?","?","$","M","E"],"items_purchased_type":["Card","Card","Relic"],"build_version":"2020-12-22","purchased_purges":1,"victory":false,"max_hp_per_floor":[66,66,66,66,60,60,60,60,60,60,60,60,60,60,60,60,60,60,60,60,60,60,60,60],"relic_stats":{"Centennial Puzzle":[6],"counters":[10,34],"Golden Idol":52,"Blue Candle":[0],"StoneCalendar":[32],"Necronomicon":[0],"Whetstone":["Strike_G","Strike_G"],"Orichalcum":[48],"obtain_stats":[{"Calling Bell":17,"Centennial Puzzle":21,"NeowsBlessing":0,"Golden Idol":5,"Blue Candle":17,"StoneCalendar":7,"WingedGreaves":17,"Necronomicon":19,"Whetstone":9,"Orichalcum":13,"Ancient Tea Set":17,"Ring of the Snake":0},{"Calling Bell":7,"Centennial Puzzle":8,"NeowsBlessing":0,"Golden Idol":2,"Blue Candle":7,"StoneCalendar":3,"WingedGreaves":7,"Necronomicon":8,"Whetstone":3,"Orichalcum":5,"Ancient Tea Set":7,"Ring of the Snake":0},{"Calling Bell":24,"Centennial Puzzle":27,"NeowsBlessing":0,"Golden Idol":2,"Blue Candle":24,"StoneCalendar":3,"WingedGreaves":24,"Necronomicon":27,"Whetstone":3,"Orichalcum":10,"Ancient Tea Set":24,"Ring of the Snake":0}],"Ring of the Snake":[20]},"card_choices":[{"not_picked":["Dodge and Roll","Eviscerate","Underhanded Strike"],"picked":"SKIP","floor":1},{"not_picked":["Flying Knee","Setup"],"picked":"Dagger Throw","floor":2},{"not_picked":["Endless Agony","Bane"],"picked":"Poisoned Stab","floor":7},{"not_picked":["Dagger Spray","Flying Knee"],"picked":"Blade Dance","floor":11},{"not_picked":["Prepared","Poisoned Stab"],"picked":"Glass Knife","floor":13},{"not_picked":["Dagger Spray","A Thousand Cuts","Blade Dance"],"picked":"SKIP","floor":14},{"not_picked":["Phantasmal Killer","Grand Finale"],"picked":"Bullet Time","floor":16},{"not_picked":["Endless Agony","Underhanded Strike","Deadly Poison"],"picked":"SKIP","floor":18},{"not_picked":["Poisoned Stab+1","Backstab","Slice"],"picked":"SKIP","floor":22}],"player_experience":828706,"relics_obtained":[{"floor":7,"key":"StoneCalendar"},{"floor":9,"key":"Whetstone"},{"floor":13,"key":"Orichalcum"},{"floor":17,"key":"Ancient Tea Set"},{"floor":17,"key":"Blue Candle"},{"floor":17,"key":"WingedGreaves"},{"floor":19,"key":"Necronomicon"}],"event_choices":[{"damage_healed":0,"gold_gain":0,"player_choice":"Leave","damage_taken":0,"max_hp_gain":0,"max_hp_loss":0,"event_name":"The Cleric","floor":3,"gold_loss":0},{"damage_healed":0,"gold_gain":0,"player_choice":"Lose Max HP","damage_taken":0,"relics_obtained":["Golden Idol"],"max_hp_gain":0,"max_hp_loss":6,"event_name":"Golden Idol","floor":5,"gold_loss":0},{"damage_healed":0,"gold_gain":0,"player_choice":"Entered Light","damage_taken":18,"max_hp_gain":0,"max_hp_loss":0,"event_name":"Shining Light","floor":10,"gold_loss":0,"cards_upgraded":["Defend_G","Defend_G"]},{"damage_healed":0,"gold_gain":0,"player_choice":"Obtained Book","damage_taken":21,"max_hp_gain":0,"max_hp_loss":0,"event_name":"Cursed Tome","floor":19,"gold_loss":0},{"damage_healed":0,"gold_gain":0,"player_choice":"Read","damage_taken":0,"max_hp_gain":0,"max_hp_loss":0,"event_name":"The Library","floor":20,"gold_loss":0,"cards_obtained":["Accuracy"]}],"is_beta":false,"boss_relics":[{"not_picked":["Busted Crown","HoveringKite"],"picked":"Calling Bell"}],"items_purged_floors":[21],"is_endless":false,"potions_floor_spawned":[7,11,13,14,16],"killed_by":"Gremlin Leader","ascension_level":20}}