{"host":"aa17gn30s1gymc0k","time":1613841227,"event":{"mods":["BaseMod","Downfall","GifTheSpireLib","Googly Eyes","Minty Spire (QoL Compilation)","StSLib"],"gold_per_floor":[219,219,219,239,259,259,287,287,314,274,287,122,197,197,197,298,298,317,337,436,461,477,477,512,562,562,562,342,359,379,53,53,53,53],"floor_reached":33,"language":"DEU","playtime":2030,"items_purged":[],"score":276,"play_id":"4b1cae7b-8d30-487c-ae62-c5f1b4458cec","local_time":"20210220181347","is_ascension_mode":true,"campfire_choices":[{"data":"Hello World","floor":6,"key":"SMITH"},{"data":"Chaos","floor":8,"key":"SMITH"},{"data":"Dualcast","floor":15,"key":"SMITH"},{"data":"Self Repair","floor":23,"key":"SMITH"},{"data":"Echo Form","floor":27,"key":"SMITH"},{"data":"Loop","floor":32,"key":"SMITH"}],"circlet_count":0,"master_deck":["Strike_B","Strike_B","Strike_B","Strike_B","Defend_B","Defend_B","Defend_B","Defend_B","Zap+1","Dualcast+1","Coolheaded","Chaos+1","Hello World+1","Ball Lightning","Self Repair+1","Redo","Storm+1","Jack Of All Trades","Echo Form+1","Redo+1","Tempest","Heatsinks","Capacitor+1","Loop+1","Self Repair"],"relics":["Cracked Core","NlothsMask","Strawberry","Coffee Dripper","Red Mask","Nunchaku","Shuriken","Bronze Scales","Singing Bowl"],"acts_visited":["Exordium","TheCity"],"potions_floor_usage":[16,30],"damage_taken":[{"damage":3,"enemies":"Jaw Worm","floor":1,"turns":3},{"damage":0,"enemies":"Cultist","floor":4,"turns":3},{"damage":6,"enemies":"Small Slimes","floor":5,"turns":4},{"damage":16,"enemies":"Lagavulin","floor":7,"turns":7},{"damage":0,"enemies":"2 Fungi Beasts","floor":11,"turns":3},{"damage":32,"enemies":"The Guardian","floor":16,"turns":11},{"damage":0,"enemies":"Spheric Guardian","floor":18,"turns":3},{"damage":22,"enemies":"Chosen","floor":19,"turns":5},{"damage":35,"enemies":"Masked Bandits","floor":21,"turns":4},{"damage":9,"enemies":"Centurion and Healer","floor":22,"turns":5},{"damage":18,"enemies":"Book of Stabbing","floor":24,"turns":5},{"damage":22,"enemies":"3 Cultists","floor":29,"turns":5},{"damage":12,"enemies":"Sentry and Sphere","floor":30,"turns":4},{"damage":32,"enemies":"Automaton","floor":33,"turns":4}],"seed_played":"-4727125857524816287","potions_obtained":[{"floor":4,"key":"Guardian:BlockOnCardUsePotion"},{"floor":5,"key":"Block Potion"},{"floor":7,"key":"bronze:BurnAndBuffPotion"},{"floor":18,"key":"AttackPotion"}],"is_trial":false,"path_per_floor":["M","?","?","M","M","R","E","R","T","$","M","$","?","?","R","B",null,"M","M","?","?","M","R","E","?","T","R","$","M","M","$","R","B"],"character_chosen":"DEFECT","items_purchased":["Self Repair","Storm","Jack Of All Trades","Bronze Scales","Loop","Singing Bowl","Self Repair"],"campfire_rested":0,"item_purchase_floors":[10,12,12,28,28,31,31],"current_hp_per_floor":[72,72,72,72,66,66,57,57,57,57,64,64,53,53,53,28,82,82,67,67,46,44,44,36,36,36,36,36,24,32,32,32,0,0],"gold":53,"neow_bonus":"HUNDRED_GOLD","is_daily":false,"chose_seed":false,"campfire_upgraded":6,"win_rate":0.0,"timestamp":1613841227,"path_taken":["M","?","?","M","?","R","E","R","T","$","M","$","?","?","R","BOSS","M","?","?","?","M","R","E","?","T","R","$","M","?","?","R","BOSS"],"items_purchased_type":["Card","Card","Card","Relic","Card","Relic","Card"],"build_version":"2020-12-22","purchased_purges":0,"victory":false,"max_hp_per_floor":[75,75,75,75,75,75,82,82,82,82,82,82,82,82,82,82,82,82,82,82,82,82,82,82,82,82,82,82,82,82,82,82,82,82],"card_choices":[{"not_picked":["Streamline","Undo"],"picked":"Coolheaded","floor":1},{"not_picked":["Recycle","Streamline"],"picked":"Chaos","floor":4},{"not_picked":["Gash","Sunder"],"picked":"Hello World","floor":5},{"not_picked":["Gash","Steam"],"picked":"Ball Lightning","floor":7},{"not_picked":["Auto Shields","Hologram"],"picked":"Redo","floor":11},{"not_picked":["Reboot","Seek"],"picked":"Echo Form","floor":16},{"not_picked":["Chill+1","Steam"],"picked":"Redo+1","floor":18},{"not_picked":["Coolheaded","Turbo","Barrage+1"],"picked":"SKIP","floor":19},{"not_picked":["Blizzard","Darkness"],"picked":"Tempest","floor":21},{"not_picked":["Compile Driver","Core Surge"],"picked":"Heatsinks","floor":22},{"not_picked":["Gash","Biased Cognition"],"picked":"Capacitor+1","floor":24},{"not_picked":["Streamline+1","Undo+1","Go for the Eyes+1"],"picked":"SKIP","floor":29},{"not_picked":["Beam Cell+1","Steam","Leap"],"picked":"SKIP","floor":30}],"player_experience":164054,"relics_obtained":[{"floor":7,"key":"Strawberry"},{"floor":21,"key":"Red Mask"},{"floor":24,"key":"Nunchaku"},{"floor":26,"key":"Shuriken"}],"event_choices":[{"damage_healed":0,"gold_gain":0,"player_choice":"Grow","damage_taken":0,"max_hp_gain":0,"max_hp_loss":0,"event_name":"Living Wall","floor":2,"gold_loss":0,"cards_upgraded":["Zap"]},{"damage_healed":0,"gold_gain":0,"player_choice":"Trade","damage_taken":0,"relics_obtained":["NlothsMask"],"max_hp_gain":0,"max_hp_loss":0,"event_name":"FaceTrader","floor":3,"gold_loss":0},{"damage_healed":0,"gold_gain":75,"player_choice":"Gather Gold","damage_taken":11,"max_hp_gain":0,"max_hp_loss":0,"event_name":"World of Goop","floor":13,"gold_loss":0},{"damage_healed":0,"gold_gain":0,"player_choice":"Upgraded","damage_taken":0,"max_hp_gain":0,"max_hp_loss":0,"event_name":"Upgrade Shrine","floor":14,"gold_loss":0,"cards_upgraded":["Storm"]},{"damage_healed":0,"gold_gain":99,"player_choice":"Stole From Cult","damage_taken":0,"max_hp_gain":0,"max_hp_loss":0,"event_name":"Nest","floor":20,"gold_loss":0},{"damage_healed":0,"gold_gain":0,"player_choice":"Fought Bandits","damage_taken":0,"max_hp_gain":0,"max_hp_loss":0,"event_name":"Masked Bandits","floor":21,"gold_loss":0},{"damage_healed":0,"gold_gain":100,"player_choice":"Bet on Murderer","damage_taken":0,"max_hp_gain":0,"max_hp_loss":0,"event_name":"The Joust","floor":25,"gold_loss":50}],"is_beta":false,"boss_relics":[{"not_picked":["Busted Crown","bronze:MakeshiftBattery"],"picked":"Coffee Dripper"}],"items_purged_floors":[],"is_endless":false,"potions_floor_spawned":[4,5,7,18,24,29],"killed_by":"Automaton","ascension_level":1}}