{"host":"1a3cjta80tad0aqj","time":1613839655,"event":{"mods":["2.2 Compatiblity","AchievementEnabler","BaseMod","Colored Map","DeckTracker","KOR Keyword Fix","Keyboard Shortcuts","Minty Spire (QoL Compilation)","Permanent Neow","Quick Restart","Random Character Button","StSLib","SuperFastMode","everything is the same but u backflip on backflip"],"gold_per_floor":[109,21,121,0,16,42,42,52,52,52,62,62,62,12,12,117,117,134,49,77,2,2,2,33,33,33,45,45,0,0,0,0,103,153,165,42,42,42,54,54,65,65,92,110,126,145,145,172,172,172],"floor_reached":51,"language":"KOR","playtime":2457,"items_purged":["Strike_B"],"score":967,"play_id":"1e27ff58-bc57-4da9-9a7d-2d94d4661c88","local_time":"20210221014735","is_ascension_mode":true,"campfire_choices":[{"floor":7.0,"key":"REST"},{"data":"Dualcast","floor":10.0,"key":"SMITH"},{"data":"Streamline","floor":12.0,"key":"SMITH"},{"data":"Blind","floor":15.0,"key":"SMITH"},{"data":"Electrodynamics","floor":23.0,"key":"SMITH"},{"floor":25.0,"key":"REST"},{"data":"White Noise","floor":28.0,"key":"SMITH"},{"floor":32.0,"key":"REST"},{"data":"Consume","floor":40.0,"key":"SMITH"},{"data":"Reinforced Body","floor":42.0,"key":"SMITH"},{"floor":47.0,"key":"REST"},{"floor":49.0,"key":"REST"}],"circlet_count":0,"master_deck":["Defend_B","Defend_B","Defend_B","Zap","Dualcast+1","Sweeping Beam","Blind+1","Lockon","Consume+1","Hologram","Coolheaded","Streamline+1","Reinforced Body+1","Electrodynamics+1","Ball Lightning","Glacier+1","Go for the Eyes+1","White Noise+1","Turbo","Core Surge+1","Beam Cell+1","Barrage+1","Cold Snap+1","Undo","Aggregate+1","FTL+1","Defragment+1","Double Energy+1"],"relics":["Cracked Core","StoneCalendar","HornCleat","Question Card","Philosopher\u0027s Stone","Molten Egg 2","Red Mask","Bottled Flame","Pear","Tiny House","Boot","Orichalcum"],"acts_visited":["Exordium","TheCity","TheBeyond"],"potions_floor_usage":[50,50,50],"damage_taken":[{"damage":0.0,"enemies":"Small Slimes","floor":1.0,"turns":2.0},{"damage":3.0,"enemies":"Cultist","floor":5.0,"turns":4.0},{"damage":18.0,"enemies":"Gremlin Nob","floor":6.0,"turns":4.0},{"damage":0.0,"enemies":"2 Louse","floor":8.0,"turns":2.0},{"damage":8.0,"enemies":"Blue Slaver","floor":11.0,"turns":3.0},{"damage":12.0,"enemies":"Hexaghost","floor":16.0,"turns":9.0},{"damage":0.0,"enemies":"2 Thieves","floor":18.0,"turns":5.0},{"damage":3.0,"enemies":"Masked Bandits","floor":20.0,"turns":3.0},{"damage":42.0,"enemies":"Book of Stabbing","floor":24.0,"turns":7.0},{"damage":10.0,"enemies":"Chosen","floor":27.0,"turns":3.0},{"damage":14.0,"enemies":"Collector","floor":33.0,"turns":6.0},{"damage":13.0,"enemies":"3 Darklings","floor":35.0,"turns":5.0},{"damage":4.0,"enemies":"Orb Walker","floor":39.0,"turns":3.0},{"damage":12.0,"enemies":"Jaw Worm Horde","floor":41.0,"turns":3.0},{"damage":0.0,"enemies":"Transient","floor":44.0,"turns":5.0},{"damage":10.0,"enemies":"3 Darklings","floor":45.0,"turns":5.0},{"damage":17.0,"enemies":"Jaw Worm Horde","floor":46.0,"turns":4.0},{"damage":70,"enemies":"Time Eater","floor":50,"turns":14}],"seed_played":"-8036029257358979951","potions_obtained":[{"floor":1.0,"key":"FearPotion"},{"floor":6.0,"key":"Block Potion"},{"floor":11.0,"key":"Fire Potion"},{"floor":24.0,"key":"Fire Potion"},{"floor":33.0,"key":"Ancient Potion"},{"floor":34.0,"key":"LiquidMemories"},{"floor":41.0,"key":"Weak Potion"}],"is_trial":false,"path_per_floor":["M","$","?","$","M","E","R","M","T","R","M","R","?","?","R","B",null,"M","?","?","?","$","R","E","R","T","M","R","$","?","?","R","B",null,"M","$","?","?","M","R","M","R","T","M","M","M","R","T","R","B",null],"character_chosen":"DEFECT","items_purchased":["Blind","Lockon","Consume","Turbo","Cold Snap+1"],"campfire_rested":5,"item_purchase_floors":[2,4,4,29,36],"current_hp_per_floor":[50,50,50,50,47,29,51,51,51,51,43,43,43,43,43,31,64,64,64,61,61,61,61,19,41,51,41,41,41,41,25,52,38,82,69,69,69,69,65,65,53,53,53,53,43,26,53,53,80,10],"gold":172,"neow_bonus":"ONE_RARE_RELIC","is_daily":false,"chose_seed":false,"campfire_upgraded":7,"win_rate":0.0,"timestamp":1613839655,"path_taken":["M","$","?","$","?","E","R","M","T","R","M","R","?","?","R","BOSS","M","?","?","?","?","R","E","R","T","?","R","$","?","?","R","BOSS","M","$","?","?","M","R","M","R","T","M","M","M","R","?","R","BOSS"],"items_purchased_type":["Card","Card","Card","Card","Card"],"build_version":"2020-12-22","purchased_purges":1,"victory":true,"max_hp_per_floor":[75,75,75,75,75,75,75,75,75,75,75,75,75,75,75,75,75,75,75,75,75,75,75,75,75,85,85,85,85,85,90,90,90,95,95,95,95,90,90,90,90,90,90,90,90,90,90,90,90,90],"card_choices":[{"not_picked":["Auto Shields","Steam"],"picked":"Sweeping Beam","floor":1.0},{"not_picked":["Leap","Redo"],"picked":"Hologram","floor":5.0},{"not_picked":["Gash","Hologram"],"picked":"Coolheaded","floor":6.0},{"not_picked":["Chill","Sweeping Beam"],"picked":"Streamline","floor":8.0},{"not_picked":["Fusion","Gash","Auto Shields"],"picked":"Reinforced Body","floor":11.0},{"not_picked":["Thunder Strike","Echo Form","Buffer"],"picked":"Electrodynamics","floor":16.0},{"not_picked":["Leap+1","Blizzard","White Noise"],"picked":"Ball Lightning","floor":18.0},{"not_picked":["Tempest+1","Rebound+1","Reinforced Body+1"],"picked":"Glacier","floor":20.0},{"not_picked":["Sweeping Beam+1","Compile Driver+1","Lockon+1"],"picked":"Go for the Eyes+1","floor":24.0},{"not_picked":["Heatsinks","Coolheaded","Go for the Eyes+1"],"picked":"White Noise","floor":27.0},{"not_picked":["All For One+1","Buffer","Machine Learning"],"picked":"Core Surge+1","floor":33.0},{"not_picked":["Steam","Go for the Eyes+1","Stack"],"picked":"Beam Cell+1","floor":34.0},{"not_picked":["Hologram+1","Fusion","Coolheaded+1"],"picked":"Barrage+1","floor":35.0},{"not_picked":["Storm","Hologram+1","Aggregate"],"picked":"Undo","floor":39.0},{"not_picked":["All For One+1","Streamline+1","Cold Snap+1"],"picked":"Aggregate+1","floor":41.0},{"not_picked":["Sweeping Beam+1","Genetic Algorithm+1","Rebound+1"],"picked":"FTL+1","floor":44.0},{"not_picked":["Conserve Battery+1","Stack","Consume"],"picked":"Defragment+1","floor":45.0},{"not_picked":["Streamline+1","Self Repair","Rebound+1"],"picked":"Double Energy+1","floor":46.0}],"player_experience":888503,"relics_obtained":[{"floor":6.0,"key":"HornCleat"},{"floor":9.0,"key":"Question Card"},{"floor":20.0,"key":"Red Mask"},{"floor":24.0,"key":"Bottled Flame"},{"floor":26.0,"key":"Pear"},{"floor":43.0,"key":"Boot"},{"floor":48.0,"key":"Orichalcum"}],"event_choices":[{"damage_healed":0.0,"max_hp_gain":0.0,"max_hp_loss":0.0,"gold_gain":100.0,"event_name":"Golden Shrine","player_choice":"Pray","floor":3.0,"gold_loss":0.0,"damage_taken":0.0},{"cards_removed":["Defend_B"],"damage_healed":0.0,"max_hp_gain":0.0,"max_hp_loss":0.0,"gold_gain":0.0,"event_name":"Living Wall","player_choice":"Forget","floor":13.0,"gold_loss":0.0,"damage_taken":0.0},{"cards_removed":["Strike_B"],"damage_healed":0.0,"max_hp_gain":0.0,"max_hp_loss":0.0,"gold_gain":0.0,"event_name":"The Cleric","player_choice":"Card Removal","floor":14.0,"gold_loss":50.0,"damage_taken":0.0},{"damage_healed":0.0,"max_hp_gain":0.0,"max_hp_loss":0.0,"gold_gain":0.0,"event_name":"Addict","player_choice":"Obtained Relic","floor":19.0,"gold_loss":85.0,"damage_taken":0.0,"relics_obtained":["Molten Egg 2"]},{"damage_healed":0.0,"max_hp_gain":0.0,"max_hp_loss":0.0,"gold_gain":0.0,"event_name":"Masked Bandits","player_choice":"Fought Bandits","floor":20.0,"gold_loss":0.0,"damage_taken":0.0},{"cards_removed":["Strike_B"],"damage_healed":0.0,"max_hp_gain":0.0,"max_hp_loss":0.0,"gold_gain":0.0,"event_name":"Beggar","player_choice":"Gave Gold","floor":21.0,"gold_loss":75.0,"damage_taken":0.0},{"cards_removed":["Strike_B"],"damage_healed":0.0,"max_hp_gain":0.0,"max_hp_loss":0.0,"gold_gain":0.0,"event_name":"Back to Basics","player_choice":"Elegance","floor":30.0,"gold_loss":0.0,"damage_taken":0.0},{"damage_healed":0.0,"max_hp_gain":5.0,"max_hp_loss":0.0,"gold_gain":0.0,"event_name":"Forgotten Altar","player_choice":"Shed Blood","floor":31.0,"gold_loss":0.0,"damage_taken":21.0},{"damage_healed":0.0,"max_hp_gain":0.0,"max_hp_loss":0.0,"gold_gain":0.0,"event_name":"Tomb of Lord Red Mask","player_choice":"Ignored","floor":37.0,"gold_loss":0.0,"damage_taken":0.0},{"damage_healed":0.0,"max_hp_gain":0.0,"max_hp_loss":5.0,"gold_gain":0.0,"event_name":"Winding Halls","player_choice":"Max HP","floor":38.0,"gold_loss":0.0,"damage_taken":0.0}],"is_beta":false,"boss_relics":[{"not_picked":["SacredBark","Sozu"],"picked":"Philosopher\u0027s Stone"},{"not_picked":["Runic Dome","Coffee Dripper"],"picked":"Tiny House"}],"items_purged_floors":[36],"is_endless":false,"potions_floor_spawned":[1,6,11,24,33,35,41],"ascension_level":6}}