{"host":"21o28mgl9u9ntir2","time":1613835016,"event":{"mods":["BaseMod","BetterRewards","Colored Powertips","Minty Spire (QoL Compilation)","Quick Restart","Remove Card Discount Mod","SOS（斯巴达之子）","Spicy Shops","StSLib","SuperFastMode","[IsaacMod]以撒尖塔","【遗物卡牌】REMEMod","残留之物"],"gold_per_floor":[218,237,12,28,38,70,70,97,120,152,165,180,180,145,145,243,243,256,355,374,374,56,87,87,112,181,194,194,222,232,252,252,349,349,363,13,13,26,76,76,109,109,109,125,119,0,28,43,43,43],"floor_reached":51,"language":"ZHS","playtime":1368,"items_purged":["PlaceholderMod:BaseStrike","PlaceholderMod:BaseStrike","PlaceholderMod:BaseDefend","PlaceholderMod:BaseStrike","PlaceholderMod:BaseDefend","PlaceholderMod:BaseStrike","PlaceholderMod:BaseDefend","Decay","PlaceholderMod:BaseStrike","PlaceholderMod:PoisonWhip","PlaceholderMod:BaseDefend","PlaceholderMod:TriggerStrike","PlaceholderMod:ComplexForm","PlaceholderMod:BaseDefend","PlaceholderMod:DirectingGroup"],"score":1333,"play_id":"16f6c799-cc09-4ccb-bf96-69954908a778","local_time":"20210220233016","is_ascension_mode":true,"campfire_choices":[{"data":"PlaceholderMod:DirectingGroup","floor":7.0,"key":"SMITH"},{"data":"PlaceholderMod:HardStinger","floor":15.0,"key":"SMITH"},{"data":"PlaceholderMod:PoisonAbsorb","floor":24.0,"key":"SMITH"},{"data":"PlaceholderMod:PoisonExcitation","floor":32.0,"key":"SMITH"},{"data":"Sadistic Nature","floor":40,"key":"SMITH"},{"data":"PlaceholderMod:CorePoison","floor":42,"key":"SMITH"},{"data":"Panache","floor":49,"key":"SMITH"}],"circlet_count":0,"master_deck":["PlaceholderMod:Crystal","Sadistic Nature+1","PlaceholderMod:HardStinger+1","PlaceholderMod:DirectingGroup+1","PlaceholderMod:PoisonAbsorb+1","PlaceholderMod:PoisonExcitation+1","PlaceholderMod:CycleAttack","PlaceholderMod:CorePoison+1","Panache+1"],"relics":["PlaceholderMod:Tancle","HushsDoor","REME_ComplimentaryCards","HowToJump","Juzu Bracelet","NineVolt","MealTicket","D6","Toy Ornithopter","Anchor","Sozu","GuppysPaw","Gremlin Horn","PokeGo","BookOfRevelations","Pear","MutagenicStrength","AnarchistCookbook","Philosopher\u0027s Stone","Lantern","TheBattery","UnicornStump","Void","Art of War","SatanicBible","Red Mask","MaYiHuaBei"],"acts_visited":["Exordium","TheCity","TheBeyond"],"potions_floor_usage":[50],"damage_taken":[{"damage":2.0,"enemies":"Small Slimes","floor":1.0,"turns":4.0},{"damage":0.0,"enemies":"2 Louse","floor":2.0,"turns":3.0},{"damage":0.0,"enemies":"Jaw Worm","floor":4.0,"turns":2.0},{"damage":0.0,"enemies":"Large Slime","floor":5.0,"turns":5.0},{"damage":10.0,"enemies":"Lagavulin","floor":6.0,"turns":5.0},{"damage":10.0,"enemies":"Gremlin Nob","floor":8.0,"turns":3.0},{"damage":30.0,"enemies":"3 Sentries","floor":10.0,"turns":7.0},{"damage":0.0,"enemies":"Gremlin Gang","floor":11.0,"turns":6.0},{"damage":0.0,"enemies":"2 Fungi Beasts","floor":12.0,"turns":3.0},{"damage":12.0,"enemies":"Hexaghost","floor":16.0,"turns":5.0},{"damage":0.0,"enemies":"Shell Parasite","floor":18.0,"turns":4.0},{"damage":0.0,"enemies":"Chosen","floor":20.0,"turns":3.0},{"damage":0.0,"enemies":"REME_1_Revenger","floor":23.0,"turns":4.0},{"damage":0.0,"enemies":"Book of Stabbing","floor":25.0,"turns":4.0},{"damage":0.0,"enemies":"Snake Plant","floor":27.0,"turns":3.0},{"damage":0.0,"enemies":"Slavers","floor":29.0,"turns":4.0},{"damage":0.0,"enemies":"Centurion and Healer","floor":30.0,"turns":2.0},{"damage":0.0,"enemies":"Cultist and Chosen","floor":31.0,"turns":2.0},{"damage":0,"enemies":"Automaton","floor":33,"turns":8},{"damage":0,"enemies":"Orb Walker","floor":35,"turns":2},{"damage":0,"enemies":"3 Darklings","floor":38,"turns":2},{"damage":0,"enemies":"Mind Bloom Boss Battle","floor":39,"turns":3},{"damage":0,"enemies":"Giant Head","floor":41,"turns":4},{"damage":0,"enemies":"Writhing Mass","floor":44,"turns":2},{"damage":0,"enemies":"Reptomancer","floor":47,"turns":1},{"damage":0,"enemies":"Jaw Worm Horde","floor":48,"turns":2},{"damage":0,"enemies":"Awakened One","floor":50,"turns":3}],"seed_played":"7547676355247237563","potions_obtained":[{"floor":6.0,"key":"SteroidPotion"},{"floor":10.0,"key":"LiquidBronze"},{"floor":11.0,"key":"SkillPotion"},{"floor":16.0,"key":"Dexterity Potion"}],"is_trial":false,"path_per_floor":["M","M","$","M","M","E","R","E","T","E","M","M","?","?","R","B",null,"M","?","M","?","$","E","R","E","T","M","?","E","M","M","R","B",null,"M","$","T","M","?","R","E","R","T","M","$","?","E","M","R","B",null],"character_chosen":"THE_PLACEHOLDER","items_purchased":["Juzu Bracelet","NineVolt","GuppysPaw","PlaceholderMod:DirectingGroup","Gremlin Horn","Panache","PlaceholderMod:ComplexForm","Lantern","TheBattery"],"campfire_rested":0,"item_purchase_floors":[3,3,17,22,22,34,36,36,36],"current_hp_per_floor":[76,76,76,76,76,66,66,56,56,26,26,26,26,45,45,43,68,68,68,68,68,68,68,68,68,78,78,78,78,78,78,78,78,73,73,73,73,73,73,73,73,73,73,73,73,73,73,73,73,73],"gold":43,"neow_bonus":"HUNDRED_GOLD","is_daily":false,"chose_seed":false,"campfire_upgraded":7,"win_rate":0.0,"timestamp":1613835016,"path_taken":["M","M","$","M","M","E","R","E","T","E","M","M","?","?","R","BOSS","M","?","M","?","$","E","R","E","T","M","?","E","M","M","R","BOSS","M","?","?","M","?","R","E","R","T","M","$","?","E","M","R","BOSS"],"items_purchased_type":["Relic","Relic","Relic","Card","Relic","Card","Card","Relic","Relic"],"build_version":"2020-12-22","purchased_purges":15,"victory":true,"max_hp_per_floor":[78,78,78,78,78,78,78,78,78,78,78,78,78,78,78,78,68,68,68,68,68,68,68,68,68,78,78,78,78,78,78,78,78,73,73,73,73,73,73,73,73,73,73,73,73,73,73,73,73,73],"card_choices":[{"not_picked":["PlaceholderMod:ThreeBenzyolStart","PlaceholderMod:EnergyAbsorb"],"picked":"Bomb","floor":1.0},{"not_picked":["PlaceholderMod:Polyp","PlaceholderMod:AbsorbTouch"],"picked":"PlaceholderMod:HardStinger","floor":2.0},{"not_picked":["PlaceholderMod:HardStrike","PlaceholderMod:Sweep"],"picked":"PlaceholderMod:DirectingGroup","floor":4.0},{"not_picked":["PlaceholderMod:Stable","PlaceholderMod:PoisonAbsorb"],"picked":"PlaceholderMod:TriggerStrike","floor":5.0},{"not_picked":["PlaceholderMod:ThreeBenzyolStart","PlaceholderMod:Hyperplasia","PlaceholderMod:StressReaction"],"picked":"SKIP","floor":6.0},{"not_picked":["PlaceholderMod:DiffusionChemical","PlaceholderMod:DissolvingSpikes","PlaceholderMod:EnergyAbsorb"],"picked":"SKIP","floor":8.0},{"not_picked":["PlaceholderMod:FastReaction","PlaceholderMod:DirectingGroup","PlaceholderMod:DissolvingSpikes"],"picked":"SKIP","floor":10.0},{"not_picked":["PlaceholderMod:DirectingGroup","PlaceholderMod:SeverePoisonStrike","PlaceholderMod:ComplexForm"],"picked":"SKIP","floor":11.0},{"not_picked":["PlaceholderMod:SeverePoisonStrike","PlaceholderMod:ProliferateStrike","PlaceholderMod:TriggerStrike"],"picked":"SKIP","floor":12.0},{"not_picked":["PlaceholderMod:Colorful","PlaceholderMod:Crystallization"],"picked":"PlaceholderMod:PoisonAbsorb","floor":18.0},{"not_picked":["PlaceholderMod:PoisonBlast+1","PlaceholderMod:InnerStable","PlaceholderMod:CrystallizationStrike"],"picked":"SKIP","floor":20.0},{"not_picked":["PlaceholderMod:NutritionAbsorb","PlaceholderMod:StrongAcid"],"picked":"PlaceholderMod:PoisonExcitation","floor":23.0},{"not_picked":["PlaceholderMod:Polyp","PlaceholderMod:QualitativeChange"],"picked":"PlaceholderMod:CycleAttack","floor":25.0},{"not_picked":["PlaceholderMod:ProliferateStrike","PlaceholderMod:StrongAcid","PlaceholderMod:SevereHeat"],"picked":"SKIP","floor":27.0},{"not_picked":["PlaceholderMod:Stable","PlaceholderMod:SelectReaction","PlaceholderMod:ThreeBenzyolStart"],"picked":"SKIP","floor":29.0},{"not_picked":["PlaceholderMod:DirectingGroup","PlaceholderMod:OHStrongAttack","PlaceholderMod:InnerStable"],"picked":"SKIP","floor":30.0},{"not_picked":["PlaceholderMod:SpinBlade+1","PlaceholderMod:StressReaction","PlaceholderMod:StrongAcid"],"picked":"SKIP","floor":31.0},{"not_picked":["PlaceholderMod:QualitativeChange","PlaceholderMod:HornyCollision"],"picked":"PlaceholderMod:CorePoison","floor":33},{"not_picked":["PlaceholderMod:SubstitutionNucleophilic1+1","PlaceholderMod:Hyperplasia","PlaceholderMod:HardStinger"],"picked":"SKIP","floor":35},{"not_picked":["PlaceholderMod:DirectingGroup","PlaceholderMod:Colorful+1","PlaceholderMod:HighConcentration"],"picked":"SKIP","floor":38},{"not_picked":["PlaceholderMod:Sweep","PlaceholderMod:Stable+1","PlaceholderMod:NutritionAbsorb"],"picked":"SKIP","floor":41},{"not_picked":["PlaceholderMod:HardStrike+1","PlaceholderMod:PoisonExcitation","PlaceholderMod:InnerStable"],"picked":"SKIP","floor":44},{"not_picked":["PlaceholderMod:MultipleOxi+1","PlaceholderMod:ProliferateStrike","PlaceholderMod:DirectingGroup+1"],"picked":"SKIP","floor":47},{"not_picked":["PlaceholderMod:HealingAttack+1","PlaceholderMod:ConsolidateHit","PlaceholderMod:SprayAttack"],"picked":"SKIP","floor":48}],"player_experience":750327,"relics_obtained":[{"floor":6.0,"key":"MealTicket"},{"floor":8.0,"key":"D6"},{"floor":9.0,"key":"Toy Ornithopter"},{"floor":10.0,"key":"Anchor"},{"floor":23.0,"key":"PokeGo"},{"floor":25.0,"key":"BookOfRevelations"},{"floor":26.0,"key":"Pear"},{"floor":29.0,"key":"AnarchistCookbook"},{"floor":37,"key":"UnicornStump"},{"floor":39,"key":"Void"},{"floor":41,"key":"Art of War"},{"floor":43,"key":"SatanicBible"},{"floor":47,"key":"MaYiHuaBei"}],"event_choices":[{"damage_healed":0.0,"max_hp_gain":0.0,"max_hp_loss":0.0,"gold_gain":0.0,"event_name":"Liars Game","player_choice":"Ignored","floor":13.0,"gold_loss":0.0,"damage_taken":0.0},{"damage_healed":19.0,"max_hp_gain":0.0,"max_hp_loss":0.0,"gold_gain":0.0,"event_name":"The Cleric","player_choice":"Healed","floor":14.0,"gold_loss":35.0,"damage_taken":0.0},{"damage_healed":0.0,"max_hp_gain":0.0,"max_hp_loss":0.0,"gold_gain":99.0,"event_name":"Nest","player_choice":"Stole From Cult","floor":19.0,"gold_loss":0.0,"damage_taken":0.0},{"damage_healed":0.0,"max_hp_gain":0.0,"max_hp_loss":0.0,"gold_gain":0.0,"event_name":"Drug Dealer","player_choice":"Inject Mutagens","floor":28.0,"gold_loss":0.0,"damage_taken":0.0,"relics_obtained":["MutagenicStrength"]},{"damage_healed":0,"gold_gain":0,"player_choice":"Fight","damage_taken":0,"max_hp_gain":0,"max_hp_loss":0,"event_name":"MindBloom","floor":39,"gold_loss":0},{"damage_healed":0,"gold_gain":0,"player_choice":"Paid","damage_taken":0,"relics_obtained":["Red Mask"],"max_hp_gain":0,"max_hp_loss":0,"event_name":"Tomb of Lord Red Mask","floor":46,"gold_loss":119}],"is_beta":false,"boss_relics":[{"not_picked":["Snecko Eye","REME_DemonsWealth"],"picked":"Sozu"},{"not_picked":[]},{"not_picked":["Astrolabe","Runic Pyramid"],"picked":"Philosopher\u0027s Stone"},{"not_picked":[]}],"items_purged_floors":[3,3,3,22,22,22,22,36,36,36,36,36,45,45,45],"is_endless":false,"potions_floor_spawned":[6,10,11,16,18,27,30,31,39,48],"ascension_level":3}}