{"host":"kvo7eymyd21g9abd","time":1613848125,"event":{"mods":["AchievementEnabler","BaseMod","Bestiary","Colored Map","Minty Spire (QoL Compilation)","StSLib"],"gold_per_floor":[116,116,116,116,127,127,155,155,181,181,181,201,226,243,243,344,344,357,357,376,376,376],"floor_reached":21,"language":"ENG","playtime":567,"items_purged":[],"score":215,"play_id":"9d5f8704-4f97-4942-ad18-85b8f2ad6d8f","local_time":"20210220140845","is_ascension_mode":true,"campfire_choices":[{"floor":6.0,"key":"RECALL"},{"floor":8.0,"key":"REST"},{"data":"DeceiveReality","floor":10.0,"key":"SMITH"},{"floor":15.0,"key":"REST"}],"circlet_count":0,"master_deck":["Strike_P","Strike_P","Strike_P","Strike_P","Defend_P","Defend_P","Defend_P","Defend_P","Eruption+1","Vigilance","Scrawl+1","DeceiveReality+1","WheelKick+1","FlyingSleeves","Omniscience","Meditate","DeusExMachina","Evaluate","InnerPeace","Worship"],"relics":["PureWater","Tiny Chest","Blood Vial","SacredBark"],"acts_visited":["Exordium","TheCity"],"potions_floor_usage":[16],"damage_taken":[{"damage":8.0,"enemies":"Small Slimes","floor":1.0,"turns":4.0},{"damage":0.0,"enemies":"2 Louse","floor":5.0,"turns":1.0},{"damage":28.0,"enemies":"Lagavulin","floor":7.0,"turns":5.0},{"damage":0.0,"enemies":"Cultist","floor":12.0,"turns":3.0},{"damage":20.0,"enemies":"3 Sentries","floor":13.0,"turns":4.0},{"damage":0.0,"enemies":"3 Louse","floor":14.0,"turns":2.0},{"damage":57,"enemies":"Hexaghost","floor":16,"turns":8},{"damage":0,"enemies":"Spheric Guardian","floor":18,"turns":1},{"damage":22,"enemies":"3 Byrds","floor":20,"turns":5},{"damage":7,"enemies":"Cultist and Chosen","floor":21,"turns":2}],"seed_played":"-3174964486991000753","potions_obtained":[{"floor":1.0,"key":"Block Potion"},{"floor":7.0,"key":"FearPotion"},{"floor":14.0,"key":"Fire Potion"},{"floor":16,"key":"EssenceOfSteel"},{"floor":20,"key":"EntropicBrew"}],"is_trial":false,"path_per_floor":["M","?","?","$","M","R","E","R","T","R","?","M","E","M","R","B",null,"M","?","M","M"],"character_chosen":"WATCHER","items_purchased":[],"campfire_rested":2,"item_purchase_floors":[],"current_hp_per_floor":[64,64,64,64,64,64,36,57,57,57,57,57,37,39,60,5,72,72,72,50,45,45],"gold":376,"neow_bonus":"ONE_RANDOM_RARE_CARD","is_daily":false,"chose_seed":false,"campfire_upgraded":1,"win_rate":0.0,"timestamp":1613848125,"path_taken":["M","?","?","$","?","R","E","R","T","R","?","M","E","?","R","BOSS","M","?","M","M"],"items_purchased_type":[],"build_version":"2020-12-22","purchased_purges":0,"victory":false,"max_hp_per_floor":[72,72,72,72,72,72,72,72,72,72,72,72,72,72,72,72,72,72,72,72,72,72],"card_choices":[{"not_picked":["Nirvana","JustLucky"],"picked":"DeceiveReality","floor":1.0},{"not_picked":["Crescendo","Prostrate"],"picked":"WheelKick","floor":5.0},{"not_picked":["Scrawl","CrushJoints"],"picked":"FlyingSleeves","floor":7.0},{"not_picked":["WaveOfTheHand","Prostrate","Halt"],"picked":"SKIP","floor":12.0},{"not_picked":["SashWhip","Prostrate"],"picked":"Omniscience","floor":13.0},{"not_picked":["WaveOfTheHand","FlyingSleeves"],"picked":"Meditate","floor":14.0},{"not_picked":["Brilliance","Blasphemy"],"picked":"DeusExMachina","floor":16},{"not_picked":["CrushJoints","Nirvana+1"],"picked":"Evaluate","floor":18},{"not_picked":["TalkToTheHand","FlyingSleeves+1"],"picked":"Worship","floor":20}],"player_experience":473277,"relics_obtained":[{"floor":7.0,"key":"Tiny Chest"},{"floor":13.0,"key":"Blood Vial"}],"event_choices":[{"damage_healed":0.0,"max_hp_gain":0.0,"max_hp_loss":0.0,"gold_gain":0.0,"event_name":"Living Wall","player_choice":"Grow","floor":2.0,"gold_loss":0.0,"damage_taken":0.0,"cards_upgraded":["Eruption"]},{"damage_healed":0.0,"max_hp_gain":0.0,"max_hp_loss":0.0,"gold_gain":0.0,"event_name":"Accursed Blacksmith","player_choice":"Forge","floor":3.0,"gold_loss":0.0,"damage_taken":0.0,"cards_upgraded":["Scrawl"]},{"damage_healed":0.0,"max_hp_gain":0.0,"max_hp_loss":0.0,"gold_gain":0.0,"event_name":"Upgrade Shrine","player_choice":"Upgraded","floor":11.0,"gold_loss":0.0,"damage_taken":0.0,"cards_upgraded":["WheelKick"]},{"damage_healed":0,"gold_gain":0,"player_choice":"Read","damage_taken":0,"max_hp_gain":0,"max_hp_loss":0,"event_name":"The Library","floor":19,"gold_loss":0,"cards_obtained":["InnerPeace"]}],"is_beta":false,"boss_relics":[{"not_picked":["Tiny House","Fusion Hammer"],"picked":"SacredBark"}],"items_purged_floors":[],"is_endless":false,"potions_floor_spawned":[1,7,14,16,18,20],"killed_by":"Cultist and Chosen","ascension_level":3}}