{"host":"v0dnu0zs4qo0v13s","time":1613834836,"event":{"mods":["BaseMod","Colored Map","Colored Powertips","Minty Spire (QoL Compilation)","Relic Stats","StSLib","SuperFastMode","everything is the same but u backflip on backflip"],"gold_per_floor":[111,261,261,25,42,42,57,57,81,81,81,96,27,62,62,138,138,149,166,22,33,33,33],"floor_reached":22,"language":"ENG","playtime":1196,"items_purged":["Strike_R"],"score":322,"play_id":"1ac915b2-0931-48b6-aca6-21f1636e6d75","local_time":"20210220102716","is_ascension_mode":true,"campfire_choices":[{"data":"Bash","floor":6.0,"key":"SMITH"},{"data":"Battle Trance","floor":8.0,"key":"SMITH"},{"data":"Power Through","floor":11.0,"key":"SMITH"},{"floor":15.0,"key":"REST"}],"circlet_count":0,"master_deck":["AscendersBane","Strike_R","Strike_R","Strike_R","Strike_R","Defend_R","Defend_R","Defend_R","Defend_R","Bash+1","Whirlwind+1","Barricade","Battle Trance+1","Power Through+1","Burning Pact","Flame Barrier","Rupture","Impervious","Seeing Red","Pommel Strike"],"relics":["Philosopher\u0027s Stone","Ginger","Black Star","PreservedInsect"],"acts_visited":["Exordium","TheCity"],"potions_floor_usage":[],"damage_taken":[{"damage":0.0,"enemies":"Cultist","floor":1.0,"turns":3.0},{"damage":6.0,"enemies":"Small Slimes","floor":5.0,"turns":3.0},{"damage":3.0,"enemies":"2 Louse","floor":7.0,"turns":2.0},{"damage":0.0,"enemies":"Large Slime","floor":12.0,"turns":6.0},{"damage":18.0,"enemies":"3 Sentries","floor":14.0,"turns":12.0},{"damage":22.0,"enemies":"Slime Boss","floor":16.0,"turns":9.0},{"damage":16.0,"enemies":"Spheric Guardian","floor":18.0,"turns":7.0},{"damage":9.0,"enemies":"Chosen","floor":19.0,"turns":10.0},{"damage":15.0,"enemies":"Snake Plant","floor":21.0,"turns":4.0},{"damage":25,"enemies":"Sentry and Sphere","floor":22,"turns":5}],"seed_played":"1424882958438602328","potions_obtained":[{"floor":1.0,"key":"Energy Potion"},{"floor":5.0,"key":"SpeedPotion"},{"floor":14.0,"key":"Dexterity Potion"}],"is_trial":false,"path_per_floor":["M","?","?","$","M","R","M","R","T","?","R","M","$","E","R","B",null,"M","M","$","M","M"],"character_chosen":"IRONCLAD","items_purchased":["Barricade","Flame Barrier","PreservedInsect"],"campfire_rested":1,"item_purchase_floors":[4,13,20],"current_hp_per_floor":[68,68,61,61,55,55,52,52,52,52,52,52,52,34,56,34,65,49,40,40,25,0,0],"gold":33,"neow_bonus":"BOSS_RELIC","is_daily":false,"chose_seed":false,"campfire_upgraded":3,"win_rate":0.0,"timestamp":1613834836,"path_taken":["M","?","?","$","M","R","M","R","T","?","R","M","$","E","R","BOSS","M","M","$","M","M"],"items_purchased_type":["Card","Card","Relic"],"build_version":"2020-12-22","purchased_purges":1,"victory":false,"max_hp_per_floor":[75,75,75,75,75,75,75,75,75,75,75,75,75,75,75,75,75,75,75,75,75,75,75],"relic_stats":{"counters":[10,61],"PreservedInsect":0,"Black Star":0,"Ginger":[11],"obtain_stats":[{"Philosopher\u0027s Stone":0,"PreservedInsect":20,"Black Star":17,"Ginger":14,"Burning Blood":0},{"Philosopher\u0027s Stone":0,"PreservedInsect":8,"Black Star":6,"Ginger":5,"Burning Blood":0},{"Philosopher\u0027s Stone":0,"PreservedInsect":52,"Black Star":35,"Ginger":26,"Burning Blood":0}]},"card_choices":[{"not_picked":["Seeing Red","Sword Boomerang"],"picked":"Whirlwind","floor":1.0},{"not_picked":["Hemokinesis","Dropkick"],"picked":"Battle Trance","floor":5.0},{"not_picked":["Searing Blow","Wild Strike"],"picked":"Power Through","floor":7.0},{"not_picked":["Rampage","Anger"],"picked":"Burning Pact","floor":12.0},{"not_picked":["Headbutt","Searing Blow"],"picked":"Rupture","floor":14.0},{"not_picked":["Exhume","Limit Break"],"picked":"Impervious","floor":16.0},{"not_picked":["Clash","Searing Blow"],"picked":"Seeing Red","floor":18.0},{"not_picked":["Perfected Strike","Sword Boomerang"],"picked":"Pommel Strike","floor":19.0},{"not_picked":["Headbutt","Flex","Clash"],"picked":"SKIP","floor":21.0}],"player_experience":735184,"relics_obtained":[{"floor":14.0,"key":"Ginger"}],"event_choices":[{"damage_healed":0.0,"max_hp_gain":0.0,"max_hp_loss":0.0,"gold_gain":150.0,"event_name":"Liars Game","player_choice":"AGREE","floor":2.0,"gold_loss":0.0,"damage_taken":0.0,"cards_obtained":["Doubt"]},{"cards_removed":["Doubt"],"damage_healed":0.0,"max_hp_gain":0.0,"max_hp_loss":0.0,"gold_gain":0.0,"event_name":"Golden Wing","player_choice":"Card Removal","floor":3.0,"gold_loss":0.0,"damage_taken":7.0},{"damage_healed":0.0,"max_hp_gain":0.0,"max_hp_loss":0.0,"gold_gain":0.0,"event_name":"Upgrade Shrine","player_choice":"Upgraded","floor":10.0,"gold_loss":0.0,"damage_taken":0.0,"cards_upgraded":["Whirlwind"]}],"is_beta":false,"boss_relics":[{"not_picked":["Runic Cube","Ectoplasm"],"picked":"Black Star"}],"items_purged_floors":[4],"is_endless":false,"potions_floor_spawned":[1,5,14],"killed_by":"Sentry and Sphere","ascension_level":15}}