{"host":"7k7s6ne09mxa92o8","time":1613835350,"event":{"mods":["2.2 Compatiblity","BaseMod","Dark Map","DeckTracker","Hermit","Minty Spire (QoL Compilation)","Replay The Spire","StSLib","Waifu the Spire"],"gold_per_floor":[111,111,111,111,111,111,144,144,144,164,200,200,275,296,296,389,389,404,12,12,33,33,33,74,74,100,100,100,100],"floor_reached":28,"language":"KOR","playtime":698,"items_purged":["Strike_G"],"score":530,"play_id":"433f8e9f-b9cd-461f-b3f9-ba39e4bbbfcf","local_time":"20210221003550","is_ascension_mode":true,"campfire_choices":[{"floor":6.0,"key":"REST"},{"data":"Catalyst","floor":12.0,"key":"SMITH"},{"floor":23,"key":"REST"},{"floor":27,"key":"REST"}],"circlet_count":0,"master_deck":["AscendersBane","Strike_G+1","Strike_G","Strike_G","Strike_G+1","Defend_G","Defend_G","Defend_G+1","Defend_G","Defend_G","Survivor","Neutralize+1","Caltrops+1","Catalyst+1","Parasite","Deadly Poison","Deadly Poison","Backflip","Crippling Poison+1","Bane","Bane+1","Toxin Wave","Blur","Shame","Fluid Movement"],"relics":["Ring of the Snake","NeowsBlessing","Golden Idol","PreservedInsect","Letter Opener","Blue Doll","SlaversCollar","Garlic","Iron Hammer","ReplayTheSpireMod:Lightbulb","Whetstone"],"acts_visited":["Exordium","TheCity"],"potions_floor_usage":[21],"damage_taken":[{"damage":0.0,"enemies":"Jaw Worm","floor":1.0,"turns":1.0},{"damage":0.0,"enemies":"Gremlin Nob","floor":7.0,"turns":2.0},{"damage":0.0,"enemies":"2 Louse","floor":10.0,"turns":1.0},{"damage":18.0,"enemies":"Lagavulin","floor":11.0,"turns":9.0},{"damage":6.0,"enemies":"Gremlin Nob","floor":13.0,"turns":3.0},{"damage":0.0,"enemies":"Small Slimes","floor":14.0,"turns":5.0},{"damage":32.0,"enemies":"Hexaghost","floor":16.0,"turns":7.0},{"damage":28.0,"enemies":"Shell Parasite","floor":18.0,"turns":5.0},{"damage":4,"enemies":"2 Thieves","floor":21,"turns":5},{"damage":12,"enemies":"Slavers","floor":24,"turns":5},{"damage":52,"enemies":"Sentry and Sphere","floor":28,"turns":5}],"seed_played":"6291533120691193664","potions_obtained":[{"floor":1.0,"key":"FearPotion"},{"floor":7.0,"key":"ColorlessPotion"},{"floor":10.0,"key":"LifebloodPotion"},{"floor":16.0,"key":"Ancient Potion"},{"floor":18.0,"key":"Block Potion"}],"is_trial":false,"path_per_floor":["M","$","?","?","?","R","E","?","T","M","E","R","?","M","R","B",null,"M","$","?","M","?","R","E","?","T","R","M"],"character_chosen":"THE_SILENT","items_purchased":["Bane+1","Garlic"],"campfire_rested":3,"item_purchase_floors":[19,19],"current_hp_per_floor":[59,59,59,59,41,59,59,60,60,60,42,42,36,36,54,22,51,23,23,23,19,19,37,25,25,25,43,0,0],"gold":100,"neow_bonus":"THREE_ENEMY_KILL","is_daily":false,"chose_seed":false,"campfire_upgraded":1,"win_rate":0.0,"timestamp":1613835350,"path_taken":["M","$","?","?","?","R","E","?","T","?","E","R","?","M","R","BOSS","M","$","?","M","?","R","E","?","T","R","?"],"items_purchased_type":["Card","Relic"],"build_version":"2020-12-22","purchased_purges":1,"victory":false,"max_hp_per_floor":[66,66,66,60,60,60,60,60,60,60,60,60,60,60,60,60,60,60,60,60,60,60,60,60,60,60,60,60,60],"card_choices":[{"not_picked":["Slice","Masterful Stab"],"picked":"Caltrops","floor":1.0},{"not_picked":["Cloak And Dagger","Dagger Throw"],"picked":"Catalyst","floor":7.0},{"not_picked":["Dodge and Roll","Sneak Up"],"picked":"Deadly Poison","floor":10.0},{"not_picked":["ReplayTheSpireMod:Speed Training","Blur"],"picked":"Deadly Poison","floor":11.0},{"not_picked":["Underhanded Strike","Quick Slash"],"picked":"Backflip","floor":13.0},{"not_picked":["Accuracy","Bane"],"picked":"Crippling Poison","floor":14.0},{"not_picked":["Flying Knee","Underhanded Strike"],"picked":"Bane","floor":18.0},{"not_picked":["Reflex","Cloak And Dagger"],"picked":"Blur","floor":21},{"not_picked":["Dagger Spray","Endless Agony"],"picked":"Fluid Movement","floor":24}],"player_experience":1238409,"relics_obtained":[{"floor":7.0,"key":"PreservedInsect"},{"floor":11.0,"key":"Letter Opener"},{"floor":13.0,"key":"Blue Doll"},{"floor":24,"key":"ReplayTheSpireMod:Lightbulb"},{"floor":26,"key":"Whetstone"}],"event_choices":[{"damage_healed":0.0,"max_hp_gain":0.0,"max_hp_loss":0.0,"gold_gain":0.0,"event_name":"Living Wall","player_choice":"Grow","floor":3.0,"gold_loss":0.0,"damage_taken":0.0,"cards_upgraded":["Caltrops"]},{"damage_healed":0.0,"max_hp_gain":0.0,"max_hp_loss":6.0,"gold_gain":0.0,"event_name":"Golden Idol","player_choice":"Lose Max HP","floor":4.0,"gold_loss":0.0,"damage_taken":0.0,"relics_obtained":["Golden Idol"]},{"damage_healed":0.0,"max_hp_gain":0.0,"max_hp_loss":0.0,"gold_gain":0.0,"event_name":"Shining Light","player_choice":"Entered Light","floor":5.0,"gold_loss":0.0,"damage_taken":18.0,"cards_upgraded":["Defend_G","Neutralize"]},{"damage_healed":15.0,"max_hp_gain":0.0,"max_hp_loss":0.0,"gold_gain":0.0,"event_name":"Mushrooms","player_choice":"Healed and dodged fight","floor":8.0,"gold_loss":0.0,"damage_taken":0.0,"cards_obtained":["Parasite"]},{"damage_healed":0.0,"max_hp_gain":0.0,"max_hp_loss":0.0,"gold_gain":0.0,"event_name":"Dead Adventurer","player_choice":"Searched \u00272\u0027 times","floor":13.0,"gold_loss":0.0,"damage_taken":0.0},{"damage_healed":0.0,"max_hp_gain":0.0,"max_hp_loss":0.0,"gold_gain":0.0,"event_name":"The Library","player_choice":"Read","floor":20.0,"gold_loss":0.0,"damage_taken":0.0,"cards_obtained":["Toxin Wave"]},{"damage_healed":0,"gold_gain":0,"player_choice":"Stole Relic","damage_taken":0,"relics_obtained":["Iron Hammer"],"max_hp_gain":0,"max_hp_loss":0,"event_name":"Addict","floor":22,"gold_loss":0,"cards_obtained":["Shame"]},{"damage_healed":0,"gold_gain":0,"player_choice":"Ignored","damage_taken":0,"max_hp_gain":0,"max_hp_loss":0,"event_name":"Cursed Tome","floor":25,"gold_loss":0}],"is_beta":false,"boss_relics":[{"not_picked":["Runic Dome","Busted Crown"],"picked":"SlaversCollar"}],"items_purged_floors":[19],"is_endless":false,"potions_floor_spawned":[1,7,10,16,18],"killed_by":"Sentry and Sphere","ascension_level":20}}