{"host":"36t3qd3wjvajtu1z","time":1613791122,"event":{"mods":["2.2 Compatiblity","AchievementEnabler","BaseMod","Bestiary","Block Reminder","Colored Powertips","Curses Come First","Filter the Spire","Highlight Path","Minty Spire (QoL Compilation)","Permanent Neow","Quick Restart","Random Character Button","Rare Cards Sparkle","Relic Stats","Slay-I","StSLib","Unknown Chances"],"gold_per_floor":[359,4,21,21,96,123,123,148,148,148,148,148,168,195,195,268,268,285,19,19,19,31,31,31],"floor_reached":23,"language":"ENG","playtime":827,"items_purged":["Strike_B"],"score":497,"play_id":"79bb732a-9019-41fa-adf1-4dc869478e3f","local_time":"20210219191842","is_ascension_mode":true,"campfire_choices":[{"floor":7,"key":"REST"},{"data":"Zap","floor":11,"key":"SMITH"},{"data":"Streamline","floor":15,"key":"SMITH"}],"circlet_count":0,"master_deck":["AscendersBane","Strike_B","Defend_B","Defend_B","Defend_B","Defend_B","Zap+1","Dualcast","Ball Lightning","Rip and Tear","Streamline+1","Conserve Battery+1","Rebound","Skim+1","Coolheaded+1","Core Surge","Self Repair","Storm","Defragment","Double Energy+1"],"relics":["Cracked Core","Membership Card","Bag of Preparation","Toxic Egg 2","Strawberry","Pen Nib","Kunai","Mango","Velvet Choker","Mummified Hand","Anchor"],"acts_visited":["Exordium","TheCity"],"potions_floor_usage":[6,8,23],"damage_taken":[{"damage":1.0,"enemies":"Cultist","floor":1.0,"turns":3.0},{"damage":8.0,"enemies":"2 Louse","floor":3.0,"turns":2.0},{"damage":30,"enemies":"Lagavulin","floor":6,"turns":5},{"damage":16,"enemies":"Gremlin Nob","floor":8,"turns":3},{"damage":2,"enemies":"Jaw Worm","floor":13,"turns":2},{"damage":20,"enemies":"Lagavulin","floor":14,"turns":4},{"damage":0,"enemies":"Slime Boss","floor":16,"turns":6},{"damage":30,"enemies":"3 Byrds","floor":18,"turns":4},{"damage":12,"enemies":"Chosen","floor":22,"turns":3},{"damage":43,"enemies":"Gremlin Leader","floor":23,"turns":4}],"seed_played":"8179577937253576915","potions_obtained":[{"floor":1.0,"key":"FearPotion"},{"floor":13,"key":"Swift Potion"},{"floor":22,"key":"PotionOfCapacity"}],"is_trial":false,"path_per_floor":["M","$","M","?","?","E","R","E","T","T","R","?","M","E","R","B",null,"M","$","?","?","M","E"],"character_chosen":"DEFECT","items_purchased":["Membership Card","Bag of Preparation","Fire Potion","Rip and Tear","Mummified Hand","Anchor","Storm"],"campfire_rested":1,"item_purchase_floors":[2,2,2,2,19,19,19],"current_hp_per_floor":[63,63,55,60,49,19,39,30,30,30,30,30,28,22,22,22,73,43,43,43,43,38,0,0],"gold":31,"neow_bonus":"TWO_FIFTY_GOLD","is_daily":false,"chose_seed":false,"campfire_upgraded":2,"win_rate":0.0,"timestamp":1613791122,"path_taken":["M","$","M","?","?","E","R","E","T","?","R","?","M","E","R","BOSS","M","?","?","?","M","E"],"items_purchased_type":["Relic","Relic","Potion","Card","Relic","Relic","Card"],"build_version":"2020-12-22","purchased_purges":1,"victory":false,"max_hp_per_floor":[64,64,64,69,69,69,69,76,76,76,76,76,76,90,90,90,90,90,90,90,90,90,90,90],"relic_stats":{"counters":[10,36],"Mummified Hand":[5],"Pen Nib":[4],"Bag of Preparation":[18],"Kunai":[5],"obtain_stats":[{"Anchor":19,"Mummified Hand":19,"Strawberry":8,"Velvet Choker":17,"Mango":14,"Pen Nib":9,"Bag of Preparation":2,"Membership Card":2,"Kunai":10,"Toxic Egg 2":6,"Cracked Core":0},{"Anchor":8,"Mummified Hand":8,"Strawberry":4,"Velvet Choker":7,"Mango":6,"Pen Nib":4,"Bag of Preparation":1,"Membership Card":1,"Kunai":4,"Toxic Egg 2":3,"Cracked Core":0},{"Anchor":29,"Mummified Hand":29,"Strawberry":13,"Velvet Choker":25,"Mango":19,"Pen Nib":13,"Bag of Preparation":3,"Membership Card":3,"Kunai":13,"Toxic Egg 2":10,"Cracked Core":0}]},"card_choices":[{"not_picked":["Static Discharge","Cold Snap"],"picked":"Ball Lightning","floor":1.0},{"not_picked":["Reinforced Body","Beam Cell"],"picked":"Streamline","floor":3.0},{"not_picked":["Compile Driver","Auto Shields+1"],"picked":"Conserve Battery+1","floor":6},{"not_picked":["Redo+1","Hello World"],"picked":"Rebound","floor":8},{"not_picked":["Doom and Gloom","Cold Snap"],"picked":"Skim+1","floor":13},{"not_picked":["Amplify+1","Heatsinks"],"picked":"Coolheaded+1","floor":14},{"not_picked":["Buffer","Thunder Strike"],"picked":"Core Surge","floor":16},{"not_picked":["Lockon+1","Cold Snap"],"picked":"Self Repair","floor":18},{"not_picked":["Heatsinks","Compile Driver"],"picked":"Double Energy+1","floor":22}],"player_experience":567904,"relics_obtained":[{"floor":6,"key":"Toxic Egg 2"},{"floor":8,"key":"Strawberry"},{"floor":9,"key":"Pen Nib"},{"floor":10,"key":"Kunai"},{"floor":14,"key":"Mango"}],"event_choices":[{"damage_healed":0.0,"max_hp_gain":5.0,"max_hp_loss":0.0,"gold_gain":0.0,"event_name":"Big Fish","player_choice":"Donut","floor":4.0,"gold_loss":0.0,"damage_taken":0.0},{"damage_healed":0.0,"max_hp_gain":0.0,"max_hp_loss":0.0,"gold_gain":75.0,"event_name":"World of Goop","player_choice":"Gather Gold","floor":5.0,"gold_loss":0.0,"damage_taken":11.0},{"cards_removed":["Strike_B"],"damage_healed":0,"gold_gain":0,"player_choice":"Offered Basic","damage_taken":0,"max_hp_gain":0,"max_hp_loss":0,"event_name":"Bonfire Elementals","floor":12,"gold_loss":0},{"damage_healed":0,"gold_gain":0,"player_choice":"Read","damage_taken":0,"max_hp_gain":0,"max_hp_loss":0,"event_name":"The Library","floor":20,"gold_loss":0,"cards_obtained":["Defragment"]},{"cards_removed":["Strike_B"],"damage_healed":0,"gold_gain":0,"player_choice":"Purged","damage_taken":0,"max_hp_gain":0,"max_hp_loss":0,"event_name":"Purifier","floor":21,"gold_loss":0}],"is_beta":false,"boss_relics":[{"not_picked":["Busted Crown","Snecko Eye"],"picked":"Velvet Choker"}],"items_purged_floors":[2],"is_endless":false,"potions_floor_spawned":[1,3,13,22],"killed_by":"Gremlin Leader","ascension_level":17}}