{"host":"0rxdudjy6rylha1k","time":1613834835,"event":{"mods":["Aspiration","BaseMod","Colored Map","Colored Powertips","Downfall","Highlight Path","Hubris","Minty Spire (QoL Compilation)","StSLib"],"gold_per_floor":[99,115,130,130,146,46,46,61,80,80,108,108,8,25,44,141,141,141,161,181,193,193,224,247,247,247,247],"floor_reached":25,"language":"ENG","playtime":1939,"items_purged":[],"score":281,"play_id":"cc725b71-437a-4176-924d-469a837652f3","local_time":"20210220082715","is_ascension_mode":true,"campfire_choices":[{"floor":1,"key":"RECALL"},{"data":"bronze:Repair","floor":6,"key":"SMITH"},{"floor":13,"key":"REST"},{"data":"bronze:AlphaBuild","floor":18,"key":"SMITH"}],"circlet_count":0,"master_deck":["bronze:Strike","bronze:Strike","bronze:Strike","bronze:Defend","bronze:Defend","bronze:Defend","bronze:Defend","bronze:Replicate","bronze:Goto","bronze:OilSpill","bronze:Repair+1","bronze:ChosenStrike","bronze:Return+1","bronze:BugBarrage","bronze:AlphaBuild+1","bronze:BronzeArmor+1","Seek","Genetic Algorithm","bronze:Optimize"],"relics":["bronze:BronzeCore","Blood Vial","hubris:Towel","downfall:HeartBlessingRed","Ornamental Fan","Question Card","Toy Ornithopter","downfall:HeartBlessingGreen","aspiration:DefectSkillbook","Mummified Hand","Vajra"],"acts_visited":["TheCity"],"potions_floor_usage":[8,15,16,21],"damage_taken":[{"damage":5,"enemies":"2 Louse","floor":2,"turns":3},{"damage":7,"enemies":"Jaw Worm","floor":3,"turns":2},{"damage":7,"enemies":"Small Slimes","floor":5,"turns":3},{"damage":1,"enemies":"Exordium Wildlife","floor":8,"turns":7},{"damage":12,"enemies":"Lots of Slimes","floor":9,"turns":5},{"damage":28,"enemies":"Gremlin Nob","floor":11,"turns":5},{"damage":8,"enemies":"Large Slime","floor":14,"turns":6},{"damage":0,"enemies":"Exordium Thugs","floor":15,"turns":3},{"damage":27,"enemies":"IC_STATUS_ARCHETYPE","floor":16,"turns":6},{"damage":29,"enemies":"3 Byrds","floor":19,"turns":6},{"damage":0,"enemies":"Spheric Guardian","floor":20,"turns":3},{"damage":24,"enemies":"Cultist and Chosen","floor":21,"turns":7},{"damage":53,"enemies":"Book of Stabbing","floor":23,"turns":7},{"damage":20,"enemies":"Chosen and Byrds","floor":25,"turns":4}],"seed_played":"-7365179955641367177","potions_obtained":[{"floor":3,"key":"bronze:BuildAFunctionPotion"},{"floor":11,"key":"bronze:BuildAFunctionPotion"},{"floor":15,"key":"hexamod:SoulburnPotion"},{"floor":20,"key":"Ancient Potion"}],"is_trial":false,"path_per_floor":["R","M","M","?","M","R","T","M","M","?","E","?","R","M","M","B",null,"R","M","M","M","?","E","T","M"],"character_chosen":"THE_AUTOMATON","items_purchased":[],"campfire_rested":1,"item_purchase_floors":[],"current_hp_per_floor":[70,65,60,60,62,62,62,69,68,68,42,42,63,62,70,55,66,66,41,53,46,46,5,5,0,0,0],"gold":247,"neow_bonus":"RANDOM_COMMON_RELIC","is_daily":false,"chose_seed":false,"campfire_upgraded":2,"win_rate":0.0,"timestamp":1613834835,"path_taken":["R","M","M","?","M","R","T","M","M","?","E","?","R","M","M","BOSS","R","M","M","M","?","E","T","M"],"items_purchased_type":[],"build_version":"2020-12-22","purchased_purges":0,"victory":false,"max_hp_per_floor":[70,70,70,70,70,70,70,70,70,70,70,70,70,70,70,70,70,70,70,70,70,70,70,70,70,70,70],"card_choices":[{"not_picked":["bronze:BugBarrage","bronze:Separator"],"picked":"bronze:OilSpill","floor":2},{"not_picked":["bronze:Separator","bronze:Deprecate"],"picked":"bronze:Repair","floor":3},{"not_picked":["bronze:BitShift","bronze:GetLatest","bronze:NullPointer"],"picked":"SKIP","floor":5},{"not_picked":["bronze:Frontload","bronze:Separator"],"picked":"bronze:ChosenStrike","floor":8},{"not_picked":["bronze:Backtrace","bronze:DelayedGuard","bronze:CutThrough"],"picked":"SKIP","floor":9},{"not_picked":["bronze:Separator","bronze:Shell","bronze:ShipIt"],"picked":"bronze:Return","floor":11},{"not_picked":["bronze:Frontload","bronze:BitShift","bronze:DelayedSlice"],"picked":"bronze:BugBarrage","floor":14},{"not_picked":["bronze:RecursiveStrike","bronze:GetLatest","bronze:Turbo","bronze:WildBeam"],"picked":"SKIP","floor":15},{"not_picked":["bronze:Hardcode","bronze:Break","bronze:BurnOut"],"picked":"bronze:AlphaBuild","floor":16},{"not_picked":["Chill","Gash","Capacitor+1","Streamline"],"picked":"bronze:BronzeArmor+1","floor":19},{"not_picked":["bronze:DigitalCarnage","Undo","bronze:WhirlingStrike","bronze:Overheat"],"picked":"Seek","floor":20},{"not_picked":["Turbo","Recycle+1","bronze:OilSpill","bronze:Branch"],"picked":"Genetic Algorithm","floor":21},{"not_picked":["bronze:GetLatest","bronze:Refactor","bronze:Safeguard","bronze:RecursiveStrike"],"picked":"bronze:Optimize","floor":23}],"player_experience":3025202,"relics_obtained":[{"floor":7,"key":"Ornamental Fan"},{"floor":11,"key":"Toy Ornithopter"},{"floor":23,"key":"Mummified Hand"},{"floor":24,"key":"Vajra"}],"event_choices":[{"damage_healed":0,"gold_gain":0,"player_choice":"Grow","damage_taken":0,"max_hp_gain":0,"max_hp_loss":0,"event_name":"Living Wall","floor":12,"gold_loss":0,"cards_upgraded":["bronze:Return"]}],"is_beta":false,"boss_relics":[{"not_picked":["Calling Bell","hubris:GrandSneckoEye"],"picked":"aspiration:DefectSkillbook"}],"items_purged_floors":[],"is_endless":false,"potions_floor_spawned":[3,11,15,20],"killed_by":"Chosen and Byrds","ascension_level":5}}