{"host":"8ztb9kwpjc2zof9s","time":1613823655,"event":{"mods":["BaseMod","Block Reminder","Curses Come First","Minty Spire (QoL Compilation)","Relic Stats","StSLib"],"gold_per_floor":[115,129,149,162,132,132,164,176,188,200,212,212],"floor_reached":11,"language":"ENG","playtime":329,"items_purged":[],"score":120,"play_id":"734564aa-a2fc-40fb-9d66-2a92c2856e1e","local_time":"20210220042055","is_ascension_mode":true,"campfire_choices":[{"data":"Neutralize","floor":6,"key":"SMITH"},{"floor":8,"key":"REST"}],"circlet_count":0,"master_deck":["AscendersBane","Strike_G","Strike_G","Strike_G","Strike_G","Strike_G","Defend_G","Defend_G","Defend_G","Defend_G","Defend_G","Survivor","Neutralize+1","Outmaneuver","Dagger Spray","Prepared","Cloak And Dagger","Deadly Poison"],"relics":["Ring of the Snake","NeowsBlessing","MawBank","Kunai","Golden Idol"],"acts_visited":["Exordium"],"potions_floor_usage":[4,11],"damage_taken":[{"damage":0,"enemies":"Cultist","floor":1,"turns":1},{"damage":0,"enemies":"2 Louse","floor":2,"turns":1},{"damage":0,"enemies":"Small Slimes","floor":3,"turns":1},{"damage":10,"enemies":"Exordium Thugs","floor":4,"turns":5},{"damage":0,"enemies":"Looter","floor":5,"turns":4},{"damage":42,"enemies":"3 Sentries","floor":7,"turns":15},{"damage":50,"enemies":"Gremlin Nob","floor":11,"turns":4}],"seed_played":"-918925598583817609","potions_obtained":[{"floor":2,"key":"Fire Potion"},{"floor":7,"key":"Explosive Potion"}],"is_trial":false,"path_per_floor":["M","M","M","M","M","R","E","R","T","?","E"],"character_chosen":"THE_SILENT","items_purchased":[],"campfire_rested":1,"item_purchase_floors":[],"current_hp_per_floor":[63,63,63,53,53,53,11,32,32,32,0,0],"gold":212,"neow_bonus":"THREE_ENEMY_KILL","is_daily":false,"chose_seed":false,"campfire_upgraded":1,"win_rate":0.0,"timestamp":1613823655,"path_taken":["M","M","M","M","?","R","E","R","T","?","E"],"items_purchased_type":[],"build_version":"2020-12-22","purchased_purges":0,"victory":false,"max_hp_per_floor":[70,70,70,70,70,70,70,70,70,65,65,65],"relic_stats":{"counters":[7,31],"Golden Idol":0,"Kunai":[2],"MawBank":48,"obtain_stats":[{"NeowsBlessing":0,"Golden Idol":10,"Kunai":9,"MawBank":7,"Ring of the Snake":0},{"NeowsBlessing":0,"Golden Idol":6,"Kunai":6,"MawBank":6,"Ring of the Snake":0},{"NeowsBlessing":0,"Golden Idol":27,"Kunai":27,"MawBank":27,"Ring of the Snake":0}],"Ring of the Snake":[14]},"card_choices":[{"not_picked":["Dodge and Roll","Deflect"],"picked":"Outmaneuver","floor":1},{"not_picked":["Poisoned Stab","Storm of Steel"],"picked":"Dagger Spray","floor":2},{"not_picked":["PiercingWail","Calculated Gamble"],"picked":"Prepared","floor":3},{"not_picked":["Setup","Dagger Throw"],"picked":"Cloak And Dagger","floor":4},{"not_picked":["Quick Slash","Sucker Punch","Calculated Gamble"],"picked":"SKIP","floor":5},{"not_picked":["Riddle With Holes","Heel Hook"],"picked":"Deadly Poison","floor":7}],"player_experience":359360,"relics_obtained":[{"floor":7,"key":"MawBank"},{"floor":9,"key":"Kunai"}],"event_choices":[{"damage_healed":0,"gold_gain":0,"player_choice":"Lose Max HP","damage_taken":0,"relics_obtained":["Golden Idol"],"max_hp_gain":0,"max_hp_loss":5,"event_name":"Golden Idol","floor":10,"gold_loss":0}],"is_beta":false,"boss_relics":[],"items_purged_floors":[],"is_endless":false,"potions_floor_spawned":[2,7],"killed_by":"Gremlin Nob","ascension_level":13}}