{"host":"5mo0809oo9tcrmpl","time":1613779797,"event":{"mods":["BaseMod","Highlight Path","Minty Spire (QoL Compilation)","Relic Stats","Slay the Relics Exporter"],"gold_per_floor":[119,44,60,78,96,121,141,141,168,194,194,224,224,237,237,311,311,331,350,24,39,58,91,91,91,115,149,169,84,9,37,37,37,37],"floor_reached":33,"language":"ENG","playtime":1539,"items_purged":["Decay"],"score":679,"play_id":"9e249569-b22a-4871-a9cb-5516c5d28f54","local_time":"20210219180957","is_ascension_mode":true,"campfire_choices":[{"floor":8,"key":"REST"},{"data":"Perfected Strike","floor":13,"key":"SMITH"},{"data":"Metallicize","floor":15,"key":"SMITH"},{"floor":24,"key":"REST"},{"floor":32,"key":"REST"}],"circlet_count":0,"master_deck":["AscendersBane","Strike_R+1","Strike_R","Strike_R","Strike_R","Strike_R+1","Defend_R","Defend_R","Defend_R","Defend_R","Bash","Feed","Perfected Strike+1","Fire Breathing","Pommel Strike","Clothesline","Seeing Red+1","Iron Wave","Perfected Strike+1","Impervious+1","Metallicize+1","Offering+1","Havoc+1","Inflame","Intimidate+1","Flame Barrier+1","RitualDagger","Offering+1","Whirlwind","Evolve","Pommel Strike"],"relics":["Burning Blood","Toxic Egg 2","Art of War","Red Skull","Orichalcum","Mark of Pain","Pear","Whetstone","Ancient Tea Set","MealTicket","Juzu Bracelet","Blue Candle"],"acts_visited":["Exordium","TheCity"],"potions_floor_usage":[6,10,12,27,33,33],"damage_taken":[{"damage":7,"enemies":"Jaw Worm","floor":1,"turns":3},{"damage":1,"enemies":"Cultist","floor":3,"turns":3},{"damage":13,"enemies":"2 Louse","floor":4,"turns":3},{"damage":31,"enemies":"Exordium Wildlife","floor":5,"turns":6},{"damage":42,"enemies":"Lagavulin","floor":6,"turns":7},{"damage":15,"enemies":"Red Slaver","floor":7,"turns":4},{"damage":13,"enemies":"3 Sentries","floor":10,"turns":5},{"damage":1,"enemies":"Gremlin Nob","floor":12,"turns":3},{"damage":7,"enemies":"Lots of Slimes","floor":14,"turns":6},{"damage":24,"enemies":"Hexaghost","floor":16,"turns":8},{"damage":0,"enemies":"Chosen","floor":18,"turns":4},{"damage":11,"enemies":"Shell Parasite","floor":19,"turns":2},{"damage":25,"enemies":"Chosen and Byrds","floor":21,"turns":5},{"damage":14,"enemies":"Cultist and Chosen","floor":22,"turns":4},{"damage":37,"enemies":"Book of Stabbing","floor":23,"turns":5},{"damage":15,"enemies":"Gremlin Leader","floor":27,"turns":7},{"damage":3,"enemies":"Snecko","floor":28,"turns":3},{"damage":22,"enemies":"Book of Stabbing","floor":31,"turns":4},{"damage":95,"enemies":"Automaton","floor":33,"turns":10}],"seed_played":"8999806491027644518","potions_obtained":[{"floor":1,"key":"FairyPotion"},{"floor":4,"key":"Weak Potion"},{"floor":6,"key":"EssenceOfSteel"},{"floor":7,"key":"SkillPotion"},{"floor":10,"key":"DistilledChaos"},{"floor":23,"key":"DuplicationPotion"},{"floor":27,"key":"Block Potion"},{"floor":28,"key":"Block Potion"}],"is_trial":false,"path_per_floor":["M","$","M","M","M","E","M","R","T","E","?","E","R","M","R","B",null,"M","M","$","M","M","E","R","?","T","E","M","?","$","E","R","B"],"character_chosen":"IRONCLAD","items_purchased":["Inflame","Pear","Evolve"],"campfire_rested":3,"item_purchase_floors":[20,20,30],"current_hp_per_floor":[67,67,72,68,46,10,30,54,54,50,50,55,55,57,57,39,75,81,79,89,70,65,34,64,58,58,49,55,55,70,54,85,0,0],"gold":37,"neow_bonus":"THREE_RARE_CARDS","is_daily":false,"chose_seed":false,"campfire_upgraded":2,"win_rate":0.0,"timestamp":1613779797,"path_taken":["M","$","M","M","M","E","M","R","T","E","?","E","R","M","R","BOSS","M","M","$","M","M","E","R","?","T","E","M","?","?","E","R","BOSS"],"items_purchased_type":["Card","Relic","Card"],"build_version":"2020-12-22","purchased_purges":1,"victory":false,"max_hp_per_floor":[75,75,75,78,81,81,81,81,81,84,84,84,84,87,87,87,87,87,90,100,100,103,103,103,103,103,103,106,106,106,106,106,106,106],"relic_stats":{"counters":[19,92],"Blue Candle":[0],"MealTicket":15,"Art of War":[2],"Juzu Bracelet":0,"Whetstone":["Strike_R","Strike_R"],"Orichalcum":[210],"obtain_stats":[{"Pear":20,"Blue Candle":31,"MealTicket":27,"Mark of Pain":17,"Art of War":9,"Juzu Bracelet":29,"Whetstone":23,"Toxic Egg 2":6,"Orichalcum":12,"Ancient Tea Set":26,"Burning Blood":0,"Red Skull":10},{"Pear":12,"Blue Candle":18,"MealTicket":16,"Mark of Pain":10,"Art of War":6,"Juzu Bracelet":17,"Whetstone":15,"Toxic Egg 2":5,"Orichalcum":8,"Ancient Tea Set":15,"Burning Blood":0,"Red Skull":7},{"Pear":54,"Blue Candle":82,"MealTicket":75,"Mark of Pain":48,"Art of War":26,"Juzu Bracelet":78,"Whetstone":68,"Toxic Egg 2":22,"Orichalcum":34,"Ancient Tea Set":68,"Burning Blood":0,"Red Skull":31}],"Burning Blood":108},"card_choices":[{"not_picked":["Berserk","Fiend Fire"],"picked":"Feed","floor":0},{"not_picked":["Iron Wave","Thunderclap"],"picked":"Perfected Strike","floor":1},{"not_picked":["Infernal Blade","Pummel"],"picked":"Fire Breathing","floor":3},{"not_picked":["Evolve","Flex"],"picked":"Pommel Strike","floor":4},{"not_picked":["Heavy Blade","Clash"],"picked":"Clothesline","floor":5},{"not_picked":["Dual Wield+1","Armaments+1"],"picked":"Seeing Red+1","floor":6},{"not_picked":["Wild Strike","Clash"],"picked":"Iron Wave","floor":7},{"not_picked":["Power Through+1","Sentinel+1"],"picked":"Perfected Strike","floor":10},{"not_picked":["Warcry+1","Reckless Charge"],"picked":"Impervious+1","floor":12},{"not_picked":["Wild Strike","True Grit+1"],"picked":"Metallicize","floor":14},{"not_picked":["Feed","Fiend Fire"],"picked":"Offering+1","floor":16},{"not_picked":["Thunderclap","Burning Pact+1","Heavy Blade"],"picked":"SKIP","floor":18},{"not_picked":["Body Slam+1","Shrug It Off+1"],"picked":"Havoc+1","floor":19},{"not_picked":["Dark Embrace","Thunderclap"],"picked":"Intimidate+1","floor":21},{"not_picked":["Anger","Searing Blow","Heavy Blade"],"picked":"SKIP","floor":22},{"not_picked":["Exhume+1","Shockwave+1"],"picked":"Flame Barrier+1","floor":23},{"not_picked":["Havoc+1","Clash+1"],"picked":"Offering+1","floor":27},{"not_picked":["Body Slam","Anger"],"picked":"Whirlwind","floor":28},{"not_picked":["Flex+1","Whirlwind"],"picked":"Pommel Strike","floor":31}],"player_experience":1297280,"relics_obtained":[{"floor":6,"key":"Toxic Egg 2"},{"floor":9,"key":"Art of War"},{"floor":10,"key":"Red Skull"},{"floor":12,"key":"Orichalcum"},{"floor":23,"key":"Whetstone"},{"floor":26,"key":"Ancient Tea Set"},{"floor":27,"key":"MealTicket"},{"floor":31,"key":"Blue Candle"}],"event_choices":[{"damage_healed":0,"gold_gain":0,"player_choice":"Forge","damage_taken":0,"max_hp_gain":0,"max_hp_loss":0,"event_name":"Accursed Blacksmith","floor":11,"gold_loss":0,"cards_upgraded":["Perfected Strike"]},{"damage_healed":0,"gold_gain":0,"player_choice":"Joined the Cult","damage_taken":6,"max_hp_gain":0,"max_hp_loss":0,"event_name":"Nest","floor":25,"gold_loss":0,"cards_obtained":["RitualDagger"]},{"damage_healed":0,"gold_gain":0,"player_choice":"Obtained Relic","damage_taken":0,"relics_obtained":["Juzu Bracelet"],"max_hp_gain":0,"max_hp_loss":0,"event_name":"Addict","floor":29,"gold_loss":85}],"is_beta":false,"boss_relics":[{"not_picked":["Tiny House","Cursed Key"],"picked":"Mark of Pain"}],"items_purged_floors":[2],"is_endless":false,"potions_floor_spawned":[1,4,6,7,10,23,27,28],"killed_by":"Automaton","ascension_level":20}}