{"host":"gzsdmyo07u314vug","time":1613792279,"event":{"mods":["2.2 Compatiblity","Astrologer","BaseMod","Colored Powertips","GifTheSpireLib","Gremlin Mod","Hermit","Jorbs\u0027s Wanderer Trilogy","Minty Spire (QoL Compilation)","Quick Restart","Rare Cards Sparkle","Relic Stats","Replay The Spire","Robot Space Explorer","Shop Mod","StSLib","The Bladedancer","The Bug Knight","The Construct","The Cursed","The Elementalist","The Hierophant","The IronCluck","The Marked","The Necromancer","The Runesmith","The Servant 0.9.4","Unceasing Turn Reminder","everything is the same but u backflip on backflip","slay the spire mod where everything is the same but ironclad has a cowboy hat"],"gold_per_floor":[117,42,56,69,69,69,100,100,100,100,0,0,0,25,25,125,175,185,197,216,216,231,265,265,290,290,316,87,102,117,117,117,212,212,230,78,96,96,96,96,123,137,137,167,186,196,196,196,196,196,196,196,196,225,225],"floor_reached":56,"language":"ENG","playtime":2013,"items_purged":["TheCursedMod:Strike_TheCursed","TheCursedMod:SpitefulStrike","TheCursedMod:RapidMovement+1"],"score":1935,"play_id":"9d1b69d4-6ab0-426c-a2f6-c800ff9b2e97","local_time":"20210220003759","is_ascension_mode":true,"campfire_choices":[{"data":"TheCursedMod:CircleOfWindfury","floor":6.0,"key":"SMITH"},{"data":"TheCursedMod:TacticalStrike","floor":8.0,"key":"SMITH"},{"data":"TheCursedMod:RapidMovement","floor":10.0,"key":"SMITH"},{"data":"TheCursedMod:CleanUpWorkshop","floor":12.0,"key":"SMITH"},{"data":"TheCursedMod:StunningStrike","floor":15.0,"key":"SMITH"},{"floor":24.0,"key":"RECALL"},{"floor":32.0,"key":"REST"},{"floor":40.0,"key":"REST"},{"floor":47.0,"key":"REST"},{"floor":49.0,"key":"REST"},{"floor":52.0,"key":"REST"}],"circlet_count":0,"master_deck":["TheCursedMod:CleanUpWorkshop+1","TheCursedMod:FuryStrike+1","TheCursedMod:FuryStrike+1","TheCursedMod:CircleOfWindfury+1","TheCursedMod:CursedSpellbook+1","TheCursedMod:CircleOfWindfury+1"],"relics":["TheCursedMod:FourLeafCloverCharm","Ginger","Gambling Chip","Mirror","Tiny House","Snack Pack","Whetstone","Shuriken","Strawberry","Anchor","Ancient Tea Set","Golden Egg","Centennial Puzzle"],"acts_visited":["Exordium","TheCity","TheBeyond","TheEnding"],"potions_floor_usage":[55,55],"damage_taken":[{"damage":0.0,"enemies":"2 Louse","floor":1.0,"turns":1.0},{"damage":0.0,"enemies":"Cultist","floor":3.0,"turns":1.0},{"damage":12.0,"enemies":"Small Slimes","floor":4.0,"turns":2.0},{"damage":13.0,"enemies":"3 Sentries","floor":7.0,"turns":3.0},{"damage":0.0,"enemies":"Gremlin Nob","floor":14.0,"turns":1.0},{"damage":0.0,"enemies":"Hexaghost","floor":16.0,"turns":3.0},{"damage":0.0,"enemies":"3 Byrds","floor":18.0,"turns":1.0},{"damage":0.0,"enemies":"Chosen","floor":19.0,"turns":1.0},{"damage":0.0,"enemies":"Snake Plant","floor":20.0,"turns":2.0},{"damage":0.0,"enemies":"Shelled Parasite and Fungi","floor":22.0,"turns":1.0},{"damage":0.0,"enemies":"Book of Stabbing","floor":23.0,"turns":1.0},{"damage":0.0,"enemies":"HollowMod:Nosk","floor":25.0,"turns":1.0},{"damage":0.0,"enemies":"Gremlin Leader","floor":27.0,"turns":1.0},{"damage":0.0,"enemies":"Sentry and Sphere","floor":29.0,"turns":1.0},{"damage":0.0,"enemies":"Cultist and Chosen","floor":30.0,"turns":1.0},{"damage":0.0,"enemies":"Collector","floor":33.0,"turns":1.0},{"damage":0.0,"enemies":"3 Shapes","floor":35.0,"turns":1.0},{"damage":0.0,"enemies":"3 Darklings","floor":37.0,"turns":1.0},{"damage":0.0,"enemies":"Nemesis","floor":41.0,"turns":1.0},{"damage":0.0,"enemies":"Sphere and 2 Shapes","floor":42.0,"turns":1.0},{"damage":0.0,"enemies":"Reptomancer","floor":44.0,"turns":1.0},{"damage":0.0,"enemies":"Writhing Mass","floor":45.0,"turns":1.0},{"damage":0.0,"enemies":"3 Darklings","floor":46.0,"turns":1.0},{"damage":16.0,"enemies":"Time Eater","floor":50.0,"turns":3.0},{"damage":0.0,"enemies":"Shield and Spear","floor":54.0,"turns":1.0},{"damage":4,"enemies":"The Heart","floor":55,"turns":3}],"seed_played":"8473628768293991861","potions_obtained":[{"floor":1.0,"key":"LiquidBronze"},{"floor":7.0,"key":"EssenceOfSteel"},{"floor":17.0,"key":"Doom Potion"},{"floor":42.0,"key":"AttackPotion"}],"is_trial":false,"path_per_floor":["M","$","M","M","?","R","E","R","T","R","$","R","?","E","R","B",null,"M","M","M","?","M","E","R","E","T","E","$","M","M","$","R","B",null,"M","$","M","$","?","R","E","M","T","E","M","M","R","$","R","B",null,"R","$","E","B",null],"character_chosen":"THE_CURSED","items_purchased":["Fruit Juice","Anchor"],"campfire_rested":5,"item_purchase_floors":[28,36],"current_hp_per_floor":[75,75,75,63,56,56,43,43,43,43,43,43,43,43,43,43,72,72,72,72,90,90,90,90,90,90,97,102,102,102,102,102,102,102,102,102,102,102,102,102,102,102,102,102,102,102,102,102,102,94,100,102,102,102,102],"gold":225,"neow_bonus":"UPGRADE_CARD","is_daily":false,"chose_seed":false,"campfire_upgraded":5,"win_rate":0.0,"timestamp":1613792279,"path_taken":["M","$","M","M","?","R","E","R","T","R","$","R","?","E","R","BOSS","M","?","M","?","M","E","R","E","T","E","$","M","?","?","R","BOSS","M","$","?","$","?","R","E","M","T","E","M","?","R","$","R","BOSS","R","$","E","BOSS"],"items_purchased_type":["Potion","Relic"],"build_version":"2020-12-22","purchased_purges":3,"victory":true,"max_hp_per_floor":[75,75,75,75,75,75,75,75,75,75,75,75,75,75,75,75,80,80,80,80,90,90,90,90,90,90,97,102,102,102,102,102,102,102,102,102,102,102,102,102,102,102,102,102,102,102,102,102,102,102,102,102,102,102,102],"relic_stats":{"Centennial Puzzle":[3],"counters":[26,36],"Shuriken":[56],"Gambling Chip":[24],"Ginger":[5],"Whetstone":[],"obtain_stats":[{"Golden Egg":44,"TheCursedMod:FourLeafCloverCharm":0,"Tiny House":17,"Ginger":7,"Whetstone":25,"Ancient Tea Set":41,"Anchor":36,"Centennial Puzzle":54,"Shuriken":26,"Gambling Chip":9,"Strawberry":27,"Snack Pack":23,"Mirror":14},{"Golden Egg":21,"TheCursedMod:FourLeafCloverCharm":0,"Tiny House":6,"Ginger":4,"Whetstone":12,"Ancient Tea Set":19,"Anchor":17,"Centennial Puzzle":25,"Shuriken":12,"Gambling Chip":4,"Strawberry":13,"Snack Pack":11,"Mirror":5},{"Golden Egg":27,"TheCursedMod:FourLeafCloverCharm":0,"Tiny House":11,"Ginger":7,"Whetstone":18,"Ancient Tea Set":25,"Anchor":23,"Centennial Puzzle":33,"Shuriken":18,"Gambling Chip":7,"Strawberry":19,"Snack Pack":17,"Mirror":8}]},"card_choices":[{"not_picked":["TheCursedMod:CircleOfAmplification","TheCursedMod:CircleOfCorruption"],"picked":"TheCursedMod:RapidMovement","floor":1.0},{"not_picked":["TheCursedMod:FleshFromBone","TheCursedMod:Stigma","TheCursedMod:TacticalStrike"],"picked":"SKIP","floor":3.0},{"not_picked":["TheCursedMod:FleshFromBone","TheCursedMod:AshesToAshes","TheCursedMod:CircleOfFocus"],"picked":"SKIP","floor":4.0},{"not_picked":["TheCursedMod:CircleOfFlame","TheCursedMod:Wield","TheCursedMod:AbyssShockwave"],"picked":"SKIP","floor":7.0},{"not_picked":["TheCursedMod:Stretching","TheCursedMod:ReleasedStrength","TheCursedMod:StingEye"],"picked":"SKIP","floor":14.0},{"not_picked":["TheCursedMod:Stigma","TheCursedMod:CursedBlade","TheCursedMod:Mangle+1"],"picked":"SKIP","floor":18.0},{"not_picked":["TheCursedMod:CursedShiv","TheCursedMod:Wield+1","TheCursedMod:RapidMovement+1"],"picked":"SKIP","floor":19.0},{"not_picked":["TheCursedMod:CircleOfFlame","TheCursedMod:ManaBullet+1","TheCursedMod:Obscuration"],"picked":"SKIP","floor":20.0},{"not_picked":["TheCursedMod:SurpriseAttack","TheCursedMod:Grudge+1","TheCursedMod:Torture"],"picked":"SKIP","floor":22.0},{"not_picked":["TheCursedMod:AbyssShockwave","TheCursedMod:Evocation","TheCursedMod:Torture+1"],"picked":"SKIP","floor":23.0},{"not_picked":["TheCursedMod:TacticalStrike","TheCursedMod:SmokeScreen+1","TheCursedMod:RavingStaff"],"picked":"SKIP","floor":25.0},{"not_picked":["TheCursedMod:CircleOfBlood","TheCursedMod:NeowsMight","TheCursedMod:EmpowerCircles"],"picked":"SKIP","floor":27.0},{"not_picked":["TheCursedMod:Torture+1","TheCursedMod:TacticalStrike","TheCursedMod:WearCloak"],"picked":"SKIP","floor":29.0},{"not_picked":["TheCursedMod:CursedMace","TheCursedMod:FleshFromBone+1","TheCursedMod:Stigma"],"picked":"SKIP","floor":30.0},{"not_picked":["TheCursedMod:Mangle+1","TheCursedMod:RapidMovement+1","TheCursedMod:CursedAmulet+1"],"picked":"SKIP","floor":35.0},{"not_picked":["TheCursedMod:SoulReap","TheCursedMod:PrepareRite","TheCursedMod:SpreadPlague+1"],"picked":"SKIP","floor":37.0},{"not_picked":["TheCursedMod:CursedAmulet+1","TheCursedMod:DoubleShield","TheCursedMod:SpitefulPray+1"],"picked":"SKIP","floor":41.0},{"not_picked":["TheCursedMod:ReleasedStrength","TheCursedMod:CircleOfFlame+1","TheCursedMod:FleshFromBone+1"],"picked":"SKIP","floor":42.0},{"not_picked":["TheCursedMod:SoulReap","TheCursedMod:CursedStaff+1"],"picked":"TheCursedMod:CircleOfWindfury+1","floor":44.0},{"not_picked":["TheCursedMod:Hemoplague","TheCursedMod:VitalStrike+1","TheCursedMod:RapidMovement+1"],"picked":"SKIP","floor":45.0},{"not_picked":["TheCursedMod:DarkBarrier","TheCursedMod:CursedAmulet","TheCursedMod:Stretching"],"picked":"SKIP","floor":46.0},{"not_picked":["TheCursedMod:Stretching+1","TheCursedMod:SpitefulPray+1","TheCursedMod:CircleOfCorruption"],"picked":"SKIP","floor":54.0}],"player_experience":934191,"relics_obtained":[{"floor":7.0,"key":"Ginger"},{"floor":9.0,"key":"Gambling Chip"},{"floor":14.0,"key":"Mirror"},{"floor":23.0,"key":"Snack Pack"},{"floor":25.0,"key":"Whetstone"},{"floor":26.0,"key":"Shuriken"},{"floor":27.0,"key":"Strawberry"},{"floor":41.0,"key":"Ancient Tea Set"},{"floor":44.0,"key":"Golden Egg"},{"floor":54.0,"key":"Centennial Puzzle"}],"event_choices":[{"cards_removed":["TheCursedMod:VitalStrike"],"damage_healed":0.0,"max_hp_gain":0.0,"max_hp_loss":0.0,"gold_gain":0.0,"event_name":"Golden Wing","player_choice":"Card Removal","floor":5.0,"gold_loss":0.0,"damage_taken":7.0},{"damage_healed":0.0,"max_hp_gain":0.0,"max_hp_loss":0.0,"gold_gain":0.0,"event_name":"Accursed Blacksmith","player_choice":"Forge","floor":13.0,"gold_loss":0.0,"damage_taken":0.0,"cards_upgraded":["TheCursedMod:FuryStrike"]},{"cards_removed":["TheCursedMod:StunningStrike"],"damage_healed":8.0,"max_hp_gain":10.0,"max_hp_loss":0.0,"gold_gain":0.0,"event_name":"Bonfire Elementals","player_choice":"Offered Rare","floor":21.0,"gold_loss":0.0,"damage_taken":0.0},{"cards_removed":["TheCursedMod:TacticalStrike"],"damage_healed":0.0,"max_hp_gain":0.0,"max_hp_loss":0.0,"gold_gain":0.0,"event_name":"Purifier","player_choice":"Purged","floor":39.0,"gold_loss":0.0,"damage_taken":0.0}],"is_beta":false,"boss_relics":[{"not_picked":["Ectoplasm","Ring of Chaos"],"picked":"Tiny House"},{"not_picked":["Painkiller Herb","Replay:Grab Bag","Calling Bell"]}],"items_purged_floors":[2,11,28],"is_endless":false,"potions_floor_spawned":[1,7,18,20,25,27,42,44,45,54],"ascension_level":5}}