{"host":"phyc2c04sehl2isi","time":1613837994,"event":{"mods":["A Magickal Journey","Act Like it!","BaseMod","Better Note","Colored Powertips","Elementarium","Hermit","Hunter ??","Minty Spire (QoL Compilation)","Nova Terra(??·??)","Prisma Mod","Quick Restart","StSLib","The Death Knight","The Jungle","The Necromancer","The Sage","The Vixen"],"gold_per_floor":[413,5,5,17,34,67,67,45,70,70,86,106,170,183,183,282,282,295,295,313,333,513,513,533,533,533,156,156,8,23,34,34,34,34],"floor_reached":33,"language":"ENG","playtime":3186,"items_purged":["Normality","PrismaMod:ChloeAnyRareTrace"],"score":276,"play_id":"d37e3587-2cc1-452b-ba39-58a07e726cd1","local_time":"20210220171954","is_ascension_mode":false,"campfire_choices":[{"data":"PrismaMod:ChloeAnyAttackTrace","floor":7.0,"key":"SMITH"},{"data":"PrismaMod:ChloeBetterTracePools","floor":10.0,"key":"SMITH"},{"data":"PrismaMod:ChloeExcalibur","floor":15.0,"key":"SMITH"},{"floor":23,"key":"REST"},{"floor":25,"key":"REST"},{"data":"PrismaMod:ChloeExcalibur","floor":28,"key":"SMITH"},{"data":"PrismaMod:ChloeAnyAttackTrace","floor":32,"key":"SMITH"}],"circlet_count":0,"master_deck":["PrismaMod:ChloeCommonAttack+1","PrismaMod:ChloeCommonAttack","PrismaMod:ChloeCommonAttack+1","PrismaMod:ChloeCommonAttack","PrismaMod:ChloeCommonAttack","PrismaMod:ChloeCommonDefend","PrismaMod:ChloeCommonDefend","PrismaMod:ChloeCommonDefend","PrismaMod:ChloeCommonDefend","PrismaMod:ChloeCommonDefend","PrismaMod:ChloeCheapAttack","PrismaMod:ChloeCheapDefend","PrismaMod:ChloeDiscardRecovery","PrismaMod:ChloeCarnivalAOEAttack","PrismaMod:ChloeBetterTracePools+1","PrismaMod:ChloeExhaustOne","PrismaMod:ChloeExcalibur","PrismaMod:ChloeCaladbolg","PrismaMod:ChloeAnyAttackTrace+1","PrismaMod:ChloeCommonAOEAttack","PrismaMod:ChloeExhaustOne","PrismaMod:ChloeExcalibur+1","PrismaMod:ChloeCheapAttack","PrismaMod:ChloeExhaustOne+1","PrismaMod:ChloeCheapAttack","PrismaMod:ChloeRuleBreaker","PanicButton","Deep Breath","PrismaMod:ChloeExcalibur","PrismaMod:ChloeExcalibur+1","Dramatic Entrance","PrismaMod:ChloeAnyAttackTrace+1","PrismaMod:ChloeCheapDefendTwo+1"],"relics":["PrismaMod:PrismaTraceOn","Old Coin","MealTicket","Whetstone","sagemod:Falmels_Amulet","Bottled Lightning","Strange Spoon","PreservedInsect"],"acts_visited":["TheCity"],"potions_floor_usage":[20,21,33,33,33],"damage_taken":[{"damage":5.0,"enemies":"Jaw Worm","floor":1.0,"turns":4.0},{"damage":0.0,"enemies":"Small Slimes","floor":4.0,"turns":3.0},{"damage":0.0,"enemies":"2 Louse","floor":5.0,"turns":1.0},{"damage":12.0,"enemies":"3 Sentries","floor":6.0,"turns":4.0},{"damage":2.0,"enemies":"Lots of Slimes","floor":11.0,"turns":2.0},{"damage":0.0,"enemies":"Large Slime","floor":12.0,"turns":3.0},{"damage":12.0,"enemies":"Blue Slaver","floor":13.0,"turns":2.0},{"damage":0.0,"enemies":"2 Fungi Beasts","floor":14.0,"turns":2.0},{"damage":11.0,"enemies":"Slime Boss","floor":16.0,"turns":5.0},{"damage":5,"enemies":"Chosen","floor":18,"turns":2},{"damage":30,"enemies":"Shell Parasite","floor":20,"turns":3},{"damage":9,"enemies":"Chosen and Byrds","floor":21,"turns":6},{"damage":28,"enemies":"3 Cultists","floor":24,"turns":5},{"damage":15,"enemies":"Cultist and Chosen","floor":30,"turns":4},{"damage":6,"enemies":"Shelled Parasite and Fungi","floor":31,"turns":5},{"damage":72,"enemies":"Collector","floor":33,"turns":5}],"seed_played":"-4008881000339005769","potions_obtained":[{"floor":5.0,"key":"SkillPotion"},{"floor":12.0,"key":"Regen Potion"},{"floor":16.0,"key":"EssenceOfSteel"},{"floor":24,"key":"PowerPotion"},{"floor":30,"key":"GamblersBrew"},{"floor":31,"key":"Strength Potion"}],"is_trial":false,"path_per_floor":["M","$","?","M","M","E","R","$","T","R","M","M","M","M","R","B",null,"M","?","M","M","?","R","M","R","T","$","R","$","M","M","R","B"],"character_chosen":"CHLOE","items_purchased":["PrismaMod:ChloeCarnivalAOEAttack","PrismaMod:ChloeBetterTracePools","PrismaMod:ChloeExhaustOne","Fruit Juice","PrismaMod:ChloeCommonAOEAttack","Strange Spoon","PrismaMod:ChloeExcalibur","Dramatic Entrance","PreservedInsect"],"campfire_rested":2,"item_purchase_floors":[2,2,2,2,8,27,27,27,29],"current_hp_per_floor":[70,75,75,75,75,63,63,78,78,78,76,76,64,64,64,53,80,75,80,55,48,16,40,17,41,41,56,56,71,56,50,50,0,0],"gold":34,"neow_bonus":"ONE_RARE_RELIC","is_daily":false,"chose_seed":false,"campfire_upgraded":5,"win_rate":0.0,"timestamp":1613837994,"path_taken":["M","$","?","M","M","E","R","?","T","R","M","M","M","M","R","BOSS","M","?","?","M","?","R","M","R","T","$","R","$","M","M","R","BOSS"],"items_purchased_type":["Card","Card","Card","Potion","Card","Relic","Card","Card","Relic"],"build_version":"2020-12-22","purchased_purges":2,"victory":false,"max_hp_per_floor":[75,80,80,80,80,80,80,80,80,80,80,80,80,80,80,80,80,80,80,80,80,80,80,80,80,80,80,80,80,80,80,80,80,80],"card_choices":[{"not_picked":["PrismaMod:ChloeCheapDefend","PrismaMod:ChloeExhaustOne"],"picked":"PrismaMod:ChloeDiscardRecovery","floor":1.0},{"not_picked":["PrismaMod:ChloeDiscardRecovery","PrismaMod:ChloeCheapDefend"],"picked":"PrismaMod:ChloeExcalibur","floor":4.0},{"not_picked":["PrismaMod:ChloeBetterTracePools","PrismaMod:ChloeExhaustOne"],"picked":"PrismaMod:ChloeCaladbolg","floor":5.0},{"not_picked":["PrismaMod:ChloeCheapDefend","PrismaMod:ChloeCheapAttackTwo"],"picked":"PrismaMod:ChloeAnyAttackTrace","floor":6.0},{"not_picked":["PrismaMod:ChloeCheapDefendTwo","PrismaMod:ChloeCheapDefend"],"picked":"PrismaMod:ChloeExhaustOne","floor":11.0},{"not_picked":["PrismaMod:ChloeCommonAOEAttack","PrismaMod:ChloeRitsuka"],"picked":"PrismaMod:ChloeExcalibur","floor":12.0},{"not_picked":["PrismaMod:ChloeUncommonAttack","PrismaMod:ChloeCheapAttackTwo","PrismaMod:ChloeCheapDefendTwo"],"picked":"SKIP","floor":13.0},{"not_picked":["PrismaMod:ChloeExhaustOne","PrismaMod:ChloeDiscardRecovery"],"picked":"PrismaMod:ChloeCheapAttack","floor":14.0},{"not_picked":["PrismaMod:ChloeAnyUncommonTrace","PrismaMod:ChloeCarnivalAOEAttack"],"picked":"PrismaMod:ChloeAnyRareTrace","floor":16.0},{"not_picked":["PrismaMod:ChloeCheapDefend","PrismaMod:ChloeCommonAOEAttack"],"picked":"PrismaMod:ChloeExhaustOne+1","floor":18},{"not_picked":["PrismaMod:ChloeCheapAttackTwo","PrismaMod:ChloeCheapDefend"],"picked":"PrismaMod:ChloeCheapAttack","floor":20},{"not_picked":["PrismaMod:ChloeExhaustOne","PrismaMod:ChloeCheapAttackTwo"],"picked":"PrismaMod:ChloeRuleBreaker","floor":21},{"not_picked":["PrismaMod:ChloeEyeOfTheEuryale","PrismaMod:ChloeCheapDefendTwo"],"picked":"PrismaMod:ChloeExcalibur","floor":24},{"not_picked":["PrismaMod:ChloeRitsuka","PrismaMod:ChloeCheapDefend"],"picked":"PrismaMod:ChloeAnyAttackTrace","floor":30},{"not_picked":["PrismaMod:ChloeUncommonAttack","PrismaMod:ChloeEyeOfTheEuryale"],"picked":"PrismaMod:ChloeCheapDefendTwo+1","floor":31}],"player_experience":1574446,"relics_obtained":[{"floor":6.0,"key":"MealTicket"},{"floor":9.0,"key":"Whetstone"},{"floor":26,"key":"Bottled Lightning"}],"event_choices":[{"damage_healed":0.0,"max_hp_gain":0.0,"max_hp_loss":0.0,"gold_gain":0.0,"event_name":"Golden Wing","player_choice":"Ignored","floor":3.0,"gold_loss":0.0,"damage_taken":0.0},{"damage_healed":5,"gold_gain":0,"player_choice":"Full Heal","damage_taken":0,"max_hp_gain":0,"max_hp_loss":0,"event_name":"Wheel of Change","floor":19,"gold_loss":0},{"damage_healed":0,"gold_gain":180,"player_choice":"GOLD GOLD CARD CARD ","damage_taken":32,"max_hp_gain":0,"max_hp_loss":0,"event_name":"Knowing Skull","floor":22,"potions_obtained":[],"gold_loss":0,"cards_obtained":["PanicButton","Deep Breath"]}],"is_beta":false,"boss_relics":[{"not_picked":["Runic Dome","Pandora\u0027s Box"],"picked":"sagemod:Falmels_Amulet"}],"items_purged_floors":[2,27],"is_endless":false,"potions_floor_spawned":[5,12,16,24,30,31],"killed_by":"Collector","ascension_level":0}}