{"host":"xxi53rn2ndafw16n","time":1613831231,"event":{"mods":["Act Like it!","BaseMod","Colored Map","Dota2Spire","Downfall","Gensokyo","Gold Saver","Marisa£®ÏF”Í°°ƒß¿Ì…≥£©","Minty Spire (QoL Compilation)","MostiFishMod","Reimu£®≤©¿ˆ¡È√Œ£©","Remilia£®¿Ÿ√◊¿Ú—«£©","Remove Card Discount Mod","Replay The Spire","RumiaBox-¬∂√◊Ê´µƒ…Ò√ÿ∫–◊”","StSLib","The Bug Knight","Waifu the Spire","WarShipGirlsR/’ΩΩ¢…Ÿ≈ÆR mod","Yakumo Yukari mod","Youmu£®ªÍ∆«—˝√Œ£©","°æπ¶ƒ‹Mod°øªÏ„Á÷Æª∑–ﬁ∏¥≤π∂°","°æ“≈ŒÔø®≈∆°øREMEMod","ÛÙª÷∏ƒœ"],"gold_per_floor":[109,127,140,150,150,177,177,191,191,211,225,237,265,251,251,351,351,366,377,389,402,402,180,215,215,215,245,291,309,370,380,378,483,483,532,546,588,588,603,669,669,669],"floor_reached":41,"language":"ZHS","playtime":2325,"items_purged":["Defend_R","Strike_R","Strike_R","Strike_R","Strike_R","Defend_R","Defend_R","Shrug It Off","Defend_R+2","Defend_R+2","Armaments"],"score":874,"play_id":"f9c5fe48-5ac5-464b-b791-e88411d7ac97","local_time":"20210220222711","is_ascension_mode":true,"campfire_choices":[{"data":"Heavy Blade","floor":7,"key":"SMITH"},{"floor":15,"key":"REST"}],"circlet_count":0,"master_deck":["Bash","Pommel Strike","Heavy Blade+1","Flex","MostiFishMod:UltimateDefense","Twin Strike","Clash","Cleave","Clash","Pommel Strike","MostiFishMod:NewArrival","Inflame","Armaments+1","Heavy Blade+1","ReplayTheSpireMod:LeadingStrike","Iron Wave","Inflame","Warcry+1","Life Link+1","Seeing Red+1","Offering+1","Spot Weakness+1","Rage+1","Flex+1"],"relics":["Burning Blood","DaveBox","REME_ComplimentaryCards","NeowsBlessing","HaiYi:Twilight","SynthV:TestCard","Dream Catcher","Art of War","Simple Rune","Transparent","Replay:Baseball","Meat on the Bone","Replay:Bottled Steam","Dota2Spire:HandOfMidas","Mercury Hourglass","Runic Pyramid","Dota2Spire:DrumOfEndurance"],"acts_visited":["Exordium","TheCity","TheBeyond"],"potions_floor_usage":[6,16,16,33],"damage_taken":[{"damage":0,"enemies":"Small Slimes","floor":1,"turns":1},{"damage":0,"enemies":"Cultist","floor":2,"turns":1},{"damage":0,"enemies":"Jaw Worm","floor":3,"turns":1},{"damage":6,"enemies":"Large Slime","floor":4,"turns":5},{"damage":26,"enemies":"Lagavulin","floor":6,"turns":6},{"damage":0,"enemies":"Gremlin Gang","floor":8,"turns":5},{"damage":6,"enemies":"Exordium Thugs","floor":10,"turns":5},{"damage":13,"enemies":"Large Slime","floor":11,"turns":7},{"damage":0,"enemies":"Looter","floor":12,"turns":3},{"damage":10,"enemies":"3 Sentries","floor":13,"turns":6},{"damage":14,"enemies":"Fading Forest","floor":16,"turns":11},{"damage":48,"enemies":"Chosen","floor":18,"turns":3},{"damage":54,"enemies":"Snecko","floor":19,"turns":3},{"damage":64,"enemies":"Centurion and Healer","floor":20,"turns":4},{"damage":32,"enemies":"Shelled Parasite and Fungi","floor":21,"turns":2},{"damage":55,"enemies":"Slavers","floor":24,"turns":3},{"damage":44,"enemies":"Book of Stabbing","floor":27,"turns":2},{"damage":32,"enemies":"Snecko","floor":28,"turns":2},{"damage":51,"enemies":"Snake Plant","floor":29,"turns":2},{"damage":48,"enemies":"Gremlin Leader","floor":30,"turns":3},{"damage":32,"enemies":"Centurion and Healer","floor":31,"turns":2},{"damage":32,"enemies":"Automaton","floor":33,"turns":2},{"damage":51,"enemies":"3 Shapes","floor":35,"turns":2},{"damage":22,"enemies":"Orb Walker","floor":36,"turns":1},{"damage":54,"enemies":"Maw","floor":37,"turns":3},{"damage":22,"enemies":"Spire Growth","floor":39,"turns":1},{"damage":80,"enemies":"R_Hoarder","floor":40,"turns":4},{"damage":70,"enemies":"Transient","floor":41,"turns":4}],"seed_played":"1908344285284334977","potions_obtained":[{"floor":2,"key":"Dexterity Potion"},{"floor":3,"key":"Fire Potion"},{"floor":4,"key":"Regen Potion"},{"floor":13,"key":"LiquidBronze"},{"floor":16,"key":"Strength Potion"},{"floor":18,"key":"SmokeBomb"},{"floor":27,"key":"Block Potion"},{"floor":28,"key":"ColorlessPotion"},{"floor":40,"key":"PowerPotion"}],"is_trial":false,"path_per_floor":["M","M","M","M","?","E","R","M","T","M","M","M","E","$","R","B",null,"M","M","M","M","?","R","E","?","T","E","M","M","E","M","R","B",null,"M","M","M","?","M","E","M"],"character_chosen":"IRONCLAD","items_purchased":["Replay:Baseball","ReplayTheSpireMod:LeadingStrike"],"campfire_rested":1,"item_purchase_floors":[23,23],"current_hp_per_floor":[78,80,80,80,80,60,60,66,66,66,59,65,61,61,80,72,78,80,80,70,80,80,80,79,79,79,80,80,80,80,80,80,80,80,80,80,80,80,80,67,0,0],"gold":669,"neow_bonus":"THREE_ENEMY_KILL","is_daily":false,"chose_seed":false,"campfire_upgraded":1,"win_rate":0.0,"timestamp":1613831231,"path_taken":["M","M","M","M","?","E","R","M","T","M","M","M","E","?","R","BOSS","M","M","M","M","?","R","E","?","T","E","?","M","E","M","R","BOSS","M","M","M","?","M","E","M"],"items_purchased_type":["Relic","Card"],"build_version":"2020-12-22","purchased_purges":11,"victory":false,"max_hp_per_floor":[80,80,80,80,80,80,80,80,80,80,80,80,80,80,80,80,80,80,80,80,80,80,80,80,80,80,80,80,80,80,80,80,80,80,80,80,80,80,80,80,80,80],"card_choices":[{"not_picked":["REME_FearOfPain","Heavy Blade"],"picked":"Pommel Strike","floor":1},{"not_picked":["Body Slam","Clothesline","Defy Death","Run Through"],"picked":"Shrug It Off","floor":2},{"not_picked":["Armaments","ReplayTheSpireMod:Muscle Training","Perfected Strike","Havoc"],"picked":"Heavy Blade","floor":3},{"not_picked":["Iron Wave","Body Slam","ReplayTheSpireMod:Stacked","Anger"],"picked":"Flex","floor":4},{"not_picked":["REME_TheLastStrike","Shrug It Off","Anger","Hemokinesis"],"picked":"MostiFishMod:UltimateDefense","floor":6},{"not_picked":["Cleave","Seeing Red","Shrug It Off","Headbutt"],"picked":"Armaments","floor":8},{"not_picked":["REME_SingleHolding","Perfected Strike","Anger","Run Through"],"picked":"Twin Strike","floor":10},{"not_picked":["Heavy Blade","Iron Wave","Twin Strike","MostiFishMod:HellRitual"],"picked":"Clash","floor":11},{"not_picked":["Heavy Blade","ReplayTheSpireMod:Strike From Hell","Massacre","Fire Breathing"],"picked":"Cleave","floor":12},{"not_picked":["Bloodletting","Sword Boomerang","Cleave","Life Link"],"picked":"Clash","floor":13},{"not_picked":["Entrench","MostiFishMod:WingOfPhoenix","Ghostly Armor","Perfected Strike"],"picked":"Pommel Strike","floor":15},{"not_picked":["MostiFishMod:Mania","MostiFishMod:ChineseTea","Demonic Infusion","Eclipse"],"picked":"MostiFishMod:NewArrival","floor":16},{"not_picked":["Metallicize+1","Power Through","Infernal Blade","ReplayTheSpireMod:Strike From Hell"],"picked":"Inflame","floor":18},{"not_picked":["Sword Boomerang","Defy Death","Clothesline","Replay:Undeath\u0027s Touch"],"picked":"Armaments+1","floor":19},{"not_picked":["Headbutt","Armaments","Second Wind","Evolve+1"],"picked":"Heavy Blade+1","floor":20},{"not_picked":["Reckless Charge","Replay:Undeath\u0027s Touch","True Grit","Hemokinesis","Run Through"],"picked":"SKIP","floor":21},{"not_picked":["Uppercut+1","MostiFishMod:#F4004","REME_SingleHolding+1","Shrug It Off"],"picked":"Iron Wave","floor":24},{"not_picked":["MostiFishMod:Chiaki","Clothesline","Uppercut","REME_FearOfPain"],"picked":"Warcry+1","floor":27},{"not_picked":["Cleave+1","REME_Cut","Searing Blow","Pommel Strike","Anger"],"picked":"SKIP","floor":28},{"not_picked":["ReplayTheSpireMod:LeadingStrike","ReplayReversal","Run Through","ReplayTheSpireMod:Stacked+1","Shrug It Off"],"picked":"SKIP","floor":29},{"not_picked":["Anger+1","Fire Breathing","Massacre","Flame Barrier+1"],"picked":"Life Link+1","floor":30},{"not_picked":["Battle Trance","Heavy Blade","Shrug It Off+1","Run Through"],"picked":"Seeing Red+1","floor":31},{"not_picked":["MostiFishMod:404NotFound","Brutality","Double Tap","MostiFishMod:TemporaryOutbreak"],"picked":"Offering","floor":33},{"not_picked":["Wild Strike","Iron Wave+1","Warcry+1","Feel No Pain+1"],"picked":"Spot Weakness+1","floor":35},{"not_picked":["Dark Embrace+1","Cleave+1","Replay:Undeath\u0027s Touch+1","Perfected Strike+1"],"picked":"Rage+1","floor":36},{"not_picked":["Iron Wave","ReplayReversal","Run Through","Perfected Strike+1"],"picked":"Flex+1","floor":37},{"not_picked":["ReplayTheSpireMod:Strike From Hell+1","Heavy Blade","Hemokinesis+1","Body Slam+1","Hemogenesis"],"picked":"SKIP","floor":39},{"not_picked":["Replay:Undeath\u0027s Touch+1","Uppercut+1","Wild Strike+1","Run Through+1","Armaments"],"picked":"SKIP","floor":40}],"player_experience":187680,"relics_obtained":[{"floor":1,"key":"SynthV:TestCard"},{"floor":6,"key":"Dream Catcher"},{"floor":9,"key":"Art of War"},{"floor":13,"key":"Simple Rune"},{"floor":24,"key":"Meat on the Bone"},{"floor":26,"key":"Replay:Bottled Steam"},{"floor":27,"key":"Dota2Spire:HandOfMidas"},{"floor":30,"key":"Mercury Hourglass"},{"floor":40,"key":"Dota2Spire:DrumOfEndurance"}],"event_choices":[{"cards_removed":["Strike_R"],"damage_healed":0,"gold_gain":0,"player_choice":"Offered Basic","damage_taken":0,"max_hp_gain":0,"max_hp_loss":0,"event_name":"Bonfire Elementals","floor":5,"gold_loss":0},{"damage_healed":0,"gold_gain":0,"player_choice":"Ignored","damage_taken":0,"max_hp_gain":0,"max_hp_loss":0,"event_name":"Ghosts","floor":22,"gold_loss":0},{"damage_healed":0,"gold_gain":0,"player_choice":"Copied","damage_taken":0,"max_hp_gain":0,"max_hp_loss":0,"event_name":"Duplicator","floor":25,"gold_loss":0,"cards_obtained":["Inflame"]},{"damage_healed":0,"gold_gain":0,"player_choice":"Forge","damage_taken":0,"max_hp_gain":0,"max_hp_loss":0,"event_name":"Accursed Blacksmith","floor":38,"gold_loss":0,"cards_upgraded":["Offering"]}],"is_beta":false,"boss_relics":[{"not_picked":["Sozu","FeatherPendant"],"picked":"Transparent"},{"not_picked":["OneHitWonderSystem","Astrolabe"],"picked":"Runic Pyramid"}],"items_purged_floors":[14,14,14,14,14,14,14,23,23,23,32],"is_endless":false,"potions_floor_spawned":[2,3,4,13,16,18,27,28,29,33,39,40],"killed_by":"Transient","ascension_level":9}}