{"host":"a1eatafr7pisesky","time":1613831896,"event":{"mods":["AchievementEnabler","BaseMod","Colored Map","Keyboard Shortcuts","Minty Spire (QoL Compilation)","Say the Spire","StSLib","SuperFastMode","everything is the same but u backflip on backflip"],"gold_per_floor":[117,134,134,134,8,34,59,59,59,19,19,19,44,56,56,56,56],"floor_reached":16,"language":"KOR","playtime":213,"items_purged":[],"score":236,"play_id":"611651ff-945d-42f6-a565-ce819352642e","local_time":"20210220233816","is_ascension_mode":true,"campfire_choices":[{"floor":8.0,"key":"REST"},{"data":"Fission","floor":11.0,"key":"SMITH"},{"floor":15.0,"key":"REST"}],"circlet_count":0,"master_deck":["AscendersBane","Strike_B","Strike_B","Defend_B","Defend_B","Defend_B","Defend_B","Zap","Dualcast","Ball Lightning","Capacitor","Storm","Recycle","Fission+1","Barrage","Capacitor","BootSequence","Sweeping Beam"],"relics":["Cracked Core","NeowsBlessing","Mummified Hand","Odd Mushroom","HornCleat","Frozen Egg 2","Bottled Tornado"],"acts_visited":["Exordium"],"potions_floor_usage":[16,16],"damage_taken":[{"damage":0.0,"enemies":"Jaw Worm","floor":1.0,"turns":1.0},{"damage":0.0,"enemies":"Small Slimes","floor":2.0,"turns":1.0},{"damage":0.0,"enemies":"3 Sentries","floor":6.0,"turns":1.0},{"damage":40.0,"enemies":"The Mushroom Lair","floor":7.0,"turns":4.0},{"damage":20.0,"enemies":"Gremlin Nob","floor":13.0,"turns":4.0},{"damage":0.0,"enemies":"2 Louse","floor":14.0,"turns":2.0},{"damage":42,"enemies":"Slime Boss","floor":16,"turns":7}],"seed_played":"9206102590012447429","potions_obtained":[{"floor":2.0,"key":"GamblersBrew"},{"floor":6.0,"key":"Strength Potion"},{"floor":13.0,"key":"FearPotion"},{"floor":14.0,"key":"Swift Potion"}],"is_trial":false,"path_per_floor":["M","M","?","?","$","E","?","R","T","$","R","T","E","M","R","B"],"character_chosen":"DEFECT","items_purchased":["Storm","Recycle","Capacitor"],"campfire_rested":2,"item_purchase_floors":[5,5,10],"current_hp_per_floor":[64,64,57,57,57,57,17,38,38,38,38,38,18,18,39,0,0],"gold":56,"neow_bonus":"THREE_ENEMY_KILL","is_daily":false,"chose_seed":false,"campfire_upgraded":1,"win_rate":0.0,"timestamp":1613831896,"path_taken":["M","M","?","?","?","E","?","R","T","$","R","?","E","M","R","BOSS"],"items_purchased_type":["Card","Card","Card"],"build_version":"2020-12-22","purchased_purges":0,"victory":false,"max_hp_per_floor":[71,71,71,71,71,71,71,71,71,71,71,71,71,71,71,71,71],"card_choices":[{"not_picked":["Hologram","Leap"],"picked":"Ball Lightning","floor":1.0},{"not_picked":["Barrage","Self Repair"],"picked":"Capacitor","floor":2.0},{"not_picked":["Steam Power","BootSequence"],"picked":"Fission","floor":6.0},{"not_picked":["Steam Power","Sunder"],"picked":"Barrage","floor":7.0},{"not_picked":["Undo","Steam"],"picked":"BootSequence","floor":13.0},{"not_picked":["Steam","Beam Cell"],"picked":"Sweeping Beam","floor":14.0}],"player_experience":478942,"relics_obtained":[{"floor":6.0,"key":"Mummified Hand"},{"floor":7.0,"key":"Odd Mushroom"},{"floor":9.0,"key":"HornCleat"},{"floor":12.0,"key":"Frozen Egg 2"},{"floor":13.0,"key":"Bottled Tornado"}],"event_choices":[{"cards_removed":["Strike_B"],"damage_healed":0.0,"max_hp_gain":0.0,"max_hp_loss":0.0,"gold_gain":0.0,"event_name":"Golden Wing","player_choice":"Card Removal","floor":3.0,"gold_loss":0.0,"damage_taken":7.0},{"cards_removed":["Strike_B"],"damage_healed":0.0,"max_hp_gain":0.0,"max_hp_loss":0.0,"gold_gain":0.0,"event_name":"Living Wall","player_choice":"Forget","floor":4.0,"gold_loss":0.0,"damage_taken":0.0},{"damage_healed":0.0,"max_hp_gain":0.0,"max_hp_loss":0.0,"gold_gain":0.0,"event_name":"Mushrooms","player_choice":"Fought Mushrooms","floor":7.0,"gold_loss":0.0,"damage_taken":0.0}],"is_beta":false,"boss_relics":[],"items_purged_floors":[],"is_endless":false,"potions_floor_spawned":[2,6,13,14],"killed_by":"Slime Boss","ascension_level":16}}