{"host":"uk61rw4r0p072aza","time":1613823050,"event":{"mods":["AchievementEnabler","BaseMod","Colored Map","Colored Powertips","Googly Eyes","Highlight Path","Minty Spire (QoL Compilation)","Relic Stats","StSLib"],"gold_per_floor":[114,130,20,20,35,66,136,136,208,228,30,46,46,63,63,164,164,180,200,220,18,32,57,57,10,87,87,116,131,46,65,65,164,164,177,196,210,17,17,17,32,59,59,90,90,90,90,90,90,90],"floor_reached":51,"language":"DUT","playtime":6345,"items_purged":["Defend_R"],"score":822,"play_id":"51d9b577-9e4c-417f-9d01-03561e1c4315","local_time":"20210220131050","daily_mods":["Vintage"],"is_ascension_mode":false,"campfire_choices":[{"data":"Reckless Charge","floor":8,"key":"SMITH"},{"data":"Hemokinesis","floor":13,"key":"SMITH"},{"data":"Disarm","floor":15,"key":"SMITH"},{"data":"Corruption","floor":24,"key":"SMITH"},{"data":"1","floor":32,"key":"LIFT"},{"data":"Berserk","floor":40,"key":"SMITH"},{"data":"Rupture","floor":45,"key":"SMITH"},{"data":"Armaments","floor":47,"key":"SMITH"},{"data":"2","floor":49,"key":"LIFT"}],"circlet_count":0,"master_deck":["Disarm+1","Thunderclap","Hemokinesis+1","Shrug It Off","Bludgeon","Blood for Blood","Seeing Red","Pummel","Berserk+1","Hemokinesis","Corruption+1","Combust","Secret Weapon","True Grit+1","Armaments+1","Pummel","Flame Barrier","Offering+1","Dropkick+1","Iron Wave+1","Pummel+1","Rupture+1","Master of Strategy+1","Blood for Blood+1","Feel No Pain+1","Dark Shackles+1","Panacea+1"],"relics":["Burning Blood","Orichalcum","Pantograph","Champion Belt","Boot","Pear","Sundial","Omamori","Membership Card","Ornamental Fan","Potion Belt","Pandora\u0027s Box","Pen Nib","Regal Pillow","White Beast Statue","Strange Spoon","Ginger","Bag of Marbles","Darkstone Periapt","Gambling Chip","Girya","Toy Ornithopter","Toxic Egg 2","Astrolabe","Mummified Hand","Blue Candle","MawBank","Centennial Puzzle","Happy Flower","InkBottle","Shuriken","Bag of Preparation","Question Card"],"acts_visited":["Exordium","TheCity","TheBeyond"],"potions_floor_usage":[28,28,31,37,41,42,44,50,50,50],"damage_taken":[{"damage":2,"enemies":"2 Louse","floor":1,"turns":4},{"damage":6,"enemies":"Jaw Worm","floor":2,"turns":3},{"damage":0,"enemies":"Cultist","floor":5,"turns":3},{"damage":18,"enemies":"Lagavulin","floor":6,"turns":8},{"damage":0,"enemies":"Large Slime","floor":10,"turns":3},{"damage":2,"enemies":"3 Louse","floor":12,"turns":3},{"damage":0,"enemies":"2 Fungi Beasts","floor":14,"turns":2},{"damage":22,"enemies":"Hexaghost","floor":16,"turns":11},{"damage":24,"enemies":"Spheric Guardian","floor":18,"turns":4},{"damage":4,"enemies":"3 Byrds","floor":19,"turns":4},{"damage":6,"enemies":"Snake Plant","floor":20,"turns":2},{"damage":14,"enemies":"Snecko","floor":22,"turns":4},{"damage":29,"enemies":"Gremlin Leader","floor":23,"turns":5},{"damage":17,"enemies":"Book of Stabbing","floor":28,"turns":4},{"damage":0,"enemies":"Centurion and Healer","floor":29,"turns":3},{"damage":6,"enemies":"Snake Plant","floor":31,"turns":3},{"damage":39,"enemies":"Collector","floor":33,"turns":7},{"damage":23,"enemies":"3 Darklings","floor":35,"turns":4},{"damage":4,"enemies":"Orb Walker","floor":36,"turns":2},{"damage":17,"enemies":"4 Shapes","floor":37,"turns":2},{"damage":10,"enemies":"Sphere and 2 Shapes","floor":41,"turns":2},{"damage":11,"enemies":"Nemesis","floor":42,"turns":3},{"damage":9,"enemies":"Giant Head","floor":44,"turns":3},{"damage":16,"enemies":"Time Eater","floor":50,"turns":3}],"seed_played":"2865596714873104904","potions_obtained":[{"floor":2,"key":"SpeedPotion"},{"floor":5,"key":"GamblersBrew"},{"floor":14,"key":"Strength Potion"},{"floor":20,"key":"Regen Potion"},{"floor":22,"key":"BlessingOfTheForge"},{"floor":23,"key":"Fire Potion"},{"floor":28,"key":"ElixirPotion"},{"floor":29,"key":"SteroidPotion"},{"floor":31,"key":"SpeedPotion"},{"floor":33,"key":"SkillPotion"},{"floor":35,"key":"CultistPotion"},{"floor":36,"key":"PowerPotion"},{"floor":37,"key":"Fire Potion"},{"floor":41,"key":"AttackPotion"},{"floor":42,"key":"Fruit Juice"},{"floor":44,"key":"Weak Potion"}],"is_trial":true,"path_per_floor":["M","M","$","?","M","E","T","R","T","M","$","M","R","M","R","B",null,"M","M","M","$","M","E","R","$","T","?","E","M","?","M","R","B",null,"M","M","M","$","?","R","M","E","T","E","R","?","R","T","R","B",null],"character_chosen":"IRONCLAD","items_purchased":["Reckless Charge","Membership Card","Hemokinesis","Shrug It Off","Combust","Secret Weapon","Strange Spoon","Armaments","Pummel","Centennial Puzzle","Rupture","Master of Strategy+1"],"campfire_rested":0,"item_purchase_floors":[3,11,11,11,21,21,21,25,25,38,38,38],"current_hp_per_floor":[80,80,80,80,80,68,78,78,78,84,84,88,88,90,90,74,90,72,74,74,74,66,43,43,43,43,25,26,32,32,37,37,29,95,78,80,74,74,74,74,75,75,75,82,82,72,72,72,72,97],"gold":90,"neow_bonus":"","is_daily":false,"chose_seed":false,"campfire_upgraded":7,"win_rate":0.0,"timestamp":1613823050,"path_taken":["M","M","$","?","M","E","?","R","T","M","$","M","R","M","R","BOSS","M","M","M","?","M","E","R","$","T","?","E","M","?","M","R","BOSS","M","M","M","$","?","R","?","E","T","E","R","?","R","?","R","BOSS"],"items_purchased_type":["Card","Relic","Card","Card","Card","Card","Relic","Card","Card","Relic","Card","Card"],"build_version":"2020-12-22","purchased_purges":1,"victory":true,"max_hp_per_floor":[80,80,80,80,80,80,90,90,90,90,90,90,90,90,90,90,90,90,90,90,90,90,90,90,90,90,95,95,95,95,95,95,95,95,95,95,95,95,95,95,95,95,95,100,100,100,100,100,100,100],"relic_stats":{"Darkstone Periapt":0,"Regal Pillow":0,"Bag of Preparation":[2],"Ginger":[9],"Boot":[158],"Burning Blood":130,"Centennial Puzzle":[12],"Sundial":[12],"Mummified Hand":[23],"Pantograph":50,"Gambling Chip":[23],"InkBottle":[4],"Happy Flower":[3],"counters":[24,92],"Astrolabe":["Dropkick","Iron Wave","Pummel"],"Blue Candle":[0],"Pen Nib":[11],"Orichalcum":[198],"MawBank":12,"Question Card":0,"Strange Spoon":[24],"Ornamental Fan":[108],"Shuriken":[4],"Pandora\u0027s Box":["Blood for Blood","Seeing Red","Pummel","Reckless Charge","Berserk","Hemokinesis","Corruption"],"Champion Belt":[61],"obtain_stats":[{"Darkstone Periapt":26,"Regal Pillow":19,"Bag of Preparation":44,"Ginger":22,"Boot":6,"Burning Blood":0,"Centennial Puzzle":38,"Sundial":9,"Mummified Hand":35,"Pantograph":2,"Gambling Chip":28,"Toxic Egg 2":31,"InkBottle":42,"Potion Belt":14,"Girya":29,"Pear":7,"Happy Flower":41,"Astrolabe":34,"Blue Candle":36,"Pen Nib":18,"Omamori":10,"Orichalcum":1,"MawBank":37,"Question Card":48,"White Beast Statue":20,"Strange Spoon":21,"Ornamental Fan":12,"Shuriken":43,"Pandora\u0027s Box":17,"Bag of Marbles":23,"Champion Belt":5,"Membership Card":11,"Toy Ornithopter":30},{"Darkstone Periapt":13,"Regal Pillow":10,"Bag of Preparation":23,"Ginger":12,"Boot":4,"Burning Blood":0,"Centennial Puzzle":20,"Sundial":4,"Mummified Hand":18,"Pantograph":2,"Gambling Chip":14,"Toxic Egg 2":16,"InkBottle":22,"Potion Belt":7,"Girya":15,"Pear":4,"Happy Flower":21,"Astrolabe":17,"Blue Candle":19,"Pen Nib":9,"Omamori":5,"Orichalcum":1,"MawBank":20,"Question Card":23,"White Beast Statue":11,"Strange Spoon":11,"Ornamental Fan":6,"Shuriken":22,"Pandora\u0027s Box":8,"Bag of Marbles":13,"Champion Belt":3,"Membership Card":5,"Toy Ornithopter":15},{"Darkstone Periapt":56,"Regal Pillow":45,"Bag of Preparation":89,"Ginger":51,"Boot":18,"Burning Blood":0,"Centennial Puzzle":81,"Sundial":18,"Mummified Hand":77,"Pantograph":7,"Gambling Chip":60,"Toxic Egg 2":66,"InkBottle":86,"Potion Belt":26,"Girya":63,"Pear":18,"Happy Flower":83,"Astrolabe":73,"Blue Candle":79,"Pen Nib":41,"Omamori":21,"Orichalcum":4,"MawBank":81,"Question Card":89,"White Beast Statue":47,"Strange Spoon":47,"Ornamental Fan":24,"Shuriken":86,"Pandora\u0027s Box":37,"Bag of Marbles":56,"Champion Belt":10,"Membership Card":21,"Toy Ornithopter":63}],"Toy Ornithopter":35},"card_choices":[{"not_picked":["Pommel Strike","Shockwave"],"picked":"Thunderclap","floor":6},{"not_picked":["Berserk","Double Tap"],"picked":"Bludgeon","floor":16},{"not_picked":["Headbutt+1","Cleave"],"picked":"True Grit+1","floor":23},{"not_picked":["Perfected Strike","Shrug It Off"],"picked":"Flame Barrier","floor":28},{"not_picked":["Immolate","Limit Break+1"],"picked":"Offering+1","floor":33},{"not_picked":["Anger","Sentinel+1"],"picked":"Blood for Blood+1","floor":42},{"not_picked":["Power Through+1","Perfected Strike+1"],"picked":"Feel No Pain+1","floor":44},{"not_picked":["Mayhem","Flash of Steel"],"picked":"Dark Shackles+1","floor":46},{"not_picked":["Secret Weapon+1","Thinking Ahead+1"],"picked":"Panacea+1","floor":46}],"player_experience":213300,"relics_obtained":[{"floor":1,"key":"Orichalcum"},{"floor":2,"key":"Pantograph"},{"floor":5,"key":"Champion Belt"},{"floor":6,"key":"Boot"},{"floor":7,"key":"Pear"},{"floor":9,"key":"Sundial"},{"floor":10,"key":"Omamori"},{"floor":12,"key":"Ornamental Fan"},{"floor":14,"key":"Potion Belt"},{"floor":18,"key":"Pen Nib"},{"floor":19,"key":"Regal Pillow"},{"floor":20,"key":"White Beast Statue"},{"floor":22,"key":"Ginger"},{"floor":23,"key":"Bag of Marbles"},{"floor":26,"key":"Darkstone Periapt"},{"floor":28,"key":"Gambling Chip"},{"floor":29,"key":"Girya"},{"floor":31,"key":"Toxic Egg 2"},{"floor":35,"key":"Mummified Hand"},{"floor":36,"key":"Blue Candle"},{"floor":37,"key":"MawBank"},{"floor":41,"key":"Happy Flower"},{"floor":42,"key":"InkBottle"},{"floor":43,"key":"Shuriken"},{"floor":44,"key":"Bag of Preparation"},{"floor":48,"key":"Question Card"}],"event_choices":[{"damage_healed":0,"gold_gain":0,"cards_transformed":["Strike_R"],"player_choice":"Change","damage_taken":0,"max_hp_gain":0,"max_hp_loss":0,"event_name":"Living Wall","floor":4,"gold_loss":0,"cards_obtained":["Disarm"]},{"damage_healed":0,"gold_gain":0,"player_choice":"Shed Blood","damage_taken":23,"max_hp_gain":5,"max_hp_loss":0,"event_name":"Forgotten Altar","floor":27,"gold_loss":0},{"damage_healed":0,"gold_gain":0,"player_choice":"Obtained Relic","damage_taken":0,"relics_obtained":["Toy Ornithopter"],"max_hp_gain":0,"max_hp_loss":0,"event_name":"Addict","floor":30,"gold_loss":85},{"damage_healed":0,"gold_gain":0,"player_choice":"Ignored","damage_taken":0,"max_hp_gain":0,"max_hp_loss":0,"event_name":"Transmorgrifier","floor":39,"gold_loss":0},{"damage_healed":0,"gold_gain":0,"player_choice":"Memory 3","damage_taken":10,"max_hp_gain":0,"max_hp_loss":0,"event_name":"SensoryStone","floor":46,"gold_loss":0}],"is_beta":false,"boss_relics":[{"not_picked":["Runic Pyramid","SacredBark"],"picked":"Pandora\u0027s Box"},{"not_picked":["Velvet Choker","Sozu"],"picked":"Astrolabe"}],"items_purged_floors":[3],"is_endless":false,"potions_floor_spawned":[2,5,14,20,22,23,28,29,31,33,35,36,37,41,42,44],"ascension_level":0}}