{"host":"hf83sijwe64ts2lm","time":1613785919,"event":{"mods":["2.2 Compatiblity","BaseMod","Better Altar","Better Match","Better Note","Better Sensory Stone","Better Skull","Better Third Choice","Colored Map","Colored Powertips","Highlight Path","Hubris","Infinite Spire","Minty Spire (QoL Compilation)","Quick Restart","Rare Cards Sparkle","Relic Stats","Reliquary","Replay The Spire","Shop Mod","Spicy Shops","Spire Arcade","StSLib","Thieving Mod"],"gold_per_floor":[109,109,73,83,83,410,430,430,454,479,490,490,490],"floor_reached":12,"language":"ENG","playtime":311,"items_purged":[],"score":141,"play_id":"1d0e337c-6bf4-4ec0-ba82-6e711d446784","local_time":"20210219205159","is_ascension_mode":true,"campfire_choices":[{"floor":8,"key":"RECALL"}],"circlet_count":0,"master_deck":["Strike_R","Strike_R","Strike_R","Strike_R","Strike_R","Defend_R","Defend_R","Defend_R","Defend_R","Bash","ReplayTheSpireMod:Muscle Training","Armaments+1","Infernal Blade","Limit Break","ReplayTheSpireMod:Stacked","Anger","Intimidate"],"relics":["Burning Blood","NeowsBlessing","hubris:Towel","Old Coin","reliquary:QuartzCube"],"acts_visited":["Exordium"],"potions_floor_usage":[11],"damage_taken":[{"damage":0,"enemies":"2 Louse","floor":1,"turns":1},{"damage":0,"enemies":"Small Slimes","floor":4,"turns":1},{"damage":1,"enemies":"Lagavulin","floor":6,"turns":1},{"damage":9,"enemies":"Cultist","floor":7,"turns":4},{"damage":21,"enemies":"Replay:BlueRogue","floor":10,"turns":7},{"damage":25,"enemies":"Large Slime","floor":11,"turns":5},{"damage":53,"enemies":"3 Sentries","floor":12,"turns":8}],"seed_played":"-366688846932564586","potions_obtained":[{"floor":7,"key":"Elixir"},{"floor":10,"key":"DuplicationPotion"}],"is_trial":false,"path_per_floor":["M","?","$","M","?","E","M","R","T","E","M","E"],"character_chosen":"IRONCLAD","items_purchased":["Armaments+1"],"campfire_rested":0,"item_purchase_floors":[3],"current_hp_per_floor":[80,80,80,80,85,85,82,82,82,67,48,0,0],"gold":490,"neow_bonus":"THREE_ENEMY_KILL","is_daily":false,"chose_seed":false,"campfire_upgraded":0,"win_rate":0.0,"timestamp":1613785919,"path_taken":["M","?","$","M","?","E","M","R","T","E","M","E"],"items_purchased_type":["Card"],"build_version":"2020-12-22","purchased_purges":0,"victory":false,"max_hp_per_floor":[80,80,80,80,85,85,85,85,85,85,85,85,85],"relic_stats":{"counters":[7,27],"obtain_stats":[{"NeowsBlessing":0,"hubris:Towel":2,"reliquary:QuartzCube":10,"Burning Blood":0,"Old Coin":6},{"NeowsBlessing":0,"hubris:Towel":1,"reliquary:QuartzCube":5,"Burning Blood":0,"Old Coin":3},{"NeowsBlessing":0,"hubris:Towel":1,"reliquary:QuartzCube":14,"Burning Blood":0,"Old Coin":3}],"Burning Blood":19},"card_choices":[{"not_picked":["Headbutt","Heavy Blade"],"picked":"ReplayTheSpireMod:Muscle Training","floor":1},{"not_picked":["Cleave","Blood for Blood"],"picked":"Infernal Blade","floor":4},{"not_picked":["Twin Strike","Thunderclap"],"picked":"Limit Break","floor":6},{"not_picked":["Wild Strike","Warcry"],"picked":"ReplayTheSpireMod:Stacked","floor":7},{"not_picked":["ReplayReversal","Clash"],"picked":"Anger","floor":10},{"not_picked":["Sentinel","Perfected Strike"],"picked":"Intimidate","floor":11}],"player_experience":185863,"relics_obtained":[{"floor":6,"key":"Old Coin"},{"floor":10,"key":"reliquary:QuartzCube"}],"event_choices":[{"damage_healed":0,"gold_gain":0,"player_choice":"Donut","damage_taken":0,"max_hp_gain":5,"max_hp_loss":0,"event_name":"Big Fish","floor":5,"gold_loss":0}],"is_beta":false,"boss_relics":[],"items_purged_floors":[],"is_endless":false,"potions_floor_spawned":[7,10],"killed_by":"3 Sentries","ascension_level":5}}