{"host":"g7sxcfouz24f0psv","time":1613848917,"event":{"mods":["Aspiration","BaseMod","Colored Powertips","Hermit","Highlight Path","Minty Spire (QoL Compilation)","Replay The Spire","StSLib","The Cursed","The Hierophant"],"gold_per_floor":[114,129,129,106,106,106,106],"floor_reached":6,"language":"ENG","playtime":486,"items_purged":[],"score":34,"play_id":"94b24b69-5f81-4601-91b7-894890925fac","local_time":"20210220202157","daily_mods":["Shiny","Hoarder","DeadlyEvents"],"is_ascension_mode":false,"campfire_choices":[],"circlet_count":0,"master_deck":["TheCursedMod:CircleOfAbyss","TheCursedMod:CollectTribute","TheCursedMod:ShockAndAwe+1","TheCursedMod:ParallelWorld","TheCursedMod:UltimatePain","TheCursedMod:OutForBlood","TheCursedMod:StunningStrike","TheCursedMod:DarkBarrier","TheCursedMod:AntiAging","TheCursedMod:ForbiddenAlchemy","TheCursedMod:DemonSword","TheCursedMod:ManaCirculation","TheCursedMod:Neurasthenia","TheCursedMod:VoidForm","TheCursedMod:CursedRelics","TheCursedMod:DemonicPact","TheCursedMod:NeowsMight","TheCursedMod:Grudge","TheCursedMod:Grudge","TheCursedMod:Grudge","TheCursedMod:Stigma","TheCursedMod:Stigma","TheCursedMod:Stigma","TheCursedMod:RapidMovement","TheCursedMod:RapidMovement","TheCursedMod:RapidMovement"],"relics":["TheCursedMod:BlackMagic101"],"acts_visited":["Exordium"],"potions_floor_usage":[],"damage_taken":[{"damage":4,"enemies":"Cultist","floor":1,"turns":4},{"damage":7,"enemies":"Jaw Worm","floor":2,"turns":2},{"damage":21,"enemies":"3 Sentries","floor":6,"turns":5}],"seed_played":"3618718455484561711","potions_obtained":[{"floor":5,"key":"Death Potion"},{"floor":5,"key":"BlessingOfTheForge"},{"floor":5,"key":"Ancient Potion"}],"is_trial":false,"path_per_floor":["M","M","?","$","?","E"],"character_chosen":"THE_CURSED","items_purchased":["TheCursedMod:RapidMovement"],"campfire_rested":0,"item_purchase_floors":[4],"current_hp_per_floor":[73,68,68,68,68,47,47],"gold":106,"neow_bonus":"","is_daily":true,"chose_seed":false,"campfire_upgraded":0,"win_rate":0.0,"timestamp":1613848917,"path_taken":["M","M","?","$","?","E"],"items_purchased_type":["Card"],"build_version":"2020-12-22","purchased_purges":0,"victory":false,"max_hp_per_floor":[77,79,79,79,79,79,79],"card_choices":[{"not_picked":["TheCursedMod:CursedAmulet","TheCursedMod:CursedBlade"],"picked":"TheCursedMod:Grudge","floor":1},{"not_picked":["TheCursedMod:RapidMovement","TheCursedMod:SoulCrush"],"picked":"TheCursedMod:Stigma","floor":2}],"player_experience":79727,"relics_obtained":[],"event_choices":[{"damage_healed":0,"gold_gain":0,"player_choice":"Got Potions","damage_taken":0,"max_hp_gain":0,"max_hp_loss":0,"event_name":"Lab","floor":5,"gold_loss":0}],"is_beta":false,"boss_relics":[],"items_purged_floors":[],"is_endless":false,"potions_floor_spawned":[],"killed_by":"3 Sentries","ascension_level":0}}