{"host":"o5jvvi5yapo90aia","time":1613839283,"event":{"mods":["BaseMod","CapriCore","Minty Spire (QoL Compilation)","MostiFishMod","Prisma Mod","Spicy Shops","StSLib","TestMod","The Immortal","Yakumo Yukari mod","【人物mod】游戏王New YuGiOh mod","【功能Mod】Neow奖励"],"gold_per_floor":[110,110,110,129,147,174,174,204,228,238,255,286,298,298,298,376,376,392,49,60,75,75,108,108,140,140,157,157,178,93,133,133,221,221,238,268,268,211,256,319,364,421,421,481,481,546,546,588,588,623,658,658,658,25,105,115],"floor_reached":57,"language":"ZHS","playtime":1720,"items_purged":["Defend_P","Strike_P"],"score":3325,"play_id":"7427c4ed-8a0f-4a5b-9bea-beb08424889d","local_time":"20210221004123","is_ascension_mode":true,"campfire_choices":[{"data":"Defend_P","floor":7.0,"key":"PURGE"},{"data":"Defend_P","floor":15.0,"key":"PURGE"},{"data":"Defend_P","floor":24.0,"key":"PURGE"},{"data":"Strike_P","floor":28.0,"key":"PURGE"},{"data":"Strike_P","floor":32.0,"key":"PURGE"},{"floor":47.0,"key":"RECALL"},{"data":"BowlingBash+1","floor":49,"key":"PURGE"},{"data":"MostiFishMod:LegendTransform","floor":53,"key":"PURGE"}],"circlet_count":0,"master_deck":["AscendersBane","Vigilance+1","Adaptation+1","Conclude+1","Tantrum+1","FearNoEvil+1","MentalFortress+1","LessonLearned+1","MostiFishMod:KamiSmash+1","Wish+1","MostiFishMod:DustFall","TalkToTheHand"],"relics":["DaveBox","testmod-TestBox","RhineCircuit","DianDianMeat","testmod-HarvestTotem","SynthV:TestCard","Nunchaku","Art of War","Strawberry","testmod-Hope","testmod-SaigiyounoYou","ClockworkSouvenir","Yang","Singing Bowl","testmod-Justice","Centennial Puzzle","CeramicFish","VioletLotus","GoldenEye","SynthV:C4","Bird Faced Urn","Lantern","PreservedInsect","Damaru","Medical Kit","Whetstone","Kunai"],"acts_visited":["Exordium","TheCity","TheBeyond","TheEnding"],"potions_floor_usage":[56,56],"damage_taken":[{"damage":0.0,"enemies":"Jaw Worm","floor":1.0,"turns":4.0},{"damage":2.0,"enemies":"Cultist","floor":4.0,"turns":3.0},{"damage":3.0,"enemies":"2 Louse","floor":5.0,"turns":3.0},{"damage":16.0,"enemies":"Gremlin Nob","floor":6.0,"turns":3.0},{"damage":50.0,"enemies":"3 Sentries","floor":8.0,"turns":6.0},{"damage":0.0,"enemies":"Looter","floor":10.0,"turns":2.0},{"damage":10.0,"enemies":"Gremlin Gang","floor":11.0,"turns":2.0},{"damage":0.0,"enemies":"Gremlin Nob","floor":12.0,"turns":2.0},{"damage":6.0,"enemies":"Exordium Wildlife","floor":13.0,"turns":3.0},{"damage":86.0,"enemies":"Hexaghost","floor":16.0,"turns":7.0},{"damage":24.0,"enemies":"2 Thieves","floor":18.0,"turns":3.0},{"damage":27.0,"enemies":"3 Byrds","floor":20.0,"turns":3.0},{"damage":31.0,"enemies":"3 Cultists","floor":21.0,"turns":3.0},{"damage":149.0,"enemies":"Gremlin Leader","floor":23.0,"turns":5.0},{"damage":56.0,"enemies":"Slavers","floor":25.0,"turns":3.0},{"damage":53.0,"enemies":"Shelled Parasite and Fungi","floor":27.0,"turns":2.0},{"damage":0.0,"enemies":"Cultist and Chosen","floor":29.0,"turns":2.0},{"damage":0.0,"enemies":"Gremlin Leader","floor":31.0,"turns":2.0},{"damage":8.0,"enemies":"Champ","floor":33.0,"turns":4.0},{"damage":18.0,"enemies":"3 Shapes","floor":35.0,"turns":3.0},{"damage":4.0,"enemies":"Mind Bloom Boss Battle","floor":36.0,"turns":3.0},{"damage":11.0,"enemies":"3 Darklings","floor":39.0,"turns":1.0},{"damage":0.0,"enemies":"Reptomancer","floor":40.0,"turns":3.0},{"damage":14.0,"enemies":"Transient","floor":41.0,"turns":4.0},{"damage":16.0,"enemies":"Giant Head","floor":42.0,"turns":5.0},{"damage":18.0,"enemies":"Reptomancer","floor":44.0,"turns":3.0},{"damage":5.0,"enemies":"Nemesis","floor":46.0,"turns":3.0},{"damage":93,"enemies":"Writhing Mass","floor":48,"turns":4},{"damage":152,"enemies":"Time Eater","floor":50,"turns":8},{"damage":0,"enemies":"Donu and Deca","floor":51,"turns":2},{"damage":9,"enemies":"Shield and Spear","floor":55,"turns":2},{"damage":41,"enemies":"The Heart","floor":56,"turns":7}],"seed_played":"-327911135852428453","potions_obtained":[{"floor":1.0,"key":"BlessingOfTheForge"},{"floor":6.0,"key":"Strength Potion"},{"floor":12.0,"key":"Block Potion"},{"floor":21.0,"key":"Ambrosia"},{"floor":25.0,"key":"Fruit Juice"},{"floor":29.0,"key":"Dexterity Potion"},{"floor":48,"key":"DistilledChaos"}],"is_trial":false,"path_per_floor":["M","?","?","M","M","E","R","E","T","M","M","E","M","?","R","B",null,"M","$","M","M","?","E","R","E","T","M","R","M","?","E","R","B",null,"M","?","?","?","M","E","M","E","T","E","?","E","R","M","R","B","B",null,"R","$","E","B",null],"character_chosen":"WATCHER","items_purchased":["ClockworkSouvenir","Medical Kit","MostiFishMod:DustFall","Whetstone"],"campfire_rested":0,"item_purchase_floors":[19,54,54,54],"current_hp_per_floor":[131,90,70,74,81,67,67,31,31,49,61,115,111,106,106,192,192,184,184,192,206,195,97,97,109,109,80,80,104,104,140,140,226,248,246,256,256,294,298,302,306,310,310,314,334,338,338,277,277,201,342,342,342,364,388,388],"gold":115,"neow_bonus":"BOSS_RELIC","is_daily":false,"chose_seed":false,"campfire_upgraded":0,"win_rate":0.0,"timestamp":1613839283,"path_taken":["M","?","?","M","M","E","R","E","T","?","M","E","M","?","R","BOSS","M","$","M","M","?","E","R","E","T","M","R","?","?","E","R","BOSS","M","?","?","?","M","E","?","E","T","E","?","E","R","M","R","BOSS","BOSS","R","$","E","BOSS"],"items_purchased_type":["Relic","Relic","Card","Relic"],"build_version":"2020-12-22","purchased_purges":2,"victory":true,"max_hp_per_floor":[136,136,136,138,142,142,142,148,148,156,166,192,192,192,192,192,192,192,192,192,206,206,206,206,220,220,224,224,228,228,232,232,248,248,252,256,256,294,298,302,306,310,310,314,334,338,338,342,342,342,342,342,342,364,388,388],"card_choices":[{"not_picked":["Collect","SashWhip","ThirdEye"],"picked":"SKIP","floor":1.0},{"not_picked":["SashWhip","WreathOfFlame","Wallop","ReachHeaven"],"picked":"BowlingBash","floor":4.0},{"not_picked":["Weave","MostiFishMod:Nomercy","FlyingSleeves","MostiFishMod:Clarity"],"picked":"Adaptation","floor":5.0},{"not_picked":["Alpha","Study","Protect","BattleHymn","EmptyBody"],"picked":"SKIP","floor":6.0},{"not_picked":["MentalFortress","Omniscience","Vengeance","Crescendo"],"picked":"Conclude","floor":8.0},{"not_picked":["FearNoEvil","ReachHeaven","FlyingSleeves","PathToVictory"],"picked":"Tantrum","floor":10.0},{"not_picked":["ReachHeaven","Prostrate","Consecrate","MostiFishMod:Nomercy"],"picked":"FearNoEvil","floor":11.0},{"not_picked":["Indignation","SandsOfTime","Consecrate","MostiFishMod:KamiSmash"],"picked":"MostiFishMod:LegendTransform","floor":12.0},{"not_picked":["SandsOfTime","FlurryOfBlows","Protect","FearNoEvil","Consecrate"],"picked":"SKIP","floor":13.0},{"not_picked":["Meditate","Consecrate","MostiFishMod:LegendTransform","SashWhip","PathToVictory+1"],"picked":"SKIP","floor":18.0},{"not_picked":["Halt+1","SignatureMove","Crescendo","PathToVictory","EmptyFist+1"],"picked":"SKIP","floor":20.0},{"not_picked":["ClearTheMind","FollowUp","EmptyFist","EmptyMind"],"picked":"MentalFortress","floor":21.0},{"not_picked":["SashWhip","MostiFishMod:StarLaLaLa","MostiFishMod:Nomercy","ThirdEye","Collect"],"picked":"SKIP","floor":23.0},{"not_picked":["Tantrum","Prostrate","Wireheading","Crescendo","ReachHeaven"],"picked":"Singing Bowl","floor":25.0},{"not_picked":["Prostrate","ClearTheMind","SashWhip","Perseverance","WindmillStrike+1"],"picked":"Singing Bowl","floor":27.0},{"not_picked":["Wallop","EmptyBody","FlurryOfBlows","SandsOfTime","FlyingSleeves"],"picked":"Singing Bowl","floor":29.0},{"not_picked":["EmptyBody","PathToVictory","ClearTheMind","FlyingSleeves","Consecrate+1"],"picked":"Singing Bowl","floor":31.0},{"not_picked":["MostiFishMod:Dust","MostiFishMod:Moonprays","MostiFishMod:StarLaLaLa","Scrawl"],"picked":"LessonLearned","floor":33.0},{"not_picked":["FlyingSleeves","Collect","ThirdEye","JustLucky","WreathOfFlame"],"picked":"Singing Bowl","floor":35.0},{"not_picked":["CarveReality","CutThroughFate+1","Protect","Judgement","Tantrum"],"picked":"Singing Bowl","floor":36.0},{"not_picked":["ThirdEye","ClearTheMind","JustLucky","Consecrate","BowlingBash"],"picked":"Singing Bowl","floor":39.0},{"not_picked":["Tantrum","EmptyMind","Vengeance+1","JustLucky","WheelKick"],"picked":"Singing Bowl","floor":40.0},{"not_picked":["JustLucky+1","Consecrate","Collect","CutThroughFate","MostiFishMod:Moonprays"],"picked":"Singing Bowl","floor":41.0},{"not_picked":["EmptyBody","FlyingSleeves","MostiFishMod:ScryFuture","Perseverance","BowlingBash"],"picked":"Singing Bowl","floor":42.0},{"not_picked":["SandsOfTime","MasterReality","JustLucky+1","InnerPeace","SashWhip"],"picked":"Singing Bowl","floor":44.0},{"not_picked":["Nirvana","Swivel","ClearTheMind","BowlingBash","SashWhip"],"picked":"Singing Bowl","floor":45.0},{"not_picked":["MostiFishMod:Dust","MostiFishMod:Nomercy","CrushJoints","Halt+1","JustLucky"],"picked":"Singing Bowl","floor":45.0},{"not_picked":["BowlingBash","FlyingSleeves","EmptyBody","Protect","ThirdEye"],"picked":"Singing Bowl","floor":45.0},{"not_picked":["ThirdEye","CutThroughFate","Consecrate","MostiFishMod:DisColor","ForeignInfluence+1"],"picked":"Singing Bowl","floor":45.0},{"not_picked":["Halt+1","ClearTheMind","ForeignInfluence","FlyingSleeves","WaveOfTheHand"],"picked":"Singing Bowl","floor":45.0},{"not_picked":["Fasting2","Worship","Crescendo","Prostrate","CrushJoints"],"picked":"Singing Bowl","floor":46.0},{"not_picked":["Prostrate","FlurryOfBlows","MentalFortress","Protect+1","Study"],"picked":"Singing Bowl","floor":48},{"not_picked":["CrushJoints","Consecrate","Indignation+1","MasterReality"],"picked":"TalkToTheHand","floor":55}],"player_experience":1583112,"relics_obtained":[{"floor":1.0,"key":"SynthV:TestCard"},{"floor":6.0,"key":"Nunchaku"},{"floor":8.0,"key":"Art of War"},{"floor":12.0,"key":"Strawberry"},{"floor":23.0,"key":"Yang"},{"floor":25.0,"key":"Singing Bowl"},{"floor":26.0,"key":"testmod-Justice"},{"floor":31.0,"key":"CeramicFish"},{"floor":36.0,"key":"GoldenEye"},{"floor":40.0,"key":"SynthV:C4"},{"floor":42.0,"key":"Bird Faced Urn"},{"floor":43.0,"key":"Lantern"},{"floor":44.0,"key":"PreservedInsect"},{"floor":46.0,"key":"Damaru"},{"floor":55,"key":"Kunai"}],"event_choices":[{"damage_healed":0.0,"max_hp_gain":0.0,"max_hp_loss":0.0,"gold_gain":0.0,"event_name":"Shining Light","player_choice":"Entered Light","floor":2.0,"gold_loss":0.0,"damage_taken":41.0,"cards_upgraded":["Eruption","Strike_P"]},{"damage_healed":0.0,"max_hp_gain":0.0,"max_hp_loss":0.0,"gold_gain":0.0,"event_name":"Wheel of Change","player_choice":"Damaged","floor":3.0,"gold_loss":0.0,"damage_taken":20.0},{"damage_healed":0.0,"max_hp_gain":0.0,"max_hp_loss":0.0,"gold_gain":0.0,"event_name":"Scrap Ooze","player_choice":"Success","floor":14.0,"gold_loss":0.0,"damage_taken":5.0,"relics_obtained":["testmod-Hope"]},{"damage_healed":0.0,"max_hp_gain":0.0,"max_hp_loss":0.0,"gold_gain":0.0,"event_name":"The Woman in Blue","player_choice":"Bought 0 Potions","floor":22.0,"gold_loss":0.0,"damage_taken":0.0},{"damage_healed":0.0,"max_hp_gain":0.0,"max_hp_loss":0.0,"gold_gain":0.0,"event_name":"Addict","player_choice":"Obtained Relic","floor":30.0,"gold_loss":85.0,"damage_taken":0.0,"relics_obtained":["Centennial Puzzle"]},{"damage_healed":0.0,"max_hp_gain":0.0,"max_hp_loss":0.0,"gold_gain":0.0,"event_name":"MindBloom","player_choice":"Fight","floor":36.0,"gold_loss":0.0,"damage_taken":0.0},{"damage_healed":0.0,"max_hp_gain":0.0,"max_hp_loss":0.0,"gold_gain":0.0,"event_name":"Tomb of Lord Red Mask","player_choice":"Ignored","floor":37.0,"gold_loss":0.0,"damage_taken":0.0},{"damage_healed":0.0,"max_hp_gain":0.0,"max_hp_loss":0.0,"gold_gain":0.0,"cards_transformed":["Strike_P","Eruption"],"event_name":"Designer","player_choice":"Transformed Cards","floor":38.0,"gold_loss":75.0,"damage_taken":0.0,"cards_obtained":["MostiFishMod:KamiSmash","Wish"]},{"damage_healed":0.0,"max_hp_gain":0.0,"max_hp_loss":0.0,"gold_gain":0.0,"event_name":"给自己的盒子","player_choice":"Swap Relic","floor":45.0,"relics_lost":["Orrery"],"gold_loss":0.0,"damage_taken":0.0,"relics_obtained":["Orrery"]}],"is_beta":false,"boss_relics":[{"not_picked":["JellyFishMachine","testmod-StringDisintegrator"],"picked":"testmod-SaigiyounoYou"},{"not_picked":["Empty Cage","GuanYuAspect"],"picked":"VioletLotus"}],"items_purged_floors":[19,19],"is_endless":false,"potions_floor_spawned":[1,6,12,13,18,21,25,29,31,36,41,48],"ascension_level":20}}