{"host":"d54lcqy5t45er8jx","time":1613819590,"event":{"mods":["2.2 Compatiblity","BaseMod","CapriCore","Colored Powertips","Defuse TimeMaze Blight","Friendly Minions","Hermit","Hubris","Infinite Spire","KinomotoSakuraMod(ÙÊñýÜâ?)","Marisa£¨Ùöéë¡¡Øª×âÞÞ£©","Minty Spire (QoL Compilation)","Quick Restart","Railgun Mod","Rare Cards Sparkle","Relic Stats","Remilia£¨?Ú·×é?£©","StSLib","The Alterego","The Animator","The Cursed","The Immortal","The Servant 0.9.4","WarShipGirlsR/??á´Ò³R mod","Yakumo Yukari mod","Yohane!","Yuri Mod"],"gold_per_floor":[119,119,119,130,148,173,173,173,251,251,251,263,292,305,305,403,403,423,440,473,398,398,428,428,443,468,468,468],"floor_reached":27,"language":"ENG","playtime":3368,"items_purged":[],"score":266,"play_id":"7e947d30-d4cb-4485-820a-3d635bb81056","local_time":"20210220201310","is_ascension_mode":false,"campfire_choices":[{"data":"Yohane:Take_Flight","floor":7,"key":"SMITH"},{"data":"Yohane:City_Of_Sin","floor":10,"key":"SMITH"},{"data":"Yohane:Allure_of_Darkness","floor":15,"key":"SMITH"},{"data":"Yohane:Prideful_Crash","floor":24,"key":"SMITH"}],"circlet_count":0,"master_deck":["Yohane:Strike_Grey","Yohane:Strike_Grey","Yohane:Strike_Grey","Yohane:Defend_Grey","Yohane:Defend_Grey","Yohane:Defend_Grey+1","Yohane:Little_Demon_Lily+1","Yohane:Well_Laid_Ambush+1","Yohane:Impressive_Display","Yohane:City_Of_Sin+1","Yohane:Allure_of_Darkness+1","Yohane:Take_Flight+1","Yohane:Runaway_Umbrella","Yohane:Wrath","Yohane:Prideful_Crash+1","Yohane:Wrath","Yohane:Grace_Under_Fire","Yohane:Little_Demon_Recruit","Yohane:My_Mai_Tonight","Yohane:Introspection"],"relics":["Yohane:AngelWings","Bronze Scales","White Beast Statue","Du-Vu Doll","Black Star","Red Mask","Nloth\u0027s Gift","HornCleat","Vajra","Anchor"],"acts_visited":["Exordium","TheCity"],"potions_floor_usage":[6,13,20,20,23,23,25,27],"damage_taken":[{"damage":19,"enemies":"Jaw Worm","floor":1,"turns":6},{"damage":0,"enemies":"2 Louse","floor":4,"turns":4},{"damage":0,"enemies":"Small Slimes","floor":5,"turns":3},{"damage":0,"enemies":"Lagavulin","floor":6,"turns":4},{"damage":5,"enemies":"Looter","floor":12,"turns":3},{"damage":7,"enemies":"3 Sentries","floor":13,"turns":5},{"damage":2,"enemies":"Blue Slaver","floor":14,"turns":3},{"damage":13,"enemies":"The Guardian","floor":16,"turns":8},{"damage":15,"enemies":"3 Byrds","floor":18,"turns":3},{"damage":5,"enemies":"Shell Parasite","floor":19,"turns":4},{"damage":12,"enemies":"Masked Bandits","floor":20,"turns":3},{"damage":31,"enemies":"Book of Stabbing","floor":23,"turns":6},{"damage":5,"enemies":"Centurion and Healer","floor":25,"turns":4},{"damage":6,"enemies":"Gremlin Leader","floor":27,"turns":6}],"seed_played":"-8411540180674601546","potions_obtained":[{"floor":4,"key":"PowerPotion"},{"floor":5,"key":"DistilledChaos"},{"floor":12,"key":"ColorlessPotion"},{"floor":13,"key":"GamblersBrew"},{"floor":14,"key":"Block Potion"},{"floor":20,"key":"Block Potion"},{"floor":23,"key":"FearPotion"},{"floor":25,"key":"Weak Potion"}],"is_trial":false,"path_per_floor":["M","?","?","M","M","E","R","?","T","R","T","M","E","M","R","B",null,"M","M","?","?","?","E","R","M","T","E"],"character_chosen":"FallenAngel","items_purchased":[],"campfire_rested":0,"item_purchase_floors":[],"current_hp_per_floor":[47,47,40,40,40,40,40,27,27,27,27,24,21,23,23,14,66,51,50,42,42,42,11,11,6,6,0,0],"gold":468,"neow_bonus":"TEN_PERCENT_HP_BONUS","is_daily":false,"chose_seed":false,"campfire_upgraded":4,"win_rate":0.0,"timestamp":1613819590,"path_taken":["M","?","?","M","M","E","R","?","T","R","?","M","E","M","R","BOSS","M","M","?","?","?","E","R","M","T","E"],"items_purchased_type":[],"build_version":"2020-12-22","purchased_purges":0,"victory":false,"max_hp_per_floor":[66,66,66,66,66,66,66,66,66,66,66,66,66,66,66,66,66,66,66,66,66,66,66,66,66,66,66,66],"relic_stats":{"counters":[14,62],"Bronze Scales":[144],"Black Star":1,"Nloth\u0027s Gift":2,"obtain_stats":[{"Du-Vu Doll":13,"Anchor":26,"HornCleat":23,"Bronze Scales":6,"Bird Faced Urn":11,"Vajra":23,"Black Star":17,"Red Mask":20,"Nloth\u0027s Gift":22,"Yohane:AngelWings":0,"White Beast Statue":9},{"Du-Vu Doll":6,"Anchor":13,"HornCleat":12,"Bronze Scales":4,"Bird Faced Urn":4,"Vajra":12,"Black Star":8,"Red Mask":11,"Nloth\u0027s Gift":11,"Yohane:AngelWings":0,"White Beast Statue":4},{"Du-Vu Doll":25,"Anchor":56,"HornCleat":52,"Bronze Scales":17,"Bird Faced Urn":17,"Vajra":52,"Black Star":36,"Red Mask":46,"Nloth\u0027s Gift":46,"Yohane:AngelWings":0,"White Beast Statue":17}]},"card_choices":[{"not_picked":["Yohane:Livestream_Donation","Yohane:Gluttony"],"picked":"Yohane:Impressive_Display","floor":1},{"not_picked":["Yohane:Energy_Change","Yohane:Guilty_Kiss"],"picked":"Yohane:City_Of_Sin","floor":4},{"not_picked":["Yohane:Energy_Change","Yohane:Envious"],"picked":"Yohane:Allure_of_Darkness","floor":5},{"not_picked":["Yohane:Cursed_Strike","Yohane:Livestream_Donation"],"picked":"Yohane:Take_Flight","floor":6},{"not_picked":["Yohane:Envious","Yohane:Dark_Shield"],"picked":"Yohane:Runaway_Umbrella","floor":12},{"not_picked":["Yohane:Debut","Yohane:Lailapse"],"picked":"Yohane:Wrath","floor":13},{"not_picked":["Yohane:Hell_Zone","Yohane:Backfoot","Yohane:Impressive_Display"],"picked":"SKIP","floor":14},{"not_picked":["Yohane:Imagine_Breaker","Yohane:Strawberry_Trapper"],"picked":"Yohane:Prideful_Crash","floor":16},{"not_picked":["Yohane:Inspiration","Yohane:Mijuku_Dreamer"],"picked":"Yohane:Wrath","floor":18},{"not_picked":["Yohane:Hakodate","Yohane:Impressive_Display+1"],"picked":"Yohane:Grace_Under_Fire","floor":19},{"not_picked":["Yohane:Debut","Yohane:Academic_Prowess"],"picked":"Yohane:Little_Demon_Recruit","floor":20},{"not_picked":["Yohane:Imagine_Breaker","Yohane:Go_All_Out"],"picked":"Yohane:My_Mai_Tonight","floor":23},{"not_picked":["Yohane:Scorn","Yohane:Retaliation"],"picked":"Yohane:Introspection","floor":25}],"player_experience":1007305,"relics_obtained":[{"floor":6,"key":"Bronze Scales"},{"floor":9,"key":"White Beast Statue"},{"floor":11,"key":"Bird Faced Urn"},{"floor":13,"key":"Du-Vu Doll"},{"floor":20,"key":"Red Mask"},{"floor":23,"key":"HornCleat"},{"floor":23,"key":"Vajra"},{"floor":26,"key":"Anchor"}],"event_choices":[{"damage_healed":0,"gold_gain":0,"player_choice":"Grow","damage_taken":0,"max_hp_gain":0,"max_hp_loss":0,"event_name":"Living Wall","floor":2,"gold_loss":0,"cards_upgraded":["Yohane:Little_Demon_Lily"]},{"cards_removed":["Yohane:Strike_Grey"],"damage_healed":0,"gold_gain":0,"player_choice":"Card Removal","damage_taken":7,"max_hp_gain":0,"max_hp_loss":0,"event_name":"Golden Wing","floor":3,"gold_loss":0},{"damage_healed":0,"gold_gain":0,"player_choice":"Entered Light","damage_taken":13,"max_hp_gain":0,"max_hp_loss":0,"event_name":"Shining Light","floor":8,"gold_loss":0,"cards_upgraded":["Yohane:Defend_Grey","Yohane:Well_Laid_Ambush"]},{"damage_healed":0,"gold_gain":0,"player_choice":"Fought Bandits","damage_taken":0,"max_hp_gain":0,"max_hp_loss":0,"event_name":"Masked Bandits","floor":20,"gold_loss":0},{"cards_removed":["Yohane:Defend_Grey"],"damage_healed":0,"gold_gain":0,"player_choice":"Gave Gold","damage_taken":0,"max_hp_gain":0,"max_hp_loss":0,"event_name":"Beggar","floor":21,"gold_loss":75},{"damage_healed":0,"gold_gain":0,"player_choice":"Traded Relic","damage_taken":0,"relics_obtained":["Nloth\u0027s Gift"],"max_hp_gain":0,"max_hp_loss":0,"event_name":"N\u0027loth","floor":22,"relics_lost":["Bird Faced Urn"],"gold_loss":0}],"is_beta":false,"boss_relics":[{"not_picked":["Runic Pyramid","hubris:GrandSneckoEye"],"picked":"Black Star"}],"items_purged_floors":[],"is_endless":false,"potions_floor_spawned":[4,5,12,13,14,16,18,19,20,23,25],"killed_by":"Gremlin Leader","ascension_level":0}}