{"host":"qfskrnw3pl1q86j0","time":1613844386,"event":{"mods":["BaseMod","Block Reminder","Hermit","Marisa????????","Minty Spire (QoL Compilation)","Quick Restart","Random Character Button","Relic Stats","StSLib","The Poker Player","slay the spire mod where everything is the same but ironclad has a cowboy hat"],"gold_per_floor":[124,145,145,167,186,186,257,257,257,257,285,285,623,623,623,724,724,749,763,763,792,819,819,502,502,502,502,527,556,577,616,616,724,724,752,548,575,594,594,594,626,626,635,58,58,86,115,140,140,140],"floor_reached":51,"language":"ENG","playtime":1533,"items_purged":["Strike_B","Strike_B","Shame"],"score":822,"play_id":"8829172b-6488-4ef8-a573-eeeb42e158b5","local_time":"20210220190626","is_ascension_mode":false,"campfire_choices":[{"data":"Zap","floor":6.0,"key":"SMITH"},{"data":"Dualcast","floor":8.0,"key":"SMITH"},{"data":"Hologram","floor":10.0,"key":"SMITH"},{"data":"Leap","floor":12.0,"key":"SMITH"},{"floor":15.0,"key":"REST"},{"data":"Auto Shields","floor":23.0,"key":"SMITH"},{"data":"Gash","floor":25.0,"key":"SMITH"},{"data":"Gash","floor":27.0,"key":"SMITH"},{"data":"Defend_B","floor":32.0,"key":"SMITH"},{"data":"Defend_B","floor":40,"key":"SMITH"},{"data":"Defend_B","floor":42,"key":"SMITH"},{"data":"Undo","floor":49,"key":"SMITH"}],"circlet_count":0,"master_deck":["Strike_B","Defend_B","Defend_B+1","Defend_B+1","Defend_B+1","Zap+1","Dualcast+1","Gash+1","Gash+1","Hologram+1","Leap+1","Beam Cell+1","Gash+1","Scrape+1","Streamline+1","Auto Shields+1","Go for the Eyes+1","Gash+1","Self Repair+1","All For One+1","Leap+1","Steam+1","Gash+1","Undo+1","Reinforced Body+1","Leap+1"],"relics":["Cracked Core","CeramicFish","DataDisk","Molten Egg 2","Bag of Marbles","Old Coin","Cursed Key","Eternal Feather","Regal Pillow","The Courier","Sozu","Anchor","Dead Branch","Pear","Pantograph","Cables","Bronze Scales"],"acts_visited":["Exordium","TheCity","TheBeyond"],"potions_floor_usage":[50],"damage_taken":[{"damage":0.0,"enemies":"2 Louse","floor":1.0,"turns":2.0},{"damage":11.0,"enemies":"Jaw Worm","floor":2.0,"turns":3.0},{"damage":2.0,"enemies":"Small Slimes","floor":4.0,"turns":3.0},{"damage":0.0,"enemies":"Looter","floor":5.0,"turns":3.0},{"damage":0.0,"enemies":"Red Slaver","floor":11.0,"turns":2.0},{"damage":13.0,"enemies":"Gremlin Nob","floor":13.0,"turns":3.0},{"damage":8.0,"enemies":"Hexaghost","floor":16.0,"turns":8.0},{"damage":5.0,"enemies":"Spheric Guardian","floor":18.0,"turns":3.0},{"damage":0.0,"enemies":"Chosen","floor":19.0,"turns":4.0},{"damage":15.0,"enemies":"Snake Plant","floor":21.0,"turns":4.0},{"damage":15.0,"enemies":"Snecko","floor":22.0,"turns":3.0},{"damage":0.0,"enemies":"Shelled Parasite and Fungi","floor":28.0,"turns":2.0},{"damage":11.0,"enemies":"Slavers","floor":29.0,"turns":4.0},{"damage":13.0,"enemies":"3 Cultists","floor":30.0,"turns":4.0},{"damage":10.0,"enemies":"Book of Stabbing","floor":31.0,"turns":4.0},{"damage":18,"enemies":"Champ","floor":33,"turns":8},{"damage":18,"enemies":"3 Shapes","floor":35,"turns":4},{"damage":9,"enemies":"3 Darklings","floor":37,"turns":6},{"damage":0,"enemies":"Maw","floor":38,"turns":6},{"damage":26,"enemies":"Reptomancer","floor":41,"turns":6},{"damage":1,"enemies":"Sphere and 2 Shapes","floor":46,"turns":3},{"damage":4,"enemies":"Nemesis","floor":47,"turns":3},{"damage":0,"enemies":"Transient","floor":48,"turns":5},{"damage":25,"enemies":"Awakened One","floor":50,"turns":10}],"seed_played":"3559204851492002083","potions_obtained":[{"floor":2.0,"key":"FearPotion"},{"floor":5.0,"key":"EssenceOfDarkness"},{"floor":13.0,"key":"SmokeBomb"},{"floor":18.0,"key":"Fruit Juice"},{"floor":28.0,"key":"Regen Potion"},{"floor":33,"key":"PowerPotion"}],"is_trial":false,"path_per_floor":["M","M","?","M","M","R","T","R","T","R","M","R","E","?","R","B",null,"M","M","?","M","M","R","$","R","T","R","M","E","M","E","R","B",null,"M","$","M","M","?","R","E","R","T","$","?","M","E","M","R","B",null],"character_chosen":"DEFECT","items_purchased":["Eternal Feather","Anchor","Gash+1","Pantograph","Cables","Undo"],"campfire_rested":1,"item_purchase_floors":[24,36,44,44,44,44],"current_hp_per_floor":[75,64,31,29,29,29,29,29,29,29,29,29,16,16,38,30,75,70,75,69,54,39,39,39,48,48,57,57,58,45,35,47,39,80,72,72,63,73,73,80,64,76,86,86,86,85,81,90,90,75],"gold":140,"neow_bonus":"RANDOM_COMMON_RELIC","is_daily":false,"chose_seed":false,"campfire_upgraded":11,"win_rate":0.0,"timestamp":1613844386,"path_taken":["M","M","?","M","M","R","?","R","T","R","M","R","E","?","R","BOSS","M","M","?","M","M","R","$","R","T","R","M","E","M","E","R","BOSS","M","$","M","M","?","R","E","R","T","$","?","M","E","M","R","BOSS"],"items_purchased_type":["Relic","Relic","Card","Relic","Relic","Card"],"build_version":"2020-12-22","purchased_purges":3,"victory":true,"max_hp_per_floor":[75,75,75,75,75,75,75,75,75,75,75,75,75,75,75,75,75,75,80,80,80,80,80,80,80,80,80,80,80,80,80,80,80,80,80,80,80,80,80,80,80,80,90,90,90,90,90,90,90,90],"relic_stats":{"Sozu":3,"Regal Pillow":0,"counters":[24,103],"CeramicFish":180,"Dead Branch":[0],"Pantograph":0,"Bronze Scales":[69],"Eternal Feather":49,"Cursed Key":1,"obtain_stats":[{"Regal Pillow":29,"Pear":43,"CeramicFish":0,"Dead Branch":41,"Eternal Feather":24,"The Courier":31,"Cursed Key":17,"Old Coin":13,"Cables":44,"Sozu":34,"DataDisk":3,"Anchor":36,"Pantograph":44,"Bronze Scales":47,"Molten Egg 2":7,"Bag of Marbles":9,"Cracked Core":0},{"Regal Pillow":13,"Pear":20,"CeramicFish":0,"Dead Branch":20,"Eternal Feather":11,"The Courier":15,"Cursed Key":7,"Old Coin":6,"Cables":20,"Sozu":16,"DataDisk":2,"Anchor":17,"Pantograph":20,"Bronze Scales":22,"Molten Egg 2":4,"Bag of Marbles":4,"Cracked Core":0},{"Regal Pillow":44,"Pear":82,"CeramicFish":0,"Dead Branch":82,"Eternal Feather":38,"The Courier":52,"Cursed Key":24,"Old Coin":16,"Cables":82,"Sozu":60,"DataDisk":5,"Anchor":64,"Pantograph":82,"Bronze Scales":88,"Molten Egg 2":11,"Bag of Marbles":11,"Cracked Core":0}],"Cables":[16,16,0,0,0]},"card_choices":[{"not_picked":["Redo","Compile Driver"],"picked":"Gash","floor":1.0},{"not_picked":["Rebound","Conserve Battery"],"picked":"Gash","floor":2.0},{"not_picked":["Barrage","Redo"],"picked":"Hologram","floor":4.0},{"not_picked":["Redo","Go for the Eyes"],"picked":"Leap","floor":5.0},{"not_picked":["Aggregate","Doom and Gloom+1"],"picked":"Beam Cell+1","floor":11.0},{"not_picked":["Leap","Glacier"],"picked":"Gash+1","floor":13.0},{"not_picked":["Hologram","Redo"],"picked":"Scrape+1","floor":18.0},{"not_picked":["Compile Driver+1","Barrage+1","Capacitor"],"picked":"SKIP","floor":19.0},{"not_picked":["Static Discharge","Ball Lightning+1"],"picked":"Streamline+1","floor":21.0},{"not_picked":["Chaos","Double Energy"],"picked":"Auto Shields","floor":22.0},{"not_picked":["Leap","Compile Driver+1"],"picked":"Go for the Eyes+1","floor":28.0},{"not_picked":["Static Discharge","Blizzard+1","Auto Shields"],"picked":"SKIP","floor":29.0},{"not_picked":["Reinforced Body","Barrage+1"],"picked":"Gash+1","floor":30.0},{"not_picked":["Reprogram+1","Stack"],"picked":"Self Repair+1","floor":31.0},{"not_picked":["Meteor Strike+1","Buffer"],"picked":"All For One+1","floor":33},{"not_picked":["Genetic Algorithm","Barrage+1"],"picked":"Leap+1","floor":35},{"not_picked":["Barrage+1","Stack"],"picked":"Steam+1","floor":37},{"not_picked":["Compile Driver+1","Stack+1","Force Field"],"picked":"SKIP","floor":38},{"not_picked":["Compile Driver+1","BootSequence+1","Fusion+1"],"picked":"SKIP","floor":41},{"not_picked":["Compile Driver+1","BootSequence+1","Fusion+1"],"picked":"SKIP","floor":41},{"not_picked":["Echo Form","Turbo"],"picked":"Reinforced Body+1","floor":46},{"not_picked":["Conserve Battery+1","Steam Power","Reinforced Body"],"picked":"SKIP","floor":47},{"not_picked":["Coolheaded+1","Ball Lightning+1"],"picked":"Leap+1","floor":48}],"player_experience":1095818,"relics_obtained":[{"floor":7.0,"key":"Molten Egg 2"},{"floor":9.0,"key":"Bag of Marbles"},{"floor":13.0,"key":"Old Coin"},{"floor":29.0,"key":"Regal Pillow"},{"floor":31.0,"key":"The Courier"},{"floor":41,"key":"Dead Branch"},{"floor":43,"key":"Pear"},{"floor":47,"key":"Bronze Scales"}],"event_choices":[{"damage_healed":0.0,"max_hp_gain":0.0,"max_hp_loss":0.0,"gold_gain":0.0,"event_name":"Scrap Ooze","player_choice":"Success","floor":3.0,"gold_loss":0.0,"damage_taken":33.0,"relics_obtained":["DataDisk"]},{"damage_healed":0.0,"max_hp_gain":0.0,"max_hp_loss":0.0,"gold_gain":0.0,"event_name":"Liars Game","player_choice":"Ignored","floor":14.0,"gold_loss":0.0,"damage_taken":0.0},{"damage_healed":0.0,"max_hp_gain":0.0,"max_hp_loss":0.0,"gold_gain":0.0,"event_name":"Knowing Skull","player_choice":"","floor":20.0,"potions_obtained":[],"gold_loss":0.0,"damage_taken":6.0,"cards_obtained":[]},{"damage_healed":0,"gold_gain":0,"player_choice":"Ignored","damage_taken":0,"max_hp_gain":0,"max_hp_loss":0,"event_name":"Tomb of Lord Red Mask","floor":39,"gold_loss":0},{"cards_removed":["Strike_B"],"damage_healed":0,"gold_gain":0,"player_choice":"Purged","damage_taken":0,"max_hp_gain":0,"max_hp_loss":0,"event_name":"Purifier","floor":45,"gold_loss":0}],"is_beta":false,"boss_relics":[{"not_picked":["Velvet Choker","Tiny House"],"picked":"Cursed Key"},{"not_picked":["Nuclear Battery","Astrolabe"],"picked":"Sozu"}],"items_purged_floors":[24,36,44],"is_endless":false,"potions_floor_spawned":[2,5,13,18,28,33,35,41,48],"ascension_level":0}}