{"host":"36t3qd3wjvajtu1z","time":1613786611,"event":{"mods":["2.2 Compatiblity","AchievementEnabler","BaseMod","Bestiary","Block Reminder","Colored Powertips","Curses Come First","Filter the Spire","Highlight Path","Minty Spire (QoL Compilation)","Permanent Neow","Quick Restart","Random Character Button","Rare Cards Sparkle","Relic Stats","Slay-I","StSLib","Unknown Chances"],"gold_per_floor":[216,216,226,240,255,280,280,280,354,354,384,401,43,72,72,150,150,164,176,176,191,205,205,234,159,159,159,184,197,266,284,284,284,284],"floor_reached":33,"language":"ENG","playtime":1781,"items_purged":["Strike_B"],"score":660,"play_id":"a725090d-2307-41cf-b548-ac47174f9fa0","local_time":"20210219180331","is_ascension_mode":true,"campfire_choices":[{"floor":7.0,"key":"REST"},{"data":"Zap","floor":10.0,"key":"SMITH"},{"data":"Beam Cell","floor":15,"key":"SMITH"},{"data":"Reprogram","floor":23,"key":"SMITH"},{"floor":27,"key":"REST"},{"floor":32,"key":"REST"}],"circlet_count":0,"master_deck":["AscendersBane","Strike_B","Strike_B","Strike_B","Defend_B","Defend_B","Defend_B","Defend_B","Dualcast","Gash","Rip and Tear","Gash","Ball Lightning","Glacier","Seek","Go for the Eyes","Scrape","Steam","Beam Cell+1","Buffer","Conserve Battery","Reprogram+1","Reinforced Body+1","Sunder"],"relics":["FrozenCore","Thread and Needle","Bag of Marbles","InkBottle","Mummified Hand","Membership Card","Happy Flower","Nunchaku","Anchor","Gambling Chip","Potion Belt","Eternal Feather"],"acts_visited":["Exordium","TheCity"],"potions_floor_usage":[14,16,24],"damage_taken":[{"damage":7.0,"enemies":"Small Slimes","floor":1.0,"turns":3.0},{"damage":3.0,"enemies":"Jaw Worm","floor":3.0,"turns":4.0},{"damage":0.0,"enemies":"Cultist","floor":4.0,"turns":3.0},{"damage":0.0,"enemies":"Lots of Slimes","floor":5.0,"turns":2.0},{"damage":25.0,"enemies":"Gremlin Nob","floor":6.0,"turns":4.0},{"damage":0.0,"enemies":"Lagavulin","floor":11.0,"turns":7.0},{"damage":2.0,"enemies":"2 Fungi Beasts","floor":12.0,"turns":3.0},{"damage":0,"enemies":"3 Sentries","floor":14,"turns":5},{"damage":19,"enemies":"Slime Boss","floor":16,"turns":8},{"damage":0,"enemies":"Chosen","floor":18,"turns":4},{"damage":8,"enemies":"2 Thieves","floor":19,"turns":5},{"damage":26,"enemies":"Shelled Parasite and Fungi","floor":21,"turns":6},{"damage":0,"enemies":"3 Cultists","floor":22,"turns":6},{"damage":18,"enemies":"Book of Stabbing","floor":24,"turns":6},{"damage":19,"enemies":"Slavers","floor":28,"turns":10},{"damage":1,"enemies":"Centurion and Healer","floor":29,"turns":9},{"damage":0,"enemies":"Shelled Parasite and Fungi","floor":31,"turns":5},{"damage":97,"enemies":"Collector","floor":33,"turns":6}],"seed_played":"7438886943222998326","potions_obtained":[{"floor":3.0,"key":"DistilledChaos"},{"floor":4.0,"key":"Strength Potion"},{"floor":8.0,"key":"PowerPotion"},{"floor":8.0,"key":"Weak Potion"},{"floor":11.0,"key":"Strength Potion"},{"floor":14,"key":"FairyPotion"},{"floor":21,"key":"SpeedPotion"},{"floor":29,"key":"FocusPotion"},{"floor":31,"key":"PotionOfCapacity"}],"is_trial":false,"path_per_floor":["M","?","M","M","M","E","R","?","T","R","E","M","$","E","R","B",null,"M","M","?","M","M","R","E","?","T","R","E","M","T","M","R","B"],"character_chosen":"DEFECT","items_purchased":["Membership Card","Happy Flower","Scrape","Steam"],"campfire_rested":3,"item_purchase_floors":[13,13,13,13],"current_hp_per_floor":[57,39,36,36,36,11,32,32,32,32,32,30,30,30,30,11,56,56,48,48,22,22,22,4,4,4,25,6,5,5,5,38,0,0],"gold":284,"neow_bonus":"HUNDRED_GOLD","is_daily":false,"chose_seed":false,"campfire_upgraded":3,"win_rate":0.0,"timestamp":1613786611,"path_taken":["M","?","M","M","M","E","R","?","T","R","E","M","$","E","R","BOSS","M","M","?","M","?","R","E","?","T","R","E","M","?","M","R","BOSS"],"items_purchased_type":["Relic","Relic","Card","Card"],"build_version":"2020-12-22","purchased_purges":1,"victory":false,"max_hp_per_floor":[71,71,71,71,71,71,71,71,71,71,71,71,71,71,71,71,71,71,71,71,71,71,71,71,71,71,71,71,71,71,71,71,71,71],"relic_stats":{"Nunchaku":[16],"Happy Flower":[23],"counters":[18,96],"Mummified Hand":[7],"Gambling Chip":[9],"Eternal Feather":12,"obtain_stats":[{"Potion Belt":28,"Happy Flower":13,"Thread and Needle":2,"Eternal Feather":30,"FrozenCore":17,"Nunchaku":14,"Anchor":24,"Mummified Hand":11,"Gambling Chip":26,"Bag of Marbles":6,"Membership Card":13,"Cracked Core":0,"InkBottle":9},{"Potion Belt":15,"Happy Flower":7,"Thread and Needle":1,"Eternal Feather":16,"FrozenCore":9,"Nunchaku":8,"Anchor":14,"Mummified Hand":6,"Gambling Chip":14,"Bag of Marbles":5,"Membership Card":7,"Cracked Core":0,"InkBottle":5},{"Potion Belt":76,"Happy Flower":26,"Thread and Needle":3,"Eternal Feather":85,"FrozenCore":39,"Nunchaku":31,"Anchor":66,"Mummified Hand":23,"Gambling Chip":66,"Bag of Marbles":16,"Membership Card":26,"Cracked Core":0,"InkBottle":16}],"InkBottle":[30],"FrozenCore":[16]},"card_choices":[{"not_picked":["Leap","Coolheaded"],"picked":"Gash","floor":1.0},{"not_picked":["Hologram","Leap"],"picked":"Rip and Tear","floor":3.0},{"not_picked":["Barrage","Stack"],"picked":"Gash","floor":4.0},{"not_picked":["Sunder","Static Discharge"],"picked":"Ball Lightning","floor":5.0},{"not_picked":["Stack","Conserve Battery"],"picked":"Glacier","floor":6.0},{"not_picked":["FTL","Tempest"],"picked":"Seek","floor":11.0},{"not_picked":["White Noise","Conserve Battery"],"picked":"Go for the Eyes","floor":12.0},{"not_picked":["Conserve Battery","Barrage"],"picked":"Beam Cell","floor":14},{"not_picked":["Rainbow","Thunder Strike"],"picked":"Buffer","floor":16},{"not_picked":["Chill","Steam+1"],"picked":"Conserve Battery","floor":18},{"not_picked":["Storm","Darkness","Redo"],"picked":"SKIP","floor":19},{"not_picked":["Storm","Rebound"],"picked":"Reprogram","floor":21},{"not_picked":["Double Energy","Cold Snap","Steam"],"picked":"SKIP","floor":22},{"not_picked":["Turbo","Coolheaded"],"picked":"Reinforced Body+1","floor":24},{"not_picked":["Go for the Eyes","Stack","Lockon"],"picked":"SKIP","floor":28},{"not_picked":["Coolheaded","Compile Driver"],"picked":"Sunder","floor":29},{"not_picked":["Tempest","Coolheaded+1","Lockon"],"picked":"SKIP","floor":31}],"player_experience":564208,"relics_obtained":[{"floor":6.0,"key":"Bag of Marbles"},{"floor":9.0,"key":"InkBottle"},{"floor":11.0,"key":"Mummified Hand"},{"floor":14,"key":"Nunchaku"},{"floor":24,"key":"Anchor"},{"floor":26,"key":"Gambling Chip"},{"floor":28,"key":"Potion Belt"},{"floor":30,"key":"Eternal Feather"}],"event_choices":[{"damage_healed":0.0,"max_hp_gain":0.0,"max_hp_loss":0.0,"gold_gain":0.0,"event_name":"Scrap Ooze","player_choice":"Success","floor":2.0,"gold_loss":0.0,"damage_taken":18.0,"relics_obtained":["Thread and Needle"]},{"damage_healed":0.0,"max_hp_gain":0.0,"max_hp_loss":0.0,"gold_gain":0.0,"event_name":"Lab","player_choice":"Got Potions","floor":8.0,"gold_loss":0.0,"damage_taken":0.0},{"damage_healed":0,"gold_gain":0,"player_choice":"Ignored","damage_taken":0,"max_hp_gain":0,"max_hp_loss":0,"event_name":"N\u0027loth","floor":20,"gold_loss":0},{"cards_removed":["Zap"],"damage_healed":0,"gold_gain":0,"player_choice":"Gave Gold","damage_taken":0,"max_hp_gain":0,"max_hp_loss":0,"event_name":"Beggar","floor":25,"gold_loss":75}],"is_beta":false,"boss_relics":[{"not_picked":["Cursed Key","Velvet Choker"],"picked":"FrozenCore"}],"items_purged_floors":[13],"is_endless":false,"potions_floor_spawned":[3,4,11,12,14,21,29,31],"killed_by":"Collector","ascension_level":17}}