{"host":"snampf0t8p8psf53","time":1613823996,"event":{"mods":["AchievementEnabler","BaseMod","Bestiary","DeckTracker","Minty Spire (QoL Compilation)","Permanent Neow","SuperFastMode"],"gold_per_floor":[110,126,144,161,176,201,227,257,303,303,92,110,110,136,136,239,239,252,270,198,216,235,261,261,261,261,291,235,235,248,248,248,248,248],"floor_reached":33,"language":"ENG","playtime":1407,"items_purged":[],"score":613,"play_id":"583e751c-f677-41ea-8973-c5a7cea433e7","local_time":"20210220042636","daily_mods":["SealedDeck","Heirloom","Time Dilation","Flight"],"is_ascension_mode":true,"campfire_choices":[{"floor":10,"key":"REST"},{"floor":13,"key":"REST"},{"data":"Machine Learning","floor":15,"key":"SMITH"},{"floor":24,"key":"REST"},{"floor":25,"key":"REST"},{"floor":32,"key":"REST"}],"circlet_count":0,"master_deck":["AscendersBane","Conserve Battery","Barrage","Beam Cell","Beam Cell","Barrage","Glacier","Streamline","BootSequence","Skim","Gash","Streamline","Streamline","Hologram","Machine Learning+1","Hologram","Hello World","Streamline","Coolheaded"],"relics":["Unceasing Top","Gambling Chip","Happy Flower","Meat on the Bone","Akabeko","Pen Nib","Matryoshka","Busted Crown","Omamori","CeramicFish","Bottled Flame","Toy Ornithopter"],"acts_visited":["Exordium","TheCity"],"potions_floor_usage":[7,7,8,21,33,33],"damage_taken":[{"damage":0,"enemies":"2 Louse","floor":1,"turns":2},{"damage":0,"enemies":"Small Slimes","floor":2,"turns":2},{"damage":0,"enemies":"Jaw Worm","floor":3,"turns":2},{"damage":15,"enemies":"2 Fungi Beasts","floor":4,"turns":3},{"damage":7,"enemies":"Large Slime","floor":5,"turns":5},{"damage":33,"enemies":"Gremlin Nob","floor":6,"turns":5},{"damage":0,"enemies":"3 Sentries","floor":7,"turns":5},{"damage":11,"enemies":"Lagavulin","floor":8,"turns":4},{"damage":16,"enemies":"Exordium Thugs","floor":12,"turns":3},{"damage":8,"enemies":"Gremlin Nob","floor":14,"turns":3},{"damage":0,"enemies":"Slime Boss","floor":16,"turns":5},{"damage":2,"enemies":"Chosen","floor":18,"turns":2},{"damage":11,"enemies":"Spheric Guardian","floor":19,"turns":3},{"damage":13,"enemies":"Snake Plant","floor":21,"turns":3},{"damage":0,"enemies":"Snecko","floor":22,"turns":4},{"damage":40,"enemies":"Book of Stabbing","floor":23,"turns":5},{"damage":45,"enemies":"Gremlin Leader","floor":27,"turns":4},{"damage":3,"enemies":"3 Cultists","floor":30,"turns":5},{"damage":72,"enemies":"Collector","floor":33,"turns":5}],"seed_played":"-774733303417224138","potions_obtained":[{"floor":2,"key":"BlessingOfTheForge"},{"floor":3,"key":"Strength Potion"},{"floor":7,"key":"Strength Potion"},{"floor":8,"key":"Dexterity Potion"},{"floor":12,"key":"EssenceOfSteel"},{"floor":19,"key":"Weak Potion"}],"is_trial":true,"path_per_floor":["M","M","M","M","M","E","E","E","T","R","$","M","R","E","R","B",null,"M","M","$","M","M","E","R","R","T","E","$","$","M","?","R","B"],"character_chosen":"DEFECT","items_purchased":["Hologram","Machine Learning","Hello World","Streamline","Coolheaded"],"campfire_rested":5,"item_purchase_floors":[11,11,20,28,28],"current_hp_per_floor":[68,68,68,53,46,13,13,14,14,36,36,32,54,46,46,46,68,66,55,55,42,42,14,36,58,58,25,25,25,34,34,56,0,0],"gold":248,"neow_bonus":"","is_daily":false,"chose_seed":false,"campfire_upgraded":1,"win_rate":0.0,"timestamp":1613823996,"path_taken":["M","M","M","M","M","E","E","E","T","R","$","M","R","E","R","BOSS","M","M","$","M","M","E","R","R","T","E","$","$","M","?","R","BOSS"],"items_purchased_type":["Card","Card","Card","Card","Card"],"build_version":"2020-12-22","purchased_purges":0,"victory":false,"max_hp_per_floor":[75,75,75,75,75,75,75,75,75,75,75,75,75,75,75,75,75,75,75,75,75,75,75,75,75,75,75,75,75,75,75,75,75,75],"card_choices":[{"not_picked":["Barrage","White Noise","Go for the Eyes"],"picked":"SKIP","floor":1},{"not_picked":["Doom and Gloom","Conserve Battery","Turbo"],"picked":"SKIP","floor":2},{"not_picked":["Steam","Double Energy"],"picked":"Streamline","floor":3},{"not_picked":["Rebound","Beam Cell","Multi-Cast"],"picked":"SKIP","floor":4},{"not_picked":["Stack","Storm"],"picked":"Streamline","floor":5},{"not_picked":["Reinforced Body","Fusion","Sweeping Beam"],"picked":"SKIP","floor":6},{"not_picked":["Turbo","Undo","Cold Snap"],"picked":"SKIP","floor":7},{"not_picked":["Heatsinks","Sweeping Beam","Defragment"],"picked":"SKIP","floor":8},{"not_picked":["Steam","Rip and Tear","Storm"],"picked":"SKIP","floor":12},{"not_picked":["BootSequence","Reboot"],"picked":"Hologram","floor":14},{"not_picked":["Compile Driver"],"picked":"SKIP","floor":18},{"not_picked":["Steam"],"picked":"SKIP","floor":19},{"not_picked":["Redo+1"],"picked":"SKIP","floor":21},{"not_picked":["Steam Power"],"picked":"SKIP","floor":22},{"not_picked":["Compile Driver"],"picked":"SKIP","floor":23},{"not_picked":["Steam"],"picked":"SKIP","floor":27},{"not_picked":["Compile Driver+1"],"picked":"SKIP","floor":30}],"player_experience":136577,"relics_obtained":[{"floor":6,"key":"Happy Flower"},{"floor":7,"key":"Meat on the Bone"},{"floor":8,"key":"Akabeko"},{"floor":9,"key":"Pen Nib"},{"floor":14,"key":"Matryoshka"},{"floor":23,"key":"Omamori"},{"floor":26,"key":"CeramicFish"},{"floor":26,"key":"Bottled Flame"},{"floor":27,"key":"Toy Ornithopter"}],"event_choices":[{"damage_healed":0,"gold_gain":0,"player_choice":"Ignored","damage_taken":0,"max_hp_gain":0,"max_hp_loss":0,"event_name":"Ghosts","floor":31,"gold_loss":0}],"is_beta":false,"boss_relics":[{"not_picked":["Runic Dome","Coffee Dripper"],"picked":"Busted Crown"}],"items_purged_floors":[],"is_endless":false,"potions_floor_spawned":[2,3,7,8,12,19],"killed_by":"Collector","ascension_level":10}}