{"host":"roto7j7840a50pxh","time":1612516991,"event":{"mods":["Act Like it!","BaseMod","Better Altar","Better Note","Better Sensory Stone","Better Skull","Better Third Choice","BetterRewards","Colored Map","Colored Powertips","Downfall","Elementarium","Hermit","Highlight Path","Hubris","Infinite Spire","Minty Spire (QoL Compilation)","Replay The Spire","Robot Space Explorer","Shade Mod","Spicy Shops","StSLib","The Construct","The Cursed","The Dragon Tamer","The Hierophant","The Jungle","The Necromancer","The Runesmith","The Servant 0.9.4","TheVacant"],"gold_per_floor":[99,110,124,136,149,161,184,195,129,159,159,190,190,225,236,332,332,332,385,385,421,439,465,465,504,404,453,471,496,56,79,117,236,236,236,268,283,331,331,347,347,347,347,370,370,370,386,416,479,479],"floor_reached":51,"language":"ENG","playtime":11020,"items_purged":["sneckomod:Strike"],"score":973,"play_id":"d8f80460-7960-4b8e-992b-4d923b53f0b3","local_time":"20210205042311","is_ascension_mode":true,"campfire_choices":[{"data":"sneckomod:MorePower","floor":13,"key":"SMITH"},{"data":"sneckomod:GlitteringGambit","floor":18,"key":"SMITH"},{"data":"sneckomod:SnekBeam","floor":26,"key":"SMITH"},{"data":"RobotSpaceExplorer:TrailblazerForm","floor":35,"key":"SMITH"},{"data":"sneckomod:CheapStock","floor":43,"key":"SMITH"},{"floor":46,"key":"REST"}],"circlet_count":0,"master_deck":["sneckomod:Defend","sneckomod:Defend","sneckomod:Defend","sneckomod:SnekBite","sneckomod:Unknown","sneckomod:MorePower+1","Slimebound:DisruptingSlam","sneckomod:Unknown2Cost+1","sneckomod:WideSting","sneckomod:DiceBlock","sneckomod:UnknownWeak+1","sneckomod:UnknownColorless+1","sneckomod:Unknown1Cost","sneckomod:UnknownCommonSkill+1","sneckomod:QuickBite","sneckomod:Nope","sneckomod:DefensiveFlair","sneckomod:DefensiveFlair","RobotSpaceExplorer:DroneSwarm+1","sneckomod:UnlimitedRolls+1","sneckomod:UnknownDraw+1","sneckomod:UnknownBlock","sneckomod:Rotation","sneckomod:UnknownColorless+1","sneckomod:GlitteringGambit+1","RobotSpaceExplorer:Autoloader+1","sneckomod:UnknownDraw+1","sneckomod:RainOfDice","sneckomod:UnknownStrike+1","sneckomod:ImprovisedAttack","sneckomod:Unknown1Cost+1","sneckomod:SlitherStrike","sneckomod:UnknownUncommonSkill+1","sneckomod:Transmogrify+1","sneckomod:UnknownDraw+1","sneckomod:Unknown0Cost+1","sneckomod:SnekBeam+1","Slimebound:SlimeSpikes","sneckomod:UnknownExhaust+1","sneckomod:Nope","sneckomod:UnknownBoss+1","sneckomod:DiceCrush","sneckomod:SoulCleanse+1","sneckomod:UnknownStrength+1","sneckomod:UnknownClassSLIMEBOUND+1","Parasite","sneckomod:CheapStock+1","sneckomod:UnknownCommonAttack+1","sneckomod:TrashToTreasure+1","hexamod:ApocalypseNow+1","sneckomod:UnknownVulnerable+1","RobotSpaceExplorer:TrailblazerForm+1","sneckomod:UnknownRareAttack","sneckomod:UnknownCommonSkill+1","sneckomod:Memorize+1","Replay:SS_hec_1","sneckomod:UnknownCommonSkill+1","Apotheosis+1","sneckomod:QuickBite","sneckomod:Unknown0Cost+1","sneckomod:Unknown1Cost+1","hexamod:ApocalypseNow+1","sneckomod:PureSnecko","sneckomod:Unknown0Cost+1","sneckomod:UnknownStrength+1","sneckomod:UnknownX+1","sneckomod:UnknownRareAttack+1","sneckomod:WideSting+1"],"relics":["Tiny Chest","Smiling Mask","sneckomod:LoadedDie","downfall:HeartBlessingBlue","Replay:PocketPolymizer","Guide Book","Lee\u0027s Waffle","Replay:Ringing Soul","sneckomod:CleanMud","sneckomod:SuperSneckoSoul","Honey Jar","Pen Nib","sneckomod:UnknownEgg","hubris:Towel","Nunchaku","Lantern","White Beast Statue","Cursed Key","Ancient Tea Set","Anchor","infinitespire:Lucky Rock","Orichalcum"],"acts_visited":["Exordium","Exordium","TheBeyond"],"potions_floor_usage":[12,22,22,23,28,33,36,44,49,50,50],"damage_taken":[{"damage":0,"enemies":"Cultist","floor":2,"turns":4},{"damage":3,"enemies":"Jaw Worm","floor":3,"turns":4},{"damage":11,"enemies":"Small Slimes","floor":4,"turns":2},{"damage":1,"enemies":"Blue Slaver","floor":5,"turns":4},{"damage":5,"enemies":"Large Slime","floor":6,"turns":6},{"damage":0,"enemies":"Exordium Thugs","floor":8,"turns":6},{"damage":5,"enemies":"downfall:FleeingMerchant","floor":9,"turns":4},{"damage":4,"enemies":"3 Sentries","floor":12,"turns":4},{"damage":3,"enemies":"Lagavulin","floor":14,"turns":7},{"damage":0,"enemies":"3 Louse","floor":15,"turns":3},{"damage":2,"enemies":"SI_SHIV_ARCHETYPE","floor":16,"turns":12},{"damage":0,"enemies":"theJungle:GiantWrat","floor":19,"turns":7},{"damage":8,"enemies":"Shell Parasite","floor":21,"turns":6},{"damage":2,"enemies":"Snake Plant","floor":22,"turns":6},{"damage":5,"enemies":"theJungle:Cassacara","floor":23,"turns":6},{"damage":4,"enemies":"theJungle:Snecko_Cultist_And_Trap","floor":25,"turns":7},{"damage":0,"enemies":"theJungle:MamaSnecko","floor":27,"turns":6},{"damage":16,"enemies":"theJungle:Lyon","floor":28,"turns":5},{"damage":8,"enemies":"theJungle:JungleHuntersEncounter","floor":29,"turns":4},{"damage":4,"enemies":"downfall:FleeingMerchant","floor":30,"turns":4},{"damage":8,"enemies":"theJungle:2_Snecko_Cultists","floor":31,"turns":4},{"damage":2,"enemies":"theJungle:2_Flameangoes","floor":32,"turns":8},{"damage":53,"enemies":"WA_ARCHETYPE_CALM","floor":33,"turns":9},{"damage":16,"enemies":"3 Shapes","floor":36,"turns":5},{"damage":0,"enemies":"Orb Walker","floor":37,"turns":4},{"damage":13,"enemies":"Jaw Worm Horde","floor":40,"turns":3},{"damage":25,"enemies":"3 Darklings","floor":44,"turns":6},{"damage":13,"enemies":"Spire Growth","floor":47,"turns":4},{"damage":12,"enemies":"Giant Head","floor":48,"turns":7},{"damage":42,"enemies":"Transient","floor":49,"turns":5},{"damage":15,"enemies":"DF_ARCHETYPE_ORBS","floor":50,"turns":8}],"seed_played":"-7917999878496062189","potions_obtained":[{"floor":2,"key":"AttackPotion"},{"floor":3,"key":"Elixir"},{"floor":12,"key":"Venom Potion"},{"floor":14,"key":"Dexterity Potion"},{"floor":16,"key":"Cursed Concoction"},{"floor":23,"key":"PowerPotion"},{"floor":27,"key":"champ:CounterPotion"},{"floor":29,"key":"Strength Potion"},{"floor":33,"key":"Explosive Potion"},{"floor":37,"key":"Adrenaline Potion"},{"floor":44,"key":"construct:ShiftPotion"},{"floor":47,"key":"FairyPotion"},{"floor":48,"key":"Languid Potion"},{"floor":49,"key":"BlessingOfTheForge"}],"is_trial":false,"path_per_floor":["R","M","M","M","M","M","T","M","$","?","R","E","R","E","M","B",null,"R","M","?","M","M","E","T","M","R","E","M","M","$","M","M","B",null,"R","M","M","T","?","M","T","?","R","M","AVR","R","M","E","M","B",null],"character_chosen":"THE_SNECKO","items_purchased":["sneckomod:DefensiveFlair","Guide Book","Lee\u0027s Waffle","Replay:Ringing Soul","sneckomod:CheapStock"],"campfire_rested":1,"item_purchase_floors":[9,30,30,30,30],"current_hp_per_floor":[90,90,87,76,75,76,76,76,71,71,71,67,67,64,64,68,90,90,90,90,88,86,81,81,77,87,87,71,63,110,105,106,56,119,122,109,112,112,115,109,109,109,112,94,94,139,129,120,81,66],"gold":479,"neow_bonus":"ONE_RANDOM_RARE_CARD","is_daily":false,"chose_seed":false,"campfire_upgraded":5,"win_rate":0.0,"timestamp":1612516991,"path_taken":["R","M","M","?","M","M","T","?","$","?","R","E","R","E","M","BOSS","R","M","?","M","M","E","T","M","R","E","M","?","$","M","M","BOSS","R","M","?","?","?","M","T","?","R","M","AVR","R","M","E","M","BOSS"],"items_purchased_type":["Card","Relic","Relic","Relic","Card"],"build_version":"2020-12-22","purchased_purges":1,"victory":true,"max_hp_per_floor":[90,90,90,90,90,90,90,90,90,90,90,90,90,90,90,90,90,90,90,90,90,90,90,90,90,100,100,100,100,110,113,116,119,119,122,125,128,128,131,134,134,134,137,140,140,143,146,149,152,152],"card_choices":[{"not_picked":["sneckomod:UnknownCommonSkill+1","sneckomod:Unknown1Cost+1"],"picked":"sneckomod:UnknownColorless+1","floor":2},{"not_picked":["sneckomod:UnknownWeak","sneckomod:QuickBite"],"picked":"sneckomod:UnknownBlock","floor":2},{"not_picked":["sneckomod:UnknownBoss+1","sneckomod:UnknownWeak+1"],"picked":"sneckomod:Unknown2Cost+1","floor":3},{"not_picked":["sneckomod:DiceBoulder","sneckomod:DiceBlock"],"picked":"sneckomod:WideSting","floor":3},{"not_picked":["sneckomod:DiceCrush","sneckomod:UnknownWeak"],"picked":"sneckomod:DiceBlock","floor":4},{"not_picked":["sneckomod:UnknownRarePower+1","sneckomod:UnknownBoss+1"],"picked":"sneckomod:UnknownWeak+1","floor":5},{"not_picked":["sneckomod:SoulRoll","sneckomod:Nope"],"picked":"sneckomod:Memorize","floor":5},{"not_picked":["sneckomod:Unknown1Cost+1","sneckomod:UnknownRarePower+1"],"picked":"sneckomod:UnknownColorless+1","floor":6},{"not_picked":["sneckomod:UnknownUncommonSkill","sneckomod:ImprovisedAttack"],"picked":"sneckomod:Unknown1Cost","floor":6},{"not_picked":["sneckomod:UnknownRareSkill+1","sneckomod:UnknownStrength+1"],"picked":"sneckomod:UnknownCommonSkill+1","floor":8},{"not_picked":["sneckomod:SerpentIdol","sneckomod:DiceBlock"],"picked":"sneckomod:QuickBite","floor":8},{"not_picked":["sneckomod:UnknownExhaust+1","sneckomod:Unknown1Cost+1"],"picked":"sneckomod:UnknownX+1","floor":9},{"not_picked":["sneckomod:SoulRoll","sneckomod:QuickBite"],"picked":"sneckomod:Nope","floor":9},{"not_picked":["sneckomod:UnknownExhaust","sneckomod:Unknown1Cost"],"picked":"sneckomod:UnlimitedRolls","floor":12},{"not_picked":["sneckomod:UnknownBoss+1","sneckomod:UnknownUncommonPower+1"],"picked":"sneckomod:UnknownDraw+1","floor":14},{"not_picked":["sneckomod:SoulRoll","sneckomod:IronFang"],"picked":"sneckomod:UnknownBlock","floor":14},{"not_picked":["sneckomod:UnknownWeak+1","sneckomod:UnknownX+1"],"picked":"sneckomod:Unknown3Cost+1","floor":15},{"not_picked":["sneckomod:UnknownUncommonAttack","sneckomod:QuickBite"],"picked":"sneckomod:Rotation","floor":15},{"not_picked":["sneckomod:Unknown2Cost+1","sneckomod:UnknownStrike+1"],"picked":"sneckomod:UnknownColorless+1","floor":16},{"not_picked":["sneckomod:UnknownRareAttack","sneckomod:UnknownRarePower"],"picked":"sneckomod:GlitteringGambit","floor":16},{"not_picked":["sneckomod:UnknownStrike+1","sneckomod:UnknownClassHEXA_GHOST_PURPLE+1"],"picked":"sneckomod:UnknownDraw+1","floor":19},{"not_picked":["sneckomod:SoulRoll","sneckomod:UnknownVulnerable"],"picked":"sneckomod:RainOfDice","floor":19},{"not_picked":["sneckomod:UnknownCommonAttack+1","sneckomod:UnknownX+1"],"picked":"sneckomod:UnknownStrike+1","floor":21},{"not_picked":["sneckomod:MixItUp+1","sneckomod:UnknownWeak"],"picked":"sneckomod:ImprovisedAttack","floor":21},{"not_picked":["sneckomod:UnknownVulnerable+1","sneckomod:UnknownDraw+1"],"picked":"sneckomod:Unknown1Cost+1","floor":22},{"not_picked":["sneckomod:SoulExchange","sneckomod:IronFang"],"picked":"sneckomod:SlitherStrike","floor":22},{"not_picked":["sneckomod:UnknownClassHEXA_GHOST_PURPLE+1","sneckomod:UnknownClassROBOT_ORANGE_COLOR+1"],"picked":"sneckomod:UnknownUncommonSkill+1","floor":23},{"not_picked":["sneckomod:Unknown1Cost","sneckomod:UnlimitedRolls"],"picked":"sneckomod:Transmogrify","floor":23},{"not_picked":["sneckomod:UnknownClassHEXA_GHOST_PURPLE","sneckomod:SoulExchange"],"picked":"sneckomod:UnknownDraw+1","floor":25},{"not_picked":["sneckomod:UnknownWeak+1","sneckomod:UnknownClassSLIMEBOUND+1"],"picked":"sneckomod:Unknown0Cost+1","floor":25},{"not_picked":["sneckomod:IronFang","sneckomod:UnknownCommonSkill+1"],"picked":"sneckomod:SnekBeam","floor":25},{"not_picked":["sneckomod:UnknownStrength+1","sneckomod:UnknownClassSLIMEBOUND+1"],"picked":"sneckomod:UnknownExhaust+1","floor":27},{"not_picked":["sneckomod:MixItUp","sneckomod:WideSting"],"picked":"sneckomod:Nope","floor":27},{"not_picked":["sneckomod:UnknownWeak+1","sneckomod:UnknownX+1"],"picked":"sneckomod:UnknownBoss+1","floor":28},{"not_picked":["sneckomod:UnknownCommonSkill","sneckomod:UnknownWeak"],"picked":"sneckomod:DiceCrush","floor":28},{"not_picked":["sneckomod:UnknownUncommonPower+1","sneckomod:UnknownClassHEXA_GHOST_PURPLE+1"],"picked":"sneckomod:UnknownRareSkill+1","floor":29},{"not_picked":["sneckomod:UnlimitedRolls","sneckomod:UnknownCommonAttack"],"picked":"sneckomod:SoulCleanse+1","floor":29},{"not_picked":["sneckomod:UnknownWeak+1","sneckomod:UnknownUncommonAttack+1"],"picked":"sneckomod:UnknownStrength+1","floor":30},{"not_picked":["sneckomod:QuickBite","sneckomod:UnknownUncommonSkill"],"picked":"sneckomod:UnknownClassSLIMEBOUND+1","floor":30},{"not_picked":["sneckomod:QuickBite","sneckomod:Nope+1"],"picked":"sneckomod:UnknownCommonAttack+1","floor":31},{"not_picked":["sneckomod:UnknownX+1","sneckomod:UnknownExhaust+1"],"picked":"sneckomod:UnknownRareSkill+1","floor":32},{"not_picked":["sneckomod:UnknownClassHEXA_GHOST_PURPLE","sneckomod:ImprovisedGuard"],"picked":"sneckomod:TrashToTreasure+1","floor":32},{"not_picked":["sneckomod:UnknownUncommonAttack+1","sneckomod:UnknownRareSkill+1"],"picked":"sneckomod:UnknownVulnerable+1","floor":33},{"not_picked":["sneckomod:UnknownRareSkill","sneckomod:Transmogrify"],"picked":"sneckomod:Unknown3Cost","floor":33},{"not_picked":["sneckomod:UnknownStrike+1","sneckomod:SoulRoll","sneckomod:DiceCrush+1"],"picked":"sneckomod:UnknownCommonSkill+1","floor":36},{"not_picked":["sneckomod:UnknownBlock","sneckomod:QuickBite+1","sneckomod:Unknown1Cost+1"],"picked":"sneckomod:Memorize+1","floor":37},{"not_picked":["expansioncontent:LastStand","expansioncontent:HyperBeam"],"picked":"Replay:SS_hec_1","floor":39},{"not_picked":["sneckomod:Unknown1Cost","sneckomod:UnknownCommonAttack+1","sneckomod:SoulDraw+1"],"picked":"sneckomod:UnknownCommonSkill+1","floor":40},{"not_picked":["sneckomod:UnknownUncommonSkill+1","sneckomod:UnknownCommonAttack+1"],"picked":"sneckomod:Unknown0Cost+1","floor":44},{"not_picked":["sneckomod:UnknownWeak+1","sneckomod:ImprovisedGuard+1","sneckomod:IronFang+1"],"picked":"sneckomod:Unknown1Cost+1","floor":44},{"not_picked":["sneckomod:Unknown1Cost+1","sneckomod:UnknownDraw+1"],"picked":"sneckomod:Unknown0Cost+1","floor":47},{"not_picked":["sneckomod:QuickBite+1","sneckomod:DiceCrush","sneckomod:UnknownColorless+1"],"picked":"sneckomod:UnknownStrength+1","floor":47},{"not_picked":["sneckomod:UnknownCommonSkill+1","sneckomod:UnknownClassSLIMEBOUND+1"],"picked":"sneckomod:UnknownX+1","floor":48},{"not_picked":["sneckomod:UnendingSupply","sneckomod:Nope","sneckomod:UnknownDraw+1"],"picked":"sneckomod:UnknownRareAttack+1","floor":48},{"not_picked":["sneckomod:UnknownStrength+1","sneckomod:UnknownUncommonAttack+1","sneckomod:MorePower"],"picked":"sneckomod:WideSting+1","floor":49}],"player_experience":1858189,"relics_obtained":[{"floor":7,"key":"Anchor"},{"floor":12,"key":"Pondfish Scales"},{"floor":14,"key":"infinitespire:PuzzleCube"},{"floor":19,"key":"Nunchaku"},{"floor":23,"key":"Smiling Mask"},{"floor":25,"key":"sneckomod:LoadedDie"},{"floor":27,"key":"sneckomod:CleanMud"},{"floor":29,"key":"Replay:PocketPolymizer"},{"floor":32,"key":"sneckomod:CleanMud"},{"floor":33,"key":"Anchor"},{"floor":33,"key":"sneckomod:SuperSneckoSoul"},{"floor":38,"key":"Pen Nib"},{"floor":40,"key":"Nunchaku"},{"floor":41,"key":"sneckomod:UnknownEgg"},{"floor":44,"key":"Nunchaku"},{"floor":44,"key":"Lantern"},{"floor":48,"key":"Ancient Tea Set"},{"floor":48,"key":"Anchor"},{"floor":48,"key":"Replay:Bandana"},{"floor":49,"key":"infinitespire:Lucky Rock"},{"floor":49,"key":"Orichalcum"}],"event_choices":[{"cards_removed":["RobotSpaceExplorer:Autoloader"],"damage_healed":0,"gold_gain":0,"player_choice":"Give","damage_taken":0,"max_hp_gain":0,"max_hp_loss":0,"event_name":"betterNote:BetterNote","floor":20,"gold_loss":0,"cards_obtained":["bronze:Mutator"]}],"is_beta":false,"boss_relics":[{"not_picked":["Kintsugi","Calling Bell"],"picked":"sneckomod:SuperSneckoSoul"},{"not_picked":["Runesmith:UraniumAnvil","hubris:HollowSoul"],"picked":"Honey Jar"}],"items_purged_floors":[30],"is_endless":false,"potions_floor_spawned":[2,3,12,14,15,16,19,23,27,29,33,37,44,47,48,49],"ascension_level":3}}