{"host":"vt6dr1xq3iy14a3e","time":1612549603,"event":{"mods":["AchievementEnabler","BaseMod","Colored Map","DeckTracker","Minty Spire (QoL Compilation)","StSLib","SuperFastMode"],"gold_per_floor":[114,129,144,69,69,69,99,99,124,154,169,199,199,214,214,314,314,329,344,344,359,14,44,97,97,122,122,187,187,202,267,267,267,267],"floor_reached":33,"language":"KOR","playtime":2051,"items_purged":["Strike_P","Strike_P"],"score":412,"play_id":"b52d146e-34c0-43f2-9ce4-1f19e9db0518","local_time":"20210206032643","daily_mods":["Specialized","ControlledChaos","Elite Swarm"],"is_ascension_mode":false,"campfire_choices":[{"data":"TalkToTheHand","floor":6.0,"key":"SMITH"},{"data":"Omniscience","floor":8.0,"key":"SMITH"},{"data":"Omniscience","floor":13.0,"key":"SMITH"},{"data":"Eruption","floor":15.0,"key":"SMITH"},{"floor":25.0,"key":"REST"},{"data":"FlyingSleeves","floor":27.0,"key":"PURGE"},{"data":"FlyingSleeves","floor":29.0,"key":"PURGE"},{"data":"Defend_P","floor":32.0,"key":"PURGE"}],"circlet_count":0,"master_deck":["Strike_P","Strike_P","Defend_P","Defend_P","Defend_P","Eruption+1","Vigilance","FlyingSleeves","FlyingSleeves","FlyingSleeves","Sanctity","CrushJoints","TalkToTheHand+1","Omniscience+1","Omniscience+1","Scrawl","Omniscience","ClearTheMind+1","Deep Breath","Wish","Adaptation","Crescendo+1","Tantrum+1","LessonLearned"],"relics":["PureWater","Frozen Eye","Centennial Puzzle","Art of War","Omamori","Torii","Calling Bell","Potion Belt","Question Card","Peace Pipe","Akabeko","Nunchaku","Red Mask","Lantern"],"acts_visited":["Exordium","TheCity"],"potions_floor_usage":[33,33],"damage_taken":[{"damage":1.0,"enemies":"2 Louse","floor":1.0,"turns":2.0},{"damage":0.0,"enemies":"Small Slimes","floor":2.0,"turns":2.0},{"damage":0.0,"enemies":"Cultist","floor":3.0,"turns":3.0},{"damage":13.0,"enemies":"3 Sentries","floor":7.0,"turns":9.0},{"damage":0.0,"enemies":"Gremlin Nob","floor":10.0,"turns":2.0},{"damage":9.0,"enemies":"Exordium Wildlife","floor":11.0,"turns":3.0},{"damage":0.0,"enemies":"Lagavulin","floor":12.0,"turns":3.0},{"damage":7.0,"enemies":"Blue Slaver","floor":14.0,"turns":2.0},{"damage":0.0,"enemies":"Hexaghost","floor":16.0,"turns":3.0},{"damage":0.0,"enemies":"Spheric Guardian","floor":18.0,"turns":1.0},{"damage":0.0,"enemies":"2 Thieves","floor":19.0,"turns":1.0},{"damage":0.0,"enemies":"Snake Plant","floor":21.0,"turns":2.0},{"damage":11.0,"enemies":"Gremlin Leader","floor":23.0,"turns":5.0},{"damage":40.0,"enemies":"Masked Bandits","floor":24.0,"turns":3.0},{"damage":9.0,"enemies":"Snecko","floor":28.0,"turns":4.0},{"damage":8.0,"enemies":"Chosen and Byrds","floor":30.0,"turns":2.0},{"damage":0.0,"enemies":"Cultist and Chosen","floor":31.0,"turns":4.0},{"damage":32,"enemies":"Automaton","floor":33,"turns":6}],"seed_played":"-8643747277835071688","potions_obtained":[{"floor":1.0,"key":"BottledMiracle"},{"floor":3.0,"key":"ColorlessPotion"},{"floor":7.0,"key":"AttackPotion"},{"floor":14.0,"key":"ColorlessPotion"},{"floor":16.0,"key":"Fire Potion"},{"floor":19.0,"key":"DuplicationPotion"},{"floor":20.0,"key":"EntropicBrew"},{"floor":20.0,"key":"Fruit Juice"},{"floor":20.0,"key":"SpeedPotion"},{"floor":30.0,"key":"ColorlessPotion"},{"floor":31.0,"key":"Block Potion"}],"is_trial":false,"path_per_floor":["M","M","M","$","?","R","E","R","T","E","M","E","R","M","R","B",null,"M","M","?","M","$","E","?","R","T","R","M","R","M","M","R","B"],"character_chosen":"WATCHER","items_purchased":["Deep Breath","Akabeko"],"campfire_rested":1,"item_purchase_floors":[22,22],"current_hp_per_floor":[71,71,71,71,71,71,58,58,58,58,49,49,49,42,42,42,72,72,72,77,77,77,66,26,49,49,49,40,40,32,32,32,0,0],"gold":267,"neow_bonus":"","is_daily":true,"chose_seed":false,"campfire_upgraded":4,"win_rate":0.0,"timestamp":1612549603,"path_taken":["M","M","M","$","?","R","E","R","T","E","M","E","R","M","R","BOSS","M","M","?","?","$","E","?","R","T","R","M","R","M","M","R","BOSS"],"items_purchased_type":["Card","Relic"],"build_version":"2020-12-22","purchased_purges":2,"victory":false,"max_hp_per_floor":[72,72,72,72,72,72,72,72,72,72,72,72,72,72,72,72,72,72,72,77,77,77,77,77,77,77,77,77,77,77,77,77,77,77],"card_choices":[{"not_picked":["Conclude","BowlingBash"],"picked":"Sanctity","floor":1.0},{"not_picked":["Consecrate","CutThroughFate"],"picked":"CrushJoints","floor":2.0},{"not_picked":["Study","Prostrate"],"picked":"TalkToTheHand","floor":3.0},{"not_picked":["Wish","DeusExMachina"],"picked":"Omniscience","floor":7.0},{"not_picked":["MasterReality","Vault"],"picked":"Omniscience","floor":10.0},{"not_picked":["ReachHeaven","BowlingBash","Consecrate"],"picked":"SKIP","floor":11.0},{"not_picked":["Blasphemy","Vault"],"picked":"Scrawl","floor":12.0},{"not_picked":["EmptyFist","Meditate","JustLucky"],"picked":"SKIP","floor":14.0},{"not_picked":["ConjureBlade","Vault"],"picked":"Omniscience","floor":16.0},{"not_picked":["Consecrate","Sanctity","ThirdEye"],"picked":"ClearTheMind+1","floor":18.0},{"not_picked":["FlurryOfBlows","FollowUp","Judgement","Pray+1"],"picked":"SKIP","floor":19.0},{"not_picked":["EmptyBody+1","Protect+1","BattleHymn","ThirdEye"],"picked":"SKIP","floor":21.0},{"not_picked":["LessonLearned","DeusExMachina","Judgement"],"picked":"Wish","floor":23.0},{"not_picked":["CutThroughFate","Nirvana","Indignation"],"picked":"Adaptation","floor":24.0},{"not_picked":["EmptyBody","BowlingBash","DeceiveReality"],"picked":"Crescendo+1","floor":28.0},{"not_picked":["CrushJoints","Prostrate","WindmillStrike"],"picked":"Tantrum+1","floor":30.0},{"not_picked":["SignatureMove","Weave+1","Indignation+1"],"picked":"LessonLearned","floor":31.0}],"player_experience":1044475,"relics_obtained":[{"floor":7.0,"key":"Centennial Puzzle"},{"floor":9.0,"key":"Art of War"},{"floor":10.0,"key":"Omamori"},{"floor":12.0,"key":"Torii"},{"floor":17.0,"key":"Potion Belt"},{"floor":17.0,"key":"Question Card"},{"floor":17.0,"key":"Peace Pipe"},{"floor":23.0,"key":"Nunchaku"},{"floor":24.0,"key":"Red Mask"},{"floor":26.0,"key":"Lantern"}],"event_choices":[{"damage_healed":0.0,"max_hp_gain":0.0,"max_hp_loss":0.0,"gold_gain":0.0,"event_name":"Liars Game","player_choice":"Ignored","floor":5.0,"gold_loss":0.0,"damage_taken":0.0},{"damage_healed":0.0,"max_hp_gain":0.0,"max_hp_loss":0.0,"gold_gain":0.0,"event_name":"Lab","player_choice":"Got Potions","floor":20.0,"gold_loss":0.0,"damage_taken":0.0},{"damage_healed":0.0,"max_hp_gain":0.0,"max_hp_loss":0.0,"gold_gain":0.0,"event_name":"Masked Bandits","player_choice":"Fought Bandits","floor":24.0,"gold_loss":0.0,"damage_taken":0.0}],"is_beta":false,"boss_relics":[{"not_picked":["HolyWater","Velvet Choker"],"picked":"Calling Bell"}],"items_purged_floors":[4,22],"is_endless":false,"potions_floor_spawned":[1,3,7,14,16,19,30,31],"killed_by":"Automaton","ascension_level":0}}