{"host":"lku4gktzilv18rfq","time":1612552455,"event":{"mods":["BaseMod","Minty Spire (QoL Compilation)","Permanent Neow","StSLib","thorton"],"gold_per_floor":[370,389,389,408,435,435,445,445,445],"floor_reached":7,"language":"ENG","playtime":606,"items_purged":[],"score":45,"play_id":"3d00695c-1287-406b-8664-f5f3ee475071","local_time":"20210205111415","is_ascension_mode":true,"campfire_choices":[{"floor":6,"key":"REST"}],"circlet_count":0,"master_deck":["thethorton:Strike","thethorton:Strike","thethorton:Strike","thethorton:Strike","thethorton:Defend","thethorton:Defend","thethorton:Defend","thethorton:Defend","thethorton:Heckle","thethorton:CreditCard","Normality","thethorton:Hindsight","thethorton:CannonShot","thethorton:CashBash","thethorton:Hexaghostify"],"relics":["thethorton:CouragePotion"],"acts_visited":["Exordium"],"potions_floor_usage":[5,5,5],"damage_taken":[{"damage":4,"enemies":"2 Louse","floor":1,"turns":5},{"damage":15,"enemies":"Cultist","floor":2,"turns":6},{"damage":10,"enemies":"Small Slimes","floor":4,"turns":5},{"damage":18,"enemies":"Exordium Thugs","floor":5,"turns":7},{"damage":24,"enemies":"Lagavulin","floor":7,"turns":11}],"seed_played":"-4108110991656329903","potions_obtained":[{"floor":1,"key":"SteroidPotion"},{"floor":3,"key":"Energy Potion"},{"floor":3,"key":"ColorlessPotion"},{"floor":3,"key":"Swift Potion"},{"floor":5,"key":"DuplicationPotion"}],"is_trial":false,"path_per_floor":["M","M","?","M","M","R","E"],"character_chosen":"THE_THORT","items_purchased":[],"campfire_rested":1,"item_purchase_floors":[],"current_hp_per_floor":[46,31,31,21,3,23,0,0,0],"gold":445,"neow_bonus":"TWO_FIFTY_GOLD","is_daily":false,"chose_seed":false,"campfire_upgraded":0,"win_rate":0.0,"timestamp":1612552455,"path_taken":["M","M","?","M","?","R","E"],"items_purchased_type":[],"build_version":"2020-12-22","purchased_purges":0,"victory":false,"max_hp_per_floor":[68,68,68,68,68,68,68,68,68],"card_choices":[{"not_picked":["thethorton:FearfulRun","thethorton:CallIn"],"picked":"thethorton:Hindsight","floor":1},{"not_picked":["thethorton:WhirlingBriefcase","thethorton:SicklyRun"],"picked":"thethorton:CannonShot","floor":2},{"not_picked":["thethorton:HitAhead","thethorton:HedgeFund"],"picked":"thethorton:CashBash","floor":4},{"not_picked":["thethorton:GoldBuffer","thethorton:RunningFeint"],"picked":"thethorton:Hexaghostify","floor":5}],"player_experience":910405,"relics_obtained":[],"event_choices":[{"damage_healed":0,"gold_gain":0,"player_choice":"Got Potions","damage_taken":0,"max_hp_gain":0,"max_hp_loss":0,"event_name":"Lab","floor":3,"gold_loss":0}],"is_beta":false,"boss_relics":[],"items_purged_floors":[],"is_endless":false,"potions_floor_spawned":[1,5],"killed_by":"Lagavulin","ascension_level":1}}