{"host":"1p8eqzpvl5sxeu5t","time":1612501291,"event":{"mods":["BaseMod","Bestiary","Block Reminder","Colored Map","Colored Powertips","Curses Come First","Dark Map","Downfall","Highlight Path","Minty Spire (QoL Compilation)","Morshu Shopkeeper","Morshu Shopkeeper - ENHANCED","Relic Stats","StSLib","The IronCluck","Waifu the Spire","everything is the same but u backflip on backflip","slay the spire mod where everything is the same but ironclad has a cowboy hat"],"gold_per_floor":[99,99,99,99,99,99,99,113,146,146,78,95,95,95,113,208,208,108,119,139,139,155,155,155,3,22,22,48,48,48,48],"floor_reached":29,"language":"ENG","playtime":1287,"items_purged":[],"score":263,"play_id":"c0764d11-cc15-4023-b02e-e0079fd53c7f","local_time":"20210205130131","is_ascension_mode":true,"campfire_choices":[{"data":"hexamod:Float","floor":1,"key":"SMITH"},{"floor":10,"key":"RECALL"},{"data":"hexamod:FlameSwitch","floor":18,"key":"SMITH"},{"data":"hexamod:FastForward","floor":23,"key":"SMITH"}],"circlet_count":0,"master_deck":["hexamod:Strike","hexamod:Defend","hexamod:Defend","hexamod:Defend","hexamod:Sear","hexamod:Float+1","hexamod:Again+1","hexamod:EmpoweredFlame+1","hexamod:EmpoweredFlame","hexamod:Hexaguard","hexamod:GhostflameInferno","hexamod:FastForward+1","hexamod:FirstSeal","hexamod:FlameSwitch+1","hexamod:HauntingEcho+1","hexamod:FirstSeal","hexamod:HeatMetal+1","hexamod:EmpoweredFlame","hexamod:AdvancingGuard+1"],"relics":["hexamod:SpiritBrand","downfall:HeartsMalice","Pear","Kunai","Astrolabe","downfall:HeartBlessingRed","Toxic Egg 2","Akabeko"],"acts_visited":["Exordium","TheCity"],"potions_floor_usage":[16,19,22,25,28,28,29],"damage_taken":[{"damage":0,"enemies":"Jaw Worm","floor":2,"turns":1},{"damage":0,"enemies":"Cultist","floor":3,"turns":1},{"damage":0,"enemies":"Small Slimes","floor":5,"turns":1},{"damage":14,"enemies":"Exordium Thugs","floor":8,"turns":4},{"damage":13,"enemies":"Lagavulin","floor":9,"turns":7},{"damage":0,"enemies":"downfall:FleeingMerchant","floor":11,"turns":4},{"damage":2,"enemies":"Large Slime","floor":12,"turns":3},{"damage":4,"enemies":"2 Fungi Beasts","floor":15,"turns":3},{"damage":23,"enemies":"WA_ARCHETYPE_RETAIN","floor":16,"turns":7},{"damage":21,"enemies":"3 Byrds","floor":19,"turns":4},{"damage":14,"enemies":"Spheric Guardian","floor":20,"turns":5},{"damage":36,"enemies":"Centurion and Healer","floor":22,"turns":6},{"damage":5,"enemies":"downfall:FleeingMerchant","floor":25,"turns":4},{"damage":8,"enemies":"Chosen and Byrds","floor":26,"turns":5},{"damage":53,"enemies":"Book of Stabbing","floor":28,"turns":7},{"damage":23,"enemies":"3 Cultists","floor":29,"turns":4}],"seed_played":"7242918420220050894","potions_obtained":[{"floor":8,"key":"Swift Potion"},{"floor":9,"key":"Explosive Potion"},{"floor":12,"key":"ColorlessPotion"},{"floor":22,"key":"hexamod:DoubleChargePotion"},{"floor":28,"key":"ColorlessPotion"}],"is_trial":false,"path_per_floor":["R","M","M","?","M","?","T","M","E","R","$","M","?","?","M","B",null,"R","M","M","?","M","R","T","$","M","?","E","M"],"character_chosen":"THE_SPIRIT","items_purchased":["hexamod:FastForward","EntropicBrew","hexamod:EmpoweredFlame"],"campfire_rested":0,"item_purchase_floors":[11,25,25],"current_hp_per_floor":[70,70,70,70,70,70,80,66,53,53,53,51,51,44,47,31,80,80,73,66,66,44,44,44,53,59,59,20,0,0,0],"gold":48,"neow_bonus":"THREE_ENEMY_KILL","is_daily":false,"chose_seed":false,"campfire_upgraded":3,"win_rate":0.0,"timestamp":1612501291,"path_taken":["R","M","M","?","?","?","T","M","E","R","?","M","?","?","M","BOSS","R","M","M","?","M","R","T","$","?","?","E","?"],"items_purchased_type":["Card","Potion","Card"],"build_version":"2020-12-22","purchased_purges":0,"victory":false,"max_hp_per_floor":[70,70,70,70,70,70,80,80,80,80,80,80,80,80,80,80,80,80,80,80,80,80,80,80,80,80,80,80,80,80,80],"relic_stats":{"counters":[16,63],"Astrolabe":["hexamod:HauntingEcho","hexamod:FirstSeal","hexamod:HeatMetal"],"Kunai":[2],"obtain_stats":[{"Pear":7,"downfall:HeartBlessingRed":18,"Astrolabe":17,"downfall:HeartsMalice":0,"Kunai":9,"Toxic Egg 2":24,"hexamod:SpiritBrand":0,"Akabeko":28},{"Pear":3,"downfall:HeartBlessingRed":9,"Astrolabe":9,"downfall:HeartsMalice":0,"Kunai":5,"Toxic Egg 2":12,"hexamod:SpiritBrand":0,"Akabeko":15},{"Pear":0,"downfall:HeartBlessingRed":28,"Astrolabe":28,"downfall:HeartsMalice":0,"Kunai":11,"Toxic Egg 2":43,"hexamod:SpiritBrand":0,"Akabeko":59}]},"card_choices":[{"not_picked":["hexamod:PowerFromBeyond","hexamod:GhostShield"],"picked":"hexamod:Again","floor":2},{"not_picked":["hexamod:FlamesFromBeyond","hexamod:HeatMetal"],"picked":"hexamod:EmpoweredFlame","floor":3},{"not_picked":["hexamod:Incineration","hexamod:HauntingEcho"],"picked":"hexamod:EmpoweredFlame","floor":5},{"not_picked":["hexamod:GhostShield","hexamod:ExtraCrispy"],"picked":"hexamod:Hexaguard","floor":8},{"not_picked":["hexamod:SkipABeat","hexamod:GhostLash"],"picked":"hexamod:GhostflameInferno","floor":9},{"not_picked":["hexamod:InspiringFlames","hexamod:SpectralAdrenaline","hexamod:ShieldOfDarkness"],"picked":"SKIP","floor":11},{"not_picked":["hexamod:ShieldOfDarkness","hexamod:BacktrackSmack","hexamod:PhantomCloak"],"picked":"SKIP","floor":12},{"not_picked":["hexamod:Hexaguard","hexamod:InspiringFlames","hexamod:ApocalypticArmor"],"picked":"SKIP","floor":15},{"not_picked":["hexamod:ApocalypticArmor","hexamod:TurnItUp"],"picked":"hexamod:FlameSwitch","floor":16},{"not_picked":["hexamod:StepThrough","hexamod:Rewind","hexamod:ExtraCrispy"],"picked":"SKIP","floor":19},{"not_picked":["hexamod:AdvancingGuard","hexamod:GhostLash","hexamod:RetreatToShadows"],"picked":"SKIP","floor":20},{"not_picked":["hexamod:NightmareGuise+1","hexamod:ThermalTransfer","hexamod:RadiantFlame+1"],"picked":"SKIP","floor":22},{"not_picked":["hexamod:PowerFromBeyond+1","hexamod:HauntingEcho","hexamod:WildfireWeapon"],"picked":"SKIP","floor":25},{"not_picked":["hexamod:SuperheatedStrike","hexamod:Hexaguard+1"],"picked":"hexamod:AdvancingGuard+1","floor":26},{"not_picked":["hexamod:GhostOfSpirePresent","hexamod:SuperheatedStrike","hexamod:ExtraCrispy"],"picked":"SKIP","floor":28}],"player_experience":886624,"relics_obtained":[{"floor":7,"key":"Pear"},{"floor":9,"key":"Kunai"},{"floor":24,"key":"Toxic Egg 2"},{"floor":28,"key":"Akabeko"}],"event_choices":[{"damage_healed":0,"gold_gain":0,"player_choice":"Forge","damage_taken":0,"max_hp_gain":0,"max_hp_loss":0,"event_name":"Accursed Blacksmith","floor":4,"gold_loss":0,"cards_upgraded":["hexamod:Again"]},{"damage_healed":0,"gold_gain":0,"player_choice":"Grow","damage_taken":0,"max_hp_gain":0,"max_hp_loss":0,"event_name":"Living Wall","floor":6,"gold_loss":0,"cards_upgraded":["hexamod:EmpoweredFlame"]},{"cards_removed":["hexamod:Strike"],"damage_healed":0,"gold_gain":0,"player_choice":"Card Removal","damage_taken":0,"max_hp_gain":0,"max_hp_loss":0,"event_name":"The Cleric","floor":13,"gold_loss":0}],"is_beta":false,"boss_relics":[{"not_picked":["Empty Cage","Pandora\u0027s Box"],"picked":"Astrolabe"}],"items_purged_floors":[],"is_endless":false,"potions_floor_spawned":[8,9,12,15,22,28],"killed_by":"3 Cultists","ascension_level":2}}