{"host":"rolltorest","time":1612513791,"event":{"mods":["BaseMod","Minty Spire (QoL Compilation)","Relic Stats","Slay the Relics Exporter","StSLib"],"gold_per_floor":[110,121,68,218,143,169,9,9,32,107,142,142,142,155,155,227,227,240,240,259,259,277,277,290,290,290,290,102,184,197,207,207,281,281,295,320,210,222,233,233,260,272,272,287,53,79,94,104,104,104,104],"floor_reached":50,"language":"ENG","playtime":2412,"items_purged":["Doubt","Strike_B+1"],"score":1074,"play_id":"d51b6e76-2fcb-41be-bf9b-6824d8060dd7","local_time":"20210205002951","is_ascension_mode":true,"campfire_choices":[{"data":"Doom and Gloom","floor":8,"key":"SMITH"},{"floor":13,"key":"REST"},{"data":"Defragment","floor":15,"key":"SMITH"},{"floor":23,"key":"REST"},{"floor":25,"key":"REST"},{"floor":27,"key":"REST"},{"data":"Loop","floor":32,"key":"SMITH"},{"data":"Seek","floor":40,"key":"SMITH"},{"floor":49,"key":"RECALL"}],"circlet_count":0,"master_deck":["AscendersBane","Defend_B+1","Defend_B+1","Defend_B+1","Zap","Dualcast","Sweeping Beam+1","Meteor Strike+1","Heatsinks+1","Ball Lightning","Ball Lightning+1","Cold Snap","Consume+1","Doom and Gloom+1","Core Surge","Genetic Algorithm","Cold Snap+1","Defragment+1","Creative AI","Loop+1","Leap","Chill","Force Field+1","Capacitor","Skim","Conserve Battery+1","Seek+1","Hologram","Compile Driver","Parasite","Loop+1","Master of Strategy","Coolheaded"],"relics":["Astrolabe","MealTicket","Orrery","Happy Flower","Whetstone","HornCleat","Philosopher\u0027s Stone","NlothsMask","Letter Opener","Coffee Dripper","Peace Pipe","Frozen Egg 2","Blue Candle"],"acts_visited":["Exordium","TheCity","TheBeyond"],"potions_floor_usage":[6,20,22,41,50,50],"damage_taken":[{"damage":4,"enemies":"Small Slimes","floor":1,"turns":4},{"damage":7,"enemies":"Jaw Worm","floor":2,"turns":3},{"damage":21,"enemies":"3 Sentries","floor":6,"turns":6},{"damage":29,"enemies":"Lagavulin","floor":11,"turns":5},{"damage":1,"enemies":"2 Louse","floor":14,"turns":2},{"damage":7,"enemies":"Hexaghost","floor":16,"turns":9},{"damage":18,"enemies":"2 Thieves","floor":18,"turns":3},{"damage":25,"enemies":"Shell Parasite","floor":20,"turns":4},{"damage":1,"enemies":"Centurion and Healer","floor":22,"turns":6},{"damage":29,"enemies":"Snake Plant","floor":24,"turns":5},{"damage":2,"enemies":"Snecko","floor":30,"turns":5},{"damage":5,"enemies":"Cultist and Chosen","floor":31,"turns":7},{"damage":26,"enemies":"Collector","floor":33,"turns":12},{"damage":7,"enemies":"Orb Walker","floor":35,"turns":4},{"damage":0,"enemies":"Mind Bloom Boss Battle","floor":36,"turns":6},{"damage":0,"enemies":"3 Shapes","floor":38,"turns":7},{"damage":0,"enemies":"Writhing Mass","floor":39,"turns":9},{"damage":0,"enemies":"Reptomancer","floor":41,"turns":9},{"damage":3,"enemies":"Maw","floor":42,"turns":7},{"damage":15,"enemies":"3 Darklings","floor":44,"turns":6},{"damage":22,"enemies":"Giant Head","floor":46,"turns":8},{"damage":0,"enemies":"Jaw Worm Horde","floor":47,"turns":6},{"damage":0,"enemies":"4 Shapes","floor":48,"turns":5},{"damage":30,"enemies":"Awakened One","floor":50,"turns":3}],"seed_played":"1106917130783494259","potions_obtained":[{"floor":1,"key":"AttackPotion"},{"floor":2,"key":"Swift Potion"},{"floor":11,"key":"EssenceOfSteel"},{"floor":20,"key":"SpeedPotion"},{"floor":30,"key":"SpeedPotion"},{"floor":33,"key":"AttackPotion"},{"floor":35,"key":"PowerPotion"},{"floor":44,"key":"PowerPotion"}],"is_trial":false,"path_per_floor":["M","M","$","?","$","E","$","R","T","?","E","T","R","M","R","B",null,"M","?","M","?","M","R","M","R","T","R","$","T","M","M","R","B",null,"M","?","?","M","M","R","E","M","T","M","$","E","M","M","R","B"],"character_chosen":"DEFECT","items_purchased":["Cold Snap","Orrery","Capacitor","Loop+1","Master of Strategy"],"campfire_rested":4,"item_purchase_floors":[3,7,28,45,45],"current_hp_per_floor":[60,53,53,53,53,32,47,47,47,36,7,7,28,27,27,20,58,40,40,15,15,14,35,6,27,27,48,63,63,61,56,56,30,61,54,54,54,54,54,54,54,51,51,36,51,29,29,29,29,0,0],"gold":104,"neow_bonus":"BOSS_RELIC","is_daily":false,"chose_seed":false,"campfire_upgraded":4,"win_rate":0.0,"timestamp":1612513791,"path_taken":["M","M","$","?","$","E","$","R","T","?","E","?","R","M","R","BOSS","M","?","M","?","?","R","M","R","T","R","$","?","M","?","R","BOSS","M","?","?","M","M","R","E","M","T","?","$","E","M","M","R","BOSS"],"items_purchased_type":["Card","Relic","Card","Card","Card"],"build_version":"2020-12-18","purchased_purges":2,"victory":false,"max_hp_per_floor":[71,71,71,71,71,71,71,71,71,71,71,71,71,71,71,71,71,71,71,71,71,71,71,71,71,71,71,71,71,71,71,71,71,71,71,71,71,71,71,71,71,71,71,71,71,71,71,71,71,71,71],"relic_stats":{"Peace Pipe":0,"Happy Flower":[42],"counters":[24,140],"Astrolabe":["Sweeping Beam","Meteor Strike","Heatsinks"],"Blue Candle":[0],"MealTicket":45,"Whetstone":["Ball Lightning","Cold Snap"],"Letter Opener":[227],"obtain_stats":[{"Happy Flower":9,"Astrolabe":0,"Blue Candle":46,"Whetstone":11,"Letter Opener":29,"Frozen Egg 2":41,"Peace Pipe":36,"HornCleat":12,"Orrery":7,"MealTicket":6,"Philosopher\u0027s Stone":17,"Coffee Dripper":34,"Cracked Core":0,"NlothsMask":21},{"Happy Flower":3,"Astrolabe":0,"Blue Candle":21,"Whetstone":4,"Letter Opener":10,"Frozen Egg 2":18,"Peace Pipe":15,"HornCleat":4,"Orrery":3,"MealTicket":3,"Philosopher\u0027s Stone":6,"Coffee Dripper":13,"Cracked Core":0,"NlothsMask":8},{"Happy Flower":13,"Astrolabe":0,"Blue Candle":126,"Whetstone":18,"Letter Opener":47,"Frozen Egg 2":106,"Peace Pipe":81,"HornCleat":18,"Orrery":13,"MealTicket":13,"Philosopher\u0027s Stone":29,"Coffee Dripper":71,"Cracked Core":0,"NlothsMask":36}]},"card_choices":[{"not_picked":["Aggregate","Sunder"],"picked":"Ball Lightning","floor":1},{"not_picked":["Skim","Capacitor"],"picked":"Ball Lightning","floor":2},{"not_picked":["Steam Power","Skim"],"picked":"Consume","floor":6},{"not_picked":["Barrage","Beam Cell"],"picked":"Doom and Gloom","floor":7},{"not_picked":["Compile Driver","Hologram"],"picked":"Core Surge","floor":7},{"not_picked":["Undo","Reinforced Body"],"picked":"Genetic Algorithm","floor":7},{"not_picked":["Genetic Algorithm","Skim"],"picked":"Cold Snap","floor":7},{"not_picked":["Gash","Streamline"],"picked":"Defragment","floor":11},{"not_picked":["Melter","Rebound","Hello World"],"picked":"SKIP","floor":14},{"not_picked":["Thunder Strike","All For One"],"picked":"Creative AI","floor":16},{"not_picked":["Darkness","FTL"],"picked":"Loop","floor":18},{"not_picked":["Beam Cell","Compile Driver"],"picked":"Leap","floor":20},{"not_picked":["Go for the Eyes","Redo"],"picked":"Chill","floor":22},{"not_picked":["Scrape","Heatsinks"],"picked":"Force Field+1","floor":24},{"not_picked":["Stack+1","Turbo"],"picked":"Skim","floor":30},{"not_picked":["Leap+1","Fission"],"picked":"Conserve Battery+1","floor":31},{"not_picked":["Rainbow","All For One"],"picked":"Seek","floor":33},{"not_picked":["Doom and Gloom","Conserve Battery","Ball Lightning"],"picked":"SKIP","floor":35},{"not_picked":["Ball Lightning+1","Gash"],"picked":"Hologram","floor":36},{"not_picked":["Stack+1","Cold Snap"],"picked":"Compile Driver","floor":38},{"not_picked":["Rebound+1","Leap","Hello World"],"picked":"SKIP","floor":39},{"not_picked":["Hyperbeam","Streamline+1","Redo"],"picked":"SKIP","floor":41},{"not_picked":["Beam Cell","Conserve Battery","Leap+1"],"picked":"SKIP","floor":42},{"not_picked":["Stack","Conserve Battery","Rebound"],"picked":"SKIP","floor":44},{"not_picked":["Tempest","Redo+1"],"picked":"Coolheaded","floor":46},{"not_picked":["Scrape","Hologram","Sweeping Beam"],"picked":"SKIP","floor":47},{"not_picked":["Rebound","Turbo","Fusion"],"picked":"SKIP","floor":48}],"player_experience":1863296,"relics_obtained":[{"floor":6,"key":"MealTicket"},{"floor":9,"key":"Happy Flower"},{"floor":11,"key":"Whetstone"},{"floor":12,"key":"HornCleat"},{"floor":29,"key":"Letter Opener"},{"floor":36,"key":"Peace Pipe"},{"floor":41,"key":"Frozen Egg 2"},{"floor":46,"key":"Blue Candle"}],"event_choices":[{"damage_healed":0,"gold_gain":150,"player_choice":"AGREE","damage_taken":0,"max_hp_gain":0,"max_hp_loss":0,"event_name":"Liars Game","floor":4,"gold_loss":0,"cards_obtained":["Doubt"]},{"damage_healed":0,"gold_gain":75,"player_choice":"Gather Gold","damage_taken":11,"max_hp_gain":0,"max_hp_loss":0,"event_name":"World of Goop","floor":10,"gold_loss":0},{"damage_healed":0,"gold_gain":0,"player_choice":"Simplicity","damage_taken":0,"max_hp_gain":0,"max_hp_loss":0,"event_name":"Back to Basics","floor":19,"gold_loss":0,"cards_upgraded":["Strike_B","Defend_B","Defend_B","Defend_B","Defend_B"]},{"damage_healed":0,"gold_gain":0,"player_choice":"Trade","damage_taken":0,"relics_obtained":["NlothsMask"],"max_hp_gain":0,"max_hp_loss":0,"event_name":"FaceTrader","floor":21,"gold_loss":0},{"damage_healed":0,"gold_gain":0,"player_choice":"Fight","damage_taken":0,"max_hp_gain":0,"max_hp_loss":0,"event_name":"MindBloom","floor":36,"gold_loss":0},{"cards_removed":["Defend_B"],"damage_healed":0,"gold_gain":0,"player_choice":"Upgrade and Remove","damage_taken":0,"max_hp_gain":0,"max_hp_loss":0,"event_name":"Designer","floor":37,"gold_loss":110,"cards_upgraded":["Consume"]}],"is_beta":true,"boss_relics":[{"not_picked":["Ectoplasm","Busted Crown"],"picked":"Philosopher\u0027s Stone"},{"not_picked":["Sozu","Pandora\u0027s Box"],"picked":"Coffee Dripper"}],"items_purged_floors":[5,28],"is_endless":false,"potions_floor_spawned":[1,2,11,20,30,33,35,36,39,44,46],"killed_by":"Awakened One","ascension_level":20}}