{"host":"gobyjzz6xbwq9f9i","time":1612496255,"event":{"mods":["AchievementEnabler","BaseMod","Bestiary","Colored Map","Minty Spire (QoL Compilation)","Relic Stats"],"gold_per_floor":[155,186,186,0,38,38,73,114,414,449,449,478,539,620,620,774,774,817,430,475,485,111,111,166,205,230,243,284,21,21,73,73,73,73],"floor_reached":33,"language":"ENG","playtime":1973,"items_purged":["Strike_G","Strike_G"],"score":514,"play_id":"5405557c-13b7-4caf-8dd1-79f9359e9981","local_time":"20210204193735","is_ascension_mode":true,"campfire_choices":[{"data":"HandOfGreed","floor":6,"key":"SMITH"},{"data":"Dagger Spray","floor":11,"key":"SMITH"},{"data":"Riddle With Holes","floor":15,"key":"SMITH"},{"floor":23,"key":"REST"},{"floor":30,"key":"REST"},{"data":"Footwork","floor":32,"key":"SMITH"}],"circlet_count":0,"master_deck":["AscendersBane","Strike_G","Strike_G","Strike_G","Defend_G","Defend_G","Defend_G","Defend_G","Survivor","Neutralize","HandOfGreed+1","Backflip","Dagger Spray+1","Footwork+1","Dodge and Roll","Riddle With Holes+1","Flying Knee","Infinite Blades","Die Die Die","Dodge and Roll","Endless Agony","Venomology","Phantasmal Killer","Deadly Poison+1","Caltrops","Accuracy","PiercingWail","Well Laid Plans","Terror","Footwork","Catalyst+1"],"relics":["Ring of the Snake","Membership Card","Old Coin","The Specimen","Dead Branch","Black Star","HandDrill","Lantern","Letter Opener","Sundial","Chemical X","Molten Egg 2","Blood Vial","Toy Ornithopter","Tiny Chest","Gambling Chip","Centennial Puzzle","Pocketwatch","Mercury Hourglass"],"acts_visited":["Exordium","TheCity"],"potions_floor_usage":[12,12,18,20,20,21,25,25,27,28,31,31,33,33,33],"damage_taken":[{"damage":3,"enemies":"2 Louse","floor":1,"turns":4},{"damage":0,"enemies":"Cultist","floor":2,"turns":3},{"damage":8,"enemies":"Jaw Worm","floor":5,"turns":5},{"damage":2,"enemies":"Looter","floor":7,"turns":3},{"damage":11,"enemies":"3 Louse","floor":8,"turns":4},{"damage":1,"enemies":"Blue Slaver","floor":10,"turns":6},{"damage":2,"enemies":"Lagavulin","floor":12,"turns":7},{"damage":0,"enemies":"Large Slime","floor":13,"turns":7},{"damage":11,"enemies":"3 Sentries","floor":14,"turns":10},{"damage":5,"enemies":"Slime Boss","floor":16,"turns":10},{"damage":6,"enemies":"Shell Parasite","floor":18,"turns":9},{"damage":6,"enemies":"2 Thieves","floor":20,"turns":4},{"damage":17,"enemies":"Sentry and Sphere","floor":21,"turns":6},{"damage":39,"enemies":"Slavers","floor":24,"turns":4},{"damage":6,"enemies":"Centurion and Healer","floor":25,"turns":5},{"damage":8,"enemies":"Snecko","floor":27,"turns":5},{"damage":6,"enemies":"3 Cultists","floor":28,"turns":4},{"damage":11,"enemies":"Book of Stabbing","floor":31,"turns":6},{"damage":73,"enemies":"Collector","floor":33,"turns":6}],"seed_played":"-6009338983172474038","potions_obtained":[{"floor":2,"key":"Poison Potion"},{"floor":7,"key":"Dexterity Potion"},{"floor":8,"key":"Block Potion"},{"floor":14,"key":"Poison Potion"},{"floor":16,"key":"PowerPotion"},{"floor":21,"key":"LiquidBronze"},{"floor":25,"key":"Regen Potion"},{"floor":27,"key":"Fire Potion"},{"floor":28,"key":"SteroidPotion"}],"is_trial":false,"path_per_floor":["M","M","?","$","M","R","M","M","T","M","R","E","M","E","R","B",null,"M","$","M","M","$","R","E","M","T","M","M","$","R","E","R","B"],"character_chosen":"THE_SILENT","items_purchased":["Membership Card","Footwork","HandDrill","Lantern","Letter Opener","Phantasmal Killer","Sundial","Chemical X","Molten Egg 2","Gambling Chip","Footwork","Centennial Puzzle"],"campfire_rested":2,"item_purchase_floors":[4,4,19,19,19,19,22,22,22,29,29,29],"current_hp_per_floor":[60,60,60,60,52,52,50,39,39,38,38,36,36,25,25,20,52,46,46,40,23,23,41,2,8,8,21,22,22,40,41,41,0,0],"gold":73,"neow_bonus":"RANDOM_COLORLESS_2","is_daily":false,"chose_seed":false,"campfire_upgraded":4,"win_rate":0.0,"timestamp":1612496255,"path_taken":["M","M","?","?","?","R","M","M","T","M","R","E","M","E","R","BOSS","M","$","M","M","$","R","E","M","T","M","?","?","R","E","R","BOSS"],"items_purchased_type":["Relic","Card","Relic","Relic","Relic","Card","Relic","Relic","Relic","Relic","Card","Relic"],"build_version":"2020-12-22","purchased_purges":2,"victory":false,"max_hp_per_floor":[63,63,63,63,63,63,63,63,63,63,63,63,63,63,63,63,63,63,63,63,63,63,63,63,63,63,63,63,63,63,63,63,63,63],"relic_stats":{"counters":[19,108],"Dead Branch":[82],"Letter Opener":[65],"Mercury Hourglass":[42],"Blood Vial":10,"Centennial Puzzle":[6],"Sundial":[2],"Gambling Chip":[10],"Tiny Chest":0,"Black Star":2,"HandDrill":[4],"Chemical X":[3],"obtain_stats":[{"Lantern":19,"The Specimen":12,"Dead Branch":14,"Letter Opener":19,"Old Coin":9,"Mercury Hourglass":31,"Blood Vial":24,"Centennial Puzzle":29,"Sundial":22,"Gambling Chip":29,"Molten Egg 2":22,"Tiny Chest":26,"Black Star":17,"HandDrill":19,"Membership Card":4,"Chemical X":22,"Toy Ornithopter":24,"Ring of the Snake":0,"Pocketwatch":31},{"Lantern":11,"The Specimen":7,"Dead Branch":9,"Letter Opener":11,"Old Coin":5,"Mercury Hourglass":18,"Blood Vial":14,"Centennial Puzzle":17,"Sundial":13,"Gambling Chip":17,"Molten Egg 2":13,"Tiny Chest":15,"Black Star":10,"HandDrill":11,"Membership Card":2,"Chemical X":13,"Toy Ornithopter":14,"Ring of the Snake":0,"Pocketwatch":18},{"Lantern":68,"The Specimen":32,"Dead Branch":49,"Letter Opener":68,"Old Coin":19,"Mercury Hourglass":102,"Blood Vial":82,"Centennial Puzzle":96,"Sundial":78,"Gambling Chip":96,"Molten Egg 2":78,"Tiny Chest":87,"Black Star":59,"HandDrill":68,"Membership Card":7,"Chemical X":78,"Toy Ornithopter":82,"Ring of the Snake":0,"Pocketwatch":102}],"Toy Ornithopter":45,"Ring of the Snake":[38],"Pocketwatch":[4]},"card_choices":[{"not_picked":["Transmutation","Apotheosis"],"picked":"HandOfGreed","floor":0},{"not_picked":["Deflect","Flying Knee"],"picked":"Backflip","floor":1},{"not_picked":["Expertise","Setup"],"picked":"Dagger Spray","floor":2},{"not_picked":["Acrobatics","Outmaneuver"],"picked":"Dodge and Roll","floor":5},{"not_picked":["Prepared","Distraction"],"picked":"Riddle With Holes","floor":7},{"not_picked":["Caltrops","Acrobatics"],"picked":"Flying Knee","floor":8},{"not_picked":["Heel Hook","Prepared"],"picked":"Infinite Blades","floor":10},{"not_picked":["Escape Plan","Cloak And Dagger"],"picked":"Die Die Die","floor":12},{"not_picked":["Eviscerate","Underhanded Strike"],"picked":"Dodge and Roll","floor":13},{"not_picked":["Poisoned Stab","Concentrate"],"picked":"Endless Agony","floor":14},{"not_picked":["Unload","Grand Finale"],"picked":"Venomology","floor":16},{"not_picked":["Deflect","Quick Slash","Dodge and Roll+1"],"picked":"SKIP","floor":18},{"not_picked":["Blade Dance","Prepared"],"picked":"Deadly Poison+1","floor":20},{"not_picked":["Quick Slash","Sucker Punch"],"picked":"Caltrops","floor":21},{"not_picked":["Dagger Throw+1","Dagger Spray+1"],"picked":"Accuracy","floor":24},{"not_picked":["Outmaneuver","Dodge and Roll"],"picked":"PiercingWail","floor":25},{"not_picked":["Storm of Steel","Backstab+1"],"picked":"Well Laid Plans","floor":27},{"not_picked":["Riddle With Holes+1","Blade Dance"],"picked":"Terror","floor":28},{"not_picked":["Footwork+1","Crippling Poison+1"],"picked":"Catalyst+1","floor":31}],"player_experience":1282490,"relics_obtained":[{"floor":9,"key":"Old Coin"},{"floor":12,"key":"The Specimen"},{"floor":14,"key":"Dead Branch"},{"floor":24,"key":"Blood Vial"},{"floor":24,"key":"Toy Ornithopter"},{"floor":26,"key":"Tiny Chest"},{"floor":31,"key":"Pocketwatch"},{"floor":31,"key":"Mercury Hourglass"}],"event_choices":[{"cards_removed":["Defend_G"],"damage_healed":0,"gold_gain":0,"player_choice":"Purged","damage_taken":0,"max_hp_gain":0,"max_hp_loss":0,"event_name":"Purifier","floor":3,"gold_loss":0}],"is_beta":false,"boss_relics":[{"not_picked":["Ring of the Serpent","Tiny House"],"picked":"Black Star"}],"items_purged_floors":[19,22],"is_endless":false,"potions_floor_spawned":[2,7,8,14,16,21,25,27,28],"killed_by":"Collector","ascension_level":10}}