{"host":"k5fgrtcqzqosfxt0","time":1612496421,"event":{"mods":["Act Like it!","Aspiration","BaseMod","Downfall","Gensokyo","Minty Spire (QoL Compilation)","StSLib","TestMod","The Runesmith","UnlockEverythingMod"],"gold_per_floor":[116,41,41,51,61,61,91,91,91,91,166,185,216,277,277,356,356,375,300,318,318,329,329,361,361,361],"floor_reached":25,"language":"ZHS","playtime":696,"items_purged":[],"score":458,"play_id":"d2c881bf-19f3-4281-95a6-ed30c32b24b6","local_time":"20210205114021","is_ascension_mode":true,"campfire_choices":[{"data":"Dualcast","floor":6.0,"key":"SMITH"},{"data":"Ball Lightning","floor":8.0,"key":"SMITH"},{"data":"Gash","floor":10.0,"key":"SMITH"},{"data":"Meteor Strike","floor":15.0,"key":"SMITH"},{"floor":23,"key":"REST"}],"circlet_count":0,"master_deck":["AscendersBane","Strike_B","Strike_B","Strike_B","Defend_B","Defend_B","Zap","Dualcast+1","Ball Lightning+1","Chill","Electrodynamics","Gash+1","Cold Snap","Sunder","Meteor Strike+1","Coolheaded","Recycle"],"relics":["testmod-Alchemist","aspiration:PoetsPen_weak","Runesmith:Nanobots","Mango","Omamori","testmod-PortableAltar","Juzu Bracelet","testmod-Déjàvu"],"acts_visited":["Exordium","TheCity"],"potions_floor_usage":[22],"damage_taken":[{"damage":16.0,"enemies":"Small Slimes","floor":1.0,"turns":4.0},{"damage":5.0,"enemies":"Jaw Worm","floor":4.0,"turns":3.0},{"damage":0.0,"enemies":"2 Louse","floor":5.0,"turns":1.0},{"damage":20.0,"enemies":"Lagavulin","floor":7.0,"turns":5.0},{"damage":0.0,"enemies":"2 Fungi Beasts","floor":12.0,"turns":2.0},{"damage":3.0,"enemies":"3 Sentries","floor":13.0,"turns":4.0},{"damage":0.0,"enemies":"3 Sentries","floor":14.0,"turns":4.0},{"damage":7.0,"enemies":"Hexaghost","floor":16.0,"turns":9.0},{"damage":22.0,"enemies":"3 Byrds","floor":18.0,"turns":4.0},{"damage":32.0,"enemies":"Shell Parasite","floor":20.0,"turns":5.0},{"damage":11,"enemies":"Snake Plant","floor":22,"turns":2},{"damage":25,"enemies":"Gremlin Leader","floor":24,"turns":6},{"damage":1,"enemies":"Masked Bandits","floor":25,"turns":2}],"seed_played":"-3258310852591608085","potions_obtained":[{"floor":1.0,"key":"Fire Potion"},{"floor":5.0,"key":"Guardian:BlockOnCardUsePotion"},{"floor":12.0,"key":"testmod-TimePotion"},{"floor":16.0,"key":"Strength Potion"},{"floor":20.0,"key":"Dexterity Potion"}],"is_trial":false,"path_per_floor":["M","?","?","M","M","R","E","R","T","R","?","M","E","?","R","B",null,"M","?","M","?","M","R","E","?"],"character_chosen":"DEFECT","items_purchased":[],"campfire_rested":1,"item_purchase_floors":[],"current_hp_per_floor":[48,48,48,43,43,43,23,23,23,23,12,12,23,23,23,16,68,46,46,14,14,3,26,1,0,0],"gold":361,"neow_bonus":"BOSS_RELIC","is_daily":false,"chose_seed":false,"campfire_upgraded":4,"win_rate":0.0,"timestamp":1612496421,"path_taken":["M","?","?","M","M","R","E","R","T","R","?","M","E","?","R","BOSS","M","?","M","?","M","R","E","?"],"items_purchased_type":[],"build_version":"2020-12-22","purchased_purges":0,"victory":false,"max_hp_per_floor":[71,71,71,71,71,71,71,71,71,71,71,71,85,85,85,85,85,84,83,82,81,80,79,78,77,77],"card_choices":[{"not_picked":["Reprogram","Steam"],"picked":"Ball Lightning","floor":1.0},{"not_picked":["Beam Cell","Coolheaded"],"picked":"Electrodynamics","floor":4.0},{"not_picked":["Auto Shields","Steam Power"],"picked":"Gash","floor":5.0},{"not_picked":["Beam Cell","Sweeping Beam","Conserve Battery"],"picked":"SKIP","floor":7.0},{"not_picked":["Gash","Steam"],"picked":"Cold Snap","floor":12.0},{"not_picked":["Conserve Battery","Darkness"],"picked":"Sunder","floor":13.0},{"not_picked":["Turbo","Barrage"],"picked":"Meteor Strike","floor":14.0},{"not_picked":["Conserve Battery","Leap","Steam"],"picked":"SKIP","floor":18.0},{"not_picked":["Compile Driver","Gash"],"picked":"Coolheaded","floor":20.0},{"not_picked":["Genetic Algorithm","Ball Lightning","Conserve Battery+1"],"picked":"SKIP","floor":22},{"not_picked":["Defragment","Heatsinks"],"picked":"Recycle","floor":24}],"player_experience":623822,"relics_obtained":[{"floor":7.0,"key":"Runesmith:Nanobots"},{"floor":13.0,"key":"Mango"},{"floor":14.0,"key":"Omamori"},{"floor":24,"key":"testmod-Déjàvu"}],"event_choices":[{"cards_removed":["Strike_B"],"damage_healed":0.0,"max_hp_gain":0.0,"max_hp_loss":0.0,"gold_gain":0.0,"event_name":"The Cleric","player_choice":"Card Removal","floor":2.0,"gold_loss":75.0,"damage_taken":0.0},{"damage_healed":0.0,"max_hp_gain":0.0,"max_hp_loss":0.0,"gold_gain":0.0,"cards_transformed":["Defend_B"],"event_name":"Living Wall","player_choice":"Change","floor":3.0,"gold_loss":0.0,"damage_taken":0.0,"cards_obtained":["Chill"]},{"damage_healed":0.0,"max_hp_gain":0.0,"max_hp_loss":0.0,"gold_gain":75.0,"event_name":"World of Goop","player_choice":"Gather Gold","floor":11.0,"gold_loss":0.0,"damage_taken":11.0},{"damage_healed":0.0,"max_hp_gain":0.0,"max_hp_loss":0.0,"gold_gain":0.0,"event_name":"Dead Adventurer","player_choice":"Searched \u00271\u0027 times","floor":14.0,"gold_loss":0.0,"damage_taken":0.0},{"cards_removed":["Defend_B"],"damage_healed":0.0,"max_hp_gain":0.0,"max_hp_loss":0.0,"gold_gain":0.0,"event_name":"Beggar","player_choice":"Gave Gold","floor":19.0,"gold_loss":75.0,"damage_taken":0.0},{"damage_healed":0.0,"max_hp_gain":0.0,"max_hp_loss":0.0,"gold_gain":0.0,"event_name":"给自己的盒子","player_choice":"Swap Relic","floor":21.0,"relics_lost":["testmod-TestBox"],"gold_loss":0.0,"damage_taken":0.0,"relics_obtained":["Juzu Bracelet"]},{"damage_healed":0,"gold_gain":0,"player_choice":"Fought Bandits","damage_taken":0,"max_hp_gain":0,"max_hp_loss":0,"event_name":"Masked Bandits","floor":25,"gold_loss":0}],"is_beta":false,"boss_relics":[{"not_picked":["Busted Crown","Black Star"],"picked":"testmod-PortableAltar"}],"items_purged_floors":[],"is_endless":false,"potions_floor_spawned":[1,5,12,16,20],"killed_by":"Masked Bandits","ascension_level":20}}