{"host":"cfx7gfywkfguge4j","time":1612503900,"event":{"mods":["BaseMod","Lobotomy","LobotomyExtend","Minty Spire (QoL Compilation)","Replay The Spire","Shop Mod","StSLib","The Servant 0.9.4","[IsaacMod]ÒÔÈö¼âËþ"],"gold_per_floor":[109,109,142,67,79,129,129,129,129],"floor_reached":8,"language":"ZHS","playtime":374,"items_purged":[],"score":64,"play_id":"59d3c68c-9994-4403-b83e-4ea07ca2799b","local_time":"20210205134500","is_ascension_mode":true,"campfire_choices":[{"data":"BettingIsNotGood","floor":7,"key":"SMITH"}],"circlet_count":0,"master_deck":["Strike_S","Strike_S","Strike_S","Defend_S","Defend_S","Defend_S","Defend_S","KidneyShot","Exchange","BettingIsNotGood+1","Starlight","Solidify","ShiftingGears","Luminosity","MeatLantern","Luminosity","Ricochet"],"relics":["Uniform","HushsDoor","CogitoBucket","RabbitCall","PillsDrop","LetterFromLob","Ornamental Fan"],"acts_visited":["Exordium"],"potions_floor_usage":[6],"damage_taken":[{"damage":10,"enemies":"Small Slimes","floor":1,"turns":4},{"damage":6,"enemies":"Jaw Worm","floor":3,"turns":4},{"damage":0,"enemies":"Cultist","floor":5,"turns":2},{"damage":13,"enemies":"3 Sentries","floor":6,"turns":10},{"damage":50,"enemies":"Lagavulin","floor":8,"turns":2}],"seed_played":"-2741592203219128852","potions_obtained":[{"floor":1,"key":"Explosive Potion"}],"is_trial":false,"path_per_floor":["M","?","M","$","M","E","R","E"],"character_chosen":"THE_SERVANT","items_purchased":["Luminosity"],"campfire_rested":0,"item_purchase_floors":[4],"current_hp_per_floor":[55,55,49,49,49,36,36,0,0],"gold":129,"neow_bonus":"","is_daily":false,"chose_seed":false,"campfire_upgraded":1,"win_rate":0.0,"timestamp":1612503900,"path_taken":["M","?","M","?","?","E","R","E"],"items_purchased_type":["Card"],"build_version":"2020-12-22","purchased_purges":0,"victory":false,"max_hp_per_floor":[65,65,65,65,65,65,65,65,65],"card_choices":[{"not_picked":[],"picked":"BettingIsNotGood","floor":0.0},{"not_picked":["Replace","Deadline"],"picked":"Starlight","floor":1},{"not_picked":["Spin","Collapse"],"picked":"ShiftingGears","floor":3},{"not_picked":["Wellcheers","VoidDream"],"picked":"MeatLantern","floor":5},{"not_picked":["Spin","ForgedInTime"],"picked":"Luminosity","floor":5},{"not_picked":["Scorched","NakedNest","LaLuna"],"picked":"Singing Bowl","floor":6},{"not_picked":["Snipe","BestPractice"],"picked":"Ricochet","floor":6}],"player_experience":100153,"relics_obtained":[{"floor":1,"key":"LetterFromLob"},{"floor":6,"key":"Ornamental Fan"}],"event_choices":[{"damage_healed":0,"gold_gain":0,"cards_transformed":["Strike_S"],"player_choice":"Change","damage_taken":0,"max_hp_gain":0,"max_hp_loss":0,"event_name":"Living Wall","floor":2,"gold_loss":0,"cards_obtained":["Solidify"]}],"is_beta":false,"boss_relics":[],"items_purged_floors":[],"is_endless":false,"potions_floor_spawned":[1],"killed_by":"Lagavulin","ascension_level":3}}