{"host":"8is2j71l4wmybkoi","time":1612529590,"event":{"mods":["AchievementEnabler","BaseMod","Colored Map","Minty Spire (QoL Compilation)","Rare Cards Sparkle","StSLib","SuperFastMode"],"gold_per_floor":[111,129,147,163,163,163,192,210,210,210,239,22,22,22,22,95,145,159,170,20,37,237,237,268,279,303,303,321,349,349,369,369,445,445,458,458,201,201,6,6,34,34,58,88,100,100,110,120,120,120,120,120,46,74,74],"floor_reached":56,"language":"KOR","playtime":4990,"items_purged":["Strike_G","Strike_G","Strike_G"],"score":2534,"play_id":"e17bfc29-48c9-4134-8c5f-5f3674a51316","local_time":"20210205215310","is_ascension_mode":true,"campfire_choices":[{"data":"Prepared","floor":6.0,"key":"SMITH"},{"floor":10.0,"key":"REST"},{"data":"A Thousand Cuts","floor":13.0,"key":"SMITH"},{"data":"Tactician","floor":15.0,"key":"SMITH"},{"data":"Tools of the Trade","floor":23,"key":"SMITH"},{"data":"Reflex","floor":27,"key":"SMITH"},{"data":"Adrenaline","floor":32,"key":"SMITH"},{"data":"Well Laid Plans","floor":40,"key":"SMITH"},{"floor":42,"key":"RECALL"},{"data":"Calculated Gamble","floor":46,"key":"SMITH"},{"data":"Acrobatics","floor":49,"key":"SMITH"},{"data":"Reflex","floor":52,"key":"SMITH"}],"circlet_count":0,"master_deck":["AscendersBane","Strike_G+1","Defend_G","Defend_G","Defend_G","Defend_G","Defend_G","Survivor","Neutralize","Caltrops","Tactician+1","Prepared+1","Dagger Throw","Malaise+1","Backflip","Reflex+1","A Thousand Cuts+1","Tools of the Trade+1","Backflip","Acrobatics+1","Grand Finale","Adrenaline+1","Calculated Gamble+1","Reflex+1","After Image","Adrenaline+1","Master of Strategy","Madness","Well Laid Plans+1"],"relics":["Ring of the Snake","Tough Bandages","Ornamental Fan","Boot","Tiny House","Incense Burner","Juzu Bracelet","Bottled Lightning","Coffee Dripper","DollysMirror","StoneCalendar","Ancient Tea Set","Centennial Puzzle"],"acts_visited":["Exordium","TheCity","TheBeyond","TheEnding"],"potions_floor_usage":[18,19,21,33,47,54,55],"damage_taken":[{"damage":0.0,"enemies":"2 Louse","floor":1.0,"turns":4.0},{"damage":0.0,"enemies":"Cultist","floor":2.0,"turns":4.0},{"damage":3.0,"enemies":"Jaw Worm","floor":3.0,"turns":7.0},{"damage":22.0,"enemies":"Exordium Thugs","floor":4.0,"turns":8.0},{"damage":17.0,"enemies":"Gremlin Nob","floor":7.0,"turns":4.0},{"damage":2.0,"enemies":"Exordium Wildlife","floor":8.0,"turns":5.0},{"damage":9.0,"enemies":"Lagavulin","floor":11.0,"turns":10.0},{"damage":2.0,"enemies":"Hexaghost","floor":16.0,"turns":12.0},{"damage":10,"enemies":"2 Thieves","floor":18,"turns":5},{"damage":0,"enemies":"Chosen","floor":19,"turns":5},{"damage":0,"enemies":"3 Cultists","floor":21,"turns":4},{"damage":0,"enemies":"Book of Stabbing","floor":24,"turns":7},{"damage":0,"enemies":"Cultist and Chosen","floor":25,"turns":3},{"damage":10,"enemies":"Snake Plant","floor":28,"turns":4},{"damage":0,"enemies":"Gremlin Leader","floor":29,"turns":5},{"damage":1,"enemies":"Centurion and Healer","floor":31,"turns":3},{"damage":0,"enemies":"Automaton","floor":33,"turns":9},{"damage":0,"enemies":"3 Shapes","floor":35,"turns":1},{"damage":0,"enemies":"Giant Head","floor":41,"turns":3},{"damage":0,"enemies":"Nemesis","floor":44,"turns":5},{"damage":0,"enemies":"Orb Walker","floor":45,"turns":3},{"damage":0,"enemies":"Transient","floor":47,"turns":5},{"damage":0,"enemies":"Maw","floor":48,"turns":3},{"damage":0,"enemies":"Awakened One","floor":50,"turns":4},{"damage":0,"enemies":"Shield and Spear","floor":54,"turns":2},{"damage":0,"enemies":"The Heart","floor":55,"turns":6}],"seed_played":"-2142946446364943815","potions_obtained":[{"floor":1.0,"key":"Strength Potion"},{"floor":7.0,"key":"SmokeBomb"},{"floor":8.0,"key":"GamblersBrew"},{"floor":16.0,"key":"BlessingOfTheForge"},{"floor":17.0,"key":"Regen Potion"},{"floor":18,"key":"BlessingOfTheForge"},{"floor":19,"key":"Energy Potion"},{"floor":24,"key":"Swift Potion"},{"floor":29,"key":"PowerPotion"},{"floor":31,"key":"Dexterity Potion"},{"floor":33,"key":"Swift Potion"},{"floor":45,"key":"Fruit Juice"},{"floor":47,"key":"ColorlessPotion"}],"is_trial":false,"path_per_floor":["M","M","M","M","?","R","E","M","T","R","E","$","R","?","R","B",null,"M","M","$","M","?","R","E","M","T","R","M","E","?","M","R","B",null,"M","?","$","?","$","R","E","R","T","E","M","R","M","M","R","B",null,"R","$","E","B",null],"character_chosen":"THE_SILENT","items_purchased":["Reflex","A Thousand Cuts","Grand Finale","DollysMirror","Well Laid Plans","LiquidBronze"],"campfire_rested":1,"item_purchase_floors":[12,12,20,37,39,53],"current_hp_per_floor":[65,65,62,40,40,40,23,21,21,42,33,33,33,33,33,31,67,71,71,71,71,71,71,71,71,71,71,61,61,61,60,60,60,73,73,73,73,63,63,63,63,63,63,63,63,63,68,68,68,68,79,79,79,79,79],"gold":74,"neow_bonus":"TEN_PERCENT_HP_BONUS","is_daily":false,"chose_seed":false,"campfire_upgraded":10,"win_rate":0.0,"timestamp":1612529590,"path_taken":["M","M","M","M","?","R","E","M","T","R","E","$","R","?","R","BOSS","M","?","$","?","?","R","E","?","T","R","M","E","?","M","R","BOSS","M","?","$","?","$","R","E","R","T","E","M","R","M","M","R","BOSS","R","$","E","BOSS"],"items_purchased_type":["Card","Card","Card","Relic","Card","Potion"],"build_version":"2020-12-22","purchased_purges":3,"victory":true,"max_hp_per_floor":[72,72,72,72,72,72,72,72,72,72,72,72,72,72,72,72,77,77,77,77,77,77,77,77,77,77,77,77,77,77,77,77,77,77,77,77,77,77,77,77,77,77,77,77,77,77,82,82,82,82,82,82,82,82,82],"card_choices":[{"not_picked":["Setup","Bane"],"picked":"Caltrops","floor":1.0},{"not_picked":["Dagger Throw","Caltrops"],"picked":"Tactician","floor":2.0},{"not_picked":["Acrobatics","Tactician"],"picked":"Prepared","floor":3.0},{"not_picked":["Dodge and Roll","Sucker Punch"],"picked":"Dagger Throw","floor":4.0},{"not_picked":["Underhanded Strike","Noxious Fumes"],"picked":"Malaise","floor":7.0},{"not_picked":["Slice","Poisoned Stab","Outmaneuver"],"picked":"SKIP","floor":8.0},{"not_picked":["Quick Slash","Distraction"],"picked":"Backflip","floor":11.0},{"not_picked":["Bullet Time","Envenom"],"picked":"Tools of the Trade","floor":16.0},{"not_picked":["Masterful Stab","Catalyst"],"picked":"Backflip","floor":17.0},{"not_picked":["Masterful Stab","Bane","Sucker Punch"],"picked":"SKIP","floor":18},{"not_picked":["Outmaneuver","Infinite Blades"],"picked":"Acrobatics","floor":19},{"not_picked":["Dash","PiercingWail+1","Predator"],"picked":"SKIP","floor":21},{"not_picked":["Malaise","Concentrate"],"picked":"Adrenaline","floor":24},{"not_picked":["Dagger Throw+1","Flying Knee","Prepared"],"picked":"SKIP","floor":25},{"not_picked":["Dodge and Roll","Sucker Punch"],"picked":"Calculated Gamble","floor":28},{"not_picked":["PiercingWail","Blade Dance","Distraction"],"picked":"SKIP","floor":29},{"not_picked":["Blade Dance","PiercingWail"],"picked":"Reflex","floor":31},{"not_picked":["Wraith Form v2","Corpse Explosion"],"picked":"After Image","floor":33},{"not_picked":["Caltrops+1","Dodge and Roll","Cloak And Dagger"],"picked":"SKIP","floor":35},{"not_picked":["Panache","Magnetism"],"picked":"Master of Strategy","floor":38},{"not_picked":["Good Instincts","Dramatic Entrance"],"picked":"Madness","floor":38},{"not_picked":["Blade Dance","Outmaneuver+1","Dodge and Roll"],"picked":"SKIP","floor":41},{"not_picked":["Blade Dance","Outmaneuver+1","Dodge and Roll"],"picked":"SKIP","floor":41},{"not_picked":["Blade Dance","Outmaneuver+1","Dodge and Roll"],"picked":"SKIP","floor":41},{"not_picked":["Bane","Predator","All Out Attack"],"picked":"SKIP","floor":44},{"not_picked":["Bane","Predator","All Out Attack"],"picked":"SKIP","floor":44},{"not_picked":["Bane","Predator","All Out Attack"],"picked":"SKIP","floor":44},{"not_picked":["Footwork","Dagger Throw","Crippling Poison"],"picked":"SKIP","floor":45},{"not_picked":["Poisoned Stab","Outmaneuver","Backstab+1"],"picked":"SKIP","floor":47},{"not_picked":["Bouncing Flask","Dagger Throw","Dodge and Roll"],"picked":"SKIP","floor":48},{"not_picked":["Deadly Poison","Blade Dance+1","PiercingWail"],"picked":"SKIP","floor":54}],"player_experience":986473,"relics_obtained":[{"floor":7.0,"key":"Tough Bandages"},{"floor":9.0,"key":"Ornamental Fan"},{"floor":11.0,"key":"Boot"},{"floor":24,"key":"Incense Burner"},{"floor":26,"key":"Juzu Bracelet"},{"floor":29,"key":"Bottled Lightning"},{"floor":41,"key":"StoneCalendar"},{"floor":44,"key":"Ancient Tea Set"},{"floor":54,"key":"Centennial Puzzle"}],"event_choices":[{"damage_healed":0.0,"max_hp_gain":0.0,"max_hp_loss":0.0,"gold_gain":0.0,"event_name":"Liars Game","player_choice":"Ignored","floor":5.0,"gold_loss":0.0,"damage_taken":0.0},{"damage_healed":0.0,"max_hp_gain":0.0,"max_hp_loss":0.0,"gold_gain":0.0,"event_name":"Accursed Blacksmith","player_choice":"Forge","floor":14.0,"gold_loss":0.0,"damage_taken":0.0,"cards_upgraded":["Malaise"]},{"damage_healed":0,"gold_gain":200,"player_choice":"Gold","damage_taken":0,"max_hp_gain":0,"max_hp_loss":0,"event_name":"Wheel of Change","floor":22,"gold_loss":0},{"cards_removed":["Strike_G"],"damage_healed":0,"gold_gain":0,"player_choice":"Elegance","damage_taken":0,"max_hp_gain":0,"max_hp_loss":0,"event_name":"Back to Basics","floor":30,"gold_loss":0},{"damage_healed":0,"gold_gain":0,"player_choice":"Ignored","damage_taken":0,"max_hp_gain":0,"max_hp_loss":0,"event_name":"Tomb of Lord Red Mask","floor":36,"gold_loss":0},{"damage_healed":0,"gold_gain":0,"player_choice":"Memory 3","damage_taken":10,"max_hp_gain":0,"max_hp_loss":0,"event_name":"SensoryStone","floor":38,"gold_loss":0}],"is_beta":false,"boss_relics":[{"not_picked":["SlaversCollar","Ectoplasm"],"picked":"Tiny House"},{"not_picked":["Philosopher\u0027s Stone","Velvet Choker"],"picked":"Coffee Dripper"}],"items_purged_floors":[12,37,39],"is_endless":false,"potions_floor_spawned":[1,7,8,16,18,19,24,29,31,33,41,45,47],"ascension_level":15}}