{"host":"irqc27v15f1jtd2t","time":1612498960,"event":{"mods":["AchievementEnabler","BaseMod","BetterRewards","Colored Map","Custom Start","Downfall","Hermit","Minty Spire (QoL Compilation)","Replay The Spire","StSLib","The Bug Knight","The Cursed","The Disciple"],"gold_per_floor":[114,132,145,145,158,158,177,205,205,205,232,251,314,328,328,425,425,454,260,260,288,302,302,312,165,165,165,261,261,261,302,302,514,514,542,118,164,164,208,208,279,189,189,229,43,77,77,124,124,148],"floor_reached":51,"language":"ENG","playtime":4764,"items_purged":[],"score":796,"play_id":"ba0a5f31-fcd7-4303-9985-693d5e858be3","local_time":"20210204212240","is_ascension_mode":false,"campfire_choices":[{"data":"hermit:Deadeye","floor":6.0,"key":"SMITH"},{"data":"hermit:FlashPowder","floor":10.0,"key":"SMITH"},{"floor":15.0,"key":"REST"},{"data":"hermit:FatalDesire","floor":23.0,"key":"SMITH"},{"floor":27.0,"key":"REST"},{"data":"hermit:Malice","floor":29.0,"key":"SMITH"},{"data":"hermit:BodyArmor","floor":32.0,"key":"PURGE"},{"data":"hermit:TakeAim","floor":40,"key":"SMITH"},{"data":"hermit:Covet","floor":47,"key":"SMITH"},{"floor":49,"key":"REST"}],"circlet_count":0,"master_deck":["hermit:Snapshot","hermit:Covet+1","hermit:Grudge","hermit:Ricochet","hermit:Deadeye+1","hermit:ShadowCloak","hermit:Glare","hermit:FlashPowder+1","hermit:DeadOrAlive","hermit:Quickdraw","hermit:Dive","hermit:Headshot","hermit:FatalDesire+1","hermit:Quickdraw+1","hermit:Grudge","hermit:Feint","hermit:FinalCanter","hermit:RoundhouseKick","hermit:FlashPowder","hermit:BlackWind","hermit:Determination","hermit:GhostlyPresence","hermit:Enervate","hermit:Combo+1","hermit:Ricochet+1","hermit:Malice+1","hermit:Misfire+1","hermit:Magnum","hermit:Scavenge","hermit:Manifest+1","hermit:TakeAim+1","hermit:BodyArmor+1","Trip","hermit:WideOpen+1","hermit:HoleUp+1"],"relics":["hermit:Momento","NeowsBlessing","Blue Candle","Question Card","Darkstone Periapt","Chameleon Ring","HollowMod:PaleOreRelic","Replay:Grab Bag","ReplayTheSpireMod:Onyx Gauntlets","Painkiller Herb","Pandora\u0027s Box","Enchiridion","Replay:Bandana","Ginger","Pear","Durian","SlaversCollar","Vajra","Sling","Pocketwatch","The Courier","Strawberry"],"acts_visited":["Exordium","TheCity","TheBeyond"],"potions_floor_usage":[41,46,50,50],"damage_taken":[{"damage":0.0,"enemies":"Small Slimes","floor":1.0,"turns":1.0},{"damage":0.0,"enemies":"2 Louse","floor":2.0,"turns":1.0},{"damage":0.0,"enemies":"Jaw Worm","floor":3.0,"turns":1.0},{"damage":6.0,"enemies":"Looter","floor":5.0,"turns":3.0},{"damage":2.0,"enemies":"2 Fungi Beasts","floor":7.0,"turns":3.0},{"damage":21.0,"enemies":"Lagavulin","floor":8.0,"turns":5.0},{"damage":14.0,"enemies":"Gremlin Nob","floor":11.0,"turns":3.0},{"damage":0.0,"enemies":"Lots of Slimes","floor":12.0,"turns":4.0},{"damage":13.0,"enemies":"3 Sentries","floor":13.0,"turns":4.0},{"damage":0.0,"enemies":"Gremlin Gang","floor":14.0,"turns":3.0},{"damage":8.0,"enemies":"Hexaghost","floor":16.0,"turns":9.0},{"damage":0.0,"enemies":"Shell Parasite","floor":18.0,"turns":5.0},{"damage":8.0,"enemies":"2 Thieves","floor":21.0,"turns":3.0},{"damage":8.0,"enemies":"Shelled Parasite and Fungi","floor":22.0,"turns":2.0},{"damage":8.0,"enemies":"Centurion and Healer","floor":24.0,"turns":3.0},{"damage":11.0,"enemies":"Gremlin Leader","floor":28.0,"turns":3.0},{"damage":6.0,"enemies":"Cultist and Chosen","floor":31.0,"turns":3.0},{"damage":2.0,"enemies":"Champ","floor":33.0,"turns":4.0},{"damage":198,"enemies":"3 Shapes","floor":35,"turns":4},{"damage":3,"enemies":"3 Darklings","floor":37,"turns":3},{"damage":2,"enemies":"Sphere and 2 Shapes","floor":39,"turns":3},{"damage":26,"enemies":"Reptomancer","floor":41,"turns":3},{"damage":0,"enemies":"Maw","floor":44,"turns":5},{"damage":2,"enemies":"Spire Growth","floor":46,"turns":3},{"damage":27,"enemies":"4 Shapes","floor":48,"turns":5},{"damage":42,"enemies":"Awakened One","floor":50,"turns":7}],"seed_played":"-3760376134348939800","potions_obtained":[{"floor":3.0,"key":"Cursed Concoction"},{"floor":5.0,"key":"Energy Potion"},{"floor":8.0,"key":"BlessingOfTheForge"},{"floor":12.0,"key":"FairyPotion"},{"floor":16.0,"key":"Swift Potion"},{"floor":18.0,"key":"champ:CounterPotion"},{"floor":21.0,"key":"hermit:BlackBile"},{"floor":28.0,"key":"SteroidPotion"},{"floor":31.0,"key":"LiquidMemories"},{"floor":41,"key":"SkillPotion"},{"floor":44,"key":"Venom Potion"},{"floor":48,"key":"Explosive Potion"}],"is_trial":false,"path_per_floor":["M","M","M","?","M","R","M","E","T","R","E","M","E","M","R","B",null,"?","T","?","?","?","T","?","T","T","T","E","T","?","?","T","B",null,"?","T","?","?","?","T","E","?","T","?","T","?","T","?","T","B",null],"character_chosen":"HERMIT","items_purchased":["hermit:Determination","hermit:GhostlyPresence","hermit:Enervate","Replay:Bandana","hermit:Scavenge","hermit:Manifest+1","Vajra","Sling","Strawberry","Trip"],"campfire_rested":3,"item_purchase_floors":[19,19,19,25,36,36,36,36,45,45],"current_hp_per_floor":[75,75,75,70,64,64,62,41,41,41,27,27,14,14,36,28,75,75,75,59,51,43,43,35,35,35,57,56,56,61,55,55,53,90,25,25,22,79,77,77,51,51,51,51,58,56,56,29,54,12],"gold":148,"neow_bonus":"THREE_ENEMY_KILL","is_daily":false,"chose_seed":false,"campfire_upgraded":6,"win_rate":0.0,"timestamp":1612498960,"path_taken":["M","M","M","?","M","R","M","E","T","R","E","M","E","M","R","BOSS","?","T","?","?","?","T","?","T","T","T","E","T","?","?","T","BOSS","?","?","?","?","?","T","E","?","T","?","T","?","T","?","T","BOSS"],"items_purchased_type":["Card","Card","Card","Relic","Card","Card","Relic","Relic","Relic","Card"],"build_version":"2020-12-22","purchased_purges":0,"victory":true,"max_hp_per_floor":[75,75,75,75,75,75,75,75,75,75,75,75,75,75,75,75,75,75,75,75,75,75,75,75,75,75,75,85,85,90,90,90,90,90,90,90,90,79,79,79,79,79,79,79,86,86,86,86,86,86],"card_choices":[{"not_picked":["hermit:Vantage","hermit:Coalescence"],"picked":"hermit:Grudge","floor":1.0},{"not_picked":["hermit:HoleUp","hermit:ItchyTrigger"],"picked":"hermit:Ricochet","floor":2.0},{"not_picked":["hermit:Spite","hermit:Cheat"],"picked":"hermit:Deadeye","floor":3.0},{"not_picked":["hermit:SprayPray","hermit:Vantage"],"picked":"hermit:ShadowCloak","floor":5.0},{"not_picked":["hermit:Maintenance","hermit:Brawl"],"picked":"hermit:Glare","floor":7.0},{"not_picked":["hermit:Coalescence","hermit:HoleUp"],"picked":"hermit:FlashPowder","floor":8.0},{"not_picked":["hermit:WideOpen","hermit:Coalescence","hermit:Gambit"],"picked":"hermit:DeadOrAlive","floor":11.0},{"not_picked":["hermit:Roulette","hermit:Coalescence","hermit:CalledShot"],"picked":"hermit:Quickdraw","floor":12.0},{"not_picked":["hermit:Feint","hermit:Snipe","hermit:FromBeyond"],"picked":"hermit:Dive","floor":13.0},{"not_picked":["hermit:NoHoldsBarred","hermit:ItchyTrigger","hermit:Ricochet"],"picked":"hermit:Headshot","floor":14.0},{"not_picked":["hermit:EternalForm","hermit:FromBeyond","hermit:Gambit"],"picked":"hermit:FatalDesire","floor":16.0},{"not_picked":["hermit:Spite+1","hermit:ItchyTrigger","hermit:Manifest"],"picked":"hermit:SprayPray","floor":18.0},{"not_picked":["hermit:Vantage","hermit:Brawl","hermit:Deadeye"],"picked":"hermit:Combo+1","floor":21.0},{"not_picked":["hermit:Ricochet","hermit:Desperado","hermit:SprayPray","hermit:HighCaliber"],"picked":"SKIP","floor":22.0},{"not_picked":["hermit:Shortfuse+1","hermit:FullyLoaded","hermit:FromBeyond"],"picked":"hermit:Ricochet+1","floor":24.0},{"not_picked":["hermit:WideOpen","hermit:Feint+1","hermit:CalledShot"],"picked":"hermit:Malice","floor":28.0},{"not_picked":["hermit:Cheat","hermit:Coalescence","hermit:HeroicBravado"],"picked":"hermit:Misfire+1","floor":31.0},{"not_picked":["hermit:HighNoon","hermit:Reprieve","hermit:Gambit"],"picked":"hermit:Magnum","floor":33.0},{"not_picked":["hermit:TrackingShot+1","hermit:Headshot+1","hermit:Quickdraw+1","hermit:BigShot+1"],"picked":"SKIP","floor":35},{"not_picked":["hermit:Enervate+1","hermit:EyeOfTheStorm","hermit:Deadeye","hermit:CalledShot"],"picked":"SKIP","floor":37},{"not_picked":["hermit:Glare","hermit:Showdown","hermit:Purgatory"],"picked":"hermit:TakeAim","floor":39},{"not_picked":["hermit:CalledShot","hermit:Manifest","hermit:DeadOrAlive"],"picked":"hermit:BodyArmor+1","floor":41},{"not_picked":["hermit:Showdown","hermit:Enervate","hermit:SprayPray+1","hermit:Feint"],"picked":"SKIP","floor":44},{"not_picked":["hermit:GoldenBullet","hermit:EyeOfTheStorm+1","hermit:FullyLoaded+1"],"picked":"hermit:WideOpen+1","floor":46},{"not_picked":["hermit:GhostlyPresence","hermit:Quickdraw","hermit:Manifest+1"],"picked":"hermit:HoleUp+1","floor":48}],"player_experience":425207,"relics_obtained":[{"floor":8.0,"key":"Question Card"},{"floor":9.0,"key":"Darkstone Periapt"},{"floor":11.0,"key":"Chameleon Ring"},{"floor":13.0,"key":"HollowMod:PaleOreRelic"},{"floor":20.0,"key":"Enchiridion"},{"floor":26.0,"key":"Ginger"},{"floor":28.0,"key":"Pear"},{"floor":41,"key":"Pocketwatch"},{"floor":43,"key":"The Courier"}],"event_choices":[{"damage_healed":0.0,"max_hp_gain":0.0,"max_hp_loss":0.0,"gold_gain":0.0,"event_name":"Cursed Tome","player_choice":"Obtained Book","floor":20.0,"gold_loss":0.0,"damage_taken":16.0},{"damage_healed":79,"gold_gain":0,"player_choice":"Heal","damage_taken":0,"max_hp_gain":0,"max_hp_loss":11,"event_name":"The Moai Head","floor":38,"gold_loss":0},{"cards_removed":["hermit:SprayPray"],"damage_healed":0,"gold_gain":0,"player_choice":"Upgrade and Remove","damage_taken":0,"max_hp_gain":0,"max_hp_loss":0,"event_name":"Designer","floor":42,"gold_loss":90,"cards_upgraded":["hermit:Quickdraw"]}],"is_beta":false,"boss_relics":[{"not_picked":["Replay:Bronze Core","Snecko Eye"],"picked":"Replay:Grab Bag"},{"not_picked":["Ectoplasm","ChewingGum"],"picked":"ReplayTheSpireMod:Onyx Gauntlets"},{"not_picked":["Cursed Key","Philosopher\u0027s Stone"],"picked":"Painkiller Herb"},{"not_picked":["Replay:Drink Me","Calling Bell"],"picked":"Pandora\u0027s Box"},{"not_picked":["Tiny House","Empty Cage"],"picked":"SlaversCollar"}],"items_purged_floors":[],"is_endless":false,"potions_floor_spawned":[3,5,8,12,16,18,21,28,31,41,44,48],"ascension_level":0}}