{"host":"dwyzfvnzfcqffr30","time":1612549088,"event":{"mods":["2.2 Compatiblity","Act Like it!","Aspiration","BaseMod","Beaked The Cultist","Better Altar","Better Match","Better Note","Better Sensory Stone","Better Skull","Better Third Choice","Clockwork Mod","Colored Map","Colored Powertips","Conspire","Downfall","Elementarium","GifTheSpireLib","Halation","Hermit","Hubris","Infinite Spire","Ironclad Rager","Jedi Mod","Menagerie","Mimic Mod","Minty Spire (QoL Compilation)","Permanent Neow","Random Character Button","Relic Filter Mod","Reliquary","Replay The Spire","Spicy Shops","Spikes Relics","StSLib","Stuff the Spire","The Construct","The Disciple","The Druid","The Marked","TheFirefly","Trackpad","Wandering Minibosses"],"gold_per_floor":[227,227,257,257,288,288,334,334,367,418,418,418,458,526,526,664,664,735,59,91,91,148,184,184,231,261,261,307,347,347,380,380,510,510,563,617,617,626,680,755,849,849,849,948,1037,1037,74,74,74,104,104,104,27,78,120],"floor_reached":56,"language":"ENG","playtime":3534,"items_purged":["theMarked:SoldierOfQuellstein+1","Doubt"],"score":1838,"play_id":"e7df4eb1-86e2-493d-b718-fb3a55aaef66","local_time":"20210205101808","is_ascension_mode":true,"campfire_choices":[{"floor":6.0,"key":"RECALL"},{"data":"hexamod:PhantomCloak+2","floor":8.0,"key":"SMITH"},{"floor":11.0,"key":"REST"},{"floor":15.0,"key":"REST"},{"floor":24.0,"key":"REST"},{"floor":30,"key":"REST"},{"data":"theMarked:Toughness+1","floor":32,"key":"SMITH"},{"data":"theMarked:Toughness+2","floor":32,"key":"SMITH"},{"data":"StuffTheSpire:BrainWave","floor":42,"key":"SMITH"},{"data":"theMarked:Toughness+3","floor":42,"key":"SMITH"},{"data":"StuffTheSpire:BrainWave+1","floor":49,"key":"SMITH"},{"data":"StuffTheSpire:BrainWave+2","floor":49,"key":"SMITH"},{"data":"StuffTheSpire:BrainWave+3","floor":52,"key":"SMITH"},{"data":"StuffTheSpire:BrainWave+4","floor":52,"key":"SMITH"}],"circlet_count":0,"master_deck":["hexamod:PhantomCloak+3","theMarked:Strike+1","theMarked:Strike+1","theMarked:Strike+1","theMarked:Strike+1","theMarked:Strike+1","theMarked:Defend+1","theMarked:Defend+1","theMarked:Defend+1","theMarked:Defend+1","Apotheosis+1","MasterReality+1","theMarked:Parkour+1","theMarked:ComboAttacks+1","theMarked:ElectricStrings+1","theMarked:TakeCover+2","theMarked:AttractMetal+1","theMarked:Improvise+1","theMarked:Overcharge+2","theMarked:Electrocute+1","theMarked:ComboAttacks+1","theMarked:Toughness+4","theMarked:ChainLightning+1","theMarked:StartUp+1","theMarked:Challenge+1","theMarked:Parkour+1","StuffTheSpire:BrainWave+5","theMarked:TunnelVision+1"],"relics":["theMarked:ArtifactOfAir","halation:Prosthetics","hubris:TinFlute","Bottled Tornado","infinitespire:EvilPickle","conspire:InfiniteJournal","SacredBark","Quantum Egg","Frozen Egg 2","Molten Egg 2","Toxic Egg 2","Blue Candle","PreservedInsect","trackpad:PetRock","CeramicFish","Black Star","wanderingMiniBosses:OtherGremlinHorn","theMarked:Winder","hubris:PeanutButter","Strawberry","Singing Bowl","War Paint","Replay:Arrowhead","Tiny Chest","MiniBlackHole","infinitespire:FocusingShard","reliquary:Knoch","hubris:SphereOfDissonance","construct:ClawGrip","trackpad:WondrousWand","StuffTheSpire:ForceGauntlet","Elementarium:ElementariumTrophy","reliquary:WritOfMandamus","infinitespire:Lucky Rock","beaked:SacredDeck","Replay:Bandana","Torii","SpikesRelics:DaevaFist","Bag of Marbles","conspire:InfiniteJournal","Letter Opener","Sling","reliquary:FerryPass","jedi:cryingmask","Replay:Ringing Soul","aspiration:HummingbirdHeart","StuffTheSpire:Saxophone","Lizard Tail","Lantern"],"acts_visited":["Menagerie:Menagerie","Elementarium:Elementarium","TheBeyond","TheEnding"],"potions_floor_usage":[26,33,33,35,45,50,50,50,50,50,55],"damage_taken":[{"damage":6.0,"enemies":"Menagerie:MonstrousExperiment","floor":1.0,"turns":4.0},{"damage":0.0,"enemies":"Menagerie:StygianBoar","floor":3.0,"turns":2.0},{"damage":1.0,"enemies":"Menagerie:2_RABBITS","floor":5.0,"turns":6.0},{"damage":0.0,"enemies":"Menagerie:Hydra","floor":7.0,"turns":4.0},{"damage":0.0,"enemies":"Menagerie:KEEPER_AND_YOUNG_SUNEATER","floor":9.0,"turns":4.0},{"damage":0.0,"enemies":"Menagerie:MaskedSummoner","floor":10.0,"turns":4.0},{"damage":0.0,"enemies":"Menagerie:KEEPER_AND_YOUNG_SUNEATER","floor":13.0,"turns":3.0},{"damage":10.0,"enemies":"Menagerie:VoidReaper","floor":14.0,"turns":4.0},{"damage":1.0,"enemies":"Menagerie:Chimera","floor":16.0,"turns":6.0},{"damage":9.0,"enemies":"Elementarium:2_ELEMENTALS","floor":18.0,"turns":5.0},{"damage":0.0,"enemies":"Elementarium:Cyclone","floor":20.0,"turns":4.0},{"damage":0.0,"enemies":"Elementarium:ElementalPortal","floor":23.0,"turns":5.0},{"damage":3.0,"enemies":"Elementarium:FIRE_NOBILITY","floor":25.0,"turns":4.0},{"damage":0,"enemies":"Elementarium:STONE_GOLEMS","floor":26,"turns":3},{"damage":0,"enemies":"Elementarium:STONE_GOLEMS","floor":28,"turns":2},{"damage":0,"enemies":"Elementarium:STONE_GOLEMS","floor":29,"turns":3},{"damage":5,"enemies":"Elementarium:VoidBeast","floor":31,"turns":2},{"damage":0,"enemies":"Elementarium:GolemEmperor","floor":33,"turns":4},{"damage":0,"enemies":"3 Darklings","floor":35,"turns":3},{"damage":0,"enemies":"Orb Walker","floor":36,"turns":2},{"damage":0,"enemies":"Spire Growth","floor":39,"turns":2},{"damage":0,"enemies":"Reptomancer","floor":40,"turns":3},{"damage":0,"enemies":"4 Shapes","floor":41,"turns":3},{"damage":0,"enemies":"R_Hoarder","floor":44,"turns":2},{"damage":0,"enemies":"Sphere and 2 Shapes","floor":45,"turns":1},{"damage":8,"enemies":"hubris:GrandSnecko","floor":50,"turns":3},{"damage":0,"enemies":"Shield and Spear","floor":54,"turns":3},{"damage":47,"enemies":"The Heart","floor":55,"turns":6}],"seed_played":"8117821749768846200","potions_obtained":[{"floor":1.0,"key":"Reflective Coating"},{"floor":10.0,"key":"Milkshake"},{"floor":18.0,"key":"Venom Potion"},{"floor":23.0,"key":"hexamod:SoulburnPotion"},{"floor":33,"key":"Fire Potion"},{"floor":39,"key":"PowerPotion"},{"floor":40,"key":"EntropicBrew"},{"floor":41,"key":"Explosive Potion"},{"floor":54,"key":"Fire Potion"}],"is_trial":false,"path_per_floor":["M","?","M","?","M","R","E","R","MIM","E","R","?","M","E","R","B",null,"M","$","M","?","?","E","R","E","MIM","AVR","MIM","M","R","M","R","B",null,"M","M","?","AVR","M","E","M","R","T","E","M","T","$","?","R","B",null,"R","$","E","B",null],"character_chosen":"THE_DEFAULT","items_purchased":["theMarked:Winder","hubris:PeanutButter","Strawberry","Dexterity Potion","Sling","reliquary:FerryPass","jedi:cryingmask","Replay:Ringing Soul","theMarked:TunnelVision+1","aspiration:HummingbirdHeart","StuffTheSpire:Saxophone"],"campfire_rested":4,"item_purchase_floors":[19,19,19,19,47,47,47,47,47,47,53],"current_hp_per_floor":[29,29,29,29,28,28,28,28,28,28,35,27,27,17,27,26,33,24,31,31,31,33,35,46,45,47,47,47,49,52,49,49,51,55,57,59,59,59,61,63,65,65,65,67,69,69,72,72,72,64,71,71,71,73,26],"gold":120,"neow_bonus":"HUNDRED_GOLD","is_daily":false,"chose_seed":false,"campfire_upgraded":9,"win_rate":0.0,"timestamp":1612549088,"path_taken":["M","?","M","?","M","R","E","R","MIM","E","R","?","M","E","R","BOSS","M","?","M","?","?","E","R","E","MIM","AVR","?","M","R","?","R","BOSS","M","M","?","AVR","M","E","M","R","T","E","M","?","$","?","R","BOSS","R","$","E","BOSS"],"items_purchased_type":["Relic","Relic","Relic","Potion","Relic","Relic","Relic","Relic","Card","Relic","Relic"],"build_version":"2020-12-22","purchased_purges":2,"victory":true,"max_hp_per_floor":[35,35,35,35,35,35,35,35,35,35,35,35,35,35,35,35,35,35,42,42,42,44,46,46,48,50,50,50,52,52,54,54,56,56,58,60,60,60,62,64,66,66,66,68,70,70,73,73,73,73,73,73,73,75,75],"card_choices":[{"not_picked":["theMarked:TakeCover+1","theMarked:Improvise+1"],"picked":"theMarked:Parkour+1","floor":1.0},{"not_picked":["theMarked:TunnelVision+1","theMarked:EmpowerWeapon+1"],"picked":"theMarked:ComboAttacks+1","floor":3.0},{"not_picked":["theMarked:ResourceFulStrike+1","theMarked:Improvise+1"],"picked":"theMarked:ElectricStrings+1","floor":4.0},{"not_picked":["theMarked:Frustration+1","theMarked:BanishingStrike+1"],"picked":"theMarked:TakeCover+1","floor":4.0},{"not_picked":["theMarked:PowerFlow+1","theMarked:Overthink+1","theMarked:RepellingDischarge+1"],"picked":"SKIP","floor":5.0},{"not_picked":["theMarked:Defy+1","theMarked:ElectricStrings+1"],"picked":"theMarked:AttractMetal+1","floor":7.0},{"not_picked":["theMarked:ElectricStrings+1","theMarked:HeightenedSenses+1"],"picked":"theMarked:Improvise+1","floor":9.0},{"not_picked":["theMarked:Aftermath+1","theMarked:SwordAndMagic+1"],"picked":"theMarked:Overcharge+1","floor":10.0},{"not_picked":["theMarked:ResourceFulStrike+1","theMarked:RepellingDischarge+1"],"picked":"theMarked:Electrocute+1","floor":13.0},{"not_picked":["theMarked:PowerFlow+1","theMarked:Electrify+1"],"picked":"theMarked:ComboAttacks+1","floor":14.0},{"not_picked":["theMarked:TurnInvisible+1","theMarked:BindingBlade+1"],"picked":"theMarked:Toughness+1","floor":16.0},{"not_picked":["theMarked:ElectricStrings+1","theMarked:BanishingStrike+1"],"picked":"theMarked:ChainLightning+1","floor":18.0},{"not_picked":["theMarked:Improvise+1","theMarked:SwordAndMagic+1"],"picked":"theMarked:StartUp+1","floor":20.0},{"not_picked":["theMarked:TwofoldDefense+1","theMarked:Friction+1"],"picked":"theMarked:Challenge+1","floor":22.0},{"not_picked":["theMarked:Convert+1","theMarked:Parkour+1","theMarked:Overthink+1"],"picked":"Singing Bowl","floor":22.0},{"not_picked":["theMarked:TwofoldDefense+1","theMarked:Aftermath+1","theMarked:ChainLightning+1"],"picked":"Singing Bowl","floor":23.0},{"not_picked":["theMarked:Aftermath+1","theMarked:Memento+1","theMarked:SwordAndMagic+1"],"picked":"Singing Bowl","floor":25.0},{"not_picked":["theMarked:WastefulAttack+1","theMarked:TakeCover+1","theMarked:ChainLightning+1"],"picked":"Singing Bowl","floor":26},{"not_picked":["theMarked:SuspiciousRaven+1","theMarked:AttractMetal+1"],"picked":"theMarked:Parkour+1","floor":28},{"not_picked":["theMarked:RepellingDischarge+1","theMarked:TwofoldDefense+1","theMarked:Memento+1"],"picked":"Singing Bowl","floor":29},{"not_picked":["theMarked:Frustration+1","theMarked:Panic+1","theMarked:Parkour+1"],"picked":"Singing Bowl","floor":31},{"not_picked":["theMarked:Snap+1","theMarked:Challenge+1","theMarked:DispelDoubt+1"],"picked":"Singing Bowl","floor":33},{"not_picked":["theMarked:Parkour+1","theMarked:ChainLightning+1","theMarked:RepellingDischarge+1"],"picked":"Singing Bowl","floor":35},{"not_picked":["theMarked:ElectricStrings+1","theMarked:Aftermath+1","theMarked:MysticalArsenal+1"],"picked":"Singing Bowl","floor":36},{"not_picked":["theMarked:ResourceFulStrike+1","theMarked:EmpowerWeapon+1","theMarked:TakeCover+1"],"picked":"Singing Bowl","floor":39},{"not_picked":["theMarked:Aftermath+1","theMarked:BanishingStrike+1","theMarked:Convert+1"],"picked":"Singing Bowl","floor":40},{"not_picked":["theMarked:OneWithTheBlade+1","theMarked:EmpowerWeapon+1","theMarked:Frustration+1"],"picked":"Singing Bowl","floor":41},{"not_picked":["theMarked:BanishingStrike+1","theMarked:Polarize+1","theMarked:BindingBlade+1"],"picked":"Singing Bowl","floor":44},{"not_picked":["theMarked:PowerFlow+1","theMarked:Parkour+1","theMarked:ElectricStrings+1"],"picked":"Singing Bowl","floor":45},{"not_picked":["theMarked:WastefulAttack+1","theMarked:SwordAndMagic+1","theMarked:Electrify+1"],"picked":"Singing Bowl","floor":54}],"player_experience":3038635,"relics_obtained":[{"floor":7.0,"key":"Blue Candle"},{"floor":10.0,"key":"PreservedInsect"},{"floor":14.0,"key":"CeramicFish"},{"floor":18.0,"key":"wanderingMiniBosses:OtherGremlinHorn"},{"floor":22.0,"key":"Singing Bowl"},{"floor":23.0,"key":"War Paint"},{"floor":23.0,"key":"Replay:Arrowhead"},{"floor":25.0,"key":"Tiny Chest"},{"floor":25.0,"key":"MiniBlackHole"},{"floor":26,"key":"infinitespire:FocusingShard"},{"floor":26,"key":"reliquary:Knoch"},{"floor":28,"key":"trackpad:WondrousWand"},{"floor":28,"key":"StuffTheSpire:ForceGauntlet"},{"floor":40,"key":"Replay:Bandana"},{"floor":40,"key":"Torii"},{"floor":43,"key":"SpikesRelics:DaevaFist"},{"floor":44,"key":"Bag of Marbles"},{"floor":44,"key":"conspire:InfiniteJournal"},{"floor":46,"key":"Letter Opener"},{"floor":54,"key":"Lizard Tail"},{"floor":54,"key":"Lantern"}],"event_choices":[{"damage_healed":0.0,"max_hp_gain":0.0,"max_hp_loss":9.0,"gold_gain":0.0,"event_name":"betterThird:BetterWriting","player_choice":"Simplicity","floor":0.0,"gold_loss":0.0,"damage_taken":0.0},{"damage_healed":0.0,"max_hp_gain":0.0,"max_hp_loss":0.0,"gold_gain":0.0,"event_name":"Menagerie:CorruptingLight","player_choice":"Ignored","floor":2.0,"gold_loss":0.0,"damage_taken":0.0},{"damage_healed":0.0,"max_hp_gain":0.0,"max_hp_loss":0.0,"gold_gain":0.0,"event_name":"betterMatch:BetterMatch","player_choice":"2","floor":4.0,"gold_loss":0.0,"damage_taken":0.0,"cards_obtained":["betterMatch:CommonCard","betterMatch:CommonCard"]},{"damage_healed":0.0,"max_hp_gain":0.0,"max_hp_loss":0.0,"gold_gain":0.0,"event_name":"betterSkull:BetterSkull","player_choice":"RE ","floor":12.0,"gold_loss":0.0,"damage_taken":10.0,"cards_upgraded":[],"relics_obtained":["trackpad:PetRock"]},{"damage_healed":0.0,"max_hp_gain":0.0,"max_hp_loss":0.0,"gold_gain":0.0,"event_name":"Elementarium:BladeSeller","player_choice":"Ignored","floor":21.0,"gold_loss":0.0,"damage_taken":0.0}],"is_beta":false,"boss_relics":[{"not_picked":["halation:HeavySnake","Astrolabe"],"picked":"Black Star"},{"not_picked":["Replay:Wanted Poster","Sozu"],"picked":"reliquary:WritOfMandamus"}],"items_purged_floors":[19,47],"is_endless":false,"potions_floor_spawned":[1,7,10,18,23,33,39,40,41,54],"ascension_level":6}}