{"host":"andja9kgajlggmm4","time":1612521378,"event":{"mods":["BaseMod","Downfall","Hubris","Infinite Spire","MarisaÅiñ∂âJÅ@ñÇóùçπÅj","Minty Spire (QoL Compilation)","StSLib","The Cursed","The Servant 0.9.4"],"gold_per_floor":[114,132,232,247,247,247,276,276,276,276,232,258,289,299,299,397,397,411,422,433,433,413,413,427,443,443,358,390,506,10,129,129,129,129],"floor_reached":33,"language":"ENG","playtime":1669,"items_purged":[],"score":302,"play_id":"b6e8ff37-86e3-487b-b062-7743d930b4e6","local_time":"20210205113618","is_ascension_mode":false,"campfire_choices":[{"data":"Flex","floor":6,"key":"SMITH"},{"data":"Perfected Strike","floor":8,"key":"SMITH"},{"data":"Bash","floor":10,"key":"SMITH"},{"data":"Intimidate","floor":15,"key":"SMITH"},{"floor":23,"key":"REST"},{"floor":32,"key":"REST"}],"circlet_count":0,"master_deck":["Strike_R+1","Strike_R","Strike_R","Strike_R","Strike_R","Defend_R","Defend_R+1","Defend_R","Defend_R","Bash+1","Flex+1","Wild Strike","Perfected Strike+1","Intimidate+1","Ghostly Armor+1","Shockwave+1","Fiend Fire","Armaments+1","Whirlwind","Heavy Blade+1","Warcry+1","Reaper","Feel No Pain","Flex+1","Finesse+1","Dark Embrace+1"],"relics":["Burning Blood","NeowsBlessing","infinitespire:WardingShard","FossilizedHelix","hubris:OldNail","Toxic Egg 2","hubris:Backtick","Ice Cream","hubris:Icosahedron","infinitespire:Eraser","Bag of Preparation","hubris:64BitClover","Mercury Hourglass"],"acts_visited":["Exordium","TheCity"],"potions_floor_usage":[7,16,18,24,28,28,31,33],"damage_taken":[{"damage":0,"enemies":"2 Louse","floor":1,"turns":1},{"damage":0,"enemies":"Cultist","floor":2,"turns":1},{"damage":0,"enemies":"Small Slimes","floor":4,"turns":1},{"damage":31,"enemies":"Lagavulin","floor":7,"turns":4},{"damage":0,"enemies":"Gremlin Nob","floor":13,"turns":3},{"damage":0,"enemies":"2 Fungi Beasts","floor":14,"turns":2},{"damage":23,"enemies":"Hexaghost","floor":16,"turns":8},{"damage":10,"enemies":"2 Thieves","floor":18,"turns":3},{"damage":0,"enemies":"3 Byrds","floor":19,"turns":8},{"damage":52,"enemies":"Sentry and Sphere","floor":20,"turns":10},{"damage":35,"enemies":"Shelled Parasite and Fungi","floor":24,"turns":10},{"damage":14,"enemies":"Snake Plant","floor":25,"turns":4},{"damage":17,"enemies":"Book of Stabbing","floor":28,"turns":6},{"damage":21,"enemies":"Centurion and Healer","floor":29,"turns":8},{"damage":11,"enemies":"Sentry and Sphere","floor":31,"turns":7},{"damage":58,"enemies":"Collector","floor":33,"turns":7}],"seed_played":"479773472959145391","potions_obtained":[{"floor":4,"key":"LiquidMemories"},{"floor":7,"key":"LiquidBronze"},{"floor":13,"key":"Explosive Potion"},{"floor":16,"key":"SpeedPotion"},{"floor":18,"key":"Strength Potion"},{"floor":22,"key":"SpeedPotion"},{"floor":25,"key":"DistilledChaos"}],"is_trial":false,"path_per_floor":["M","M","?","M","?","R","E","R","T","R","?","T","E","M","R","B",null,"M","M","M","?","?","R","M","M","T","?","E","M","$","M","R","B"],"character_chosen":"IRONCLAD","items_purchased":["Mercury Hourglass","Finesse+1","bronze:BurnAndBuffPotion","Guardian:BlockOnCardUsePotion"],"campfire_rested":2,"item_purchase_floors":[30,30,30,30],"current_hp_per_floor":[80,80,80,80,64,64,39,39,39,39,39,39,45,51,51,34,80,76,80,34,34,34,58,51,43,43,43,32,24,24,19,43,0,0],"gold":129,"neow_bonus":"THREE_ENEMY_KILL","is_daily":false,"chose_seed":false,"campfire_upgraded":4,"win_rate":0.0,"timestamp":1612521378,"path_taken":["M","M","?","?","?","R","E","R","T","R","?","?","E","?","R","BOSS","M","M","?","?","?","R","M","?","T","?","E","M","$","M","R","BOSS"],"items_purchased_type":["Relic","Card","Potion","Potion"],"build_version":"2020-12-22","purchased_purges":0,"victory":false,"max_hp_per_floor":[80,80,80,80,80,80,80,80,80,80,80,80,80,80,80,80,80,80,80,80,80,80,80,80,80,80,80,80,80,80,80,80,80,80],"card_choices":[{"not_picked":["Thunderclap","Rage"],"picked":"Flex","floor":1},{"not_picked":["Shockwave","Body Slam"],"picked":"Wild Strike","floor":2},{"not_picked":["Armaments","Dual Wield"],"picked":"Perfected Strike","floor":4},{"not_picked":["Rupture","Seeing Red"],"picked":"Intimidate","floor":7},{"not_picked":["Bludgeon","infinitespire:OneForAll"],"picked":"Ghostly Armor+1","floor":13},{"not_picked":["Heavy Blade","Body Slam"],"picked":"Shockwave+1","floor":14},{"not_picked":["Brutality","Impervious+1"],"picked":"Fiend Fire","floor":16},{"not_picked":["Iron Wave","Dual Wield+1"],"picked":"Armaments+1","floor":18},{"not_picked":["Infernal Blade+1","Flex+1"],"picked":"Whirlwind","floor":19},{"not_picked":["Flex+1","Intimidate+1"],"picked":"Heavy Blade+1","floor":20},{"not_picked":["infinitespire:OneForAll","Cleave+1"],"picked":"Warcry+1","floor":24},{"not_picked":["Flex+1","Thunderclap+1"],"picked":"Reaper","floor":25},{"not_picked":["Uppercut","Whirlwind"],"picked":"Feel No Pain","floor":28},{"not_picked":["Body Slam","Cleave"],"picked":"Flex+1","floor":29},{"not_picked":["Headbutt","Blood for Blood"],"picked":"Dark Embrace+1","floor":31}],"player_experience":20420,"relics_obtained":[{"floor":7,"key":"infinitespire:WardingShard"},{"floor":9,"key":"FossilizedHelix"},{"floor":12,"key":"hubris:OldNail"},{"floor":13,"key":"Toxic Egg 2"},{"floor":26,"key":"infinitespire:Eraser"},{"floor":28,"key":"hubris:64BitClover"}],"event_choices":[{"damage_healed":0,"gold_gain":100,"player_choice":"Pray","damage_taken":0,"max_hp_gain":0,"max_hp_loss":0,"event_name":"Golden Shrine","floor":3,"gold_loss":0},{"damage_healed":0,"gold_gain":0,"player_choice":"Entered Light","damage_taken":16,"max_hp_gain":0,"max_hp_loss":0,"event_name":"Shining Light","floor":5,"gold_loss":0,"cards_upgraded":["Defend_R","Strike_R"]},{"damage_healed":0,"gold_gain":0,"player_choice":"Left Gold","damage_taken":0,"max_hp_gain":0,"max_hp_loss":0,"event_name":"World of Goop","floor":11,"gold_loss":44},{"damage_healed":0,"gold_gain":0,"player_choice":"Bought 1 Potion","damage_taken":0,"max_hp_gain":0,"max_hp_loss":0,"event_name":"The Woman in Blue","floor":22,"gold_loss":0},{"damage_healed":0,"gold_gain":0,"player_choice":"Obtained Relic","damage_taken":0,"relics_obtained":["Bag of Preparation"],"max_hp_gain":0,"max_hp_loss":0,"event_name":"Addict","floor":27,"gold_loss":85}],"is_beta":false,"boss_relics":[{"not_picked":["Coffee Dripper","hubris:VirtuousBlindfold"],"picked":"hubris:Backtick"}],"items_purged_floors":[],"is_endless":false,"potions_floor_spawned":[4,7,13,16,18,25],"killed_by":"Collector","ascension_level":0}}