{"host":"d52brwsy6af8zvaq","time":1612558889,"event":{"mods":["AchievementEnabler","BaseMod","Bestiary","Highlight Path","Minty Spire (QoL Compilation)","Quick Restart","Relic Stats","ojb\u0027s Better Paths Mod"],"gold_per_floor":[115,3,21,38,57,90,90,90,90,102,120,136,136,161,161,240,240,258,258,258],"floor_reached":19,"language":"ENG","playtime":733,"items_purged":["Strike_B"],"score":362,"play_id":"c6a0864b-dd50-4764-9798-5c9b10d591b0","local_time":"20210205140129","is_ascension_mode":true,"campfire_choices":[{"floor":7.0,"key":"REST"},{"floor":13.0,"key":"REST"},{"floor":15.0,"key":"REST"}],"circlet_count":0,"master_deck":["AscendersBane","Strike_B","Strike_B","Defend_B","Defend_B","Defend_B","Defend_B","Zap","Dualcast","Ball Lightning","Capacitor","Consume","Streamline","BootSequence","Chill","Static Discharge","Sunder","Core Surge"],"relics":["Cracked Core","Regal Pillow","Shovel","Snecko Eye"],"acts_visited":["Exordium","TheCity"],"potions_floor_usage":[16],"damage_taken":[{"damage":0.0,"enemies":"Cultist","floor":1.0,"turns":3.0},{"damage":6.0,"enemies":"2 Louse","floor":3.0,"turns":2.0},{"damage":9.0,"enemies":"Jaw Worm","floor":4.0,"turns":4.0},{"damage":15.0,"enemies":"Lots of Slimes","floor":5.0,"turns":3.0},{"damage":39.0,"enemies":"Gremlin Nob","floor":6.0,"turns":4.0},{"damage":0.0,"enemies":"Blue Slaver","floor":10.0,"turns":5.0},{"damage":1.0,"enemies":"Looter","floor":11.0,"turns":3.0},{"damage":25.0,"enemies":"Exordium Thugs","floor":12.0,"turns":4.0},{"damage":49.0,"enemies":"Lagavulin","floor":14.0,"turns":6.0},{"damage":31,"enemies":"Slime Boss","floor":16,"turns":8},{"damage":24,"enemies":"2 Thieves","floor":18,"turns":4},{"damage":38,"enemies":"Shell Parasite","floor":19,"turns":5}],"seed_played":"3347862764538675407","potions_obtained":[{"floor":3.0,"key":"DuplicationPotion"},{"floor":4.0,"key":"SkillPotion"},{"floor":5.0,"key":"PotionOfCapacity"},{"floor":14.0,"key":"Energy Potion"},{"floor":18,"key":"DistilledChaos"}],"is_trial":false,"path_per_floor":["M","$","M","M","M","E","R","?","T","M","M","M","R","E","R","B",null,"M","M"],"character_chosen":"DEFECT","items_purchased":["Capacitor"],"campfire_rested":3,"item_purchase_floors":[2],"current_hp_per_floor":[71,71,65,56,41,2,40,40,40,40,39,14,52,3,41,10,61,37,0,0],"gold":258,"neow_bonus":"TEN_PERCENT_HP_BONUS","is_daily":false,"chose_seed":false,"campfire_upgraded":0,"win_rate":0.0,"timestamp":1612558889,"path_taken":["M","$","M","?","M","E","R","?","T","M","M","M","R","E","R","BOSS","M","M"],"items_purchased_type":["Card"],"build_version":"2020-12-22","purchased_purges":1,"victory":false,"max_hp_per_floor":[78,78,78,78,78,78,78,78,78,78,78,78,78,78,78,78,78,78,78,78],"relic_stats":{"Regal Pillow":45,"Shovel":0,"counters":[12,51],"Snecko Eye":[13,16,16,16],"obtain_stats":[{"Regal Pillow":6,"Shovel":14,"Snecko Eye":17,"Cracked Core":0},{"Regal Pillow":5,"Shovel":9,"Snecko Eye":10,"Cracked Core":0},{"Regal Pillow":16,"Shovel":34,"Snecko Eye":42,"Cracked Core":0}]},"card_choices":[{"not_picked":["Coolheaded","Barrage"],"picked":"Ball Lightning","floor":1.0},{"not_picked":["Hologram","Genetic Algorithm"],"picked":"Consume","floor":3.0},{"not_picked":["Amplify","Coolheaded"],"picked":"Streamline","floor":4.0},{"not_picked":["Hello World","Rebound"],"picked":"BootSequence","floor":5.0},{"not_picked":["Beam Cell","Self Repair"],"picked":"Chill","floor":6.0},{"not_picked":["Melter","Chaos","Hello World"],"picked":"SKIP","floor":10.0},{"not_picked":["Defragment","Rebound"],"picked":"Static Discharge","floor":11.0},{"not_picked":["Ball Lightning","Cold Snap"],"picked":"Sunder","floor":12.0},{"not_picked":["Go for the Eyes","Ball Lightning","Meteor Strike"],"picked":"SKIP","floor":14.0},{"not_picked":["Buffer","Fission"],"picked":"Core Surge","floor":16},{"not_picked":["Lockon","Hello World","Rebound"],"picked":"SKIP","floor":18}],"player_experience":2154637,"relics_obtained":[{"floor":6.0,"key":"Regal Pillow"},{"floor":14.0,"key":"Shovel"}],"event_choices":[{"cards_removed":["Strike_B"],"damage_healed":0.0,"max_hp_gain":0.0,"max_hp_loss":0.0,"gold_gain":0.0,"event_name":"Bonfire Elementals","player_choice":"Offered Basic","floor":8.0,"gold_loss":0.0,"damage_taken":0.0}],"is_beta":false,"boss_relics":[{"not_picked":["Ectoplasm","Velvet Choker"],"picked":"Snecko Eye"}],"items_purged_floors":[2],"is_endless":false,"potions_floor_spawned":[3,4,5,12,14,18],"killed_by":"Shell Parasite","ascension_level":20}}