{"host":"2brg86hfzr3u5cix","time":1612505932,"event":{"mods":["AchievementEnabler","Ascension Unlocker","BaseMod","CapriCore","DeckTracker","Highlight Path","Keyboard Shortcuts","Minty Spire (QoL Compilation)","Permanent Neow","Relic Stats","StSLib","Twitch Utils","Uncapped","UnlockEverythingMod"],"gold_per_floor":[110,35,85,104,4,4,15,15,88,118,135,168,218,16,16,95,95,106,106,106,65,65,95,109,119,142,142,170,189,189,222,222,296,296,314,67,92,141,159,186,186,204,228,238,271,295,295,295,295,295,295,295,295,43,76,76],"floor_reached":57,"language":"KOR","playtime":2669,"items_purged":["Shame","Strike_R","Pommel Strike"],"score":2848,"play_id":"ff8c5f04-15e9-4a35-9f29-c5e96d6bc9ff","local_time":"20210205151852","is_ascension_mode":true,"campfire_choices":[{"data":"Apotheosis","floor":6.0,"key":"SMITH"},{"floor":8.0,"key":"RECALL"},{"floor":15.0,"key":"REST"},{"data":"Corruption","floor":27.0,"key":"SMITH"},{"floor":30.0,"key":"REST"},{"floor":32.0,"key":"REST"},{"floor":41.0,"key":"REST"},{"data":"Exhume","floor":47.0,"key":"SMITH"},{"floor":49.0,"key":"REST"},{"floor":53.0,"key":"DIG"}],"circlet_count":0,"master_deck":["AscendersBane","Defend_R","Defend_R","Defend_R","Defend_R","Bash+1","Apotheosis+1","Disarm","Burning Pact","Twin Strike","Reaper+1","Sword Boomerang+1","Reaper+1","Feel No Pain","Corruption+1","Inflame","Bite+1","Bite+1","Bite+1","Bite+1","Bite+1","Fire Breathing","Spot Weakness+1","Shockwave+1","Reckless Charge+1","Wild Strike","Double Tap","Feed","Infernal Blade","Impervious","Battle Trance+1","Evolve+1","Exhume+1","Seeing Red","True Grit","Berserk"],"relics":["Burning Blood","Red Skull","Pear","Membership Card","Mark of Pain","Oddly Smooth Stone","Nloth\u0027s Gift","Shuriken","Pen Nib","StrikeDummy","Centennial Puzzle","Black Star","Whetstone","Incense Burner","Shovel","Lizard Tail","Blood Vial","Gremlin Horn","Ancient Tea Set","Du-Vu Doll","Dream Catcher","Ornamental Fan","Lantern","Cauldron","Bag of Preparation","Bag of Marbles"],"acts_visited":["Exordium","TheCity","TheBeyond","TheEnding"],"potions_floor_usage":[],"damage_taken":[{"damage":4.0,"enemies":"Jaw Worm","floor":1.0,"turns":6.0},{"damage":9.0,"enemies":"Cultist","floor":4.0,"turns":4.0},{"damage":7.0,"enemies":"Small Slimes","floor":7.0,"turns":6.0},{"damage":64.0,"enemies":"Gremlin Nob","floor":10.0,"turns":5.0},{"damage":0.0,"enemies":"Red Slaver","floor":11.0,"turns":1.0},{"damage":34.0,"enemies":"3 Sentries","floor":12.0,"turns":8.0},{"damage":36.0,"enemies":"Hexaghost","floor":16.0,"turns":10.0},{"damage":27.0,"enemies":"Chosen","floor":18.0,"turns":7.0},{"damage":68.0,"enemies":"Gremlin Leader","floor":23.0,"turns":9.0},{"damage":23.0,"enemies":"Spheric Guardian","floor":24.0,"turns":5.0},{"damage":3.0,"enemies":"Snecko","floor":25.0,"turns":6.0},{"damage":71.0,"enemies":"Slavers","floor":28.0,"turns":6.0},{"damage":12.0,"enemies":"Snake Plant","floor":29.0,"turns":2.0},{"damage":52.0,"enemies":"Book of Stabbing","floor":31.0,"turns":5.0},{"damage":73.0,"enemies":"Collector","floor":33.0,"turns":8.0},{"damage":49.0,"enemies":"3 Darklings","floor":35.0,"turns":3.0},{"damage":37.0,"enemies":"Mind Bloom Boss Battle","floor":37.0,"turns":6.0},{"damage":44.0,"enemies":"2 Orb Walkers","floor":38.0,"turns":4.0},{"damage":0.0,"enemies":"3 Shapes","floor":39.0,"turns":5.0},{"damage":79.0,"enemies":"Reptomancer","floor":40.0,"turns":7.0},{"damage":12.0,"enemies":"Transient","floor":42.0,"turns":6.0},{"damage":3.0,"enemies":"3 Darklings","floor":44.0,"turns":4.0},{"damage":50.0,"enemies":"Nemesis","floor":45.0,"turns":7.0},{"damage":34.0,"enemies":"Awakened One","floor":50.0,"turns":7.0},{"damage":74.0,"enemies":"Donu and Deca","floor":51.0,"turns":7.0},{"damage":29.0,"enemies":"Shield and Spear","floor":55.0,"turns":7.0},{"damage":71,"enemies":"The Heart","floor":56,"turns":8}],"seed_played":"3238342642030984056","potions_obtained":[{"floor":4.0,"key":"Dexterity Potion"},{"floor":7.0,"key":"Strength Potion"},{"floor":10.0,"key":"SteroidPotion"},{"floor":18.0,"key":"SpeedPotion"},{"floor":24.0,"key":"Block Potion"},{"floor":28.0,"key":"DistilledChaos"},{"floor":31.0,"key":"Fire Potion"},{"floor":35.0,"key":"SpeedPotion"},{"floor":40.0,"key":"DistilledChaos"},{"floor":45.0,"key":"ColorlessPotion"},{"floor":54.0,"key":"HeartOfIron"},{"floor":54.0,"key":"LiquidBronze"}],"is_trial":false,"path_per_floor":["M","$","?","M","$","R","M","R","T","E","M","E","?","$","R","B",null,"M","T","?","$","?","E","M","M","T","R","E","M","R","E","R","B",null,"M","$","?","?","M","E","R","M","T","M","E","T","R","?","R","B","B",null,"R","$","E","B",null],"character_chosen":"IRONCLAD","items_purchased":["Membership Card","Feel No Pain","Fire Breathing","Whetstone","Incense Burner","Lantern","Cauldron","True Grit"],"campfire_rested":5,"item_purchase_floors":[14,14,21,36,36,54,54,54],"current_hp_per_floor":[70,70,70,67,67,67,66,66,66,8,14,20,12,12,37,27,71,62,62,59,59,59,49,47,59,59,59,23,26,43,33,50,37,54,54,54,59,32,50,26,44,63,63,67,35,35,35,35,55,74,74,74,74,74,74,65],"gold":76,"neow_bonus":"RANDOM_COLORLESS_2","is_daily":false,"chose_seed":false,"campfire_upgraded":3,"win_rate":0.0,"timestamp":1612505932,"path_taken":["M","$","?","M","?","R","M","R","T","E","?","E","?","$","R","BOSS","M","?","?","$","?","E","?","M","T","R","E","M","R","E","R","BOSS","M","$","?","?","M","E","R","M","T","M","E","?","R","?","R","BOSS","BOSS","R","$","E","BOSS"],"items_purchased_type":["Relic","Card","Card","Relic","Relic","Relic","Relic","Card"],"build_version":"2020-12-22","purchased_purges":3,"victory":true,"max_hp_per_floor":[75,75,75,75,75,75,75,75,75,75,75,85,85,85,85,85,85,85,85,59,59,59,59,59,59,59,59,59,59,59,59,59,59,59,59,59,59,59,59,63,63,63,63,67,67,67,67,67,67,74,74,74,74,74,74,74],"relic_stats":{"Gremlin Horn":[7,7],"counters":[27,159],"Pen Nib":[21],"Bag of Preparation":[2],"Whetstone":["Reckless Charge","Bash"],"Burning Blood":126,"Blood Vial":4,"Centennial Puzzle":[36],"Lizard Tail":0,"Dream Catcher":1,"Shovel":1,"Shuriken":[41],"Ornamental Fan":[40],"Nloth\u0027s Gift":8,"Black Star":3,"obtain_stats":[{"Lantern":54,"Gremlin Horn":40,"Incense Burner":36,"Bag of Preparation":55,"Whetstone":36,"Ancient Tea Set":45,"Burning Blood":0,"Blood Vial":40,"Centennial Puzzle":31,"Lizard Tail":38,"Dream Catcher":46,"Shovel":37,"Red Skull":10,"Pear":12,"Oddly Smooth Stone":19,"Pen Nib":26,"Du-Vu Doll":45,"Cauldron":54,"Shuriken":23,"Ornamental Fan":53,"Molten Egg 2":9,"Mark of Pain":17,"Nloth\u0027s Gift":22,"Black Star":34,"Bag of Marbles":55,"Membership Card":14,"StrikeDummy":28},{"Lantern":25,"Gremlin Horn":20,"Incense Burner":16,"Bag of Preparation":26,"Whetstone":16,"Ancient Tea Set":23,"Burning Blood":0,"Blood Vial":20,"Centennial Puzzle":14,"Lizard Tail":18,"Dream Catcher":23,"Shovel":17,"Red Skull":4,"Pear":6,"Oddly Smooth Stone":8,"Pen Nib":11,"Du-Vu Doll":23,"Cauldron":25,"Shuriken":9,"Ornamental Fan":25,"Molten Egg 2":3,"Mark of Pain":7,"Nloth\u0027s Gift":8,"Black Star":15,"Bag of Marbles":26,"Membership Card":6,"StrikeDummy":12},{"Lantern":144,"Gremlin Horn":113,"Incense Burner":91,"Bag of Preparation":151,"Whetstone":91,"Ancient Tea Set":130,"Burning Blood":0,"Blood Vial":113,"Centennial Puzzle":80,"Lizard Tail":101,"Dream Catcher":130,"Shovel":97,"Red Skull":21,"Pear":30,"Oddly Smooth Stone":47,"Pen Nib":67,"Du-Vu Doll":130,"Cauldron":144,"Shuriken":56,"Ornamental Fan":144,"Molten Egg 2":16,"Mark of Pain":40,"Nloth\u0027s Gift":47,"Black Star":88,"Bag of Marbles":151,"Membership Card":30,"StrikeDummy":73}]},"card_choices":[{"not_picked":["Panache","Chrysalis"],"picked":"Apotheosis","floor":0.0},{"not_picked":["Flex","Clash"],"picked":"Disarm","floor":1.0},{"not_picked":["Wild Strike","Headbutt"],"picked":"Burning Pact","floor":4.0},{"not_picked":["Sword Boomerang","Carnage"],"picked":"Twin Strike","floor":7.0},{"not_picked":["Searing Blow+1","Infernal Blade"],"picked":"Reaper+1","floor":10.0},{"not_picked":["Anger+1","Flex"],"picked":"Sword Boomerang+1","floor":11.0},{"not_picked":["True Grit","Warcry"],"picked":"Reaper+1","floor":12.0},{"not_picked":["Brutality","Double Tap"],"picked":"Corruption","floor":16.0},{"not_picked":["Perfected Strike+1","Heavy Blade+1"],"picked":"Inflame","floor":18.0},{"not_picked":["Flex","Reckless Charge"],"picked":"Spot Weakness+1","floor":23.0},{"not_picked":["Clash","Heavy Blade"],"picked":"Shockwave+1","floor":24.0},{"not_picked":["Armaments","Dark Embrace"],"picked":"Reckless Charge","floor":25.0},{"not_picked":["Twin Strike","Reaper"],"picked":"Wild Strike","floor":28.0},{"not_picked":["Iron Wave","Armaments","Clothesline"],"picked":"SKIP","floor":29.0},{"not_picked":["Heavy Blade","Dual Wield"],"picked":"Double Tap","floor":31.0},{"not_picked":["Corruption","Fiend Fire"],"picked":"Feed","floor":33.0},{"not_picked":["Sword Boomerang","Perfected Strike"],"picked":"Pommel Strike","floor":35.0},{"not_picked":["Havoc","Second Wind+1"],"picked":"Infernal Blade","floor":37.0},{"not_picked":["Reckless Charge","Blood for Blood"],"picked":"Impervious","floor":39.0},{"not_picked":["Immolate","Flame Barrier"],"picked":"Battle Trance","floor":40.0},{"not_picked":["Body Slam","Pommel Strike"],"picked":"Evolve+1","floor":42.0},{"not_picked":["Dual Wield","Clothesline+1","Corruption"],"picked":"SKIP","floor":44.0},{"not_picked":["Flex","Offering"],"picked":"Exhume","floor":45.0},{"not_picked":["Thunderclap+1","Power Through"],"picked":"Seeing Red","floor":49.0},{"not_picked":["Spot Weakness","Havoc"],"picked":"Berserk","floor":55.0}],"player_experience":355244,"relics_obtained":[{"floor":9.0,"key":"Molten Egg 2"},{"floor":10.0,"key":"Red Skull"},{"floor":12.0,"key":"Pear"},{"floor":19.0,"key":"Oddly Smooth Stone"},{"floor":23.0,"key":"Shuriken"},{"floor":26.0,"key":"Pen Nib"},{"floor":28.0,"key":"StrikeDummy"},{"floor":31.0,"key":"Centennial Puzzle"},{"floor":37.0,"key":"Shovel"},{"floor":38.0,"key":"Lizard Tail"},{"floor":40.0,"key":"Blood Vial"},{"floor":40.0,"key":"Gremlin Horn"},{"floor":45.0,"key":"Ancient Tea Set"},{"floor":45.0,"key":"Du-Vu Doll"},{"floor":46.0,"key":"Dream Catcher"},{"floor":53.0,"key":"Ornamental Fan"},{"floor":55.0,"key":"Bag of Preparation"},{"floor":55.0,"key":"Bag of Marbles"}],"event_choices":[{"damage_healed":0.0,"max_hp_gain":0.0,"max_hp_loss":0.0,"gold_gain":50.0,"event_name":"Golden Shrine","player_choice":"Pray","floor":3.0,"gold_loss":0.0,"damage_taken":0.0},{"damage_healed":0.0,"max_hp_gain":0.0,"max_hp_loss":0.0,"gold_gain":50.0,"event_name":"FaceTrader","player_choice":"Touch","floor":13.0,"gold_loss":0.0,"damage_taken":8.0},{"damage_healed":0.0,"max_hp_gain":0.0,"max_hp_loss":26.0,"gold_gain":0.0,"event_name":"Vampires","player_choice":"Became a vampire","floor":20.0,"gold_loss":0.0,"damage_taken":0.0,"cards_obtained":["Bite","Bite","Bite","Bite","Bite"]},{"damage_healed":0.0,"max_hp_gain":0.0,"max_hp_loss":0.0,"gold_gain":0.0,"event_name":"N\u0027loth","player_choice":"Traded Relic","floor":22.0,"relics_lost":["Molten Egg 2"],"gold_loss":0.0,"damage_taken":0.0,"relics_obtained":["Nloth\u0027s Gift"]},{"damage_healed":0.0,"max_hp_gain":0.0,"max_hp_loss":0.0,"gold_gain":0.0,"event_name":"MindBloom","player_choice":"Fight","floor":37.0,"gold_loss":0.0,"damage_taken":0.0},{"damage_healed":0.0,"max_hp_gain":0.0,"max_hp_loss":0.0,"gold_gain":0.0,"event_name":"Mysterious Sphere","player_choice":"Fight","floor":38.0,"gold_loss":0.0,"damage_taken":0.0},{"damage_healed":0.0,"max_hp_gain":0.0,"max_hp_loss":0.0,"gold_gain":0.0,"event_name":"Upgrade Shrine","player_choice":"Upgraded","floor":48.0,"gold_loss":0.0,"damage_taken":0.0,"cards_upgraded":["Battle Trance"]}],"is_beta":false,"boss_relics":[{"not_picked":["Coffee Dripper","SlaversCollar"],"picked":"Mark of Pain"},{"not_picked":["Snecko Eye","Sozu"],"picked":"Black Star"}],"items_purged_floors":[2,5,54],"is_endless":false,"potions_floor_spawned":[4,7,10,18,24,28,31,35,40,45],"ascension_level":20}}