{"host":"fff5e1uasnm04x18","time":1612560053,"event":{"mods":["BaseMod","Minty Spire (QoL Compilation)","StSLib"],"gold_per_floor":[110,110,385,403,416,416,455,470,539,562,562,38,38,62,62,182,182,203,2,16,32,32,32],"floor_reached":22,"language":"ENG","playtime":1009,"items_purged":["Regret","Strike_R"],"score":226,"play_id":"50bb9e48-6e93-48cc-a444-a0852797406c","local_time":"20210205162053","is_ascension_mode":true,"campfire_choices":[{"data":"Rampage","floor":6,"key":"SMITH"},{"floor":11,"key":"REST"},{"floor":15,"key":"REST"}],"circlet_count":0,"master_deck":["Strike_R","Strike_R","Strike_R","Strike_R","Defend_R","Defend_R","Defend_R","Defend_R","Bash","Ghostly Armor","Rampage+1","Intimidate","Berserk","Barricade","Disarm"],"relics":["Burning Blood","Bronze Scales","Golden Idol","FossilizedHelix","Darkstone Periapt","Membership Card","Bird Faced Urn","Ancient Tea Set","NlothsMask","Cursed Key","TungstenRod"],"acts_visited":["Exordium","TheCity"],"potions_floor_usage":[7,16,16],"damage_taken":[{"damage":6,"enemies":"Jaw Worm","floor":1,"turns":5},{"damage":2,"enemies":"Cultist","floor":4,"turns":4},{"damage":7,"enemies":"Small Slimes","floor":5,"turns":4},{"damage":40,"enemies":"Gremlin Nob","floor":7,"turns":5},{"damage":10,"enemies":"2 Fungi Beasts","floor":8,"turns":4},{"damage":15,"enemies":"Gremlin Gang","floor":10,"turns":4},{"damage":0,"enemies":"Blue Slaver","floor":14,"turns":3},{"damage":35,"enemies":"Hexaghost","floor":16,"turns":9},{"damage":6,"enemies":"Chosen","floor":18,"turns":6},{"damage":17,"enemies":"Spheric Guardian","floor":20,"turns":5},{"damage":24,"enemies":"Centurion and Healer","floor":21,"turns":8},{"damage":64,"enemies":"Sentry and Sphere","floor":22,"turns":7}],"seed_played":"-2622224830435581541","potions_obtained":[{"floor":4,"key":"SkillPotion"},{"floor":7,"key":"Strength Potion"},{"floor":10,"key":"Strength Potion"},{"floor":20,"key":"Strength Potion"}],"is_trial":false,"path_per_floor":["M","?","?","M","M","R","E","M","T","M","R","$","?","M","R","B",null,"M","$","M","M","M"],"character_chosen":"IRONCLAD","items_purchased":["Membership Card","Bird Faced Urn","Berserk","Ancient Tea Set","TungstenRod"],"campfire_rested":2,"item_purchase_floors":[12,12,12,12,19],"current_hp_per_floor":[80,60,60,64,63,63,29,25,25,16,40,40,40,48,72,45,80,80,80,69,55,0,0],"gold":32,"neow_bonus":"RANDOM_COMMON_RELIC","is_daily":false,"chose_seed":false,"campfire_upgraded":1,"win_rate":0.0,"timestamp":1612560053,"path_taken":["M","?","?","?","M","R","E","M","T","?","R","?","?","M","R","BOSS","M","$","M","M","?"],"items_purchased_type":["Relic","Relic","Card","Relic","Relic"],"build_version":"2020-12-22","purchased_purges":2,"victory":false,"max_hp_per_floor":[80,80,80,80,80,80,80,80,80,80,80,80,80,80,80,80,80,80,80,80,80,80,80],"card_choices":[{"not_picked":["Cleave","Shockwave"],"picked":"Ghostly Armor","floor":1},{"not_picked":["True Grit","Dropkick"],"picked":"Rampage","floor":4},{"not_picked":["Shrug It Off","Havoc","Sword Boomerang"],"picked":"SKIP","floor":5},{"not_picked":["Shrug It Off","Pommel Strike","Corruption"],"picked":"SKIP","floor":7},{"not_picked":["Sever Soul","Wild Strike"],"picked":"Intimidate","floor":8},{"not_picked":["True Grit","Dual Wield","Rampage"],"picked":"SKIP","floor":10},{"not_picked":["Thunderclap","Heavy Blade","Anger"],"picked":"SKIP","floor":14},{"not_picked":["Impervious","Offering"],"picked":"Barricade","floor":16},{"not_picked":["Blood for Blood","Headbutt","Cleave+1"],"picked":"SKIP","floor":18},{"not_picked":["Pommel Strike+1","Warcry"],"picked":"Disarm","floor":20},{"not_picked":["Anger","Clash","Dark Embrace"],"picked":"SKIP","floor":21}],"player_experience":500617,"relics_obtained":[{"floor":7,"key":"FossilizedHelix"},{"floor":9,"key":"Darkstone Periapt"}],"event_choices":[{"damage_healed":0,"gold_gain":0,"player_choice":"Take Damage","damage_taken":20,"relics_obtained":["Golden Idol"],"max_hp_gain":0,"max_hp_loss":0,"event_name":"Golden Idol","floor":2,"gold_loss":0},{"damage_healed":0,"gold_gain":275,"player_choice":"Desecrate","damage_taken":0,"max_hp_gain":0,"max_hp_loss":0,"event_name":"Golden Shrine","floor":3,"gold_loss":0,"cards_obtained":["Regret"]},{"damage_healed":0,"gold_gain":0,"player_choice":"Trade","damage_taken":0,"relics_obtained":["NlothsMask"],"max_hp_gain":0,"max_hp_loss":0,"event_name":"FaceTrader","floor":13,"gold_loss":0}],"is_beta":false,"boss_relics":[{"not_picked":["Velvet Choker","Coffee Dripper"],"picked":"Cursed Key"}],"items_purged_floors":[12,19],"is_endless":false,"potions_floor_spawned":[4,7,10,20],"killed_by":"Sentry and Sphere","ascension_level":4}}