{"host":"52m1o8iwwagurbjs","time":1612538474,"event":{"mods":["AchievementEnabler","BaseMod","Bestiary","Challenge The Spire","Colored Powertips","GifTheSpireLib","Minty Spire (QoL Compilation)","Quick Restart","Relic Stats","StSLib"],"gold_per_floor":[114,114,127,139,154,184,195,228,228,8,8,8,8,52,52,52,52],"floor_reached":16,"language":"ENG","playtime":1103,"items_purged":["Strike_B"],"score":152,"play_id":"e2b84448-6ef0-4654-9d7c-3894240ec866","local_time":"20210205102114","is_ascension_mode":true,"campfire_choices":[{"data":"White Noise","floor":15,"key":"SMITH"}],"circlet_count":0,"master_deck":["Strike_B","Strike_B","Strike_B","Defend_B","Defend_B","Defend_B","Defend_B","Zap","Dualcast","Self Repair","Conserve Battery","Doom and Gloom","White Noise+1","Capacitor+1","Creative AI","FTL","Cold Snap"],"relics":["Snecko Eye","InkBottle","Prayer Wheel","Bag of Marbles","Runic Capacitor","CeramicFish"],"acts_visited":["Exordium"],"potions_floor_usage":[8],"damage_taken":[{"damage":0,"enemies":"Small Slimes","floor":1,"turns":3},{"damage":0,"enemies":"Cultist","floor":3,"turns":4},{"damage":0,"enemies":"2 Louse","floor":4,"turns":4},{"damage":0,"enemies":"Looter","floor":5,"turns":3},{"damage":34,"enemies":"Gremlin Nob","floor":6,"turns":4},{"damage":0,"enemies":"Blue Slaver","floor":7,"turns":3},{"damage":0,"enemies":"Lagavulin","floor":8,"turns":7},{"damage":27,"enemies":"Gremlin Nob","floor":14,"turns":5},{"damage":42,"enemies":"Slime Boss","floor":16,"turns":6}],"seed_played":"571243113661271133","potions_obtained":[{"floor":1,"key":"Strength Potion"},{"floor":3,"key":"LiquidBronze"},{"floor":7,"key":"SkillPotion"}],"is_trial":false,"path_per_floor":["M","?","M","M","M","E","M","E","T","$","?","?","$","E","R","B"],"character_chosen":"DEFECT","items_purchased":["Runic Capacitor"],"campfire_rested":0,"item_purchase_floors":[10],"current_hp_per_floor":[75,75,75,75,75,48,48,55,55,55,60,60,60,40,40,0,0],"gold":52,"neow_bonus":"BOSS_RELIC","is_daily":false,"chose_seed":false,"campfire_upgraded":1,"win_rate":0.0,"timestamp":1612538474,"path_taken":["M","?","M","?","M","E","M","E","T","$","?","?","?","E","R","BOSS"],"items_purchased_type":["Relic"],"build_version":"2020-12-22","purchased_purges":1,"victory":false,"max_hp_per_floor":[75,75,75,75,75,75,75,75,75,75,80,80,80,80,80,80,80],"relic_stats":{"counters":[9,39],"CeramicFish":9,"Snecko Eye":[74,63,62,83],"Prayer Wheel":0,"obtain_stats":[{"CeramicFish":14,"Snecko Eye":0,"Prayer Wheel":8,"Bag of Marbles":9,"Runic Capacitor":10,"Cracked Core":0,"InkBottle":6},{"CeramicFish":8,"Snecko Eye":0,"Prayer Wheel":7,"Bag of Marbles":7,"Runic Capacitor":7,"Cracked Core":0,"InkBottle":5},{"CeramicFish":33,"Snecko Eye":0,"Prayer Wheel":28,"Bag of Marbles":28,"Runic Capacitor":28,"Cracked Core":0,"InkBottle":18}],"InkBottle":[6]},"card_choices":[{"not_picked":["Double Energy","Beam Cell"],"picked":"Self Repair","floor":1},{"not_picked":["Storm","Streamline"],"picked":"Conserve Battery","floor":3},{"not_picked":["Cold Snap","Conserve Battery"],"picked":"Doom and Gloom","floor":4},{"not_picked":["Darkness","Hologram"],"picked":"White Noise","floor":5},{"not_picked":["Force Field","Ball Lightning"],"picked":"Capacitor","floor":6},{"not_picked":["Leap","Steam"],"picked":"Creative AI","floor":7},{"not_picked":["Gash","Go for the Eyes"],"picked":"FTL","floor":8},{"not_picked":["Streamline","Hyperbeam"],"picked":"Cold Snap","floor":14}],"player_experience":1309933,"relics_obtained":[{"floor":6,"key":"InkBottle"},{"floor":8,"key":"Prayer Wheel"},{"floor":9,"key":"Bag of Marbles"},{"floor":14,"key":"CeramicFish"}],"event_choices":[{"damage_healed":0,"gold_gain":0,"player_choice":"Ignored","damage_taken":0,"max_hp_gain":0,"max_hp_loss":0,"event_name":"NoteForYourself","floor":2,"gold_loss":0},{"damage_healed":0,"gold_gain":0,"player_choice":"Donut","damage_taken":0,"max_hp_gain":5,"max_hp_loss":0,"event_name":"Big Fish","floor":11,"gold_loss":0},{"damage_healed":0,"gold_gain":0,"player_choice":"Grow","damage_taken":0,"max_hp_gain":0,"max_hp_loss":0,"event_name":"Living Wall","floor":12,"gold_loss":0,"cards_upgraded":["Capacitor"]}],"is_beta":false,"boss_relics":[],"items_purged_floors":[10],"is_endless":false,"potions_floor_spawned":[1,3,7],"killed_by":"Slime Boss","ascension_level":1}}