{"host":"bpnwh7vpv9k3tssc","time":1612565491,"event":{"mods":["BaseMod","Colored Map","Colored Powertips","Curses Come First","Highlight Path","Minty Spire (QoL Compilation)","Quick Restart","Random Character Button","Relic Sorter","StSLib"],"gold_per_floor":[109,109,109,109,129,129,150,75,75,75,89,20,20,43,43,174,174,189,189,4,4,4,4,20,20,20,59,74,112,112,112],"floor_reached":30,"language":"ENG","playtime":859,"items_purged":["Strike_B"],"score":371,"play_id":"7c2b99f5-1a33-4958-ad75-d6bec7dfe9c1","local_time":"20210205235131","is_ascension_mode":true,"campfire_choices":[{"data":"Zap","floor":6.0,"key":"SMITH"},{"floor":10.0,"key":"REST"},{"floor":15.0,"key":"REST"},{"data":"Creative AI","floor":23,"key":"SMITH"},{"data":"Defragment","floor":25,"key":"SMITH"}],"circlet_count":0,"master_deck":["Strike_B","Strike_B","Defend_B","Defend_B","Defend_B","Defend_B","Zap+1","Dualcast","Redo+1","Capacitor","Ball Lightning","Defragment+1","Turbo","Creative AI+1","Tempest+1","Defragment","Conserve Battery","Lockon","Multi-Cast","Conserve Battery","Buffer+1","Leap+1","Coolheaded"],"relics":["FrozenCore","Blood Vial","Mango","Golden Idol","Bronze Scales","Omamori","Membership Card","Frozen Egg 2","Centennial Puzzle","Letter Opener"],"acts_visited":["Exordium","TheCity"],"potions_floor_usage":[27,29,29],"damage_taken":[{"damage":7.0,"enemies":"Jaw Worm","floor":1.0,"turns":2.0},{"damage":6.0,"enemies":"2 Louse","floor":5.0,"turns":2.0},{"damage":6.0,"enemies":"Small Slimes","floor":7.0,"turns":3.0},{"damage":33.0,"enemies":"Exordium Thugs","floor":11.0,"turns":4.0},{"damage":18.0,"enemies":"Lots of Slimes","floor":14.0,"turns":3.0},{"damage":72.0,"enemies":"The Guardian","floor":16.0,"turns":11.0},{"damage":5,"enemies":"Spheric Guardian","floor":18,"turns":6},{"damage":19,"enemies":"Shell Parasite","floor":24,"turns":5},{"damage":11,"enemies":"Gremlin Leader","floor":27,"turns":7},{"damage":13,"enemies":"Shelled Parasite and Fungi","floor":28,"turns":6},{"damage":24,"enemies":"Slavers","floor":29,"turns":8},{"damage":8,"enemies":"Sentry and Sphere","floor":30,"turns":3}],"seed_played":"1507493198263107730","potions_obtained":[{"floor":5.0,"key":"SneckoOil"},{"floor":11.0,"key":"FairyPotion"},{"floor":16.0,"key":"SteroidPotion"},{"floor":24,"key":"AttackPotion"},{"floor":28,"key":"CultistPotion"}],"is_trial":false,"path_per_floor":["M","?","?","?","M","R","M","$","T","R","M","$","T","M","R","B",null,"M","?","$","?","?","R","M","R","T","E","M","E","M"],"character_chosen":"DEFECT","items_purchased":["Defragment","Membership Card","Defragment"],"campfire_rested":2,"item_purchase_floors":[12,20,20],"current_hp_per_floor":[63,74,52,52,48,48,44,44,44,70,39,39,39,23,49,5,68,65,65,65,65,65,65,48,48,48,39,28,6,0,0],"gold":112,"neow_bonus":"RANDOM_COMMON_RELIC","is_daily":false,"chose_seed":false,"campfire_upgraded":3,"win_rate":0.0,"timestamp":1612565491,"path_taken":["M","?","?","?","M","R","M","$","T","R","?","$","?","M","R","BOSS","M","?","$","?","?","R","M","R","T","E","?","E","M"],"items_purchased_type":["Card","Relic","Card"],"build_version":"2020-12-22","purchased_purges":1,"victory":false,"max_hp_per_floor":[75,89,89,89,89,89,89,89,89,89,89,89,89,89,89,89,89,89,89,89,89,89,89,89,89,89,89,89,89,89,89],"card_choices":[{"not_picked":["Streamline","Compile Driver"],"picked":"Redo","floor":1.0},{"not_picked":["Ball Lightning","Cold Snap"],"picked":"Capacitor","floor":5.0},{"not_picked":["Darkness","Gash"],"picked":"Cold Snap","floor":7.0},{"not_picked":["Stack","Aggregate"],"picked":"Ball Lightning","floor":11.0},{"not_picked":["Core Surge","Chill"],"picked":"Turbo","floor":14.0},{"not_picked":["Amplify","Seek"],"picked":"Creative AI","floor":16.0},{"not_picked":["Force Field","Coolheaded+1"],"picked":"Tempest+1","floor":18},{"not_picked":["Redo+1","Scrape"],"picked":"Conserve Battery","floor":24},{"not_picked":["Go for the Eyes","Tempest"],"picked":"Buffer+1","floor":27},{"not_picked":["Beam Cell","Cold Snap"],"picked":"Leap+1","floor":28},{"not_picked":["Sunder","Chill"],"picked":"Coolheaded","floor":29}],"player_experience":360695,"relics_obtained":[{"floor":9.0,"key":"Bronze Scales"},{"floor":13.0,"key":"Omamori"},{"floor":26,"key":"Frozen Egg 2"},{"floor":27,"key":"Centennial Puzzle"},{"floor":29,"key":"Letter Opener"}],"event_choices":[{"damage_healed":0.0,"max_hp_gain":0.0,"max_hp_loss":0.0,"gold_gain":0.0,"event_name":"Scrap Ooze","player_choice":"Success","floor":2.0,"gold_loss":0.0,"damage_taken":3.0,"relics_obtained":["Mango"]},{"damage_healed":0.0,"max_hp_gain":0.0,"max_hp_loss":0.0,"gold_gain":0.0,"event_name":"Golden Idol","player_choice":"Take Damage","floor":3.0,"gold_loss":0.0,"damage_taken":22.0,"relics_obtained":["Golden Idol"]},{"damage_healed":0.0,"max_hp_gain":0.0,"max_hp_loss":0.0,"gold_gain":0.0,"event_name":"Upgrade Shrine","player_choice":"Upgraded","floor":4.0,"gold_loss":0.0,"damage_taken":0.0,"cards_upgraded":["Redo"]},{"damage_healed":0,"gold_gain":0,"player_choice":"Ignored","damage_taken":0,"max_hp_gain":0,"max_hp_loss":0,"event_name":"Ghosts","floor":19,"gold_loss":0},{"damage_healed":0,"gold_gain":0,"player_choice":"Read","damage_taken":0,"max_hp_gain":0,"max_hp_loss":0,"event_name":"The Library","floor":21,"gold_loss":0,"cards_obtained":["Conserve Battery"]},{"damage_healed":0,"gold_gain":0,"cards_transformed":["Strike_B","Cold Snap"],"player_choice":"Became Test Subject","damage_taken":0,"max_hp_gain":0,"max_hp_loss":0,"event_name":"Drug Dealer","floor":22,"gold_loss":0,"cards_obtained":["Lockon","Multi-Cast"]}],"is_beta":false,"boss_relics":[{"not_picked":["Fusion Hammer","Coffee Dripper"],"picked":"FrozenCore"}],"items_purged_floors":[8],"is_endless":false,"potions_floor_spawned":[5,11,16,24,28],"killed_by":"Sentry and Sphere","ascension_level":9}}