{"host":"8is2j71l4wmybkoi","time":1612509597,"event":{"mods":["AchievementEnabler","BaseMod","Colored Map","Minty Spire (QoL Compilation)","Rare Cards Sparkle","StSLib","SuperFastMode"],"gold_per_floor":[114,127,146,146,159,159,173,194,244,277,25,25,68,68,68,164,164,189,239,259,259,259],"floor_reached":21,"language":"KOR","playtime":769,"items_purged":["Defend_P"],"score":422,"play_id":"fbc2e3b6-2122-4a26-9e3f-8c30cbcde1eb","local_time":"20210205161957","is_ascension_mode":true,"campfire_choices":[{"data":"Eruption","floor":6,"key":"SMITH"},{"floor":12,"key":"REST"},{"floor":15,"key":"REST"}],"circlet_count":0,"master_deck":["AscendersBane","Strike_P","Strike_P","Strike_P","Defend_P","Defend_P","Eruption+1","Vigilance","Halt","MentalFortress","FollowUp+1","EmptyFist","ClearTheMind","ReachHeaven+1","WheelKick","Enlightenment","Protect","LessonLearned","InnerPeace"],"relics":["PureWater","Golden Idol","Whetstone","White Beast Statue","Kunai","Pen Nib","Black Star"],"acts_visited":["Exordium","TheCity"],"potions_floor_usage":[7,10,16,21],"damage_taken":[{"damage":1,"enemies":"Small Slimes","floor":1,"turns":3},{"damage":14,"enemies":"Jaw Worm","floor":2,"turns":4},{"damage":0,"enemies":"2 Louse","floor":3,"turns":5},{"damage":0,"enemies":"Large Slime","floor":5,"turns":3},{"damage":9,"enemies":"2 Fungi Beasts","floor":7,"turns":2},{"damage":9,"enemies":"Looter","floor":8,"turns":3},{"damage":8,"enemies":"Gremlin Nob","floor":10,"turns":3},{"damage":24,"enemies":"3 Sentries","floor":13,"turns":7},{"damage":0,"enemies":"Slime Boss","floor":16,"turns":4},{"damage":27,"enemies":"2 Thieves","floor":18,"turns":3},{"damage":0,"enemies":"Spheric Guardian","floor":20,"turns":3},{"damage":25,"enemies":"Masked Bandits","floor":21,"turns":3}],"seed_played":"-5702425311447716425","potions_obtained":[{"floor":2,"key":"Fire Potion"},{"floor":5,"key":"Regen Potion"},{"floor":10,"key":"Ancient Potion"},{"floor":13,"key":"SteroidPotion"},{"floor":16,"key":"Energy Potion"},{"floor":20,"key":"SkillPotion"}],"is_trial":false,"path_per_floor":["M","M","M","?","M","R","M","M","T","E","$","R","E","?","R","B",null,"M","?","M","?"],"character_chosen":"WATCHER","items_purchased":["FearPotion","WheelKick","Enlightenment"],"campfire_rested":2,"item_purchase_floors":[11,11,11],"current_hp_per_floor":[42,28,28,28,28,28,24,15,15,7,7,25,1,1,19,19,51,24,24,24,0,0],"gold":259,"neow_bonus":"REMOVE_TWO","is_daily":false,"chose_seed":false,"campfire_upgraded":1,"win_rate":0.0,"timestamp":1612509597,"path_taken":["M","M","M","?","M","R","M","M","T","E","$","R","E","?","R","BOSS","M","?","M","?"],"items_purchased_type":["Potion","Card","Card"],"build_version":"2020-12-22","purchased_purges":1,"victory":false,"max_hp_per_floor":[68,68,68,62,62,62,62,62,62,62,62,62,62,62,62,62,62,62,62,62,62,62],"card_choices":[{"not_picked":["ThirdEye","WaveOfTheHand"],"picked":"Halt","floor":1},{"not_picked":["Pray","Prostrate"],"picked":"MentalFortress","floor":2},{"not_picked":["Prostrate","JustLucky"],"picked":"FollowUp","floor":3},{"not_picked":["Consecrate","CrushJoints"],"picked":"EmptyFist","floor":5},{"not_picked":["Wallop","Crescendo"],"picked":"ClearTheMind","floor":7},{"not_picked":["FlyingSleeves","EmptyFist"],"picked":"ReachHeaven","floor":8},{"not_picked":["Consecrate","Conclude","WindmillStrike"],"picked":"SKIP","floor":10},{"not_picked":["Crescendo","Fasting2"],"picked":"Protect","floor":13},{"not_picked":["Ragnarok","Judgement"],"picked":"LessonLearned","floor":16},{"not_picked":["ClearTheMind","Consecrate","Wireheading+1"],"picked":"SKIP","floor":18},{"not_picked":["Fasting2","WheelKick"],"picked":"InnerPeace","floor":20}],"player_experience":978994,"relics_obtained":[{"floor":9,"key":"Whetstone"},{"floor":10,"key":"White Beast Statue"},{"floor":13,"key":"Kunai"}],"event_choices":[{"damage_healed":0,"gold_gain":0,"player_choice":"Lose Max HP","damage_taken":0,"relics_obtained":["Golden Idol"],"max_hp_gain":0,"max_hp_loss":6,"event_name":"Golden Idol","floor":4,"gold_loss":0},{"damage_healed":0,"gold_gain":0,"player_choice":"Searched \u00271\u0027 times","damage_taken":0,"relics_obtained":["Pen Nib"],"max_hp_gain":0,"max_hp_loss":0,"event_name":"Dead Adventurer","floor":14,"gold_loss":0},{"damage_healed":0,"gold_gain":50,"player_choice":"Stole From Cult","damage_taken":0,"max_hp_gain":0,"max_hp_loss":0,"event_name":"Nest","floor":19,"gold_loss":0},{"damage_healed":0,"gold_gain":0,"player_choice":"Fought Bandits","damage_taken":0,"max_hp_gain":0,"max_hp_loss":0,"event_name":"Masked Bandits","floor":21,"gold_loss":0}],"is_beta":false,"boss_relics":[{"not_picked":["HolyWater","Tiny House"],"picked":"Black Star"}],"items_purged_floors":[11],"is_endless":false,"potions_floor_spawned":[2,5,10,13,16,18,20],"killed_by":"Masked Bandits","ascension_level":15}}