{"host":"fnk117zi8wf5078t","time":1612535498,"event":{"mods":["AchievementEnabler","BaseMod","Colored Map","Minty Spire (QoL Compilation)","Rare Cards Sparkle","SuperFastMode","everything is the same but u backflip on backflip"],"gold_per_floor":[111,111,124,55,67,67,67,67,67,67,67,67,67,92,92,92,92],"floor_reached":16,"language":"KOR","playtime":262,"items_purged":[],"score":136,"play_id":"09aff9b7-2818-44f6-a503-b20770b3d4eb","local_time":"20210205233138","is_ascension_mode":true,"campfire_choices":[{"data":"Genetic Algorithm","floor":6,"key":"SMITH"},{"data":"Machine Learning","floor":8,"key":"SMITH"},{"data":"Go for the Eyes","floor":10,"key":"SMITH"},{"floor":15,"key":"REST"}],"circlet_count":0,"master_deck":["AscendersBane","Strike_B","Strike_B","Strike_B","Defend_B","Defend_B","Defend_B","Defend_B","Zap","Dualcast","Machine Learning+1","Go for the Eyes+1","Dark Shackles","Scrape","Genetic Algorithm+1"],"relics":["Cracked Core","NeowsBlessing","Pantograph","Golden Idol"],"acts_visited":["Exordium"],"potions_floor_usage":[],"damage_taken":[{"damage":0.0,"enemies":"2 Louse","floor":1.0,"turns":1.0},{"damage":0,"enemies":"Cultist","floor":3,"turns":1},{"damage":0,"enemies":"Small Slimes","floor":5,"turns":1},{"damage":10,"enemies":"Exordium Wildlife","floor":14,"turns":5},{"damage":77,"enemies":"Slime Boss","floor":16,"turns":11}],"seed_played":"-3995535187308364620","potions_obtained":[],"is_trial":false,"path_per_floor":["M","?","M","$","M","R","?","R","T","R","$","?","$","M","R","B"],"character_chosen":"DEFECT","items_purchased":["Scrape"],"campfire_rested":1,"item_purchase_floors":[4],"current_hp_per_floor":[68,68,68,68,68,68,68,68,68,68,68,50,50,40,62,0,0],"gold":92,"neow_bonus":"THREE_ENEMY_KILL","is_daily":false,"chose_seed":false,"campfire_upgraded":3,"win_rate":0.0,"timestamp":1612535498,"path_taken":["M","?","?","$","M","R","?","R","T","R","?","?","$","M","R","BOSS"],"items_purchased_type":["Card"],"build_version":"2020-12-22","purchased_purges":0,"victory":false,"max_hp_per_floor":[75,75,75,75,75,75,75,75,75,75,75,75,75,75,75,75,75],"card_choices":[{"not_picked":["Barrage","Darkness","Hologram"],"picked":"SKIP","floor":1.0},{"not_picked":["Coolheaded","Ball Lightning","Compile Driver"],"picked":"SKIP","floor":3},{"not_picked":["Redo","Rebound"],"picked":"Genetic Algorithm","floor":5},{"not_picked":["Rebound","Hologram","Hello World"],"picked":"SKIP","floor":14}],"player_experience":425075,"relics_obtained":[{"floor":9,"key":"Pantograph"}],"event_choices":[{"damage_healed":0,"gold_gain":0,"player_choice":"3 cards matched","damage_taken":0,"max_hp_gain":0,"max_hp_loss":0,"event_name":"Match and Keep!","floor":2,"gold_loss":0,"cards_obtained":["Machine Learning","Go for the Eyes","Dark Shackles"]},{"cards_removed":["Strike_B"],"damage_healed":0,"gold_gain":0,"player_choice":"Forget","damage_taken":0,"max_hp_gain":0,"max_hp_loss":0,"event_name":"Living Wall","floor":7,"gold_loss":0},{"damage_healed":0,"gold_gain":0,"player_choice":"Take Damage","damage_taken":18,"relics_obtained":["Golden Idol"],"max_hp_gain":0,"max_hp_loss":0,"event_name":"Golden Idol","floor":12,"gold_loss":0}],"is_beta":false,"boss_relics":[],"items_purged_floors":[],"is_endless":false,"potions_floor_spawned":[],"killed_by":"Slime Boss","ascension_level":11}}