{"host":"fvux6yoihym3ucic","time":1612510066,"event":{"mods":["BaseMod","Curses Come First","Downfall","Energized Spire","Hermit","Infinite Spire","Minty Spire (QoL Compilation)","Rare Cards Sparkle","Replay The Spire","Spire Arcade","StSLib","The Cursed"],"gold_per_floor":[117,117,130,130,146,146,158,158,181,198,225,248,279,291,303,315,315],"floor_reached":16,"language":"ENG","playtime":604,"items_purged":[],"score":104,"play_id":"f7b9e7a8-5a09-4996-b0c6-d8fc59feea19","local_time":"20210205022746","is_ascension_mode":false,"campfire_choices":[{"floor":6,"key":"RECALL"},{"data":"Masterful Stab","floor":8,"key":"SMITH"},{"floor":15,"key":"REST"}],"circlet_count":0,"master_deck":["Strike_G+1","Strike_G","Strike_G","Strike_G","Strike_G","Defend_G","Defend_G","Defend_G+1","Defend_G","Defend_G","Survivor","Neutralize","Bullet Time+1","Masterful Stab+1","ReplayTheSpireMod:From All Sides"],"relics":["Ring of the Snake","Centennial Puzzle","Juzu Bracelet","MawBank"],"acts_visited":["Exordium"],"potions_floor_usage":[16,16],"damage_taken":[{"damage":5,"enemies":"2 Louse","floor":1,"turns":3},{"damage":0,"enemies":"Small Slimes","floor":3,"turns":3},{"damage":4,"enemies":"Cultist","floor":5,"turns":4},{"damage":3,"enemies":"Large Slime","floor":7,"turns":7},{"damage":2,"enemies":"Exordium Thugs","floor":10,"turns":5},{"damage":11,"enemies":"Replay:BlueRogue","floor":11,"turns":7},{"damage":2,"enemies":"Blue Slaver","floor":12,"turns":2},{"damage":1,"enemies":"Gremlin Gang","floor":13,"turns":3},{"damage":73,"enemies":"Fading Forest","floor":16,"turns":9}],"seed_played":"-8386538129987069499","potions_obtained":[{"floor":1,"key":"SkillPotion"},{"floor":3,"key":"Elixir"},{"floor":7,"key":"champ:CounterPotion"}],"is_trial":false,"path_per_floor":["M","?","M","?","M","R","M","R","T","M","E","M","M","?","R","B"],"character_chosen":"THE_SILENT","items_purchased":[],"campfire_rested":1,"item_purchase_floors":[],"current_hp_per_floor":[72,69,69,69,65,65,62,62,62,60,49,47,46,31,54,0,0],"gold":315,"neow_bonus":"TEN_PERCENT_HP_BONUS","is_daily":false,"chose_seed":false,"campfire_upgraded":1,"win_rate":0.0,"timestamp":1612510066,"path_taken":["M","?","M","?","M","R","M","R","T","M","E","M","M","?","R","BOSS"],"items_purchased_type":[],"build_version":"2020-12-22","purchased_purges":0,"victory":false,"max_hp_per_floor":[77,77,77,77,77,77,77,77,77,77,77,77,77,77,77,77,77],"card_choices":[{"not_picked":["Hidden Blade","Acrobatics","Slice"],"picked":"SKIP","floor":1},{"not_picked":["Backflip","Outmaneuver"],"picked":"Bullet Time","floor":3},{"not_picked":["ReplayTheSpireMod:Shiv Toss","Prepared","Sucker Punch"],"picked":"SKIP","floor":5},{"not_picked":["Eviscerate","Blur"],"picked":"Masterful Stab","floor":7},{"not_picked":["Acrobatics","Calculated Gamble","Hidden Blade"],"picked":"SKIP","floor":10},{"not_picked":["Dodge and Roll","Deflect","Blur"],"picked":"SKIP","floor":11},{"not_picked":["Acrobatics","Backflip","PiercingWail"],"picked":"SKIP","floor":12},{"not_picked":["Finisher","Backflip"],"picked":"ReplayTheSpireMod:From All Sides","floor":13}],"player_experience":37306,"relics_obtained":[{"floor":9,"key":"Juzu Bracelet"},{"floor":11,"key":"MawBank"}],"event_choices":[{"damage_healed":0,"gold_gain":0,"player_choice":"Success","damage_taken":3,"relics_obtained":["Centennial Puzzle"],"max_hp_gain":0,"max_hp_loss":0,"event_name":"Scrap Ooze","floor":2,"gold_loss":0},{"damage_healed":0,"gold_gain":0,"player_choice":"Forge","damage_taken":0,"max_hp_gain":0,"max_hp_loss":0,"event_name":"Accursed Blacksmith","floor":4,"gold_loss":0,"cards_upgraded":["Bullet Time"]},{"damage_healed":0,"gold_gain":0,"player_choice":"Entered Light","damage_taken":15,"max_hp_gain":0,"max_hp_loss":0,"event_name":"Shining Light","floor":14,"gold_loss":0,"cards_upgraded":["Strike_G","Defend_G"]}],"is_beta":false,"boss_relics":[],"items_purged_floors":[],"is_endless":false,"potions_floor_spawned":[1,3,7],"killed_by":"Fading Forest","ascension_level":0}}