{"host":"xz7n3qy1zq36rzpg","time":1612483489,"event":{"mods":["BaseMod","Colored Map","Colored Powertips","Highlight Path","Minty Spire (QoL Compilation)","Quick Restart","Shop Mod"],"gold_per_floor":[111,36,36,111,128,153,153,185,185,203,203,215,64,90,90,186,186,198,120,57,4,17,17,30,40,40,73,5,5,5,5,5,101,101,112,163,182,182,57,57,57],"floor_reached":40,"language":"ENG","playtime":2256,"items_purged":["Strike_B","Defend_B","Decay"],"score":569,"play_id":"3afc9446-e024-4fd7-bf0a-667db35ff28a","local_time":"20210205010449","is_ascension_mode":true,"campfire_choices":[{"data":"Echo Form","floor":7,"key":"SMITH"},{"floor":15,"key":"REST"},{"data":"Beam Cell","floor":23,"key":"SMITH"},{"floor":32,"key":"REST"}],"circlet_count":0,"master_deck":["Strike_B","Strike_B","Strike_B","Defend_B","Defend_B","Defend_B","Zap","Dualcast","Ball Lightning","Conserve Battery","Echo Form+1","Sweeping Beam+1","Leap","Beam Cell+1","Genetic Algorithm","Machine Learning","Rip and Tear","Lockon","Leap","Chaos+1","Cold Snap","Glacier","FTL","Creative AI"],"relics":["Cracked Core","NeowsBlessing","Pen Nib","Happy Flower","Pantograph","Mercury Hourglass","Nuclear Battery","Lizard Tail","Anchor","Fusion Hammer","Ginger"],"acts_visited":["Exordium","TheCity","TheBeyond"],"potions_floor_usage":[14,24,33,33,36],"damage_taken":[{"damage":0,"enemies":"Cultist","floor":1,"turns":1},{"damage":0,"enemies":"2 Louse","floor":5,"turns":1},{"damage":0,"enemies":"Gremlin Nob","floor":6,"turns":1},{"damage":20,"enemies":"3 Sentries","floor":8,"turns":7},{"damage":5,"enemies":"Jaw Worm","floor":10,"turns":3},{"damage":4,"enemies":"Red Slaver","floor":12,"turns":3},{"damage":19,"enemies":"Lagavulin","floor":14,"turns":6},{"damage":0,"enemies":"Slime Boss","floor":16,"turns":6},{"damage":0,"enemies":"Chosen","floor":18,"turns":4},{"damage":4,"enemies":"Shell Parasite","floor":22,"turns":4},{"damage":8,"enemies":"Centurion and Healer","floor":24,"turns":5},{"damage":9,"enemies":"Chosen and Byrds","floor":25,"turns":4},{"damage":43,"enemies":"Slavers","floor":27,"turns":5},{"damage":49,"enemies":"Collector","floor":33,"turns":8},{"damage":8,"enemies":"3 Darklings","floor":35,"turns":5},{"damage":73,"enemies":"2 Orb Walkers","floor":36,"turns":5},{"damage":10,"enemies":"3 Shapes","floor":37,"turns":3},{"damage":34,"enemies":"Transient","floor":40,"turns":5}],"seed_played":"3609992307005864932","potions_obtained":[{"floor":5,"key":"FearPotion"},{"floor":14,"key":"Swift Potion"},{"floor":16,"key":"PowerPotion"},{"floor":27,"key":"ColorlessPotion"},{"floor":33,"key":"Block Potion"},{"floor":35,"key":"Weak Potion"},{"floor":37,"key":"LiquidBronze"}],"is_trial":false,"path_per_floor":["M","$","?","?","M","E","R","E","T","M","?","M","$","E","R","B",null,"M","$","?","$","M","R","M","M","T","E","$","?","?","?","R","B",null,"M","?","M","?","$","M"],"character_chosen":"DEFECT","items_purchased":["ColorlessPotion","Lockon","Leap","FTL"],"campfire_rested":2,"item_purchase_floors":[13,19,21,28],"current_hp_per_floor":[75,75,80,69,69,69,69,49,49,44,44,40,40,21,45,70,80,80,80,80,80,76,76,68,59,59,16,16,16,16,16,40,16,80,72,40,30,30,30,0,0],"gold":57,"neow_bonus":"THREE_ENEMY_KILL","is_daily":false,"chose_seed":false,"campfire_upgraded":2,"win_rate":0.0,"timestamp":1612483489,"path_taken":["M","$","?","?","M","E","R","E","T","M","?","M","?","E","R","BOSS","M","$","?","?","M","R","?","M","T","E","$","?","?","?","R","BOSS","M","?","M","?","$","M"],"items_purchased_type":["Potion","Card","Card","Card"],"build_version":"2020-12-22","purchased_purges":3,"victory":false,"max_hp_per_floor":[75,75,80,80,80,80,80,80,80,80,80,80,80,80,80,80,80,80,80,80,80,80,80,80,80,80,80,80,80,80,80,80,80,80,80,80,80,80,80,80,80],"card_choices":[{"not_picked":["Redo","Stack"],"picked":"Ball Lightning","floor":1},{"not_picked":["Streamline","Chaos"],"picked":"Conserve Battery","floor":5},{"not_picked":["Recycle","Steam"],"picked":"Echo Form","floor":6},{"not_picked":["Undo","Rainbow"],"picked":"Sweeping Beam","floor":8},{"not_picked":["Conserve Battery","Redo"],"picked":"Leap","floor":10},{"not_picked":["Multi-Cast","Stack"],"picked":"Beam Cell","floor":12},{"not_picked":["Storm","Turbo"],"picked":"Genetic Algorithm","floor":14},{"not_picked":["Multi-Cast","Seek"],"picked":"Machine Learning","floor":16},{"not_picked":["Heatsinks","Force Field"],"picked":"Rip and Tear","floor":18},{"not_picked":["Stack","Turbo+1","Conserve Battery+1"],"picked":"SKIP","floor":22},{"not_picked":["Heatsinks","Reinforced Body"],"picked":"Chaos+1","floor":24},{"not_picked":["Beam Cell","Compile Driver"],"picked":"Cold Snap","floor":25},{"not_picked":["Cold Snap","Storm"],"picked":"Glacier","floor":27},{"not_picked":["Echo Form","Hyperbeam"],"picked":"Creative AI","floor":33},{"not_picked":["Static Discharge","Go for the Eyes","Steam"],"picked":"SKIP","floor":35},{"not_picked":["Stack","Turbo","Go for the Eyes"],"picked":"SKIP","floor":37}],"player_experience":414233,"relics_obtained":[{"floor":6,"key":"Pen Nib"},{"floor":8,"key":"Happy Flower"},{"floor":9,"key":"Pantograph"},{"floor":14,"key":"Mercury Hourglass"},{"floor":27,"key":"Anchor"},{"floor":36,"key":"Ginger"}],"event_choices":[{"damage_healed":0,"gold_gain":0,"player_choice":"Donut","damage_taken":0,"max_hp_gain":5,"max_hp_loss":0,"event_name":"Big Fish","floor":3,"gold_loss":0},{"damage_healed":0,"gold_gain":75,"player_choice":"Gather Gold","damage_taken":11,"max_hp_gain":0,"max_hp_loss":0,"event_name":"World of Goop","floor":4,"gold_loss":0},{"damage_healed":0,"gold_gain":0,"player_choice":"Grow","damage_taken":0,"max_hp_gain":0,"max_hp_loss":0,"event_name":"Living Wall","floor":11,"gold_loss":0,"cards_upgraded":["Sweeping Beam"]},{"damage_healed":0,"gold_gain":0,"player_choice":"Paid Gold","damage_taken":0,"relics_obtained":["Lizard Tail"],"max_hp_gain":0,"max_hp_loss":0,"event_name":"WeMeetAgain","floor":20,"gold_loss":63},{"damage_healed":0,"gold_gain":0,"player_choice":"Ignored","damage_taken":0,"max_hp_gain":0,"max_hp_loss":0,"event_name":"Vampires","floor":29,"gold_loss":0},{"damage_healed":0,"gold_gain":0,"player_choice":"Ignored","damage_taken":0,"max_hp_gain":0,"max_hp_loss":0,"event_name":"Cursed Tome","floor":30,"gold_loss":0},{"damage_healed":0,"gold_gain":0,"player_choice":"Smashed Altar","damage_taken":0,"max_hp_gain":0,"max_hp_loss":0,"event_name":"Forgotten Altar","floor":31,"gold_loss":0,"cards_obtained":["Decay"]},{"damage_healed":0,"gold_gain":0,"player_choice":"Fight","damage_taken":0,"max_hp_gain":0,"max_hp_loss":0,"event_name":"Mysterious Sphere","floor":36,"gold_loss":0},{"damage_healed":0,"gold_gain":0,"player_choice":"Ignored","damage_taken":0,"max_hp_gain":0,"max_hp_loss":0,"event_name":"Tomb of Lord Red Mask","floor":38,"gold_loss":0}],"is_beta":false,"boss_relics":[{"not_picked":["SlaversCollar","Philosopher\u0027s Stone"],"picked":"Nuclear Battery"},{"not_picked":["Snecko Eye","SacredBark"],"picked":"Fusion Hammer"}],"items_purged_floors":[2,13,39],"is_endless":false,"potions_floor_spawned":[5,14,16,27,33,35,37],"killed_by":"Transient","ascension_level":3}}