{"host":"utqe55yv0jihe4d6","time":1612490249,"event":{"mods":["2.2 Compatiblity","AchievementEnabler","BaseMod","Block Reminder","Colored Map","Colored Powertips","Minty Spire (QoL Compilation)","Quick Restart","Rare Cards Sparkle","Relic Stats","SuperFastMode"],"gold_per_floor":[119,44,62,82,146,163,190,208,208,208,238,250,250,250],"floor_reached":13,"language":"ENG","playtime":523,"items_purged":[],"score":194,"play_id":"ca425361-1fc8-430a-8248-dbb959ab0e69","local_time":"20210204205729","is_ascension_mode":true,"campfire_choices":[{"data":"Neutralize","floor":10.0,"key":"SMITH"}],"circlet_count":0,"master_deck":["AscendersBane","Strike_G","Strike_G","Strike_G","Strike_G","Defend_G","Defend_G","Defend_G","Defend_G","Defend_G","Survivor","Neutralize+1","Footwork","Dash","Dash","Crippling Poison","Dodge and Roll","Burst","Endless Agony","Quick Slash"],"relics":["Ring of the Snake","Turnip","Kunai","Nunchaku"],"acts_visited":["Exordium"],"potions_floor_usage":[11,12],"damage_taken":[{"damage":1.0,"enemies":"2 Louse","floor":1.0,"turns":3.0},{"damage":0.0,"enemies":"Small Slimes","floor":3.0,"turns":6.0},{"damage":3.0,"enemies":"Jaw Worm","floor":4.0,"turns":4.0},{"damage":0.0,"enemies":"Gremlin Gang","floor":6.0,"turns":8.0},{"damage":17.0,"enemies":"3 Sentries","floor":7.0,"turns":15.0},{"damage":0.0,"enemies":"Large Slime","floor":8.0,"turns":10.0},{"damage":9,"enemies":"Lagavulin","floor":11,"turns":9},{"damage":0,"enemies":"2 Fungi Beasts","floor":12,"turns":3},{"damage":53,"enemies":"Gremlin Nob","floor":13,"turns":5}],"seed_played":"-850726376871550537","potions_obtained":[{"floor":1.0,"key":"Weak Potion"},{"floor":3.0,"key":"Strength Potion"},{"floor":4.0,"key":"GhostInAJar"}],"is_trial":false,"path_per_floor":["M","?","M","M","?","M","E","M","T","R","E","M","E"],"character_chosen":"THE_SILENT","items_purchased":[],"campfire_rested":0,"item_purchase_floors":[],"current_hp_per_floor":[64,64,64,61,61,61,44,44,44,44,35,35,0,0],"gold":250,"neow_bonus":"TEN_PERCENT_HP_BONUS","is_daily":false,"chose_seed":false,"campfire_upgraded":1,"win_rate":0.0,"timestamp":1612490249,"path_taken":["M","?","M","M","?","M","E","M","T","R","E","M","E"],"items_purchased_type":[],"build_version":"2020-12-22","purchased_purges":0,"victory":false,"max_hp_per_floor":[72,72,72,72,72,72,72,72,72,72,72,72,72,72],"relic_stats":{"Nunchaku":[1],"counters":[9,63],"Turnip":[12],"Kunai":[4],"obtain_stats":[{"Nunchaku":11,"Turnip":7,"Kunai":9,"Ring of the Snake":0},{"Nunchaku":7,"Turnip":5,"Kunai":6,"Ring of the Snake":0},{"Nunchaku":55,"Turnip":36,"Kunai":46,"Ring of the Snake":0}],"Ring of the Snake":[18]},"card_choices":[{"not_picked":["Acrobatics","Setup"],"picked":"Footwork","floor":1.0},{"not_picked":["Backflip","Outmaneuver"],"picked":"Dash","floor":3.0},{"not_picked":["Prepared","Backstab"],"picked":"Dash","floor":4.0},{"not_picked":["Acrobatics","Poisoned Stab"],"picked":"Crippling Poison","floor":6.0},{"not_picked":["Outmaneuver","Blur"],"picked":"Dodge and Roll","floor":7.0},{"not_picked":["Caltrops","Quick Slash"],"picked":"Burst","floor":8.0},{"not_picked":["Deflect","Setup"],"picked":"Endless Agony","floor":11},{"not_picked":["Flying Knee","Prepared"],"picked":"Quick Slash","floor":12}],"player_experience":3018403,"relics_obtained":[{"floor":7.0,"key":"Turnip"},{"floor":9.0,"key":"Kunai"},{"floor":11,"key":"Nunchaku"}],"event_choices":[{"cards_removed":["Strike_G"],"damage_healed":0.0,"max_hp_gain":0.0,"max_hp_loss":0.0,"gold_gain":0.0,"event_name":"The Cleric","player_choice":"Card Removal","floor":2.0,"gold_loss":75.0,"damage_taken":0.0},{"damage_healed":0.0,"max_hp_gain":0.0,"max_hp_loss":0.0,"gold_gain":64.0,"event_name":"Golden Wing","player_choice":"Gained Gold","floor":5.0,"gold_loss":0.0,"damage_taken":0.0}],"is_beta":false,"boss_relics":[],"items_purged_floors":[],"is_endless":false,"potions_floor_spawned":[1,3,4],"killed_by":"Gremlin Nob","ascension_level":20}}