{"host":"23qk1co0p3p8qz56","time":1612509774,"event":{"mods":["100% Spire Juice","AchievementEnabler","Act Like it!","Arknights","BaseMod","Better Note","Better Third Choice","BetterRewards","CapriCore","Chen","Colored Map","Gold Saver","Koishi","Lobotomy","LobotomyExtend","Marisa（霧雨　魔理沙）","Minty Spire (QoL Compilation)","Prisma Mod","Reimu（博??梦）","StSLib","The Alterego","The Animator","The Immortal","The Senshi","Waifu the Spire","Yuri Mod"],"gold_per_floor":[111,129,139,158,258,258,270,303,303,330,347,127,127,139,139,236,236,252,252,262,277,293,293,320,320,400,411,426,441,441,455,455,552,552,571,589,606,623,337,337,337],"floor_reached":40,"language":"ENG","playtime":2989,"items_purged":[],"score":453,"play_id":"e5d9c476-d186-4fb6-a0a9-5837fdf7edb2","local_time":"20210205002254","is_ascension_mode":false,"campfire_choices":[{"floor":6,"key":"REST"},{"data":"Chen:FollowUp","floor":15,"key":"SMITH"},{"floor":23,"key":"REST"},{"data":"Chen:Panic","floor":25,"key":"SMITH"},{"floor":32,"key":"REST"}],"circlet_count":0,"master_deck":["Chen:Strike","Chen:Strike","Chen:Strike","Chen:Strike","Chen:Defend","Chen:Defend","Chen:Defend","Chen:Defend","Chen:PounceTurnTail","Chen:GlitterPoke","Chen:Unpredictable","Chen:Deceitful","Chen:CatPunch","Chen:Scratch","Chen:FollowUp+1","Chen:DazzleFlash","Chen:Sweep","Chen:Spray","Chen:Knockout","Chen:Salvo","Chen:ShikigamiForm+1","Chen:GuardCounter+1","Chen:Sneak","Chen:Panic+1","Chen:MisdirectSwipe+1","Chen:Honk+1","Chen:Sneak+1","Chen:CatPunch+1","Chen:Knockout+1","Chen:Gash+1","Chen:Kimontonkou+1","Chen:Sneak+1","Chen:Possession+1","Chen:TauntHiss+1","Chen:Lacerate+1","Chen:Catseye+1","Chen:Excitement+1","Chen:RecklessLeap+1"],"relics":["Chen:Catnip","LetterFromLob","Eternal Feather","Shuriken","Incense Burner","Lee\u0027s Waffle","Sozu","Molten Egg 2","Bottled Tornado","Astrolabe","Sundial"],"acts_visited":["Exordium","TheCity","TheBeyond"],"potions_floor_usage":[28],"damage_taken":[{"damage":0,"enemies":"Jaw Worm","floor":1,"turns":4},{"damage":1,"enemies":"Cultist","floor":2,"turns":4},{"damage":3,"enemies":"2 Louse","floor":3,"turns":3},{"damage":10,"enemies":"Looter","floor":4,"turns":4},{"damage":0,"enemies":"Large Slime","floor":7,"turns":5},{"damage":20,"enemies":"Gremlin Nob","floor":8,"turns":5},{"damage":27,"enemies":"3 Sentries","floor":10,"turns":7},{"damage":20,"enemies":"Exordium Thugs","floor":11,"turns":4},{"damage":3,"enemies":"Looter","floor":14,"turns":3},{"damage":41,"enemies":"Hexaghost","floor":16,"turns":8},{"damage":5,"enemies":"Shell Parasite","floor":18,"turns":4},{"damage":22,"enemies":"2 Thieves","floor":20,"turns":4},{"damage":8,"enemies":"Snake Plant","floor":21,"turns":6},{"damage":13,"enemies":"Shelled Parasite and Fungi","floor":22,"turns":4},{"damage":8,"enemies":"Book of Stabbing","floor":24,"turns":6},{"damage":12,"enemies":"Centurion and Healer","floor":27,"turns":6},{"damage":3,"enemies":"Sentry and Sphere","floor":28,"turns":5},{"damage":8,"enemies":"Snecko","floor":29,"turns":4},{"damage":12,"enemies":"Cultist and Chosen","floor":31,"turns":3},{"damage":14,"enemies":"Automaton","floor":33,"turns":9},{"damage":12,"enemies":"Orb Walker","floor":35,"turns":3},{"damage":9,"enemies":"3 Shapes","floor":36,"turns":4},{"damage":23,"enemies":"Spire Growth","floor":37,"turns":5},{"damage":27,"enemies":"3 Darklings","floor":38,"turns":5},{"damage":19,"enemies":"Giant Head","floor":40,"turns":5}],"seed_played":"5359347619599979950","potions_obtained":[{"floor":2,"key":"SteroidPotion"},{"floor":8,"key":"Swift Potion"},{"floor":11,"key":"DuplicationPotion"}],"is_trial":false,"path_per_floor":["M","M","M","M","?","R","M","E","T","E","M","$","M","M","R","B",null,"M","?","M","M","M","R","E","R","T","M","M","M","?","M","R","B",null,"M","M","M","M","$","E"],"character_chosen":"CHEN","items_purchased":["Chen:Knockout","Lee\u0027s Waffle","Sundial","Chen:RecklessLeap+1"],"campfire_rested":3,"item_purchase_floors":[12,12,39,39],"current_hp_per_floor":[70,69,66,56,56,70,70,50,50,23,3,77,77,74,77,36,77,72,72,50,42,29,67,59,74,74,62,59,51,51,39,77,63,77,65,56,33,6,6,0,0],"gold":337,"neow_bonus":"THREE_CARDS","is_daily":false,"chose_seed":false,"campfire_upgraded":2,"win_rate":0.0,"timestamp":1612509774,"path_taken":["M","M","M","M","?","R","M","E","T","E","M","$","M","M","R","BOSS","M","?","M","M","M","R","E","R","T","M","M","M","?","M","R","BOSS","M","M","M","M","$","E"],"items_purchased_type":["Card","Relic","Relic","Card"],"build_version":"2020-12-22","purchased_purges":0,"victory":false,"max_hp_per_floor":[70,70,70,70,70,70,70,70,70,70,70,77,77,77,77,77,77,77,77,77,77,77,77,77,77,77,77,77,77,77,77,77,77,77,77,77,77,77,77,77,77],"card_choices":[{"not_picked":["Chen:StudySharpen","Chen:CatPunch"],"picked":"Chen:Unpredictable","floor":0},{"not_picked":["Chen:Panic","Chen:StudySharpen"],"picked":"Chen:Deceitful","floor":1},{"not_picked":["Chen:Assault","Chen:MisdirectSwipe"],"picked":"Chen:CatPunch","floor":2},{"not_picked":["Chen:Sidestep","Chen:MisdirectSwipe"],"picked":"Chen:Scratch","floor":3},{"not_picked":["Chen:EmergencyEscape","Chen:Scratch"],"picked":"Chen:Barrier","floor":4},{"not_picked":["Chen:SelfConfidence","Chen:Tear"],"picked":"Chen:FollowUp","floor":7},{"not_picked":["Chen:Shot","Chen:ResistTemptation"],"picked":"Chen:DazzleFlash","floor":8},{"not_picked":["Chen:Copycat","Chen:PentagramFlight"],"picked":"Chen:Sweep","floor":10},{"not_picked":["Chen:Deceitful","Chen:Barrier"],"picked":"Chen:Spray","floor":11},{"not_picked":["Chen:PentagramFlight","Chen:Scratch"],"picked":"Chen:Salvo","floor":14},{"not_picked":["Chen:PhoenixWings","Chen:FlankingStrike"],"picked":"Chen:ShikigamiForm","floor":16},{"not_picked":["Chen:Sweep","Chen:Scratch"],"picked":"Chen:GuardCounter+1","floor":18},{"not_picked":["Chen:PentagramFlight","Chen:Assault"],"picked":"Chen:Sneak","floor":20},{"not_picked":["Chen:Barrier","Chen:ResistTemptation"],"picked":"Chen:Panic","floor":21},{"not_picked":["Chen:Salvo","Chen:Impale+1"],"picked":"Chen:PentagramFlight+1","floor":22},{"not_picked":["Chen:FollowUp+1","Chen:RecklessLeap+1"],"picked":"Chen:MisdirectSwipe+1","floor":24},{"not_picked":["Chen:Sweep+1","Chen:CatPunch+1"],"picked":"Chen:Honk","floor":27},{"not_picked":["Chen:Stability","Chen:Spray+1"],"picked":"Chen:Sneak+1","floor":28},{"not_picked":["Chen:Shot+1","Chen:Honk"],"picked":"Chen:CatPunch+1","floor":29},{"not_picked":["Chen:Deceitful+1","Chen:Shot+1"],"picked":"Chen:Knockout+1","floor":31},{"not_picked":["Chen:Stability","Chen:DazzleFlash"],"picked":"Chen:Gash+1","floor":33},{"not_picked":["Chen:MeditateFrenzy","Chen:Barrier"],"picked":"Chen:TauntHiss+1","floor":35},{"not_picked":["Chen:PentagramFlight","Chen:Barrier"],"picked":"Chen:Lacerate+1","floor":36},{"not_picked":["Chen:Sneak+1","Chen:Panic+1"],"picked":"Chen:Catseye+1","floor":37},{"not_picked":["Chen:Tear+1","Chen:TauntHiss+1"],"picked":"Chen:Excitement+1","floor":38}],"player_experience":27486,"relics_obtained":[{"floor":1,"key":"LetterFromLob"},{"floor":8,"key":"Eternal Feather"},{"floor":9,"key":"Shuriken"},{"floor":10,"key":"Incense Burner"},{"floor":24,"key":"Molten Egg 2"},{"floor":26,"key":"Bottled Tornado"}],"event_choices":[{"damage_healed":0,"gold_gain":100,"player_choice":"Pray","damage_taken":0,"max_hp_gain":0,"max_hp_loss":0,"event_name":"Golden Shrine","floor":5,"gold_loss":0},{"damage_healed":0,"gold_gain":0,"player_choice":"Forge","damage_taken":0,"max_hp_gain":0,"max_hp_loss":0,"event_name":"Accursed Blacksmith","floor":19,"gold_loss":0,"cards_upgraded":["Chen:ShikigamiForm"]},{"damage_healed":0,"gold_gain":0,"player_choice":"Upgraded","damage_taken":0,"max_hp_gain":0,"max_hp_loss":0,"event_name":"Upgrade Shrine","floor":30,"gold_loss":0,"cards_upgraded":["Chen:Honk"]}],"is_beta":false,"boss_relics":[{"not_picked":["Cursed Key","Black Star"],"picked":"Sozu"},{"not_picked":["Runic Dome","Snecko Eye"],"picked":"Astrolabe"}],"items_purged_floors":[],"is_endless":false,"potions_floor_spawned":[2,8,11,14,18,24,29,33,37],"killed_by":"Giant Head","ascension_level":0}}