{"host":"adt9pv9dmmkchns7","time":1612542395,"event":{"mods":["AchievementEnabler","Aspiration","BaseMod","Beaked The Cultist","Better Third Choice","Curses Come First","Energized Spire","Minty Spire (QoL Compilation)","Permanent Neow","Potionbrewer","Quick Restart","Replay The Spire","Robot Space Explorer","Shade Mod","Spicy Shops","StSLib","The Blackbeard","The Cursed","The Forsaken","The Gatherer","The Necromancer","Wandering Minibosses"],"gold_per_floor":[113,128,128,146,146,180,180,180,205,240,240,268,281,310,310,406,406,418,418,190,215,226,226,253,263,263,263,277,295,307,341,341,439,389,406,406,419,469,469,469,469,469,492,286,316,316,333,27,27,27,27,27,27,62,62],"floor_reached":56,"language":"ENG","playtime":8082,"items_purged":[],"score":1928,"play_id":"72592040-7c9f-4b70-8cd2-0e9e84cc6122","local_time":"20210205172635","is_ascension_mode":true,"campfire_choices":[{"floor":8,"key":"REST"},{"floor":15,"key":"RECALL"},{"floor":23,"key":"REST"},{"floor":27,"key":"REST"},{"floor":32,"key":"REST"},{"floor":40,"key":"REST"},{"data":"potionbrewer:ResearchResults","floor":42,"key":"SMITH"},{"floor":49,"key":"REST"},{"floor":52,"key":"REST"}],"circlet_count":0,"master_deck":["potionbrewer:PotionbrewerStrike","potionbrewer:PotionbrewerStrike","potionbrewer:PotionbrewerStrike","potionbrewer:PotionbrewerStrike","potionbrewer:PotionbrewerDefend","potionbrewer:PotionbrewerDefend+1","potionbrewer:PotionbrewerDefend","potionbrewer:PotionbrewerDefend+1","potionbrewer:Collect+1","potionbrewer:ChemicalSpill","potionbrewer:QuickStep+1","potionbrewer:Shovel","potionbrewer:MicrobeSpray","potionbrewer:ResearchResults+1","potionbrewer:Prototype","potionbrewer:Prototype","potionbrewer:Shovel+1","potionbrewer:Prototype","potionbrewer:Biohazard+1","potionbrewer:RefinedProcess+1","potionbrewer:SpecialFormula+1","potionbrewer:FlashPowder+1","potionbrewer:Prototype","potionbrewer:LabJournal+1","potionbrewer:QuickStep","potionbrewer:Shovel+1","potionbrewer:Prototype","potionbrewer:PrivateReserves+1","potionbrewer:Prototype","potionbrewer:Prototype","potionbrewer:PotionbrewerStrike+1","potionbrewer:MicrobeSpray+1","Specialist","potionbrewer:Prototype","potionbrewer:FlareUp+1","potionbrewer:PortableLab+1","TheCursedMod:Dregs","potionbrewer:ChemicalWeapons+1","Mayhem","Replay:Parry+1","Replay:Sssssssssshield","potionbrewer:Prototype","potionbrewer:ChokingPowder+1","potionbrewer:Discombobulate+1","potionbrewer:PrivateReserves+1","potionbrewer:UnstableFormula+1"],"relics":["energizedSpire:EnergizedDie","Gremlin Food","Molten Egg 2","Pondfish Scales","aspiration:AnachronicSnailShell","Replay:Bronze Core","Chemical X","Red Mask","Akabeko","Replay:Kaleidoscope","Mirror","energizedSpire:HugeHouse","Turnip","Bottled Flame","Bag of Preparation","ReplayTheSpireMod:ShopPack","Replay:Accelerometer","aspiration:Nostalgia","Ring of the Snake","Mango"],"acts_visited":["Exordium","TheCity","TheBeyond","TheEnding"],"potions_floor_usage":[6,10,11,14,16,16,16,19,21,25,31,33,33,38,41,45,45,47,50,50,55,55,55,55],"damage_taken":[{"damage":0,"enemies":"Jaw Worm","floor":1,"turns":3},{"damage":0,"enemies":"Cultist","floor":2,"turns":4},{"damage":0,"enemies":"2 Louse","floor":4,"turns":2},{"damage":29,"enemies":"Lagavulin","floor":6,"turns":9},{"damage":0,"enemies":"Large Slime","floor":7,"turns":7},{"damage":20,"enemies":"3 Sentries","floor":10,"turns":12},{"damage":2,"enemies":"2 Fungi Beasts","floor":11,"turns":4},{"damage":0,"enemies":"Lagavulin","floor":12,"turns":7},{"damage":0,"enemies":"Looter","floor":13,"turns":3},{"damage":3,"enemies":"3 Sentries","floor":14,"turns":6},{"damage":6,"enemies":"Hexaghost","floor":16,"turns":7},{"damage":17,"enemies":"Spheric Guardian","floor":18,"turns":6},{"damage":20,"enemies":"Masked Bandits","floor":21,"turns":5},{"damage":7,"enemies":"2 Thieves","floor":22,"turns":4},{"damage":9,"enemies":"Book of Stabbing","floor":24,"turns":6},{"damage":0,"enemies":"Snake Plant","floor":25,"turns":2},{"damage":0,"enemies":"Snecko","floor":28,"turns":6},{"damage":0,"enemies":"Centurion and Healer","floor":29,"turns":6},{"damage":8,"enemies":"Snake Plant","floor":30,"turns":5},{"damage":0,"enemies":"Gremlin Leader","floor":31,"turns":5},{"damage":6,"enemies":"Pondfish","floor":33,"turns":8},{"damage":0,"enemies":"Orb Walker","floor":35,"turns":3},{"damage":7,"enemies":"3 Shapes","floor":37,"turns":7},{"damage":9,"enemies":"Mind Bloom Boss Battle","floor":38,"turns":7},{"damage":12,"enemies":"Reptomancer","floor":41,"turns":8},{"damage":1,"enemies":"Giant Head","floor":45,"turns":8},{"damage":21,"enemies":"Transient","floor":46,"turns":5},{"damage":15,"enemies":"Writhing Mass","floor":47,"turns":4},{"damage":25,"enemies":"Awakened One","floor":50,"turns":10},{"damage":28,"enemies":"Shield and Spear","floor":54,"turns":5},{"damage":27,"enemies":"The Heart","floor":55,"turns":11}],"seed_played":"484167848968684331","potions_obtained":[{"floor":2,"key":"Elixir"},{"floor":7,"key":"Toxic Potion"},{"floor":11,"key":"Swift Potion"},{"floor":13,"key":"potionbrewer:ToxicPotion"},{"floor":28,"key":"SkillPotion"},{"floor":29,"key":"SteroidPotion"},{"floor":31,"key":"FairyPotion"},{"floor":37,"key":"Ancient Potion"},{"floor":54,"key":"potionbrewer:QuicksilverPotion"}],"is_trial":false,"path_per_floor":["M","M","$","M","?","E","M","R","T","E","M","E","M","E","R","B",null,"M","?","$","?","M","R","E","M","T","R","M","M","M","E","R","B",null,"M","?","M","?","?","R","E","R","T","$","E","M","M","$","R","B",null,"R","$","E","B",null],"character_chosen":"POTIONBREWER","items_purchased":["Chemical X","potionbrewer:FlashPowder+1","ReplayTheSpireMod:ShopPack","potionbrewer:ChemicalWeapons+1","potionbrewer:PrivateReserves+1","aspiration:Nostalgia"],"campfire_rested":7,"item_purchase_floors":[20,20,44,44,48,48],"current_hp_per_floor":[68,68,68,68,68,39,39,61,61,41,39,39,39,36,36,30,64,47,32,32,12,5,27,18,18,18,40,40,40,32,32,54,48,65,65,65,58,49,49,66,54,54,54,54,53,32,17,17,36,11,52,66,66,52,25],"gold":62,"neow_bonus":"BOSS_RELIC","is_daily":false,"chose_seed":false,"campfire_upgraded":1,"win_rate":0.0,"timestamp":1612542395,"path_taken":["M","M","$","M","?","E","M","R","T","E","M","E","?","E","R","BOSS","M","?","$","?","M","R","E","M","T","R","M","M","M","E","R","BOSS","M","?","M","?","?","R","E","R","T","?","E","M","M","$","R","BOSS","R","$","E","BOSS"],"items_purchased_type":["Relic","Card","Relic","Card","Card","Relic"],"build_version":"2020-12-22","purchased_purges":0,"victory":true,"max_hp_per_floor":[75,75,75,75,75,75,75,75,75,75,75,75,75,75,75,75,75,75,75,75,75,75,75,75,75,75,75,75,75,75,75,75,75,70,70,70,70,70,66,66,66,66,66,66,66,66,66,66,66,66,66,66,66,80,80],"card_choices":[{"not_picked":["potionbrewer:TestFormula","potionbrewer:ChemicalRage"],"picked":"potionbrewer:QuickStep","floor":1},{"not_picked":["potionbrewer:Contingency","potionbrewer:FortifiedSerum"],"picked":"potionbrewer:Shovel","floor":2},{"not_picked":["potionbrewer:VolatileSolution","potionbrewer:TestFormula"],"picked":"potionbrewer:MicrobeSpray","floor":4},{"not_picked":["potionbrewer:BlindingSpray","potionbrewer:Smack","potionbrewer:Prototype"],"picked":"potionbrewer:ResearchResults","floor":6},{"not_picked":["potionbrewer:ChemicalShroud","potionbrewer:UnstableFormula","potionbrewer:Biohazard"],"picked":"potionbrewer:Prototype","floor":7},{"not_picked":["potionbrewer:Biohazard","potionbrewer:IronFist+1","potionbrewer:UnstableFormula+1"],"picked":"potionbrewer:Prototype","floor":10},{"not_picked":["potionbrewer:LabAccident+1","potionbrewer:Brandish"],"picked":"potionbrewer:Shovel+1","floor":11},{"not_picked":["potionbrewer:AnotherRound","potionbrewer:ExothermicReaction+1","potionbrewer:TestFormula"],"picked":"potionbrewer:Prototype","floor":12},{"not_picked":["potionbrewer:Smack+1","potionbrewer:OneTwoPunch+1"],"picked":"potionbrewer:Biohazard","floor":13},{"not_picked":["potionbrewer:LabJournal","potionbrewer:Biohazard","potionbrewer:Prototype"],"picked":"potionbrewer:RefinedProcess+1","floor":14},{"not_picked":["potionbrewer:EquivalentExchange","potionbrewer:HazardousWaste","potionbrewer:Prototype"],"picked":"potionbrewer:SpecialFormula","floor":16},{"not_picked":["potionbrewer:LeftoverSpecimen","potionbrewer:FlashPowder+1","potionbrewer:Prototype"],"picked":"potionbrewer:IronHeart","floor":18},{"not_picked":["potionbrewer:ExplosiveReaction+1","potionbrewer:PortableLab","potionbrewer:Smack+1"],"picked":"potionbrewer:Prototype","floor":21},{"not_picked":["potionbrewer:OneTwoPunch+1","potionbrewer:FlashPowder+1","potionbrewer:IronFist+1"],"picked":"SKIP","floor":22},{"not_picked":["potionbrewer:ExplosiveReaction+1","potionbrewer:Smokescreen+1"],"picked":"potionbrewer:LabJournal","floor":24},{"not_picked":["potionbrewer:IronFist+1","potionbrewer:Discombobulate+1"],"picked":"potionbrewer:QuickStep","floor":25},{"not_picked":["potionbrewer:Smack+1","potionbrewer:FlashPowder+1"],"picked":"potionbrewer:Shovel+1","floor":28},{"not_picked":["potionbrewer:FuelCell","potionbrewer:TimeBomb+1","potionbrewer:CausticBarrier+1"],"picked":"potionbrewer:Prototype","floor":29},{"not_picked":["potionbrewer:IronFist+1","potionbrewer:Smack+1"],"picked":"potionbrewer:PrivateReserves+1","floor":30},{"not_picked":["potionbrewer:VolatileSolution+1","potionbrewer:Shovel+1","potionbrewer:TestFormula"],"picked":"potionbrewer:Prototype","floor":31},{"not_picked":["potionbrewer:AlchemistForm","potionbrewer:EquivalentExchange","potionbrewer:HazardousWaste"],"picked":"potionbrewer:Prototype","floor":33},{"not_picked":["potionbrewer:IronFist+1","potionbrewer:Shovel+1","potionbrewer:Biohazard"],"picked":"SKIP","floor":35},{"not_picked":["Bandage Up","Deep Breath"],"picked":"Specialist","floor":36},{"not_picked":["potionbrewer:CausticBarrier+1","potionbrewer:AnotherRound+1","potionbrewer:TimeBomb+1"],"picked":"potionbrewer:Prototype","floor":37},{"not_picked":["potionbrewer:Biohazard","potionbrewer:MicrobeSpray+1"],"picked":"potionbrewer:FlareUp+1","floor":38},{"not_picked":["potionbrewer:BalancedFormula+1","potionbrewer:ChainReaction+1","potionbrewer:Prototype"],"picked":"potionbrewer:PortableLab+1","floor":41},{"not_picked":["Apotheosis","Panache","Secret Technique"],"picked":"Mayhem","floor":44},{"not_picked":["Impatience","Forethought","Metamorphosis"],"picked":"Replay:Parry","floor":44},{"not_picked":["Swift Strike","Replay:Sssssssssstrike","PanicButton"],"picked":"Replay:Sssssssssshield","floor":44},{"not_picked":["potionbrewer:ResearchResults","potionbrewer:TimeBomb+1","potionbrewer:PortableLab"],"picked":"potionbrewer:Prototype","floor":45},{"not_picked":["potionbrewer:UnstableFormula+1","potionbrewer:Biohazard+1"],"picked":"potionbrewer:ChokingPowder+1","floor":46},{"not_picked":["potionbrewer:FlashPowder+1","potionbrewer:TestFormula+1"],"picked":"potionbrewer:Discombobulate+1","floor":47},{"not_picked":["potionbrewer:TimeBomb+1","potionbrewer:BalancedFormula+1"],"picked":"potionbrewer:UnstableFormula+1","floor":54}],"player_experience":889670,"relics_obtained":[{"floor":6,"key":"Gremlin Food"},{"floor":10,"key":"Molten Egg 2"},{"floor":12,"key":"Pondfish Scales"},{"floor":14,"key":"aspiration:AnachronicSnailShell"},{"floor":21,"key":"Red Mask"},{"floor":24,"key":"Akabeko"},{"floor":26,"key":"Replay:Kaleidoscope"},{"floor":31,"key":"Mirror"},{"floor":38,"key":"Turnip"},{"floor":41,"key":"Bottled Flame"},{"floor":43,"key":"Bag of Preparation"},{"floor":45,"key":"Replay:Accelerometer"},{"floor":54,"key":"Mango"}],"event_choices":[{"damage_healed":0,"gold_gain":0,"player_choice":"Bought 0 Potions","damage_taken":0,"max_hp_gain":0,"max_hp_loss":0,"event_name":"The Woman in Blue","floor":5,"gold_loss":0},{"damage_healed":0,"gold_gain":0,"player_choice":"Fought Bandits","damage_taken":0,"max_hp_gain":0,"max_hp_loss":0,"event_name":"Masked Bandits","floor":21,"gold_loss":0},{"damage_healed":0,"gold_gain":0,"player_choice":"Memory 1","damage_taken":0,"max_hp_gain":0,"max_hp_loss":0,"event_name":"SensoryStone","floor":36,"gold_loss":0},{"damage_healed":0,"gold_gain":0,"player_choice":"Fight","damage_taken":0,"max_hp_gain":0,"max_hp_loss":0,"event_name":"MindBloom","floor":38,"gold_loss":0},{"damage_healed":0,"gold_gain":0,"player_choice":"Max HP","damage_taken":0,"max_hp_gain":0,"max_hp_loss":4,"event_name":"Winding Halls","floor":39,"gold_loss":0}],"is_beta":false,"boss_relics":[{"not_picked":["beaked:MawFillet","aspiration:RunicSpoon"],"picked":"Replay:Bronze Core"},{"not_picked":["Sozu","Runic Dome"],"picked":"energizedSpire:HugeHouse"}],"items_purged_floors":[],"is_endless":false,"potions_floor_spawned":[2,7,11,13,14,25,28,29,31,35,37,54],"ascension_level":6}}