{"host":"am0cr9xwekqmrere","time":1612548322,"event":{"mods":["AchievementEnabler","Act Like it!","BaseMod","Better Altar","Better Match","Better Note","Better Sensory Stone","Better Skull","Better Third Choice","BetterRewards","Conspire","Downfall","Hubris","Infinite Spire","Minty Spire (QoL Compilation)","Rare Cards Sparkle","Spicy Shops","StSLib","Unceasing Turn Reminder"],"gold_per_floor":[99,119,119,219,33,51,99,34,34,48,48,63,97,117,137,232,232,232,243,261,261,261,261,286,312,312,312,112,131,131,19,29,129,129,129,149,149,177,177,39,91,91,91,91],"floor_reached":42,"language":"ENG","playtime":1534,"items_purged":["Normality","Regret","downfall:Malfunctioning"],"score":561,"play_id":"0db5cbd3-a21c-4a2d-90a2-8d74a1f3e89b","local_time":"20210205120522","is_ascension_mode":true,"campfire_choices":[{"data":"champ:Taunt","floor":1.0,"key":"SMITH"},{"floor":11.0,"key":"REST"},{"data":"infinitespire:Punishment","floor":18.0,"key":"SMITH"},{"floor":23.0,"key":"RECALL"},{"floor":28.0,"key":"REST"},{"data":"champ:StanceDance","floor":35.0,"key":"SMITH"}],"circlet_count":0,"master_deck":["champ:Strike","champ:Strike","champ:Strike","champ:Strike","champ:Defend","champ:Defend","champ:Defend","champ:Defend","champ:Execute","champ:Taunt+1","champ:PreciseThrust","CurseOfTheBell","CurseOfTheBell","champ:LastStand","champ:IronFortress","champ:IronFortress","champ:ShieldSigil","champ:StanceDance+1","champ:DefensiveShout","infinitespire:Punishment+1","champ:ShieldSigil","champ:ViciousMockery","champ:EnGarde","champ:RageSigil","champ:Circumvent","champ:HoldFirm","champ:FlashCut","champ:RageSigil","infinitespire:Starlight","champ:RisingSlash","champ:EnchantSword","champ:EndlessRage","champ:UltimateStance","champ:Backstep+1","champ:TripleStrike","champ:BerserkerStyle","champ:FalseCounter","champ:BringItOn+1"],"relics":["champ:ChampionCrownUpgraded","Smiling Mask","downfall:ExtraCursedBell","Ancient Tea Set","hubris:CuriousFeather","conspire:BottledYoYo","Art of War","Gremlin Horn","hubris:Icosahedron","Membership Card","hubris:Metronome","champ:FightingForDummies","downfall:HeartBlessingRed","downfall:HeartBlessingBlue","infinitespire:Lucky Rock","hubris:Backtick","Magic Flower","hubris:MobiusCoin","Pantograph","Meat on the Bone","Pen Nib"],"acts_visited":["Exordium","TheCity","TheBeyond"],"potions_floor_usage":[40,40],"damage_taken":[{"damage":20.0,"enemies":"Cultist","floor":2.0,"turns":3.0},{"damage":18.0,"enemies":"downfall:FleeingMerchant","floor":5.0,"turns":4.0},{"damage":14.0,"enemies":"Jaw Worm","floor":6.0,"turns":4.0},{"damage":25.0,"enemies":"downfall:FleeingMerchant","floor":8.0,"turns":4.0},{"damage":10.0,"enemies":"Small Slimes","floor":10.0,"turns":2.0},{"damage":13.0,"enemies":"Exordium Wildlife","floor":12.0,"turns":3.0},{"damage":0.0,"enemies":"Gremlin Nob","floor":13.0,"turns":2.0},{"damage":6.0,"enemies":"3 Louse","floor":14.0,"turns":3.0},{"damage":11.0,"enemies":"2 Fungi Beasts","floor":15.0,"turns":4.0},{"damage":10.0,"enemies":"SI_SHIV_ARCHETYPE","floor":16.0,"turns":8.0},{"damage":43.0,"enemies":"Spheric Guardian","floor":19.0,"turns":4.0},{"damage":35.0,"enemies":"Sentry and Sphere","floor":20.0,"turns":3.0},{"damage":68.0,"enemies":"Book of Stabbing","floor":25.0,"turns":4.0},{"damage":74.0,"enemies":"Centurion and Healer","floor":29.0,"turns":4.0},{"damage":37.0,"enemies":"downfall:FleeingMerchant","floor":31.0,"turns":4.0},{"damage":21.0,"enemies":"Snake Plant","floor":32.0,"turns":2.0},{"damage":72.0,"enemies":"IC_MUSHROOM_ARCHETYPE","floor":33.0,"turns":8.0},{"damage":58.0,"enemies":"3 Shapes","floor":36.0,"turns":2.0},{"damage":78.0,"enemies":"conspire:MimicChest","floor":38.0,"turns":7.0},{"damage":12,"enemies":"downfall:FleeingMerchant","floor":40,"turns":4},{"damage":149,"enemies":"Giant Head","floor":42,"turns":9}],"seed_played":"-6586909387217369431","potions_obtained":[{"floor":12.0,"key":"bronze:BurnAndBuffPotion"},{"floor":13.0,"key":"Block Potion"},{"floor":14.0,"key":"Guardian:BlockOnCardUsePotion"},{"floor":16.0,"key":"sneckomod:MuddlingPotion"},{"floor":20.0,"key":"SkillPotion"},{"floor":29.0,"key":"PowerPotion"},{"floor":33.0,"key":"LiquidBronze"},{"floor":38.0,"key":"LiquidMemories"}],"is_trial":false,"path_per_floor":["R","M","T","?","$","M","T","$","?","M","R","M","E","M","M","B",null,"R","M","M","?","AVR","R","T","E","?","?","R","M","T","$","M","B",null,"R","M","?","?","T","$","T","E"],"character_chosen":"THE_CHAMP","items_purchased":["champ:IronFortress","champ:ShieldSigil","champ:EndlessRage","champ:UltimateStance","Meat on the Bone"],"campfire_rested":2,"item_purchase_floors":[5,5,31,31,40],"current_hp_per_floor":[99,99,99,104,96,82,82,67,41,41,72,59,59,53,52,52,104,104,86,86,86,86,86,86,58,58,58,102,95,95,102,91,49,114,114,114,114,101,101,97,97,0,0,0],"gold":91,"neow_bonus":"TEN_PERCENT_HP_BONUS","is_daily":false,"chose_seed":false,"campfire_upgraded":3,"win_rate":0.0,"timestamp":1612548322,"path_taken":["R","M","?","?","$","?","T","?","?","?","R","M","E","M","M","BOSS","R","M","M","?","AVR","R","T","E","?","?","R","M","?","?","M","BOSS","R","M","?","?","?","$","T","E"],"items_purchased_type":["Card","Card","Card","Card","Relic"],"build_version":"2020-12-22","purchased_purges":3,"victory":false,"max_hp_per_floor":[99,99,99,104,104,104,104,104,104,104,104,104,104,104,104,104,104,104,104,104,104,104,104,104,104,104,104,114,114,114,114,114,114,114,114,114,114,114,114,114,114,114,114,114],"card_choices":[{"not_picked":["champ:Backstep","champ:Haymaker"],"picked":"champ:PreciseThrust","floor":2.0},{"not_picked":["champ:GladiatorStyle","champ:MurderStrike"],"picked":"champ:IronFortress","floor":5.0},{"not_picked":["champ:TornadoPunch","champ:Circumvent"],"picked":"champ:StanceDance","floor":6.0},{"not_picked":["champ:Lariat","champ:Circumvent"],"picked":"champ:DefensiveShout","floor":8.0},{"not_picked":["infinitespire:NeuralNetwork","infinitespire:UltimateForm"],"picked":"infinitespire:Punishment","floor":9.0},{"not_picked":["champ:Lariat","champ:FanOfKnives"],"picked":"champ:ShieldSigil","floor":10.0},{"not_picked":["champ:PreciseThrust","champ:StanceDance"],"picked":"champ:ViciousMockery","floor":12.0},{"not_picked":["champ:DeathBlow","champ:Devastate"],"picked":"champ:EnGarde","floor":13.0},{"not_picked":["champ:FanOfKnives","champ:Circumvent"],"picked":"champ:RageSigil","floor":14.0},{"not_picked":["champ:DefensiveShout","champ:Backstep"],"picked":"champ:Circumvent","floor":15.0},{"not_picked":["champ:EnchantShield","champ:ShieldThrow"],"picked":"champ:HoldFirm","floor":16.0},{"not_picked":["champ:GutPunch","champ:Circumvent"],"picked":"champ:FlashCut","floor":19.0},{"not_picked":["champ:CrownThrow+1","champ:Haymaker"],"picked":"champ:RageSigil","floor":20.0},{"not_picked":["champ:FanOfKnives+1","champ:Backstep+1"],"picked":"champ:RisingSlash","floor":25.0},{"not_picked":["champ:GutPunch","champ:HeartStrike"],"picked":"champ:EnchantSword","floor":29.0},{"not_picked":["champ:FanOfKnives","champ:DeathBlow","champ:AdrenalArmor+1"],"picked":"SKIP","floor":31.0},{"not_picked":["champ:EndlessRage","champ:BerserkersShout"],"picked":"champ:Backstep+1","floor":32.0},{"not_picked":["champ:Devastate","champ:EnchantSword"],"picked":"champ:TripleStrike","floor":33.0},{"not_picked":["champ:RecklessLeap","champ:Endure+1"],"picked":"champ:BerserkerStyle","floor":36.0},{"not_picked":["champ:Backstep+1","champ:EndlessRage"],"picked":"champ:FalseCounter","floor":38.0},{"not_picked":["champ:Haymaker+1","champ:HeartStrike+1"],"picked":"champ:BringItOn+1","floor":40}],"player_experience":2727629,"relics_obtained":[{"floor":3.0,"key":"Smiling Mask"},{"floor":4.0,"key":"Ancient Tea Set"},{"floor":4.0,"key":"hubris:CuriousFeather"},{"floor":4.0,"key":"conspire:BottledYoYo"},{"floor":7.0,"key":"Art of War"},{"floor":13.0,"key":"Gremlin Horn"},{"floor":25.0,"key":"hubris:Metronome"},{"floor":30.0,"key":"infinitespire:Lucky Rock"},{"floor":38.0,"key":"hubris:MobiusCoin"},{"floor":39.0,"key":"Pantograph"},{"floor":41,"key":"Pen Nib"}],"event_choices":[],"is_beta":false,"boss_relics":[{"not_picked":["Snecko Eye","Fusion Hammer"],"picked":"champ:ChampionCrownUpgraded"},{"not_picked":["hubris:BlackHole","hubris:Stopwatch"],"picked":"hubris:Backtick"}],"items_purged_floors":[5,8,22],"is_endless":false,"potions_floor_spawned":[12,13,14,16,20,29,33,38],"killed_by":"Giant Head","ascension_level":1}}