{"host":"0mk07bycsqo1qk03","time":1612513905,"event":{"mods":["BaseMod","Downfall","Hermit","Hubris","Minty Spire (QoL Compilation)","Replay The Spire","StSLib","The Cursed"],"gold_per_floor":[111,111,111,111,186,219,230,230,256,287,287,287,305,340,340,413,413,426,444,109,128,147,147,177,177,204,21,0,15,15,30,30,30,30],"floor_reached":33,"language":"ENG","playtime":1082,"items_purged":[],"score":508,"play_id":"ede98833-5510-4ef9-9a44-4eda7ddf5a3f","local_time":"20210205093145","is_ascension_mode":true,"campfire_choices":[{"data":"Choke","floor":8,"key":"SMITH"},{"floor":12,"key":"REST"},{"floor":15,"key":"REST"},{"data":"Poison Darts","floor":23,"key":"SMITH"},{"floor":25,"key":"REST"},{"floor":32,"key":"REST"}],"circlet_count":0,"master_deck":["AscendersBane","Strike_G","Strike_G","Strike_G","Strike_G","Strike_G","Defend_G","Defend_G","Defend_G","Defend_G","Defend_G","Survivor","Neutralize","Slice","Choke+1","Flying Knee","Corpse Explosion","Hidden Blade","Calculated Gamble","Blade Dance","PiercingWail","Poison Darts+1","Sneak Up","Endless Agony","Jack Of All Trades","Cloak And Dagger+1","hubris:SlightOfHand","Toxin Wave","Mayhem","Backflip","ReplayTheSpireMod:Speed Training","Bouncing Flask"],"relics":["Ring of the Snake","NeowsBlessing","Dream Catcher","Ring of Fury","Ring of Panic","hubris:DeckOfHolding","Happy Flower","hubris:Reverence","Thread and Needle","Painkiller Herb","Bottled Flame","Centennial Puzzle","Anchor"],"acts_visited":["Exordium","TheCity"],"potions_floor_usage":[16,18,24,31,31,31,31],"damage_taken":[{"damage":0,"enemies":"Jaw Worm","floor":1,"turns":1},{"damage":0,"enemies":"Replay:BlueRogue","floor":6,"turns":1},{"damage":0,"enemies":"Small Slimes","floor":7,"turns":1},{"damage":29,"enemies":"Lagavulin","floor":10,"turns":7},{"damage":0,"enemies":"2 Louse","floor":13,"turns":1},{"damage":19,"enemies":"Replay:BlueRogue","floor":14,"turns":5},{"damage":37,"enemies":"The Guardian","floor":16,"turns":11},{"damage":0,"enemies":"2 Thieves","floor":18,"turns":2},{"damage":0,"enemies":"3 Byrds","floor":19,"turns":2},{"damage":0,"enemies":"Shelled Parasite and Fungi","floor":21,"turns":2},{"damage":9,"enemies":"3 Cultists","floor":22,"turns":5},{"damage":34,"enemies":"Book of Stabbing","floor":24,"turns":5},{"damage":0,"enemies":"Centurion and Healer","floor":29,"turns":2},{"damage":20,"enemies":"Snake Plant","floor":31,"turns":4},{"damage":46,"enemies":"Collector","floor":33,"turns":6}],"seed_played":"-1992953282085608303","potions_obtained":[{"floor":7,"key":"Swift Potion"},{"floor":10,"key":"Weak Potion"},{"floor":16,"key":"Death Potion"},{"floor":21,"key":"Reflective Coating"},{"floor":22,"key":"Poison Potion"},{"floor":24,"key":"EntropicBrew"}],"is_trial":false,"path_per_floor":["M","?","?","?","?","E","M","R","T","E","?","R","M","E","R","B",null,"?","?","T","?","?","T","E","T","T","T","?","?","?","?","T","B"],"character_chosen":"THE_SILENT","items_purchased":["Jack Of All Trades","Bottled Flame","Mayhem"],"campfire_rested":4,"item_purchase_floors":[20,20,27],"current_hp_per_floor":[63,63,63,63,52,52,52,52,52,23,23,44,44,25,46,9,55,55,55,55,55,46,46,12,33,33,33,33,33,33,13,34,0,0],"gold":30,"neow_bonus":"THREE_ENEMY_KILL","is_daily":false,"chose_seed":false,"campfire_upgraded":2,"win_rate":0.0,"timestamp":1612513905,"path_taken":["M","?","?","?","?","E","?","R","T","E","?","R","M","E","R","BOSS","?","?","T","?","?","T","E","T","T","T","?","?","?","?","T","BOSS"],"items_purchased_type":["Card","Relic","Card"],"build_version":"2020-12-22","purchased_purges":0,"victory":false,"max_hp_per_floor":[70,70,70,70,70,70,70,70,70,70,70,70,70,70,70,70,70,70,70,70,70,70,70,70,70,70,70,70,70,70,70,70,70,70],"card_choices":[{"not_picked":["Outmaneuver","Dodge and Roll"],"picked":"Slice","floor":1},{"not_picked":["hubris:SlightOfHand","Cloak And Dagger"],"picked":"Choke","floor":6},{"not_picked":["Well Laid Plans","Sucker Punch"],"picked":"Flying Knee","floor":7},{"not_picked":["Slice","Blade Dance"],"picked":"Corpse Explosion","floor":10},{"not_picked":["Poisoned Stab","Slice"],"picked":"Hidden Blade","floor":12},{"not_picked":["Skewer","PiercingWail"],"picked":"Calculated Gamble","floor":13},{"not_picked":["Deflect","Dash"],"picked":"Blade Dance","floor":14},{"not_picked":["Poisoned Stab","Masterful Stab"],"picked":"PiercingWail","floor":15},{"not_picked":["Venomology","ReplayTheSpireMod:From All Sides"],"picked":"Poison Darts","floor":16},{"not_picked":["Sucker Punch","Reflex+1"],"picked":"Sneak Up","floor":18},{"not_picked":["Outmaneuver","Finisher"],"picked":"Endless Agony","floor":19},{"not_picked":["Outmaneuver","Eviscerate"],"picked":"Cloak And Dagger+1","floor":21},{"not_picked":["Poisoned Stab","Blur"],"picked":"hubris:SlightOfHand","floor":22},{"not_picked":["Deadly Poison","Masterful Stab"],"picked":"Toxin Wave","floor":24},{"not_picked":["Cloak And Dagger","Toxin Wave"],"picked":"Backflip","floor":29},{"not_picked":["Deadly Poison","Bane"],"picked":"Bouncing Flask","floor":31}],"player_experience":1004404,"relics_obtained":[{"floor":3,"key":"Ring of Fury"},{"floor":3,"key":"Ring of Panic"},{"floor":6,"key":"hubris:DeckOfHolding"},{"floor":9,"key":"Happy Flower"},{"floor":10,"key":"hubris:Reverence"},{"floor":14,"key":"Thread and Needle"},{"floor":24,"key":"Centennial Puzzle"},{"floor":26,"key":"Anchor"}],"event_choices":[{"damage_healed":0,"gold_gain":0,"player_choice":"Box","damage_taken":0,"relics_obtained":["Dream Catcher"],"max_hp_gain":0,"max_hp_loss":0,"event_name":"Big Fish","floor":2,"gold_loss":0,"cards_obtained":["Regret"]},{"cards_removed":["Normality"],"damage_healed":0,"gold_gain":0,"player_choice":"Forget","damage_taken":0,"max_hp_gain":0,"max_hp_loss":0,"event_name":"Living Wall","floor":4,"gold_loss":0},{"damage_healed":0,"gold_gain":75,"player_choice":"Gather Gold","damage_taken":11,"max_hp_gain":0,"max_hp_loss":0,"event_name":"World of Goop","floor":5,"gold_loss":0},{"cards_removed":["Regret"],"damage_healed":0,"gold_gain":0,"player_choice":"Purged","damage_taken":0,"max_hp_gain":0,"max_hp_loss":0,"event_name":"Purifier","floor":11,"gold_loss":0},{"damage_healed":0,"gold_gain":0,"player_choice":"Paid Fearfully","damage_taken":0,"max_hp_gain":0,"max_hp_loss":0,"event_name":"Masked Bandits","floor":28,"gold_loss":21}],"is_beta":false,"boss_relics":[{"not_picked":["Replay:Bronze Core","hubris:CrackedHourglass"],"picked":"Painkiller Herb"}],"items_purged_floors":[],"is_endless":false,"potions_floor_spawned":[7,10,16,21,22,24],"killed_by":"Collector","ascension_level":13}}