{"host":"7j2n82b2zha9fuyn","time":1612492871,"event":{"mods":["BaseMod","Block Reminder","Minty Spire (QoL Compilation)","StSLib"],"gold_per_floor":[112,127,127,142,142,142,170,170,225,559,559,576,576,586,586,661,661,674,688,298,311,311,341,341,341,341,376,410,428,445,457,457,531,531,542,194,194,194],"floor_reached":37,"language":"ENG","playtime":2943,"items_purged":["Pain","Strike_B"],"score":1011,"play_id":"0df8279a-2a8a-4d74-bfec-9cf68f61af81","local_time":"20210204194111","is_ascension_mode":true,"campfire_choices":[{"data":"Tempest","floor":6,"key":"SMITH"},{"floor":8,"key":"REST"},{"data":"Defragment","floor":11,"key":"SMITH"},{"data":"Defragment","floor":15,"key":"SMITH"},{"data":"Defragment","floor":25,"key":"SMITH"},{"data":"Defragment","floor":32,"key":"SMITH"}],"circlet_count":0,"master_deck":["AscendersBane","Strike_B","Strike_B","Defend_B","Defend_B","Defend_B","Defend_B","Zap","Dualcast","Tempest+1","Conserve Battery","Heatsinks","Ball Lightning","Defragment+1","Barrage","Defragment+1","Coolheaded","Echo Form","Glacier","Coolheaded+1","Defragment+1","Darkness","Ghostly","Ghostly","Ghostly","Fission","Defragment+1","Aggregate+1","Hologram","Electrodynamics","Defragment"],"relics":["Cracked Core","DataDisk","WarpedTongs","Toy Ornithopter","Bag of Marbles","Old Coin","Coffee Dripper","White Beast Statue","PreservedInsect","Thread and Needle","HornCleat","Red Mask","Inserter","OrangePellets"],"acts_visited":["Exordium","TheCity","TheBeyond"],"potions_floor_usage":[7,10,12,21,23,29,33],"damage_taken":[{"damage":7,"enemies":"Small Slimes","floor":1,"turns":4},{"damage":0,"enemies":"Cultist","floor":2,"turns":3},{"damage":2,"enemies":"Jaw Worm","floor":4,"turns":3},{"damage":35,"enemies":"Gremlin Nob","floor":7,"turns":4},{"damage":25,"enemies":"Lagavulin","floor":10,"turns":4},{"damage":12,"enemies":"3 Louse","floor":12,"turns":2},{"damage":3,"enemies":"Blue Slaver","floor":14,"turns":2},{"damage":22,"enemies":"The Guardian","floor":16,"turns":9},{"damage":10,"enemies":"Chosen","floor":18,"turns":4},{"damage":2,"enemies":"2 Thieves","floor":19,"turns":4},{"damage":16,"enemies":"Cultist and Chosen","floor":21,"turns":4},{"damage":15,"enemies":"Book of Stabbing","floor":23,"turns":6},{"damage":0,"enemies":"Gremlin Leader","floor":27,"turns":4},{"damage":0,"enemies":"Masked Bandits","floor":28,"turns":8},{"damage":0,"enemies":"Centurion and Healer","floor":29,"turns":7},{"damage":0,"enemies":"Chosen and Byrds","floor":30,"turns":3},{"damage":0,"enemies":"Sentry and Sphere","floor":31,"turns":4},{"damage":0,"enemies":"Collector","floor":33,"turns":7},{"damage":0,"enemies":"Orb Walker","floor":35,"turns":7},{"damage":57,"enemies":"3 Shapes","floor":37,"turns":3}],"seed_played":"-3440352521111887973","potions_obtained":[{"floor":2,"key":"Block Potion"},{"floor":7,"key":"EntropicBrew"},{"floor":12,"key":"Energy Potion"},{"floor":21,"key":"AttackPotion"},{"floor":23,"key":"Weak Potion"},{"floor":29,"key":"SkillPotion"},{"floor":33,"key":"Energy Potion"}],"is_trial":false,"path_per_floor":["M","M","?","M","?","R","E","R","T","E","R","M","?","M","R","B",null,"M","M","$","M","?","E","?","R","T","E","?","M","M","M","R","B",null,"M","$","M"],"character_chosen":"DEFECT","items_purchased":["Defragment","White Beast Statue","OrangePellets","Defragment"],"campfire_rested":1,"item_purchase_floors":[20,20,36,36],"current_hp_per_floor":[57,57,57,55,55,55,20,41,41,21,21,14,37,34,34,12,56,46,44,44,33,33,23,23,23,23,23,23,28,28,28,28,33,35,35,35,0,0],"gold":194,"neow_bonus":"RANDOM_COMMON_RELIC","is_daily":false,"chose_seed":false,"campfire_upgraded":5,"win_rate":0.0,"timestamp":1612492871,"path_taken":["M","M","?","M","?","R","E","R","T","E","R","?","?","M","R","BOSS","M","M","$","M","?","E","?","R","T","E","?","?","M","M","R","BOSS","M","$","M"],"items_purchased_type":["Card","Relic","Relic","Card"],"build_version":"2020-12-22","purchased_purges":2,"victory":false,"max_hp_per_floor":[71,71,71,71,71,71,71,71,71,71,71,71,71,71,71,71,71,71,71,71,71,35,35,35,35,35,35,35,35,35,35,35,35,35,35,35,35,35],"card_choices":[{"not_picked":["Rebound","Stack"],"picked":"Tempest","floor":1},{"not_picked":["Rebound","Go for the Eyes"],"picked":"Conserve Battery","floor":2},{"not_picked":["Stack","Steam"],"picked":"Ball Lightning","floor":4},{"not_picked":["FTL","Core Surge"],"picked":"Defragment","floor":7},{"not_picked":["Meteor Strike","Hologram"],"picked":"Barrage","floor":10},{"not_picked":["Conserve Battery","Go for the Eyes"],"picked":"Defragment","floor":12},{"not_picked":["Gash","Aggregate"],"picked":"Coolheaded","floor":14},{"not_picked":["Machine Learning","Thunder Strike"],"picked":"Echo Form","floor":16},{"not_picked":["Barrage","Compile Driver"],"picked":"Glacier","floor":18},{"not_picked":["Rebound","Aggregate"],"picked":"Coolheaded+1","floor":19},{"not_picked":["Go for the Eyes","Sweeping Beam+1"],"picked":"Darkness","floor":21},{"not_picked":["FTL","Ball Lightning"],"picked":"Fission","floor":23},{"not_picked":["Rip and Tear","Melter+1"],"picked":"Defragment","floor":27},{"not_picked":["Barrage","Hello World"],"picked":"Aggregate+1","floor":29},{"not_picked":["Go for the Eyes+1","Scrape"],"picked":"Hologram","floor":30},{"not_picked":["Fusion","Rip and Tear","Turbo"],"picked":"SKIP","floor":31},{"not_picked":["Hyperbeam","Reboot"],"picked":"Electrodynamics","floor":33},{"not_picked":["Reprogram","Turbo","Steam Power"],"picked":"SKIP","floor":35}],"player_experience":1988797,"relics_obtained":[{"floor":7,"key":"Toy Ornithopter"},{"floor":9,"key":"Bag of Marbles"},{"floor":10,"key":"Old Coin"},{"floor":23,"key":"PreservedInsect"},{"floor":26,"key":"Thread and Needle"},{"floor":27,"key":"HornCleat"},{"floor":28,"key":"Red Mask"}],"event_choices":[{"damage_healed":0,"gold_gain":0,"cards_transformed":["Strike_B"],"player_choice":"Change","damage_taken":0,"max_hp_gain":0,"max_hp_loss":0,"event_name":"Living Wall","floor":3,"gold_loss":0,"cards_obtained":["Heatsinks"]},{"damage_healed":0,"gold_gain":0,"player_choice":"Rummage","damage_taken":0,"relics_obtained":["WarpedTongs"],"max_hp_gain":0,"max_hp_loss":0,"event_name":"Accursed Blacksmith","floor":5,"gold_loss":0,"cards_obtained":["Pain"]},{"damage_healed":23,"gold_gain":0,"player_choice":"Banana","damage_taken":0,"max_hp_gain":0,"max_hp_loss":0,"event_name":"Big Fish","floor":13,"gold_loss":0},{"damage_healed":0,"gold_gain":0,"player_choice":"Became a Ghost","damage_taken":0,"max_hp_gain":0,"max_hp_loss":36,"event_name":"Ghosts","floor":22,"gold_loss":0,"cards_obtained":["Ghostly","Ghostly","Ghostly"]},{"damage_healed":0,"gold_gain":0,"player_choice":"Ignored","damage_taken":0,"max_hp_gain":0,"max_hp_loss":0,"event_name":"The Mausoleum","floor":24,"gold_loss":0},{"damage_healed":0,"gold_gain":0,"player_choice":"Fought Bandits","damage_taken":0,"max_hp_gain":0,"max_hp_loss":0,"event_name":"Masked Bandits","floor":28,"gold_loss":0}],"is_beta":false,"boss_relics":[{"not_picked":["Nuclear Battery","Snecko Eye"],"picked":"Coffee Dripper"},{"not_picked":["SlaversCollar","Runic Dome"],"picked":"Inserter"}],"items_purged_floors":[20,36],"is_endless":false,"potions_floor_spawned":[2,7,12,18,21,23,27,28,29,30,31,33,35],"killed_by":"3 Shapes","ascension_level":18}}