{"host":"188xoqjicp18t4sg","time":1612506985,"event":{"mods":["BaseMod","Good Game Mod","Highlight Path","Minty Spire (QoL Compilation)","Quick Restart","Relic Filter Mod","Shop Mod","óô»ðÖ¸ÄÏ"],"gold_per_floor":[117,127,127,137,2260,2260,1498,1517,1517,688,714,789,789,864,656,732,732,747,747,382,332,356,306,321,348,348,368,368,379,61,76,76,155,155,169,169,186,214,214,46,71,21,21,21,35,65,65,86,36,36],"floor_reached":51,"language":"ZHS","playtime":1729,"items_purged":["Strike_P","Strike_P","Strike_P","Defend_P","Defend_P","Defend_P","Strike_P","DeusExMachina","WindmillStrike+1","LessonLearned+1"],"score":1723,"play_id":"dc3086f2-7ef8-416a-b401-20e2d259beaf","local_time":"20210205143625","is_ascension_mode":true,"campfire_choices":[{"data":"Eruption","floor":6.0,"key":"SMITH"},{"floor":13.0,"key":"REST"},{"floor":32.0,"key":"REST"},{"floor":44.0,"key":"REST"}],"circlet_count":0,"master_deck":["AscendersBane","Defend_P+1","Eruption+1","Vigilance+1","Scrawl+1","FearNoEvil+1","EmptyBody+1","SignatureMove+1","Halt+1","CrushJoints+1"],"relics":["PureWater","REME:ComplimentaryCards","NeowsBlessing","Sundial","TheAbacus","Shuriken","Blood Vial","MerchantsRug","Akabeko","Potion Belt","ClockworkSouvenir","Blue Candle","StrikeDummy","Darkstone Periapt","Medical Kit","Bag of Marbles","Mummified Hand","Smiling Mask","Sozu","CultistMask","HandDrill","CeramicFish","TungstenRod","MutagenicStrength","Singing Bowl","Busted Crown","Membership Card","Calipers","Bottled Lightning","Oddly Smooth Stone"],"acts_visited":["Exordium","TheCity","TheBeyond"],"potions_floor_usage":[],"damage_taken":[{"damage":0.0,"enemies":"Jaw Worm","floor":1.0,"turns":1.0},{"damage":0.0,"enemies":"2 Louse","floor":2.0,"turns":1.0},{"damage":0.0,"enemies":"Cultist","floor":4.0,"turns":1.0},{"damage":4.0,"enemies":"Looter","floor":8.0,"turns":3.0},{"damage":10.0,"enemies":"Gremlin Nob","floor":11.0,"turns":4.0},{"damage":28.0,"enemies":"Hexaghost","floor":16.0,"turns":12.0},{"damage":15.0,"enemies":"3 Byrds","floor":18.0,"turns":8.0},{"damage":1.0,"enemies":"Spheric Guardian","floor":22.0,"turns":3.0},{"damage":0.0,"enemies":"Snake Plant","floor":24.0,"turns":1.0},{"damage":0.0,"enemies":"Shelled Parasite and Fungi","floor":25.0,"turns":1.0},{"damage":0.0,"enemies":"Snecko","floor":27.0,"turns":2.0},{"damage":0.0,"enemies":"Snake Plant","floor":29.0,"turns":1.0},{"damage":0.0,"enemies":"3 Cultists","floor":31.0,"turns":3.0},{"damage":0.0,"enemies":"Automaton","floor":33.0,"turns":4.0},{"damage":3.0,"enemies":"3 Shapes","floor":35.0,"turns":2.0},{"damage":0.0,"enemies":"3 Darklings","floor":37.0,"turns":2.0},{"damage":8.0,"enemies":"Writhing Mass","floor":38.0,"turns":2.0},{"damage":0.0,"enemies":"Nemesis","floor":41.0,"turns":1.0},{"damage":0.0,"enemies":"Sphere and 2 Shapes","floor":45.0,"turns":1.0},{"damage":0.0,"enemies":"Reptomancer","floor":46.0,"turns":1.0},{"damage":0.0,"enemies":"Jaw Worm Horde","floor":48.0,"turns":2.0},{"damage":0,"enemies":"Awakened One","floor":50,"turns":9}],"seed_played":"4263880082261175139","potions_obtained":[{"floor":4.0,"key":"ColorlessPotion"},{"floor":16.0,"key":"Fruit Juice"}],"is_trial":false,"path_per_floor":["M","M","?","M","$","R","$","M","T","R","E","?","R","T","R","B",null,"M","?","$","$","M","R","M","M","T","M","?","M","R","M","R","B",null,"M","?","M","M","?","R","E","R","T","R","M","E","?","M","R","B",null],"character_chosen":"WATCHER","items_purchased":["TheAbacus","Shuriken","Blood Vial","MerchantsRug","Akabeko","Potion Belt","ClockworkSouvenir","LessonLearned","StrikeDummy","Darkstone Periapt","Medical Kit","Smiling Mask","HandDrill","CeramicFish","Singing Bowl","Membership Card"],"campfire_rested":3,"item_purchase_floors":[5,5,5,5,7,7,7,7,10,10,10,15,20,20,30,40],"current_hp_per_floor":[61,61,43,43,43,43,43,41,41,41,33,22,42,42,42,16,60,47,47,47,47,48,48,50,52,52,54,54,56,56,60,75,77,77,76,72,76,70,70,70,74,74,74,83,85,87,87,87,87,87],"gold":36,"neow_bonus":"THREE_ENEMY_KILL","is_daily":false,"chose_seed":false,"campfire_upgraded":1,"win_rate":0.0,"timestamp":1612506985,"path_taken":["M","M","?","M","$","R","$","M","T","R","E","?","R","?","R","BOSS","M","?","?","$","M","R","M","M","T","M","?","M","R","M","R","BOSS","M","?","?","M","?","R","E","R","T","R","M","E","?","M","R","BOSS"],"items_purchased_type":["Relic","Relic","Relic","Relic","Relic","Relic","Relic","Card","Relic","Relic","Relic","Relic","Relic","Relic","Relic","Relic"],"build_version":"2020-12-22","purchased_purges":10,"victory":true,"max_hp_per_floor":[68,68,68,68,68,68,68,68,68,68,68,68,68,68,68,68,73,73,73,73,73,73,73,73,73,73,73,73,73,73,75,75,77,77,79,79,81,81,81,81,83,83,83,83,85,87,87,87,87,87],"card_choices":[{"not_picked":["Evaluate","CutThroughFate","ThirdEye"],"picked":"SKIP","floor":1.0},{"not_picked":["Consecrate","Meditate","Crescendo"],"picked":"SKIP","floor":2.0},{"not_picked":["CrushJoints","Consecrate"],"picked":"FearNoEvil","floor":4.0},{"not_picked":["Consecrate","Prostrate"],"picked":"EmptyBody","floor":8.0},{"not_picked":["Indignation","Consecrate","CutThroughFate"],"picked":"SKIP","floor":11.0},{"not_picked":["LessonLearned","MasterReality"],"picked":"DeusExMachina","floor":16.0},{"not_picked":["JustLucky","Protect"],"picked":"WindmillStrike+1","floor":18.0},{"not_picked":["Adaptation","WheelKick"],"picked":"CutThroughFate","floor":22.0},{"not_picked":["Protect","WaveOfTheHand","Halt"],"picked":"SKIP","floor":24.0},{"not_picked":["Evaluate","Fasting2"],"picked":"SignatureMove","floor":25.0},{"not_picked":["Evaluate","WindmillStrike+1","Halt"],"picked":"SKIP","floor":27.0},{"not_picked":["Wireheading","CarveReality","SashWhip"],"picked":"SKIP","floor":29.0},{"not_picked":["EmptyBody","SashWhip+1","ClearTheMind"],"picked":"Singing Bowl","floor":31.0},{"not_picked":["Ragnarok","DevaForm","MasterReality"],"picked":"Singing Bowl","floor":33.0},{"not_picked":["Worship"],"picked":"Singing Bowl","floor":35.0},{"not_picked":["Consecrate"],"picked":"Singing Bowl","floor":37.0},{"not_picked":[],"picked":"Halt+1","floor":38.0},{"not_picked":["Pray"],"picked":"Singing Bowl","floor":41.0},{"not_picked":["Protect+1"],"picked":"Singing Bowl","floor":45.0},{"not_picked":["Protect"],"picked":"Singing Bowl","floor":46.0},{"not_picked":[],"picked":"CrushJoints+1","floor":48.0}],"player_experience":218582,"relics_obtained":[{"floor":9.0,"key":"Blue Candle"},{"floor":11.0,"key":"Bag of Marbles"},{"floor":14.0,"key":"Mummified Hand"},{"floor":26.0,"key":"TungstenRod"},{"floor":41.0,"key":"Calipers"},{"floor":43.0,"key":"Bottled Lightning"},{"floor":46.0,"key":"Oddly Smooth Stone"}],"event_choices":[{"damage_healed":0.0,"max_hp_gain":0.0,"max_hp_loss":0.0,"gold_gain":0.0,"event_name":"Scrap Ooze","player_choice":"Success","floor":3.0,"gold_loss":0.0,"damage_taken":18.0,"relics_obtained":["Sundial"]},{"damage_healed":0.0,"max_hp_gain":0.0,"max_hp_loss":0.0,"gold_gain":75.0,"event_name":"World of Goop","player_choice":"Gather Gold","floor":12.0,"gold_loss":0.0,"damage_taken":11.0},{"damage_healed":0.0,"max_hp_gain":0.0,"max_hp_loss":0.0,"gold_gain":0.0,"event_name":"FaceTrader","player_choice":"Trade","floor":19.0,"gold_loss":0.0,"damage_taken":0.0,"relics_obtained":["CultistMask"]},{"damage_healed":0.0,"max_hp_gain":0.0,"max_hp_loss":0.0,"gold_gain":0.0,"event_name":"Drug Dealer","player_choice":"Inject Mutagens","floor":28.0,"gold_loss":0.0,"damage_taken":0.0,"relics_obtained":["MutagenicStrength"]},{"damage_healed":0.0,"max_hp_gain":0.0,"max_hp_loss":0.0,"gold_gain":0.0,"event_name":"Designer","player_choice":"Punched","floor":36.0,"gold_loss":0.0,"damage_taken":5.0},{"cards_removed":["CutThroughFate"],"damage_healed":0.0,"max_hp_gain":0.0,"max_hp_loss":0.0,"gold_gain":0.0,"event_name":"Falling","player_choice":"Removed Attack","floor":39.0,"gold_loss":0.0,"damage_taken":0.0},{"damage_healed":0.0,"max_hp_gain":0.0,"max_hp_loss":0.0,"gold_gain":0.0,"event_name":"Tomb of Lord Red Mask","player_choice":"Ignored","floor":47.0,"gold_loss":0.0,"damage_taken":0.0}],"is_beta":false,"boss_relics":[{"not_picked":["Ectoplasm","Philosopher\u0027s Stone"],"picked":"Sozu"},{"not_picked":["Runic Dome","Cursed Key"],"picked":"Busted Crown"}],"items_purged_floors":[5,7,10,15,20,21,23,30,42,49],"is_endless":false,"potions_floor_spawned":[4,16,25,33,35,38,46,48],"ascension_level":16}}