{"host":"0mk07bycsqo1qk03","time":1612535004,"event":{"mods":["BaseMod","Downfall","Hermit","Hubris","Minty Spire (QoL Compilation)","Reliquary","Replay The Spire","StSLib","The Cursed"],"gold_per_floor":[16,16,16,91,91,91,91,91,91,91,91,91],"floor_reached":11,"language":"ENG","playtime":191,"items_purged":[],"score":114,"play_id":"60f02ec3-a056-4c1c-ad4f-898c7ab2ae91","local_time":"20210205152324","is_ascension_mode":true,"campfire_choices":[{"data":"Hemogenesis","floor":6,"key":"SMITH"},{"data":"Replay:Undeath\u0027s Touch","floor":8,"key":"SMITH"},{"data":"Neutralize","floor":10,"key":"SMITH"}],"circlet_count":0,"master_deck":["AscendersBane","Strike_R","Strike_R","Strike_R","Strike_R","Strike_R","Defend_R+1","Defend_R","Defend_R","Defend_R","Hemogenesis+1","Replay:Undeath\u0027s Touch+1","Flame Barrier","Survivor+1","Neutralize+1"],"relics":["Burning Blood","reliquary:Buckler","ReplayTheSpireMod:Ninjato"],"acts_visited":["Exordium"],"potions_floor_usage":[],"damage_taken":[{"damage":14,"enemies":"Small Slimes","floor":1,"turns":6},{"damage":10,"enemies":"3 Sentries","floor":11,"turns":5}],"seed_played":"-4996819479104709048","potions_obtained":[],"is_trial":false,"path_per_floor":["M","?","$","?","?","R","?","R","T","R","E"],"character_chosen":"IRONCLAD","items_purchased":[],"campfire_rested":0,"item_purchase_floors":[],"current_hp_per_floor":[60,49,49,38,38,38,38,38,38,38,28,28],"gold":91,"neow_bonus":"THREE_RARE_CARDS","is_daily":false,"chose_seed":false,"campfire_upgraded":3,"win_rate":0.0,"timestamp":1612535004,"path_taken":["M","?","$","?","?","R","?","R","T","R","E"],"items_purchased_type":[],"build_version":"2020-12-22","purchased_purges":0,"victory":false,"max_hp_per_floor":[75,75,75,75,75,75,75,75,75,75,75,75],"card_choices":[{"not_picked":["Reaper","Berserk"],"picked":"Hemogenesis","floor":0},{"not_picked":["Flex","Heavy Blade"],"picked":"Replay:Undeath\u0027s Touch","floor":1}],"player_experience":1005708,"relics_obtained":[{"floor":9,"key":"ReplayTheSpireMod:Ninjato"}],"event_choices":[{"damage_healed":0,"gold_gain":0,"player_choice":"Success","damage_taken":11,"relics_obtained":["reliquary:Buckler"],"max_hp_gain":0,"max_hp_loss":0,"event_name":"Scrap Ooze","floor":2,"gold_loss":0},{"damage_healed":0,"gold_gain":75,"player_choice":"Gather Gold","damage_taken":11,"max_hp_gain":0,"max_hp_loss":0,"event_name":"World of Goop","floor":4,"gold_loss":0}],"is_beta":false,"boss_relics":[],"items_purged_floors":[],"is_endless":false,"potions_floor_spawned":[],"killed_by":"3 Sentries","ascension_level":20}}