{"host":"ffjrj7fisyni1ebk","time":1612546540,"event":{"mods":["2.2 Compatiblity","BaseMod","Bestiary","Colored Map","Colored Powertips","Curses Come First","Highlight Path","Keyboard Shortcuts","Minty Spire (QoL Compilation)","Relic Stats","Slay the Relics Exporter","StSLib","SuperFastMode"],"gold_per_floor":[115,131,131,141,158,158,185,33,33,48,48,13,13,26,26,123,123,105,105,120,139,66,100,100,112,139,139,139,0,0,0],"floor_reached":30,"language":"ENG","playtime":1423,"items_purged":["Strike_G"],"score":250,"play_id":"60f74dca-d251-4ae1-85e1-a3da3b18d28e","local_time":"20210205193540","is_ascension_mode":false,"campfire_choices":[{"data":"Blade Dance","floor":6,"key":"SMITH"},{"floor":11,"key":"REST"},{"floor":13,"key":"RECALL"},{"floor":15,"key":"REST"},{"floor":24,"key":"REST"}],"circlet_count":0,"master_deck":["Strike_G","Strike_G","Strike_G","Defend_G","Defend_G","Defend_G","Defend_G","Survivor","Neutralize","Poisoned Stab","Acrobatics","Blade Dance+1","Accuracy","Infinite Blades","Footwork","Footwork","Concentrate","Accuracy","Bullet Time","Poisoned Stab","PiercingWail","Escape Plan","Backflip"],"relics":["Empty Cage","Snake Skull","Question Card","Dream Catcher","Busted Crown","Nilry\u0027s Codex","Centennial Puzzle"],"acts_visited":["Exordium","TheCity"],"potions_floor_usage":[16,18,21,23,23],"damage_taken":[{"damage":1,"enemies":"Cultist","floor":1,"turns":4},{"damage":1,"enemies":"2 Louse","floor":2,"turns":2},{"damage":2,"enemies":"Small Slimes","floor":4,"turns":4},{"damage":6,"enemies":"Looter","floor":5,"turns":4},{"damage":30,"enemies":"3 Sentries","floor":7,"turns":11},{"damage":0,"enemies":"Large Slime","floor":10,"turns":3},{"damage":5,"enemies":"3 Louse","floor":14,"turns":3},{"damage":43,"enemies":"Hexaghost","floor":16,"turns":7},{"damage":25,"enemies":"2 Thieves","floor":18,"turns":4},{"damage":11,"enemies":"Shell Parasite","floor":20,"turns":5},{"damage":12,"enemies":"Snake Plant","floor":21,"turns":4},{"damage":1,"enemies":"Gremlin Leader","floor":23,"turns":5},{"damage":21,"enemies":"Sentry and Sphere","floor":25,"turns":5},{"damage":0,"enemies":"Book of Stabbing","floor":30,"turns":1}],"seed_played":"1836860123373258167","potions_obtained":[{"floor":2,"key":"BlessingOfTheForge"},{"floor":4,"key":"Explosive Potion"},{"floor":5,"key":"SteroidPotion"},{"floor":20,"key":"GamblersBrew"},{"floor":21,"key":"LiquidMemories"}],"is_trial":false,"path_per_floor":["M","M","?","M","M","R","E","$","T","M","R","?","R","M","R","B",null,"M","?","M","M","$","E","R","M","T","?","?","?","E"],"character_chosen":"THE_SILENT","items_purchased":["Infinite Blades","Escape Plan"],"campfire_rested":3,"item_purchase_floors":[8,22],"current_hp_per_floor":[69,68,56,54,48,48,18,18,18,18,39,56,56,51,70,27,70,45,29,18,6,6,5,26,5,5,5,5,5,5,5],"gold":0,"neow_bonus":"BOSS_RELIC","is_daily":false,"chose_seed":false,"campfire_upgraded":1,"win_rate":0.0,"timestamp":1612546540,"path_taken":["M","M","?","M","M","R","E","$","T","M","R","?","R","M","R","BOSS","M","?","M","M","$","E","R","M","T","?","?","?","E"],"items_purchased_type":["Card","Card"],"build_version":"2020-12-22","purchased_purges":1,"victory":false,"max_hp_per_floor":[70,70,70,70,70,70,70,70,70,70,70,70,70,70,70,70,70,70,70,70,70,70,70,70,70,70,70,70,70,70,70],"relic_stats":{"Dream Catcher":3,"Centennial Puzzle":[3],"Busted Crown":12,"counters":[14,62],"Snake Skull":[21],"Question Card":11,"obtain_stats":[{"Dream Catcher":9,"Centennial Puzzle":23,"Busted Crown":17,"Nilry\u0027s Codex":19,"Snake Skull":3,"Empty Cage":0,"Question Card":7,"Ring of the Snake":0},{"Dream Catcher":5,"Centennial Puzzle":12,"Busted Crown":8,"Nilry\u0027s Codex":9,"Snake Skull":2,"Empty Cage":0,"Question Card":5,"Ring of the Snake":0},{"Dream Catcher":25,"Centennial Puzzle":56,"Busted Crown":38,"Nilry\u0027s Codex":42,"Snake Skull":6,"Empty Cage":0,"Question Card":25,"Ring of the Snake":0}]},"card_choices":[{"not_picked":["Prepared","Setup"],"picked":"Poisoned Stab","floor":1},{"not_picked":["Dodge and Roll","Endless Agony"],"picked":"Acrobatics","floor":2},{"not_picked":["Dagger Throw","Outmaneuver","Flying Knee"],"picked":"SKIP","floor":4},{"not_picked":["Backflip","Escape Plan"],"picked":"Blade Dance","floor":5},{"not_picked":["Calculated Gamble","Acrobatics"],"picked":"Accuracy","floor":7},{"not_picked":["All Out Attack","Concentrate","Well Laid Plans"],"picked":"Footwork","floor":10},{"not_picked":["Crippling Poison","Sucker Punch","Underhanded Strike"],"picked":"Footwork","floor":11},{"not_picked":["Predator","Infinite Blades","Dagger Spray"],"picked":"Concentrate","floor":14},{"not_picked":["Riddle With Holes","Backstab","Escape Plan"],"picked":"Accuracy","floor":15},{"not_picked":["Grand Finale","Doppelganger","Die Die Die"],"picked":"Bullet Time","floor":16},{"not_picked":["Caltrops+1","Endless Agony"],"picked":"SKIP","floor":18},{"not_picked":["Dash"],"picked":"Poisoned Stab","floor":20},{"not_picked":["Dagger Throw"],"picked":"PiercingWail","floor":21},{"not_picked":["Bane","Backstab+1"],"picked":"SKIP","floor":23},{"not_picked":["Poisoned Stab"],"picked":"Backflip","floor":25}],"player_experience":303717,"relics_obtained":[{"floor":7,"key":"Question Card"},{"floor":9,"key":"Dream Catcher"},{"floor":19,"key":"Nilry\u0027s Codex"},{"floor":23,"key":"Centennial Puzzle"}],"event_choices":[{"damage_healed":0,"gold_gain":0,"player_choice":"Success","damage_taken":12,"relics_obtained":["Snake Skull"],"max_hp_gain":0,"max_hp_loss":0,"event_name":"Scrap Ooze","floor":3,"gold_loss":0},{"damage_healed":17,"gold_gain":0,"player_choice":"Healed","damage_taken":0,"max_hp_gain":0,"max_hp_loss":0,"event_name":"The Cleric","floor":12,"gold_loss":35},{"damage_healed":0,"gold_gain":0,"player_choice":"Obtained Book","damage_taken":16,"max_hp_gain":0,"max_hp_loss":0,"event_name":"Cursed Tome","floor":19,"gold_loss":0},{"damage_healed":0,"gold_gain":0,"player_choice":"Ignored","damage_taken":0,"max_hp_gain":0,"max_hp_loss":0,"event_name":"Vampires","floor":27,"gold_loss":0},{"damage_healed":0,"gold_gain":0,"player_choice":"Ignored","damage_taken":0,"max_hp_gain":0,"max_hp_loss":0,"event_name":"Ghosts","floor":28,"gold_loss":0},{"damage_healed":0,"gold_gain":0,"player_choice":"Paid Fearfully","damage_taken":0,"max_hp_gain":0,"max_hp_loss":0,"event_name":"Masked Bandits","floor":29,"gold_loss":139}],"is_beta":false,"boss_relics":[{"not_picked":["Velvet Choker","Runic Pyramid"],"picked":"Busted Crown"}],"items_purged_floors":[8],"is_endless":false,"potions_floor_spawned":[2,4,5,20,21],"killed_by":"Book of Stabbing","ascension_level":0}}