{"host":"ttzdpsscxkem3xrs","time":1612498655,"event":{"mods":["BaseMod","Colored Map","Downfall","Minty Spire (QoL Compilation)","Replay The Spire","StSLib","The Cursed","The Hierophant"],"gold_per_floor":[109,109,126,126,51,82,82,82,163,176,16,33,65,92,104,182,194,209,221,244,256,275,287,280,292,350,362,88,88,95,114,114,194,194,158,169,169,261,261,291,47,53,53,37,37,34,51,75,75,20],"floor_reached":51,"language":"ENG","playtime":2796,"items_purged":["hierophant:Strike_Hierophant","hierophant:Strike_Hierophant"],"score":1171,"play_id":"96003de6-7d91-4d7c-be65-e399d1162b8a","local_time":"20210204201735","is_ascension_mode":true,"campfire_choices":[{"data":"hierophant:HolyVerse","floor":7,"key":"SMITH"},{"data":"hierophant:Exaltation","floor":15,"key":"SMITH"},{"data":"hierophant:Repentance","floor":23,"key":"SMITH"},{"data":"hierophant:ArchangelShield","floor":29,"key":"SMITH"},{"data":"hierophant:ChurchCoffers","floor":32,"key":"SMITH"},{"floor":45,"key":"REST"},{"data":"Enlightenment","floor":49,"key":"SMITH"}],"circlet_count":0,"master_deck":["hierophant:ChurchCoffers+1","hierophant:MorningPrayer","hierophant:HolyVerse+1","hierophant:DeathKnell+1","hierophant:Alms","hierophant:Exaltation+1","hierophant:FlamingChariot","hierophant:Endure+1","hierophant:ArchangelShield+1","hierophant:Exaltation+1","hierophant:AuricForm+1","hierophant:Levitation+1","hierophant:SolarFlare+1","hierophant:Repentance+1","hierophant:PassingBell","hierophant:Smite","hierophant:Smite+1","hierophant:Exaltation+1","hierophant:Determination","hierophant:ConvertCurrency","hierophant:Chorus","hierophant:Doubloon","hierophant:DisplayOfPower+1","Enlightenment+1","hierophant:Doubloon+1","hierophant:Kindle"],"relics":["hierophant:PropheticMaskRelic","NeowsBlessing","ReplayFunnel","Mercury Hourglass","Question Card","MawBank","Odd Mushroom","Astrolabe","Gremlin Food","Blood Vial","Lee\u0027s Waffle","Strawberry","Pandora\u0027s Box","Pen Nib","Replay:Rubber Ducky","Pear","PreservedInsect","Art of War"],"acts_visited":["Exordium","TheCity","TheBeyond"],"potions_floor_usage":[8,12,16,20,24,36,36,40,50],"damage_taken":[{"damage":0,"enemies":"Jaw Worm","floor":1,"turns":1},{"damage":0,"enemies":"Small Slimes","floor":3,"turns":1},{"damage":0,"enemies":"Gremlin Nob","floor":6,"turns":1},{"damage":6,"enemies":"Lagavulin","floor":8,"turns":5},{"damage":0,"enemies":"2 Louse","floor":10,"turns":1},{"damage":0,"enemies":"Replay:BlueRogue","floor":12,"turns":3},{"damage":0,"enemies":"2 Fungi Beasts","floor":13,"turns":2},{"damage":1,"enemies":"The Mushroom Lair","floor":14,"turns":2},{"damage":0,"enemies":"Fading Forest","floor":16,"turns":9},{"damage":0,"enemies":"Spheric Guardian","floor":18,"turns":2},{"damage":0,"enemies":"Chosen","floor":20,"turns":3},{"damage":0,"enemies":"Sentry and Sphere","floor":22,"turns":2},{"damage":0,"enemies":"Gremlin Leader","floor":24,"turns":5},{"damage":0,"enemies":"Snecko","floor":30,"turns":1},{"damage":3,"enemies":"Chosen and Byrds","floor":31,"turns":3},{"damage":22,"enemies":"Pondfish","floor":33,"turns":4},{"damage":14,"enemies":"3 Darklings","floor":35,"turns":4},{"damage":8,"enemies":"Orb Walker","floor":36,"turns":4},{"damage":1,"enemies":"Reptomancer","floor":40,"turns":2},{"damage":0,"enemies":"Jaw Worm Horde","floor":42,"turns":3},{"damage":0,"enemies":"Transient","floor":44,"turns":5},{"damage":0,"enemies":"Nemesis","floor":46,"turns":5},{"damage":10,"enemies":"Spire Growth","floor":47,"turns":3},{"damage":0,"enemies":"Sphere and 2 Shapes","floor":48,"turns":3},{"damage":44,"enemies":"Awakened One","floor":50,"turns":8}],"seed_played":"1756061213403966470","potions_obtained":[{"floor":3,"key":"BlessingOfTheForge"},{"floor":6,"key":"AttackPotion"},{"floor":8,"key":"sneckomod:MuddlingPotion"},{"floor":12,"key":"SteroidPotion"},{"floor":14,"key":"bronze:BurnAndBuffPotion"},{"floor":22,"key":"Adrenaline Potion"},{"floor":24,"key":"Slimebound:ThreeZeroPotion"},{"floor":31,"key":"Toxic Potion"},{"floor":33,"key":"hexamod:SoulburnPotion"},{"floor":36,"key":"champ:CounterPotion"},{"floor":40,"key":"champ:CounterPotion"},{"floor":42,"key":"BlessingOfTheForge"}],"is_trial":false,"path_per_floor":["M","?","M","?","$","E","R","E","T","M","$","E","M","?","R","B",null,"M","?","M","?","M","R","E","?","T","?","$","R","M","M","R","B",null,"M","M","?","?","?","E","$","M","T","M","R","E","M","M","R","B",null],"character_chosen":"HIEROPHANT","items_purchased":["hierophant:Endure+1","Lee\u0027s Waffle","Strawberry","Pear"],"campfire_rested":1,"item_purchase_floors":[11,28,28,41],"current_hp_per_floor":[75,75,75,75,75,75,75,69,69,69,69,69,69,68,68,75,75,75,75,75,75,75,75,75,61,61,61,94,94,94,91,91,71,94,94,86,86,51,51,52,62,64,64,66,95,97,89,99,99,55],"gold":20,"neow_bonus":"THREE_ENEMY_KILL","is_daily":false,"chose_seed":false,"campfire_upgraded":6,"win_rate":0.0,"timestamp":1612498655,"path_taken":["M","?","M","?","?","E","R","E","T","M","$","E","M","?","R","BOSS","M","?","M","?","M","R","E","?","T","?","$","R","?","M","R","BOSS","M","?","?","?","?","E","?","?","T","M","R","E","M","M","R","BOSS"],"items_purchased_type":["Card","Relic","Relic","Relic"],"build_version":"2020-12-22","purchased_purges":2,"victory":true,"max_hp_per_floor":[75,75,75,75,75,75,75,75,75,75,75,75,75,75,75,75,75,75,75,75,75,75,75,75,80,80,80,94,94,94,94,94,94,94,94,94,89,89,89,89,99,99,99,99,99,99,99,99,99,99],"card_choices":[{"not_picked":["hierophant:Flagellation","hierophant:ThreeLashes"],"picked":"hierophant:MorningPrayer","floor":1},{"not_picked":["hierophant:CursedGold","hierophant:Racketeering"],"picked":"hierophant:HolyVerse","floor":3},{"not_picked":["hierophant:RecallFunds","hierophant:Remorse"],"picked":"hierophant:Alms","floor":6},{"not_picked":["hierophant:PristineSoul","hierophant:Community"],"picked":"hierophant:Exaltation","floor":8},{"not_picked":["hierophant:RustyCrate","hierophant:DisplayOfPower","hierophant:Sermon"],"picked":"hierophant:FlamingChariot","floor":10},{"not_picked":["hierophant:Kindle","hierophant:Patience","hierophant:Blessing"],"picked":"hierophant:ArchangelShield","floor":12},{"not_picked":["hierophant:Remorse","hierophant:Martyrdom","hierophant:Shelter","hierophant:Dazzle"],"picked":"SKIP","floor":13},{"not_picked":["hierophant:ThreeLashes","hierophant:SealAway","hierophant:CursedGold"],"picked":"hierophant:Exaltation","floor":14},{"not_picked":["hierophant:MorningPrayer","hierophant:HolyVerse","hierophant:Remorse"],"picked":"hierophant:Repentance","floor":18},{"not_picked":["hierophant:Patience+1","hierophant:RustyCrate","hierophant:ThreeLashes","hierophant:SealAway"],"picked":"SKIP","floor":20},{"not_picked":["hierophant:MirrorShield","hierophant:Shelter","hierophant:Kindle"],"picked":"hierophant:PassingBell","floor":22},{"not_picked":["hierophant:MorningPrayer","hierophant:DisplayOfPower+1","hierophant:Chorus+1"],"picked":"hierophant:Smite","floor":24},{"not_picked":["hierophant:Upheaval","hierophant:HammerAndAnvil","hierophant:RustyCrate+1"],"picked":"hierophant:Smite","floor":30},{"not_picked":["hierophant:Doubloon","hierophant:Racketeering+1","hierophant:ThreeLashes"],"picked":"hierophant:Exaltation+1","floor":31},{"not_picked":["hierophant:Generosity","hierophant:WrathOfGod","hierophant:Anathema"],"picked":"hierophant:Determination","floor":33},{"not_picked":["hierophant:RepressedViolence+1","hierophant:Encroach","hierophant:RecallFunds","hierophant:HolyVerse"],"picked":"SKIP","floor":35},{"not_picked":["hierophant:PassingBell","hierophant:Smite+1","hierophant:HolyVerse+1","hierophant:FlamingChariot"],"picked":"SKIP","floor":36},{"not_picked":["hierophant:MirrorShield","hierophant:FieryStrike+1","hierophant:SealAway+1"],"picked":"hierophant:DisplayOfPower+1","floor":38},{"not_picked":["Replay:Parry","Chrysalis","Panache"],"picked":"Enlightenment","floor":39},{"not_picked":["hierophant:Community+1","hierophant:WrathOfGod","hierophant:CursedGold","hierophant:FlamingChariot"],"picked":"SKIP","floor":40},{"not_picked":["hierophant:Exaltation","hierophant:HammerAndAnvil","hierophant:Remorse+1","hierophant:Smite+1"],"picked":"SKIP","floor":42},{"not_picked":["hierophant:MorningPrayer+1","hierophant:OrnateJavelin","hierophant:Empathy","hierophant:SealAway"],"picked":"SKIP","floor":44},{"not_picked":["hierophant:Racketeering+1","hierophant:Cornucopia","hierophant:FieryStrike+1"],"picked":"hierophant:Doubloon+1","floor":46},{"not_picked":["hierophant:Prophecy+1","hierophant:Encroach+1","hierophant:MorningPrayer+1","hierophant:Doubloon"],"picked":"SKIP","floor":47},{"not_picked":["hierophant:Bribe","hierophant:ConvertCurrency","hierophant:Rebuild"],"picked":"hierophant:Kindle","floor":48}],"player_experience":1381723,"relics_obtained":[{"floor":6,"key":"ReplayFunnel"},{"floor":8,"key":"Mercury Hourglass"},{"floor":9,"key":"Question Card"},{"floor":12,"key":"MawBank"},{"floor":14,"key":"Odd Mushroom"},{"floor":24,"key":"Gremlin Food"},{"floor":26,"key":"Blood Vial"},{"floor":38,"key":"Pen Nib"},{"floor":40,"key":"Replay:Rubber Ducky"},{"floor":43,"key":"PreservedInsect"},{"floor":46,"key":"Art of War"}],"event_choices":[{"cards_removed":["hierophant:Defend_Hierophant"],"damage_healed":0,"gold_gain":0,"player_choice":"Forget","damage_taken":0,"max_hp_gain":0,"max_hp_loss":0,"event_name":"Living Wall","floor":2,"gold_loss":0},{"damage_healed":0,"gold_gain":0,"player_choice":"Fought Mushrooms","damage_taken":0,"max_hp_gain":0,"max_hp_loss":0,"event_name":"Mushrooms","floor":14,"gold_loss":0},{"damage_healed":0,"gold_gain":0,"player_choice":"Ignored","damage_taken":0,"max_hp_gain":0,"max_hp_loss":0,"event_name":"Vampires","floor":21,"gold_loss":0},{"damage_healed":0,"gold_gain":0,"player_choice":"Shed Blood","damage_taken":19,"max_hp_gain":5,"max_hp_loss":0,"event_name":"Forgotten Altar","floor":25,"gold_loss":0},{"damage_healed":0,"gold_gain":0,"player_choice":"Forge","damage_taken":0,"max_hp_gain":0,"max_hp_loss":0,"event_name":"Accursed Blacksmith","floor":27,"gold_loss":0,"cards_upgraded":["hierophant:Exaltation"]},{"damage_healed":0,"gold_gain":0,"player_choice":"Max HP","damage_taken":0,"max_hp_gain":0,"max_hp_loss":5,"event_name":"Winding Halls","floor":37,"gold_loss":0},{"damage_healed":0,"gold_gain":0,"player_choice":"Memory 1","damage_taken":0,"max_hp_gain":0,"max_hp_loss":0,"event_name":"SensoryStone","floor":39,"gold_loss":0}],"is_beta":false,"boss_relics":[{"not_picked":["Sozu","Tiny House"],"picked":"Astrolabe"},{"not_picked":["Coffee Dripper","Snecko Eye"],"picked":"Pandora\u0027s Box"}],"items_purged_floors":[5,11],"is_endless":false,"potions_floor_spawned":[3,6,8,12,14,22,24,31,33,36,40,42,48],"ascension_level":1}}