{"host":"1avr1135to2copjv","time":1612564130,"event":{"mods":["BaseMod","Colored Map","Colored Powertips","Downfall","Minty Spire (QoL Compilation)","Relic Stats","StSLib"],"gold_per_floor":[114,114,127,152,173,173,212,236,236,64,102,135,147,182,194,334,346,374,461,489,501,532,588,600,612,624,636,692,722,734,781,793,805,805],"floor_reached":33,"language":"ENG","playtime":1836,"items_purged":["Strike_P"],"score":435,"play_id":"095b7126-4e47-48b3-b193-7ecec6f052eb","local_time":"20210206012850","is_ascension_mode":true,"campfire_choices":[{"data":"Vigilance","floor":6,"key":"SMITH"},{"data":"ThirdEye","floor":13,"key":"SMITH"},{"data":"Protect","floor":15,"key":"SMITH"},{"data":"1","floor":25,"key":"LIFT"},{"data":"2","floor":27,"key":"LIFT"},{"floor":32,"key":"REST"}],"circlet_count":0,"master_deck":["Strike_P","Strike_P","Defend_P","Defend_P","Defend_P","Eruption","Vigilance+1","Consecrate","CarveReality","ThirdEye+1","Weave","Halt","EmptyBody","BowlingBash","Conclude","Protect+1","Vengeance","Establishment","Protect","SashWhip","Omniscience","ClearTheMind","ThirdEye","FearNoEvil"],"relics":["bronze:MakeshiftBattery","Golden Idol","Blue Candle","Meat on the Bone","MawBank","Empty Cage","Girya","Pear","Letter Opener","Damaru"],"acts_visited":["Exordium","TheCity"],"potions_floor_usage":[7,11,11,16,20,23,31],"damage_taken":[{"damage":0,"enemies":"Cultist","floor":1,"turns":4},{"damage":1,"enemies":"Small Slimes","floor":3,"turns":2},{"damage":0,"enemies":"Jaw Worm","floor":4,"turns":2},{"damage":11,"enemies":"Large Slime","floor":5,"turns":4},{"damage":30,"enemies":"Lagavulin","floor":7,"turns":5},{"damage":10,"enemies":"Gremlin Gang","floor":8,"turns":4},{"damage":0,"enemies":"Gremlin Nob","floor":11,"turns":2},{"damage":1,"enemies":"Exordium Wildlife","floor":12,"turns":3},{"damage":1,"enemies":"Large Slime","floor":14,"turns":3},{"damage":11,"enemies":"Hexaghost","floor":16,"turns":10},{"damage":0,"enemies":"Chosen","floor":18,"turns":3},{"damage":2,"enemies":"Shell Parasite","floor":20,"turns":4},{"damage":6,"enemies":"Centurion and Healer","floor":22,"turns":5},{"damage":59,"enemies":"Book of Stabbing","floor":23,"turns":8},{"damage":6,"enemies":"Gremlin Leader","floor":28,"turns":6},{"damage":6,"enemies":"Snecko","floor":29,"turns":3},{"damage":11,"enemies":"Slavers","floor":31,"turns":5},{"damage":56,"enemies":"Automaton","floor":33,"turns":8}],"seed_played":"-5921461498190929049","potions_obtained":[{"floor":1,"key":"PowerPotion"},{"floor":7,"key":"EssenceOfSteel"},{"floor":8,"key":"ColorlessPotion"},{"floor":12,"key":"FairyPotion"},{"floor":14,"key":"ColorlessPotion"},{"floor":18,"key":"FearPotion"},{"floor":22,"key":"Energy Potion"},{"floor":29,"key":"GamblersBrew"}],"is_trial":false,"path_per_floor":["M","?","M","M","M","R","E","M","T","$","E","M","R","M","R","B",null,"M","?","M","$","M","E","?","R","T","R","E","M","?","E","R","B"],"character_chosen":"WATCHER","items_purchased":["BowlingBash","Fire Potion"],"campfire_rested":1,"item_purchase_floors":[10,10],"current_hp_per_floor":[72,54,53,53,42,42,12,2,2,2,14,25,25,36,36,37,72,72,65,63,63,57,33,33,33,43,43,49,43,27,28,54,0,0],"gold":805,"neow_bonus":"BOSS_RELIC","is_daily":false,"chose_seed":false,"campfire_upgraded":3,"win_rate":0.0,"timestamp":1612564130,"path_taken":["M","?","M","M","M","R","E","M","T","$","E","M","R","M","R","BOSS","M","?","M","$","?","E","?","R","T","R","E","M","?","E","R","BOSS"],"items_purchased_type":["Card","Potion"],"build_version":"2020-12-22","purchased_purges":1,"victory":false,"max_hp_per_floor":[72,72,72,72,72,72,72,72,72,72,72,72,72,72,72,72,72,72,72,72,72,72,72,72,72,82,82,82,82,87,87,87,87,87],"relic_stats":{"counters":[18,81],"Golden Idol":107,"Blue Candle":[0],"Letter Opener":[50],"MawBank":264,"obtain_stats":[{"Girya":23,"Pear":26,"Golden Idol":2,"Blue Candle":7,"Damaru":31,"Letter Opener":28,"PureWater":0,"MawBank":11,"Empty Cage":17,"bronze:MakeshiftBattery":0,"Meat on the Bone":9},{"Girya":14,"Pear":14,"Golden Idol":1,"Blue Candle":5,"Damaru":17,"Letter Opener":15,"PureWater":0,"MawBank":7,"Empty Cage":10,"bronze:MakeshiftBattery":0,"Meat on the Bone":6},{"Girya":59,"Pear":59,"Golden Idol":4,"Blue Candle":17,"Damaru":73,"Letter Opener":65,"PureWater":0,"MawBank":23,"Empty Cage":39,"bronze:MakeshiftBattery":0,"Meat on the Bone":21}],"Meat on the Bone":84},"card_choices":[{"not_picked":["WreathOfFlame","ClearTheMind"],"picked":"Consecrate","floor":1},{"not_picked":["Weave","Nirvana"],"picked":"CarveReality","floor":3},{"not_picked":["Collect","PathToVictory"],"picked":"ThirdEye","floor":4},{"not_picked":["Ragnarok","SashWhip"],"picked":"Weave","floor":5},{"not_picked":["Crescendo","Scrawl"],"picked":"Halt","floor":7},{"not_picked":["Study","WindmillStrike"],"picked":"EmptyBody","floor":8},{"not_picked":["WindmillStrike","WreathOfFlame"],"picked":"Conclude","floor":11},{"not_picked":["SignatureMove","FlyingSleeves"],"picked":"Protect","floor":12},{"not_picked":["Protect","BowlingBash"],"picked":"Vengeance","floor":14},{"not_picked":["Brilliance","Ragnarok"],"picked":"Establishment","floor":16},{"not_picked":["Worship","Prostrate"],"picked":"Protect","floor":18},{"not_picked":["EmptyBody","Conclude+1"],"picked":"SashWhip","floor":20},{"not_picked":["Consecrate+1","Halt","FollowUp+1"],"picked":"SKIP","floor":22},{"not_picked":["DeceiveReality","CutThroughFate+1"],"picked":"Omniscience","floor":23},{"not_picked":["Judgement","CrushJoints"],"picked":"ClearTheMind","floor":28},{"not_picked":["FlurryOfBlows","ClearTheMind"],"picked":"ThirdEye","floor":29},{"not_picked":["Perseverance","FollowUp"],"picked":"FearNoEvil","floor":31}],"player_experience":1068254,"relics_obtained":[{"floor":7,"key":"Blue Candle"},{"floor":9,"key":"Meat on the Bone"},{"floor":11,"key":"MawBank"},{"floor":23,"key":"Girya"},{"floor":26,"key":"Pear"},{"floor":28,"key":"Letter Opener"},{"floor":31,"key":"Damaru"}],"event_choices":[{"damage_healed":0,"gold_gain":0,"player_choice":"Take Damage","damage_taken":18,"relics_obtained":["Golden Idol"],"max_hp_gain":0,"max_hp_loss":0,"event_name":"Golden Idol","floor":2,"gold_loss":0},{"damage_healed":0,"gold_gain":75,"player_choice":"Touch","damage_taken":7,"max_hp_gain":0,"max_hp_loss":0,"event_name":"FaceTrader","floor":19,"gold_loss":0},{"damage_healed":0,"gold_gain":0,"player_choice":"Ignored","damage_taken":0,"max_hp_gain":0,"max_hp_loss":0,"event_name":"Vampires","floor":24,"gold_loss":0},{"damage_healed":0,"gold_gain":0,"player_choice":"Shed Blood","damage_taken":21,"max_hp_gain":5,"max_hp_loss":0,"event_name":"Forgotten Altar","floor":30,"gold_loss":0}],"is_beta":false,"boss_relics":[{"not_picked":["Philosopher\u0027s Stone","Snecko Eye"],"picked":"Empty Cage"}],"items_purged_floors":[10],"is_endless":false,"potions_floor_spawned":[1,7,8,12,14,18,22,29],"killed_by":"Automaton","ascension_level":4}}