{"host":"97uhrltlnmtdj0hv","time":1612498830,"event":{"mods":["2.2 Compatiblity","AchievementEnabler","Act Like it!","Aspiration","Bartender","BaseMod","Better Match","Better Note","Better Skull","Better Third Choice","BetterRewards","ChefMod","Colored Map","Colored Powertips","Conspire","Downfall","Elementarium","Energized Spire","Friendly Minions","Gensokyo","GifTheSpireLib","Gold Saver","Halation","Hallownest","Hermit","Hubris","Infinite Spire","Jorbs\u0027s Wanderer Trilogy","Koishi","Luminous","Marisa????????","Minty Spire (QoL Compilation)","Pale of the Ancients","Permanent Neow","Potionbrewer","Quick Restart","Rare Cards Sparkle","Reliquary","Replay The Spire","Reworked Bosses","Robot Space Explorer","Shade Mod","Somnambulant","Spicy Shops","Spikes Relics","StSLib","Stuff the Spire","SuperFastMode","The Blackbeard","The Bug Knight","The Cursed","The Dragon Tamer","The Druid","The Marked","The Necromancer","The Problem Sleuth","The Senshi","The Servant 0.9.4","The Vixen","TheVacant","Trackpad","Treasure Hunter","Wandering Minibosses","everything is the same but u backflip on backflip"],"gold_per_floor":[598,613,27,42,60,60,277,306,333,333,333,354,354,354],"floor_reached":13,"language":"ENG","playtime":531,"items_purged":[],"score":112,"play_id":"ef9a25ce-c79f-41be-945f-a923cb5f32ac","local_time":"20210204212030","is_ascension_mode":false,"campfire_choices":[{"floor":6,"key":"REST"}],"circlet_count":0,"master_deck":["chefmod:Strike","chefmod:Strike","chefmod:Strike","chefmod:Strike","chefmod:QuickThaw","chefmod:Defend","chefmod:Defend","chefmod:Defend","chefmod:Defend","chefmod:TodaysSpecial","hubris:Sloth","chefmod:ZaruSoba","chefmod:Defrost","chefmod:FireUp","chefmod:DeepFreeze","chefmod:IcePick","chefmod:Fillet","TH:CopperCoins","chefmod:LocoMoco","TH:Mimic","StuffTheSpire:Harmony","chefmod:SearedScallops"],"relics":["chefmod:TrustyPot","StuffTheSpire:BottledEssence","Frozen Eye","halation:Sosunser","StuffTheSpire:Experiment12","hubris:ToyBattleship"],"acts_visited":["Exordium"],"potions_floor_usage":[13],"damage_taken":[{"damage":6,"enemies":"Gensokyo:3_Fairies","floor":1,"turns":5},{"damage":10,"enemies":"Gensokyo:Python","floor":2,"turns":5},{"damage":20,"enemies":"Gensokyo:Gryphon","floor":4,"turns":8},{"damage":24,"enemies":"Gensokyo:3_Kodama","floor":5,"turns":6},{"damage":16,"enemies":"Gensokyo:VengefulSpirit","floor":7,"turns":6},{"damage":25,"enemies":"Gensokyo:Aya","floor":8,"turns":7},{"damage":10,"enemies":"Gensokyo:Python_and_Kodama","floor":12,"turns":5},{"damage":27,"enemies":"Gensokyo:Mamizou","floor":13,"turns":7}],"seed_played":"-2974095940110283573","potions_obtained":[{"floor":2,"key":"potionbrewer:AcidPotion"},{"floor":5,"key":"SteroidPotion"},{"floor":12,"key":"Explosive Potion"}],"is_trial":false,"path_per_floor":["M","M","COS","M","M","R","M","E","T","?","?","M","E"],"character_chosen":"THE_CHEF","items_purchased":[],"campfire_rested":1,"item_purchase_floors":[],"current_hp_per_floor":[84,74,74,54,30,57,41,16,16,16,19,12,0,0],"gold":354,"neow_bonus":"TWENTY_PERCENT_HP_BONUS","is_daily":false,"chose_seed":false,"campfire_upgraded":0,"win_rate":0.0,"timestamp":1612498830,"path_taken":["M","M","COS","M","M","R","M","E","T","?","?","M","E"],"items_purchased_type":[],"build_version":"2020-12-22","purchased_purges":0,"victory":false,"max_hp_per_floor":[90,90,90,90,90,90,90,90,90,90,93,93,93,93],"card_choices":[{"not_picked":["chefmod:Chop","chefmod:Bruschetta"],"picked":"chefmod:ZaruSoba","floor":1},{"not_picked":["chefmod:Gelato","chefmod:Julienne"],"picked":"chefmod:Defrost","floor":2},{"not_picked":["chefmod:Chop","chefmod:Gelato"],"picked":"chefmod:FireUp","floor":4},{"not_picked":["chefmod:DeathByChocolate","chefmod:PrepCook"],"picked":"chefmod:DeepFreeze","floor":5},{"not_picked":["chefmod:Sorbet","chefmod:Bruschetta"],"picked":"chefmod:IcePick","floor":5},{"not_picked":["chefmod:PotatoGratin","chefmod:Gelato"],"picked":"chefmod:Fillet","floor":7},{"not_picked":["TH:Mimic"],"picked":"TH:CopperCoins","floor":8},{"not_picked":["chefmod:Julienne","chefmod:Sorbet"],"picked":"chefmod:LocoMoco","floor":8},{"not_picked":["TH:TreasureMap"],"picked":"TH:Mimic","floor":9},{"not_picked":["StuffTheSpire:Innocence","StuffTheSpire:Vigor"],"picked":"StuffTheSpire:Harmony","floor":10},{"not_picked":["chefmod:SliceAndDice","chefmod:Puree"],"picked":"chefmod:SearedScallops","floor":12}],"player_experience":452800,"relics_obtained":[{"floor":8,"key":"StuffTheSpire:Experiment12"},{"floor":9,"key":"hubris:ToyBattleship"}],"event_choices":[],"is_beta":false,"boss_relics":[],"items_purged_floors":[],"is_endless":false,"potions_floor_spawned":[2,5,12],"killed_by":"Gensokyo:Mamizou","ascension_level":0}}