{"host":"Ryley","time":1612489367,"event":{"mods":["BaseMod","Downfall","Minty Spire (QoL Compilation)","StSLib"],"gold_per_floor":[210,210,226,239,193,193,211,211,211,246,256,256,275,287,287,386,386,386,386,233,233,233,233,233,233,233,233,233,233,233,233,233,233,233,233,66,66,66,66,66,66,66,66,66,66,16,16,16,16,16],"floor_reached":51,"language":"ENG","playtime":1803,"items_purged":["Strike_G","Writhe"],"score":744,"play_id":"3fa83d5c-3684-4451-8bad-85cbcca909b8","local_time":"20210204194247","is_ascension_mode":false,"campfire_choices":[{"data":"Poisoned Stab","floor":6,"key":"SMITH"},{"floor":12,"key":"REST"},{"floor":15,"key":"REST"},{"floor":25,"key":"REST"},{"floor":27,"key":"REST"},{"floor":29,"key":"REST"},{"floor":32,"key":"REST"},{"data":"Footwork","floor":40,"key":"SMITH"},{"data":"Accuracy","floor":47,"key":"SMITH"},{"floor":49,"key":"REST"}],"circlet_count":0,"master_deck":["Strike_G","Strike_G","Defend_G","Defend_G","Defend_G","Defend_G","Defend_G","Survivor","Neutralize","Bane","Poisoned Stab+1","Quick Slash","Cloak And Dagger","Blur","Accuracy","Cloak And Dagger","After Image","Footwork+1","Deadly Poison","Noxious Fumes","Deadly Poison+1","Accuracy+1","Flying Knee","Footwork+1","Deadly Poison","Dagger Spray","Footwork+1","Deflect+1"],"relics":["Ring of the Snake","Pen Nib","Mummified Hand","Ectoplasm","Blue Candle","Letter Opener","Regal Pillow","Empty Cage","Lee\u0027s Waffle","Smiling Mask","Meat on the Bone"],"acts_visited":["Exordium","TheCity","TheBeyond"],"potions_floor_usage":[10,14,16,16,31,33,33,50,50],"damage_taken":[{"damage":0,"enemies":"Small Slimes","floor":1,"turns":3},{"damage":5,"enemies":"2 Louse","floor":3,"turns":3},{"damage":0,"enemies":"Cultist","floor":4,"turns":3},{"damage":19,"enemies":"Gremlin Gang","floor":7,"turns":4},{"damage":23,"enemies":"3 Sentries","floor":10,"turns":8},{"damage":0,"enemies":"Blue Slaver","floor":11,"turns":3},{"damage":0,"enemies":"2 Fungi Beasts","floor":13,"turns":2},{"damage":12,"enemies":"Gremlin Gang","floor":14,"turns":6},{"damage":24,"enemies":"Hexaghost","floor":16,"turns":9},{"damage":5,"enemies":"Spheric Guardian","floor":18,"turns":5},{"damage":7,"enemies":"Shell Parasite","floor":19,"turns":7},{"damage":26,"enemies":"Snecko","floor":21,"turns":6},{"damage":0,"enemies":"Chosen and Byrds","floor":22,"turns":6},{"damage":27,"enemies":"Book of Stabbing","floor":23,"turns":7},{"damage":15,"enemies":"Snake Plant","floor":28,"turns":5},{"damage":1,"enemies":"Centurion and Healer","floor":30,"turns":6},{"damage":54,"enemies":"Slavers","floor":31,"turns":5},{"damage":26,"enemies":"Automaton","floor":33,"turns":11},{"damage":0,"enemies":"3 Shapes","floor":35,"turns":4},{"damage":5,"enemies":"3 Darklings","floor":37,"turns":6},{"damage":52,"enemies":"Giant Head","floor":42,"turns":10},{"damage":10,"enemies":"Maw","floor":44,"turns":9},{"damage":22,"enemies":"4 Shapes","floor":48,"turns":4},{"damage":71,"enemies":"Donu and Deca","floor":50,"turns":15}],"seed_played":"266156127244628591","potions_obtained":[{"floor":1,"key":"SkillPotion"},{"floor":7,"key":"CultistPotion"},{"floor":8,"key":"BlessingOfTheForge"},{"floor":13,"key":"Swift Potion"},{"floor":14,"key":"Fruit Juice"},{"floor":18,"key":"Strength Potion"},{"floor":19,"key":"DuplicationPotion"},{"floor":22,"key":"Dexterity Potion"},{"floor":44,"key":"SpeedPotion"},{"floor":48,"key":"LiquidMemories"}],"is_trial":false,"path_per_floor":["M","?","M","M","$","R","M","?","T","E","M","R","M","M","R","B",null,"M","M","$","M","M","E","?","R","T","R","M","R","M","E","R","B",null,"M","$","M","?","?","R","?","E","T","M","?","$","R","M","R","B",null],"character_chosen":"THE_SILENT","items_purchased":["Cloak And Dagger","Noxious Fumes","Lee\u0027s Waffle","Dagger Spray"],"campfire_rested":7,"item_purchase_floors":[5,20,36,36],"current_hp_per_floor":[70,75,70,70,70,70,51,51,51,28,28,50,50,43,67,43,80,75,68,68,42,42,15,15,39,39,63,48,72,71,17,56,30,80,80,87,82,82,82,82,82,30,30,32,54,54,54,44,85,26],"gold":16,"neow_bonus":"HUNDRED_GOLD","is_daily":false,"chose_seed":false,"campfire_upgraded":3,"win_rate":0.0,"timestamp":1612489367,"path_taken":["M","?","M","M","$","R","M","?","T","E","?","R","M","M","R","BOSS","M","M","$","M","?","E","?","R","T","R","M","R","M","E","R","BOSS","M","$","M","?","?","R","?","E","T","?","?","?","R","M","R","BOSS"],"items_purchased_type":["Card","Card","Relic","Card"],"build_version":"2020-12-18","purchased_purges":2,"victory":true,"max_hp_per_floor":[70,75,75,75,75,75,75,75,75,75,75,75,75,80,80,80,80,80,80,80,80,80,80,80,80,80,80,80,80,80,80,80,80,80,80,87,87,87,87,87,87,87,87,87,87,87,87,87,87,87],"card_choices":[{"not_picked":["Dash","Tactician"],"picked":"Bane","floor":1},{"not_picked":["Accuracy","Sucker Punch"],"picked":"Poisoned Stab","floor":3},{"not_picked":["Finisher","Outmaneuver"],"picked":"Quick Slash","floor":4},{"not_picked":["PiercingWail","Dagger Throw"],"picked":"Blur","floor":7},{"not_picked":["Blade Dance","Predator"],"picked":"Accuracy","floor":10},{"not_picked":["Skewer","Envenom","Dagger Throw"],"picked":"SKIP","floor":11},{"not_picked":["Terror","Dagger Throw","Setup"],"picked":"SKIP","floor":13},{"not_picked":["Skewer","Flechettes"],"picked":"Cloak And Dagger","floor":14},{"not_picked":["Die Die Die","Doppelganger"],"picked":"After Image","floor":16},{"not_picked":["Acrobatics","Concentrate+1"],"picked":"Footwork","floor":18},{"not_picked":["All Out Attack","Bane+1"],"picked":"Deadly Poison","floor":19},{"not_picked":["Backstab","Dodge and Roll"],"picked":"Deadly Poison+1","floor":21},{"not_picked":["Backflip","Deadly Poison"],"picked":"Accuracy","floor":22},{"not_picked":["Concentrate","Caltrops"],"picked":"Flying Knee","floor":23},{"not_picked":["Deadly Poison","Dagger Throw+1","Masterful Stab"],"picked":"SKIP","floor":28},{"not_picked":["Expertise","Slice"],"picked":"Footwork+1","floor":30},{"not_picked":["Storm of Steel","All Out Attack","Outmaneuver+1"],"picked":"SKIP","floor":31},{"not_picked":["Footwork+1","Heel Hook"],"picked":"Deadly Poison","floor":35},{"not_picked":["Dodge and Roll+1","Quick Slash+1","Bane"],"picked":"SKIP","floor":37},{"not_picked":["PiercingWail+1","Blade Dance+1"],"picked":"Deflect+1","floor":42},{"not_picked":["Underhanded Strike+1","Backflip","Prepared+1"],"picked":"SKIP","floor":44},{"not_picked":["Expertise","Venomology","Crippling Poison"],"picked":"SKIP","floor":48}],"player_experience":383375,"relics_obtained":[{"floor":9,"key":"Pen Nib"},{"floor":10,"key":"Mummified Hand"},{"floor":23,"key":"Blue Candle"},{"floor":26,"key":"Letter Opener"},{"floor":31,"key":"Regal Pillow"},{"floor":42,"key":"Smiling Mask"},{"floor":43,"key":"Meat on the Bone"}],"event_choices":[{"damage_healed":0,"gold_gain":0,"player_choice":"Donut","damage_taken":0,"max_hp_gain":5,"max_hp_loss":0,"event_name":"Big Fish","floor":2,"gold_loss":0},{"damage_healed":0,"gold_gain":0,"player_choice":"Got Potions","damage_taken":0,"max_hp_gain":0,"max_hp_loss":0,"event_name":"Lab","floor":8,"gold_loss":0},{"damage_healed":0,"gold_gain":0,"player_choice":"Smashed Altar","damage_taken":0,"max_hp_gain":0,"max_hp_loss":0,"event_name":"Forgotten Altar","floor":24,"gold_loss":0,"cards_obtained":["Decay"]},{"cards_removed":["Strike_G"],"damage_healed":0,"gold_gain":0,"player_choice":"Removed Attack","damage_taken":0,"max_hp_gain":0,"max_hp_loss":0,"event_name":"Falling","floor":38,"gold_loss":0},{"damage_healed":0,"gold_gain":0,"player_choice":"Copied","damage_taken":0,"max_hp_gain":0,"max_hp_loss":0,"event_name":"Duplicator","floor":41,"gold_loss":0,"cards_obtained":["Footwork"]},{"damage_healed":22,"gold_gain":0,"player_choice":"Writhe","damage_taken":0,"max_hp_gain":0,"max_hp_loss":0,"event_name":"Winding Halls","floor":45,"gold_loss":0,"cards_obtained":["Writhe"]}],"is_beta":true,"boss_relics":[{"not_picked":["Runic Pyramid","Velvet Choker"],"picked":"Ectoplasm"},{"not_picked":["Runic Dome","Pandora\u0027s Box"],"picked":"Empty Cage"}],"items_purged_floors":[20,46],"is_endless":false,"potions_floor_spawned":[1,7,13,14,18,19,22,28,44,48],"ascension_level":0}}