{"host":"gvmmh8a4dbuurnvz","time":1612531620,"event":{"mods":["AchievementEnabler","Aspiration","BaseMod","Better Vampires","BetterRewards","Colored Powertips","Highlight Path","Minty Spire (QoL Compilation)","MostiFishMod","Spicy Shops","StSLib","¡¾ÒÅÎï¿¨ÅÆ¡¿REMEMod"],"gold_per_floor":[117,92,92,110,110,143,153,153,153,168,168,193,193,212,212,317,317,327,341,66,83,95,129,129,141,141,241,241,261,293,293,293,398,398,413,413,413,465,465,465,465,465,492,492,507,533,533,546,546,546,546,546,546,575,575],"floor_reached":56,"language":"ZHS","playtime":2517,"items_purged":["Zap","Strike_B","Strike_B","Strike_B","Strike_B","Defend_B","Defend_B","Defend_B","Defend_B","Dualcast","Melter","Conserve Battery"],"score":1873,"play_id":"841abe78-97af-48b0-88c3-9c15785f6286","local_time":"20210205212700","is_ascension_mode":false,"campfire_choices":[{"floor":11.0,"key":"RECALL"},{"data":"Storm","floor":15.0,"key":"SMITH"},{"data":"Heatsinks","floor":24.0,"key":"SMITH"},{"data":"MostiFishMod:LinkProtocol","floor":32.0,"key":"SMITH"},{"data":"REME_FirmDetermination","floor":40,"key":"SMITH"},{"data":"Loop","floor":41,"key":"SMITH"},{"data":"Capacitor","floor":44,"key":"SMITH"},{"data":"Capacitor","floor":47,"key":"SMITH"},{"data":"MostiFishMod:GatherIntelligence","floor":49,"key":"SMITH"},{"data":"MostiFishMod:ATRI","floor":52,"key":"SMITH"}],"circlet_count":0,"master_deck":["Capacitor+1","MostiFishMod:GatherIntelligence+1","Gash+1","Loop+1","Storm+1","Master of Strategy+1","MostiFishMod:ATRI+1","Leap+1","Gash+1","Heatsinks+1","MostiFishMod:LinkProtocol+1","REME_FirmDetermination+1","Electrodynamics+1","Capacitor+1","Echo Form+1"],"relics":["Cracked Core","DaveBox","REME_ComplimentaryCards","RhineSuit","Mummified Hand","HandDrill","DiscerningMonocle","Runic Capacitor","Regal Pillow","Happy Flower","Omamori","Akabeko","Dodecahedron","Sling","Turnip","SynthV:TestCard","Bag of Marbles","aspiration:Lifesprig","BionicSphere","SentryEyes","Medical Kit","aspiration:Nostalgia","PureWater","Vajra","PatriotShield","Kunai","Oddly Smooth Stone","aspiration:EnhancedActuators","CombinedTypeHook","WingedGreaves","Symbiotic Virus","BrkXgEgg","Potion Belt","Peace Pipe","aspiration:BursterCore","War Paint","HornCleat","Anchor","Sundial","Bag of Preparation","Whetstone","Calipers","Nunchaku","Cables"],"acts_visited":["Exordium","TheCity","TheBeyond","TheEnding"],"potions_floor_usage":[55,55],"damage_taken":[{"damage":0.0,"enemies":"Cultist","floor":1.0,"turns":3.0},{"damage":0.0,"enemies":"2 Louse","floor":4.0,"turns":2.0},{"damage":0.0,"enemies":"3 Sentries","floor":6.0,"turns":4.0},{"damage":0.0,"enemies":"Small Slimes","floor":7.0,"turns":2.0},{"damage":0.0,"enemies":"3 Louse","floor":10.0,"turns":1.0},{"damage":0.0,"enemies":"Lagavulin","floor":12.0,"turns":2.0},{"damage":0.0,"enemies":"Exordium Thugs","floor":14.0,"turns":2.0},{"damage":0.0,"enemies":"The Guardian","floor":16.0,"turns":4.0},{"damage":0.0,"enemies":"Shell Parasite","floor":18.0,"turns":2.0},{"damage":0.0,"enemies":"3 Byrds","floor":19.0,"turns":2.0},{"damage":0.0,"enemies":"Centurion and Healer","floor":21.0,"turns":2.0},{"damage":0.0,"enemies":"Shelled Parasite and Fungi","floor":22.0,"turns":2.0},{"damage":0.0,"enemies":"Gremlin Leader","floor":23.0,"turns":2.0},{"damage":0.0,"enemies":"Cultist and Chosen","floor":25.0,"turns":2.0},{"damage":0.0,"enemies":"Colosseum Slavers","floor":27.0,"turns":2.0},{"damage":0.0,"enemies":"Colosseum Nobs","floor":27.0,"turns":2.0},{"damage":0.0,"enemies":"Snecko","floor":29.0,"turns":2.0},{"damage":0.0,"enemies":"Book of Stabbing","floor":30.0,"turns":2.0},{"damage":0.0,"enemies":"Automaton","floor":33.0,"turns":2.0},{"damage":0.0,"enemies":"3 Shapes","floor":35.0,"turns":1.0},{"damage":0,"enemies":"Orb Walker","floor":45,"turns":1},{"damage":0,"enemies":"Reptomancer","floor":46,"turns":1},{"damage":0,"enemies":"3 Darklings","floor":48,"turns":1},{"damage":0,"enemies":"Time Eater","floor":50,"turns":3},{"damage":0,"enemies":"Shield and Spear","floor":54,"turns":1},{"damage":0,"enemies":"The Heart","floor":55,"turns":3}],"seed_played":"9113287496397138277","potions_obtained":[{"floor":4.0,"key":"SpeedPotion"},{"floor":6.0,"key":"Strength Potion"},{"floor":16.0,"key":"Swift Potion"},{"floor":18.0,"key":"Fruit Juice"},{"floor":23.0,"key":"Fire Potion"},{"floor":25.0,"key":"GamblersBrew"},{"floor":35.0,"key":"Explosive Potion"},{"floor":48,"key":"FocusPotion"}],"is_trial":false,"path_per_floor":["M","?","$","M","$","E","M","$","T","M","R","E","?","M","R","B",null,"M","M","$","M","M","E","R","M","T","?","$","M","E","?","R","B",null,"M","?","$","T","$","R","R","$","T","R","M","E","R","M","R","B",null,"R","$","E","B",null],"character_chosen":"DEFECT","items_purchased":["Mummified Hand","HandDrill","DiscerningMonocle","Runic Capacitor","Regal Pillow","Happy Flower","Capacitor","Melter","Omamori","Conserve Battery","MostiFishMod:GatherIntelligence","Gash","Akabeko","Dodecahedron","Loop","Sling","FocusPotion","Explosive Potion","Bag of Marbles","Storm","aspiration:Lifesprig","Master of Strategy","BionicSphere","SentryEyes","Medical Kit","aspiration:Nostalgia","Leap","Gash","Kunai","Oddly Smooth Stone","BlessingOfTheForge","BrkXgEgg","Potion Belt","Peace Pipe","REME_FirmDetermination","PowerPotion","War Paint","HornCleat","Anchor","Sundial","Bag of Preparation","Whetstone","Calipers","Nunchaku","Capacitor"],"campfire_rested":0,"item_purchase_floors":[0,0,0,0,0,0,0,0,0,0,0,0,0,0,0,0,0,0,3,3,5,5,8,8,8,8,20,20,20,20,20,28,28,28,28,28,37,37,39,39,39,42,42,42,42],"current_hp_per_floor":[75,75,75,75,75,75,75,75,75,75,75,75,80,80,80,80,80,85,85,85,85,85,85,85,85,85,85,85,85,85,85,85,85,85,85,85,85,85,85,85,85,85,85,85,85,85,85,85,85,85,85,85,85,85,85],"gold":575,"neow_bonus":"","is_daily":false,"chose_seed":false,"campfire_upgraded":9,"win_rate":0.0,"timestamp":1612531620,"path_taken":["M","?","$","M","$","E","M","$","T","M","R","E","?","M","R","BOSS","M","M","$","M","M","E","R","M","T","?","$","M","E","?","R","BOSS","M","?","$","?","$","R","R","$","T","R","M","E","R","M","R","BOSS","R","$","E","BOSS"],"items_purchased_type":["Relic","Relic","Relic","Relic","Relic","Relic","Card","Card","Relic","Card","Card","Card","Relic","Relic","Card","Relic","Potion","Potion","Relic","Card","Relic","Card","Relic","Relic","Relic","Relic","Card","Card","Relic","Relic","Potion","Relic","Relic","Relic","Card","Potion","Relic","Relic","Relic","Relic","Relic","Relic","Relic","Relic","Card"],"build_version":"2020-12-22","purchased_purges":12,"victory":true,"max_hp_per_floor":[75,75,75,75,75,75,75,75,75,75,75,75,80,80,80,80,80,85,85,85,85,85,85,85,85,85,85,85,85,85,85,85,85,85,85,85,85,85,85,85,85,85,85,85,85,85,85,85,85,85,85,85,85,85,85],"card_choices":[{"not_picked":["MostiFishMod:PushDownKick","Stack","Turbo"],"picked":"SKIP","floor":1.0},{"not_picked":["Barrage","Cold Snap","Beam Cell","Ball Lightning","Streamline"],"picked":"SKIP","floor":4.0},{"not_picked":["Sunder","Streamline","Steam","Sweeping Beam","Stack"],"picked":"SKIP","floor":6.0},{"not_picked":["REME_DataAnalysis","Sunder","Turbo","Scrape","MostiFishMod:PushDownKick"],"picked":"SKIP","floor":7.0},{"not_picked":["Go for the Eyes","REME_Compress","Streamline","Rebound","Hologram"],"picked":"SKIP","floor":10.0},{"not_picked":["Double Energy","Barrage","aspiration:Polymerization","Recycle","MostiFishMod:IceShield"],"picked":"SKIP","floor":12.0},{"not_picked":["FTL","Beam Cell","Steam","Blizzard","MostiFishMod:IceShield"],"picked":"SKIP","floor":14.0},{"not_picked":["Buffer","MostiFishMod:TalkingToTheRain","Fission","MostiFishMod:DeathFromBelow"],"picked":"MostiFishMod:ATRI","floor":16.0},{"not_picked":["Static Discharge","FTL+1","Conserve Battery","Redo","MostiFishMod:PushDownKick+1"],"picked":"SKIP","floor":18.0},{"not_picked":["Conserve Battery","Go for the Eyes+1","Tempest+1","Genetic Algorithm+1","REME_DataAnalysis"],"picked":"SKIP","floor":19.0},{"not_picked":["Go for the Eyes","Lockon","Cold Snap","Coolheaded+1","Ball Lightning"],"picked":"SKIP","floor":21.0},{"not_picked":["Recycle+1","REME_Whirling","Scrape","Fusion"],"picked":"Heatsinks","floor":22.0},{"not_picked":["Steam","Chaos","Hologram","Gash","Sweeping Beam+1"],"picked":"SKIP","floor":23.0},{"not_picked":["Steam","REME_DataAnalysis","REME_Compress+1","Blizzard+1","Coolheaded"],"picked":"SKIP","floor":25.0},{"not_picked":["Conserve Battery","Hologram","Chaos+1","Turbo+1"],"picked":"MostiFishMod:LinkProtocol","floor":27.0},{"not_picked":["Ball Lightning","Hologram","Steam","aspiration:Polymerization","Coolheaded"],"picked":"SKIP","floor":29.0},{"not_picked":["Biased Cognition+1","Doom and Gloom","MostiFishMod:PushDownKick+1","Rebound","Sweeping Beam"],"picked":"SKIP","floor":30.0},{"not_picked":["Buffer+1","MostiFishMod:Distribution+1","REME_Shoggoth+1","MostiFishMod:ReadyAimFire+1"],"picked":"Electrodynamics+1","floor":33.0},{"not_picked":["Compile Driver+1","Sweeping Beam","Loop+1","Leap+1","Conserve Battery+1"],"picked":"SKIP","floor":35.0},{"not_picked":["Steam+1","Self Repair+1","Stack+1","REME_Whirling","Rebound"],"picked":"SKIP","floor":45},{"not_picked":["Glacier+1","REME_SelfUpgrade","Scrape+1","Rebound","Conserve Battery+1"],"picked":"SKIP","floor":46},{"not_picked":["MostiFishMod:PushDownKick","Fusion+1","Stack","Consume+1","Go for the Eyes+1"],"picked":"SKIP","floor":48},{"not_picked":["BootSequence","Aggregate","Turbo","Rebound+1"],"picked":"Echo Form+1","floor":54}],"player_experience":313510,"relics_obtained":[{"floor":1.0,"key":"SynthV:TestCard"},{"floor":12.0,"key":"Vajra"},{"floor":23.0,"key":"aspiration:EnhancedActuators"},{"floor":26.0,"key":"CombinedTypeHook"},{"floor":27.0,"key":"WingedGreaves"},{"floor":27.0,"key":"Symbiotic Virus"},{"floor":54,"key":"Cables"}],"event_choices":[{"damage_healed":0.0,"max_hp_gain":0.0,"max_hp_loss":0.0,"gold_gain":0.0,"event_name":"World of Goop","player_choice":"Left Gold","floor":2.0,"gold_loss":25.0,"damage_taken":0.0},{"damage_healed":0.0,"max_hp_gain":5.0,"max_hp_loss":0.0,"gold_gain":0.0,"event_name":"Big Fish","player_choice":"Donut","floor":13.0,"gold_loss":0.0,"damage_taken":0.0},{"damage_healed":0.0,"max_hp_gain":0.0,"max_hp_loss":0.0,"gold_gain":0.0,"event_name":"Colosseum","player_choice":"Fight","floor":27.0,"gold_loss":0.0,"damage_taken":0.0},{"damage_healed":0.0,"max_hp_gain":0.0,"max_hp_loss":0.0,"gold_gain":0.0,"event_name":"Colosseum","player_choice":"Fought Nobs","floor":27.0,"gold_loss":0.0,"damage_taken":0.0},{"damage_healed":0.0,"max_hp_gain":0.0,"max_hp_loss":0.0,"gold_gain":0.0,"event_name":"Cursed Tome","player_choice":"Ignored","floor":31.0,"gold_loss":0.0,"damage_taken":0.0},{"damage_healed":0.0,"max_hp_gain":0.0,"max_hp_loss":0.0,"gold_gain":0.0,"event_name":"SensoryStone","player_choice":"Memory 1","floor":36.0,"gold_loss":0.0,"damage_taken":0.0}],"is_beta":false,"boss_relics":[{"not_picked":["aspiration:Stellarator","aspiration:SilentSkillbook"],"picked":"PatriotShield"},{"not_picked":["Velvet Choker","aspiration:SecretTechniqueScroll"],"picked":"aspiration:BursterCore"}],"items_purged_floors":[0,0,0,0,3,5,8,20,20,28,37,39],"is_endless":false,"potions_floor_spawned":[4,6,7,16,18,22,23,25,30,35,48],"ascension_level":0}}