{"host":"aapp7ew3jk5k1bvd","time":1612530053,"event":{"mods":["AchievementEnabler","BaseMod","Colored Map","Minty Spire (QoL Compilation)","Permanent Neow","StSLib","SuperFastMode"],"gold_per_floor":[119,119,134,134,21,21,33,33,33,63,73,73,23,53,65,77,77],"floor_reached":16,"language":"KOR","playtime":344,"items_purged":["Pain"],"score":167,"play_id":"3ca48d4a-3bf6-4807-8dd3-669712bf3d8e","local_time":"20210205220053","is_ascension_mode":true,"campfire_choices":[{"data":"Inflame","floor":6,"key":"SMITH"},{"data":"Reaper","floor":12,"key":"SMITH"},{"floor":15,"key":"REST"}],"circlet_count":0,"master_deck":["AscendersBane","Strike_R","Strike_R","Strike_R","Strike_R","Defend_R","Defend_R","Defend_R","Defend_R","Bash","Inflame+1","Shrug It Off","Reaper+1"],"relics":["Burning Blood","Oddly Smooth Stone","WarpedTongs","Regal Pillow","Blue Candle","MawBank"],"acts_visited":["Exordium"],"potions_floor_usage":[16],"damage_taken":[{"damage":7,"enemies":"2 Louse","floor":1,"turns":4},{"damage":3,"enemies":"Cultist","floor":3,"turns":4},{"damage":0,"enemies":"Small Slimes","floor":7,"turns":3},{"damage":19,"enemies":"3 Sentries","floor":10,"turns":11},{"damage":4,"enemies":"Exordium Wildlife","floor":11,"turns":5},{"damage":49,"enemies":"Lagavulin","floor":14,"turns":9},{"damage":50,"enemies":"Hexaghost","floor":16,"turns":10}],"seed_played":"-1818513935699543970","potions_obtained":[{"floor":1,"key":"Dexterity Potion"},{"floor":7,"key":"Weak Potion"}],"is_trial":false,"path_per_floor":["M","?","M","?","$","R","M","$","T","E","M","R","?","E","R","B"],"character_chosen":"IRONCLAD","items_purchased":["Inflame"],"campfire_rested":1,"item_purchase_floors":[5],"current_hp_per_floor":[71,71,74,79,79,79,85,85,85,72,74,74,74,43,83,41,41],"gold":77,"neow_bonus":"RANDOM_COMMON_RELIC","is_daily":false,"chose_seed":false,"campfire_upgraded":2,"win_rate":0.0,"timestamp":1612530053,"path_taken":["M","?","?","?","$","R","M","?","T","E","M","R","?","E","R","BOSS"],"items_purchased_type":["Card"],"build_version":"2020-12-22","purchased_purges":1,"victory":false,"max_hp_per_floor":[80,80,80,85,85,85,85,85,85,85,85,85,85,85,85,85,85],"card_choices":[{"not_picked":["Reckless Charge","Wild Strike","Warcry"],"picked":"SKIP","floor":1},{"not_picked":["Seeing Red","Headbutt","Burning Pact"],"picked":"SKIP","floor":3},{"not_picked":["True Grit","Blood for Blood"],"picked":"Shrug It Off","floor":7},{"not_picked":["Warcry","Disarm","Pommel Strike"],"picked":"SKIP","floor":10},{"not_picked":["Thunderclap","Sever Soul"],"picked":"Reaper","floor":11},{"not_picked":["Anger","Rupture","Intimidate"],"picked":"SKIP","floor":14}],"player_experience":1318978,"relics_obtained":[{"floor":9,"key":"Regal Pillow"},{"floor":10,"key":"Blue Candle"},{"floor":14,"key":"MawBank"}],"event_choices":[{"damage_healed":0,"gold_gain":0,"player_choice":"Rummage","damage_taken":0,"relics_obtained":["WarpedTongs"],"max_hp_gain":0,"max_hp_loss":0,"event_name":"Accursed Blacksmith","floor":2,"gold_loss":0,"cards_obtained":["Pain"]},{"damage_healed":0,"gold_gain":0,"player_choice":"Donut","damage_taken":0,"max_hp_gain":5,"max_hp_loss":0,"event_name":"Big Fish","floor":4,"gold_loss":0},{"cards_removed":["Strike_R"],"damage_healed":0,"gold_gain":0,"player_choice":"Card Removal","damage_taken":0,"max_hp_gain":0,"max_hp_loss":0,"event_name":"The Cleric","floor":13,"gold_loss":50}],"is_beta":false,"boss_relics":[],"items_purged_floors":[5],"is_endless":false,"potions_floor_spawned":[1,7],"killed_by":"Hexaghost","ascension_level":11}}