{"host":"xsuxkwaivmtd234a","time":1612545659,"event":{"mods":["BaseMod","Colored Map","Filter the Spire","Minty Spire (QoL Compilation)","Relic Stats","StSLib"],"gold_per_floor":[116,128,128,128,13,54,79,79,128,162,162,203,228,265,265,378,378,368,403,420,335,348,348,388,388,388,11,34,61,71,103,103,215,215,244,259,286,508,40,69,69,103,103,103,123,123,167,187,196,196,196,205,62,100,100],"floor_reached":56,"language":"ENG","playtime":2813,"items_purged":["Defend_G","Strike_G"],"score":1786,"play_id":"69b33cd6-ae6b-46dc-ba67-7b2ce13d75c4","local_time":"20210205122059","is_ascension_mode":true,"campfire_choices":[{"data":"Catalyst","floor":8.0,"key":"SMITH"},{"floor":11.0,"key":"REST"},{"data":"Catalyst","floor":15.0,"key":"SMITH"},{"data":"Leg Sweep","floor":23.0,"key":"SMITH"},{"floor":25.0,"key":"REST"},{"floor":32.0,"key":"REST"},{"floor":44.0,"key":"RECALL"},{"data":"Burst","floor":46.0,"key":"SMITH"},{"floor":49.0,"key":"REST"},{"floor":52.0,"key":"REST"}],"circlet_count":0,"master_deck":["Strike_G","Strike_G","Strike_G","Strike_G","Defend_G","Defend_G","Defend_G","Defend_G","Survivor","Neutralize","Catalyst+1","Deadly Poison+1","Caltrops","Choke","Leg Sweep+1","PiercingWail","Well Laid Plans+1","Catalyst+1","Night Terror","Deadly Poison+1","Acrobatics+1","Night Terror","Bullet Time","Backstab","PiercingWail+1","After Image","Backflip","Dark Shackles","Panache","The Bomb","Burst+1","Leg Sweep","Eviscerate+1","Crippling Poison","Choke+1","Noxious Fumes","Dash+1","Concentrate+1"],"relics":["SacredBark","CeramicFish","Bronze Scales","Paper Crane","Meat on the Bone","Pen Nib","Happy Flower","Philosopher\u0027s Stone","Red Mask","Blood Vial","Anchor","Bottled Tornado","Dream Catcher","Unceasing Top","Snecko Eye","Incense Burner","Lee\u0027s Waffle","Torii","Molten Egg 2","Mummified Hand","Bag of Marbles"],"acts_visited":["Exordium","TheCity","TheBeyond","TheEnding"],"potions_floor_usage":[55],"damage_taken":[{"damage":2.0,"enemies":"2 Louse","floor":1.0,"turns":3.0},{"damage":6.0,"enemies":"Jaw Worm","floor":2.0,"turns":4.0},{"damage":12.0,"enemies":"Gremlin Nob","floor":6.0,"turns":3.0},{"damage":0.0,"enemies":"Small Slimes","floor":7.0,"turns":3.0},{"damage":33.0,"enemies":"3 Sentries","floor":10.0,"turns":7.0},{"damage":0.0,"enemies":"Lagavulin","floor":12.0,"turns":4.0},{"damage":17.0,"enemies":"3 Sentries","floor":14.0,"turns":7.0},{"damage":0.0,"enemies":"The Guardian","floor":16.0,"turns":5.0},{"damage":18.0,"enemies":"2 Thieves","floor":18.0,"turns":4.0},{"damage":11.0,"enemies":"Masked Bandits","floor":19.0,"turns":3.0},{"damage":0.0,"enemies":"Spheric Guardian","floor":20.0,"turns":3.0},{"damage":22.0,"enemies":"Shelled Parasite and Fungi","floor":22.0,"turns":3.0},{"damage":24.0,"enemies":"Slavers","floor":24.0,"turns":4.0},{"damage":11.0,"enemies":"Snecko","floor":28.0,"turns":3.0},{"damage":0.0,"enemies":"Book of Stabbing","floor":29.0,"turns":2.0},{"damage":2.0,"enemies":"Cultist and Chosen","floor":30.0,"turns":4.0},{"damage":7.0,"enemies":"Slavers","floor":31.0,"turns":6.0},{"damage":27.0,"enemies":"Champ","floor":33.0,"turns":4.0},{"damage":3.0,"enemies":"3 Darklings","floor":35.0,"turns":4.0},{"damage":0.0,"enemies":"3 Shapes","floor":36.0,"turns":6.0},{"damage":0.0,"enemies":"Reptomancer","floor":40.0,"turns":5.0},{"damage":1.0,"enemies":"Giant Head","floor":42.0,"turns":3.0},{"damage":13.0,"enemies":"Writhing Mass","floor":45.0,"turns":5.0},{"damage":38.0,"enemies":"Nemesis","floor":47.0,"turns":7.0},{"damage":1.0,"enemies":"Maw","floor":48.0,"turns":3.0},{"damage":48.0,"enemies":"Donu and Deca","floor":50.0,"turns":8.0},{"damage":0.0,"enemies":"Shield and Spear","floor":54.0,"turns":4.0},{"damage":53,"enemies":"The Heart","floor":55,"turns":7}],"seed_played":"7453226897780864196","potions_obtained":[{"floor":1.0,"key":"BlessingOfTheForge"},{"floor":6.0,"key":"Poison Potion"},{"floor":7.0,"key":"CultistPotion"},{"floor":14.0,"key":"Weak Potion"},{"floor":18.0,"key":"Block Potion"},{"floor":20.0,"key":"SteroidPotion"},{"floor":24.0,"key":"Strength Potion"},{"floor":30.0,"key":"ColorlessPotion"},{"floor":33.0,"key":"SmokeBomb"},{"floor":35.0,"key":"AttackPotion"},{"floor":40.0,"key":"Fire Potion"},{"floor":48.0,"key":"SkillPotion"}],"is_trial":false,"path_per_floor":["M","M","?","?","$","E","M","R","T","E","R","E","T","E","R","B",null,"M","?","M","?","M","R","E","R","T","$","M","E","M","E","R","B",null,"M","M","?","?","$","E","?","E","T","R","M","R","E","M","R","B",null,"R","$","E","B",null],"character_chosen":"THE_SILENT","items_purchased":["Caltrops","Bullet Time","Explosive Potion","Backstab","Incense Burner","Lee\u0027s Waffle","Noxious Fumes","Dash+1"],"campfire_rested":5,"item_purchase_floors":[5,27,27,27,39,39,53,53],"current_hp_per_floor":[68,62,62,62,62,50,50,50,50,17,38,38,38,33,33,45,64,46,47,47,47,39,39,29,50,50,50,41,43,43,38,59,46,64,63,65,55,55,77,77,77,76,76,76,64,64,40,41,64,30,65,77,77,77,36],"gold":100,"neow_bonus":"BOSS_RELIC","is_daily":false,"chose_seed":false,"campfire_upgraded":4,"win_rate":0.0,"timestamp":1612545659,"path_taken":["M","M","?","?","?","E","M","R","T","E","R","E","?","E","R","BOSS","M","?","M","?","M","R","E","R","T","?","?","E","M","E","R","BOSS","M","M","?","?","?","E","?","E","T","R","?","R","E","M","R","BOSS","R","$","E","BOSS"],"items_purchased_type":["Card","Card","Potion","Card","Relic","Relic","Card","Card"],"build_version":"2020-12-22","purchased_purges":2,"victory":true,"max_hp_per_floor":[70,70,70,70,70,70,70,70,70,70,70,70,70,70,70,70,70,70,70,70,70,70,70,70,70,70,70,70,70,70,70,70,70,70,70,70,70,70,77,77,77,77,77,77,77,77,77,77,77,77,77,77,77,77,77],"relic_stats":{"Lee\u0027s Waffle":22,"Happy Flower":[31],"Torii":7,"counters":[28,124],"CeramicFish":225,"Pen Nib":[11],"Blood Vial":25,"Dream Catcher":3,"Mummified Hand":[23],"Bronze Scales":[390],"Snecko Eye":[94,96,80,97],"obtain_stats":[{"Lee\u0027s Waffle":39,"Happy Flower":14,"Torii":40,"SacredBark":0,"CeramicFish":6,"Pen Nib":13,"Incense Burner":39,"Paper Crane":10,"Bottled Tornado":26,"Blood Vial":21,"Anchor":24,"Dream Catcher":29,"Mummified Hand":47,"Bronze Scales":9,"Snecko Eye":34,"Philosopher\u0027s Stone":17,"Molten Egg 2":42,"Red Mask":19,"Bag of Marbles":54,"Unceasing Top":31,"Ring of the Snake":0,"Meat on the Bone":12},{"Lee\u0027s Waffle":20,"Happy Flower":7,"Torii":21,"SacredBark":0,"CeramicFish":3,"Pen Nib":6,"Incense Burner":20,"Paper Crane":5,"Bottled Tornado":13,"Blood Vial":11,"Anchor":13,"Dream Catcher":15,"Mummified Hand":24,"Bronze Scales":4,"Snecko Eye":18,"Philosopher\u0027s Stone":8,"Molten Egg 2":22,"Red Mask":10,"Bag of Marbles":27,"Unceasing Top":17,"Ring of the Snake":0,"Meat on the Bone":6},{"Lee\u0027s Waffle":82,"Happy Flower":31,"Torii":87,"SacredBark":0,"CeramicFish":10,"Pen Nib":24,"Incense Burner":82,"Paper Crane":20,"Bottled Tornado":53,"Blood Vial":46,"Anchor":53,"Dream Catcher":58,"Mummified Hand":102,"Bronze Scales":13,"Snecko Eye":72,"Philosopher\u0027s Stone":36,"Molten Egg 2":90,"Red Mask":43,"Bag of Marbles":117,"Unceasing Top":68,"Ring of the Snake":0,"Meat on the Bone":24}],"Unceasing Top":[1],"Meat on the Bone":108},"card_choices":[{"not_picked":["Prepared","PiercingWail"],"picked":"Catalyst","floor":1.0},{"not_picked":["Noxious Fumes","Poisoned Stab"],"picked":"Deadly Poison","floor":2.0},{"not_picked":["Acrobatics","Outmaneuver"],"picked":"Choke","floor":6.0},{"not_picked":["Setup","Masterful Stab"],"picked":"Leg Sweep","floor":7.0},{"not_picked":["Poisoned Stab","Riddle With Holes"],"picked":"PiercingWail","floor":10.0},{"not_picked":["Riddle With Holes","Quick Slash"],"picked":"Well Laid Plans","floor":12.0},{"not_picked":["Bouncing Flask","Bane"],"picked":"Catalyst","floor":14.0},{"not_picked":["Bullet Time","Corpse Explosion"],"picked":"Night Terror","floor":16.0},{"not_picked":["PiercingWail+1","Backflip"],"picked":"Deadly Poison+1","floor":18.0},{"not_picked":["Slice","Deflect+1"],"picked":"Acrobatics+1","floor":19.0},{"not_picked":["Flying Knee","Poisoned Stab","Dodge and Roll"],"picked":"SKIP","floor":20.0},{"not_picked":["Outmaneuver","Slice+1","Poisoned Stab"],"picked":"SKIP","floor":22.0},{"not_picked":["Blade Dance","Dagger Throw"],"picked":"Night Terror","floor":24.0},{"not_picked":["Deadly Poison","Outmaneuver"],"picked":"PiercingWail+1","floor":28.0},{"not_picked":["Well Laid Plans","Accuracy","Grand Finale"],"picked":"SKIP","floor":29.0},{"not_picked":["Flying Knee","Prepared","Bane"],"picked":"SKIP","floor":30.0},{"not_picked":["Dagger Throw","Glass Knife","Cloak And Dagger+1"],"picked":"SKIP","floor":31.0},{"not_picked":["A Thousand Cuts","Die Die Die"],"picked":"After Image","floor":33.0},{"not_picked":["Cloak And Dagger+1","Blade Dance"],"picked":"Backflip","floor":35.0},{"not_picked":["Bane+1","Heel Hook+1","Reflex"],"picked":"SKIP","floor":36.0},{"not_picked":["Deep Breath","Enlightenment"],"picked":"Dark Shackles","floor":37.0},{"not_picked":["Discovery","Impatience"],"picked":"Panache","floor":37.0},{"not_picked":["Flash of Steel","Deep Breath"],"picked":"The Bomb","floor":37.0},{"not_picked":["Slice+1","Terror","Expertise"],"picked":"SKIP","floor":40.0},{"not_picked":["Dodge and Roll","PiercingWail+1"],"picked":"Burst","floor":42.0},{"not_picked":["Cloak And Dagger+1","PiercingWail","Deadly Poison"],"picked":"SKIP","floor":45.0},{"not_picked":["Heel Hook+1","Quick Slash+1"],"picked":"Leg Sweep","floor":47.0},{"not_picked":["Deadly Poison","Underhanded Strike+1"],"picked":"Eviscerate+1","floor":48.0},{"not_picked":["Envenom","Dodge and Roll+1"],"picked":"Crippling Poison","floor":49.0},{"not_picked":["Dagger Spray+1","Deadly Poison"],"picked":"Choke+1","floor":52.0},{"not_picked":["All Out Attack+1","Bane+1"],"picked":"Concentrate+1","floor":54.0}],"player_experience":1208547,"relics_obtained":[{"floor":6.0,"key":"CeramicFish"},{"floor":9.0,"key":"Bronze Scales"},{"floor":10.0,"key":"Paper Crane"},{"floor":12.0,"key":"Meat on the Bone"},{"floor":13.0,"key":"Pen Nib"},{"floor":14.0,"key":"Happy Flower"},{"floor":19.0,"key":"Red Mask"},{"floor":24.0,"key":"Anchor"},{"floor":26.0,"key":"Bottled Tornado"},{"floor":29.0,"key":"Dream Catcher"},{"floor":31.0,"key":"Unceasing Top"},{"floor":40.0,"key":"Torii"},{"floor":42.0,"key":"Molten Egg 2"},{"floor":47.0,"key":"Mummified Hand"},{"floor":54.0,"key":"Bag of Marbles"}],"event_choices":[{"damage_healed":0.0,"max_hp_gain":0.0,"max_hp_loss":0.0,"gold_gain":0.0,"event_name":"Living Wall","player_choice":"Grow","floor":3.0,"gold_loss":0.0,"damage_taken":0.0,"cards_upgraded":["Deadly Poison"]},{"damage_healed":0.0,"max_hp_gain":0.0,"max_hp_loss":0.0,"gold_gain":0.0,"event_name":"Liars Game","player_choice":"Ignored","floor":4.0,"gold_loss":0.0,"damage_taken":0.0},{"damage_healed":0.0,"max_hp_gain":0.0,"max_hp_loss":0.0,"gold_gain":0.0,"event_name":"Masked Bandits","player_choice":"Fought Bandits","floor":19.0,"gold_loss":0.0,"damage_taken":0.0},{"damage_healed":0.0,"max_hp_gain":0.0,"max_hp_loss":0.0,"gold_gain":0.0,"event_name":"Addict","player_choice":"Obtained Relic","floor":21.0,"gold_loss":85.0,"damage_taken":0.0,"relics_obtained":["Blood Vial"]},{"damage_healed":0.0,"max_hp_gain":0.0,"max_hp_loss":0.0,"gold_gain":0.0,"event_name":"SensoryStone","player_choice":"Memory 3","floor":37.0,"gold_loss":0.0,"damage_taken":10.0},{"damage_healed":0.0,"max_hp_gain":0.0,"max_hp_loss":0.0,"gold_gain":222.0,"event_name":"Tomb of Lord Red Mask","player_choice":"Wore Mask","floor":38.0,"gold_loss":0.0,"damage_taken":0.0},{"damage_healed":0.0,"max_hp_gain":0.0,"max_hp_loss":0.0,"gold_gain":0.0,"event_name":"Upgrade Shrine","player_choice":"Upgraded","floor":41.0,"gold_loss":0.0,"damage_taken":0.0,"cards_upgraded":["Well Laid Plans"]}],"is_beta":false,"boss_relics":[{"not_picked":["Cursed Key","Sozu"],"picked":"Philosopher\u0027s Stone"},{"not_picked":["Black Star","SlaversCollar"],"picked":"Snecko Eye"}],"items_purged_floors":[5,27],"is_endless":false,"potions_floor_spawned":[1,6,7,14,18,20,24,30,33,35,40,45,48,54],"ascension_level":5}}