{"host":"188xoqjicp18t4sg","time":1612509420,"event":{"mods":["BaseMod","Good Game Mod","Highlight Path","Minty Spire (QoL Compilation)","Quick Restart","Relic Filter Mod","Shop Mod","óô»ðÖ¸ÄÏ"],"gold_per_floor":[109,2330,2349,2349,2349,1591,1610,1610,1664,1689,1702,854,877,952,952,1042,1042,1042,967,967,653,653,653,140,140,140,140,140,140,140,55,55,55,55,55,55,55,55,2033,2033,1104,573,573,573,573,166,166,166,1,1],"floor_reached":51,"language":"ZHS","playtime":2019,"items_purged":["Strike_P","Strike_P","Defend_P","Strike_P","Vigilance","Meditate","Strike_P+1","Judgement","Defend_P"],"score":1223,"play_id":"57e59af6-4072-4170-9ae8-d80b251352c9","local_time":"20210205151700","is_ascension_mode":true,"campfire_choices":[{"data":"Eruption","floor":15.0,"key":"SMITH"},{"data":"ConjureBlade","floor":30,"key":"SMITH"},{"data":"Master of Strategy","floor":32,"key":"SMITH"},{"data":"Scrawl","floor":40,"key":"SMITH"}],"circlet_count":0,"master_deck":["AscendersBane","Defend_P+1","Defend_P+1","Defend_P","Eruption+1","Master of Strategy+1","FollowUp+1","Halt","ConjureBlade+1","EmptyFist+1","SandsOfTime+1","Scrawl+1","Consecrate+1","Dramatic Entrance+1","FearNoEvil+1","Scrawl+1","FlurryOfBlows+1"],"relics":["PureWater","REME:ComplimentaryCards","NeowsBlessing","Omamori","Sling","Boot","MerchantsRug","Molten Egg 2","Letter Opener","War Paint","Bag of Preparation","Gremlin Horn","Yang","Medical Kit","Ectoplasm","Whetstone","Question Card","Kunai","Pear","CeramicFish","Runic Dome","TheAbacus","Blood Vial","Lantern","HandDrill","Pantograph","Ancient Tea Set","Membership Card","Happy Flower","Prayer Wheel","Darkstone Periapt","Incense Burner","Bronze Scales","Chemical X","Oddly Smooth Stone"],"acts_visited":["Exordium","TheCity","TheBeyond"],"potions_floor_usage":[33,39,50],"damage_taken":[{"damage":0.0,"enemies":"Cultist","floor":1.0,"turns":1.0},{"damage":0.0,"enemies":"2 Louse","floor":3.0,"turns":2.0},{"damage":0.0,"enemies":"Small Slimes","floor":7.0,"turns":2.0},{"damage":15.0,"enemies":"Exordium Wildlife","floor":10.0,"turns":6.0},{"damage":0.0,"enemies":"3 Louse","floor":11.0,"turns":2.0},{"damage":0.0,"enemies":"Large Slime","floor":13.0,"turns":2.0},{"damage":17.0,"enemies":"Hexaghost","floor":16.0,"turns":9.0},{"damage":0.0,"enemies":"3 Byrds","floor":18.0,"turns":3.0},{"damage":0.0,"enemies":"Spheric Guardian","floor":22.0,"turns":2.0},{"damage":24.0,"enemies":"Book of Stabbing","floor":23.0,"turns":3.0},{"damage":0.0,"enemies":"Centurion and Healer","floor":25.0,"turns":5.0},{"damage":8.0,"enemies":"Chosen and Byrds","floor":27.0,"turns":4.0},{"damage":24.0,"enemies":"Cultist and Chosen","floor":28.0,"turns":4.0},{"damage":0.0,"enemies":"3 Cultists","floor":29.0,"turns":3.0},{"damage":54,"enemies":"Champ","floor":33,"turns":7},{"damage":12,"enemies":"Orb Walker","floor":35,"turns":2},{"damage":2,"enemies":"3 Shapes","floor":38,"turns":2},{"damage":0,"enemies":"Jaw Worm Horde","floor":45,"turns":1},{"damage":0,"enemies":"3 Darklings","floor":48,"turns":1},{"damage":8,"enemies":"Donu and Deca","floor":50,"turns":3}],"seed_played":"-722909710565628194","potions_obtained":[{"floor":3.0,"key":"StancePotion"},{"floor":10.0,"key":"Regen Potion"},{"floor":16.0,"key":"GamblersBrew"},{"floor":22.0,"key":"Block Potion"},{"floor":25.0,"key":"Fruit Juice"},{"floor":27.0,"key":"Weak Potion"}],"is_trial":false,"path_per_floor":["M","$","M","T","?","R","M","?","T","M","M","R","M","?","R","B",null,"M","?","?","$","M","E","R","M","T","M","M","M","R","?","R","B",null,"M","?","?","M","$","R","$","R","T","?","M","R","?","M","R","B",null],"character_chosen":"WATCHER","items_purchased":["Omamori","Sling","Boot","MerchantsRug","Master of Strategy","Letter Opener","War Paint","Gremlin Horn","Yang","Medical Kit","Whetstone","Kunai","EmptyFist+1","Meditate","TheAbacus","Blood Vial","Lantern","Fruit Juice","DuplicationPotion","DistilledChaos","HandDrill","Pantograph","Ancient Tea Set","Dramatic Entrance+1","Membership Card","Happy Flower","Prayer Wheel","Incense Burner","Bronze Scales","FlurryOfBlows+1","Chemical X","Oddly Smooth Stone"],"campfire_rested":0,"item_purchase_floors":[2,2,2,2,6,6,6,12,12,12,21,24,24,39,39,39,39,39,39,39,41,41,41,41,42,42,42,46,46,46,49,49],"current_hp_per_floor":[61,61,61,61,61,61,61,61,61,46,46,46,46,35,35,23,52,52,52,52,52,52,28,28,28,38,35,11,11,11,11,11,28,65,53,53,53,51,56,56,56,56,56,56,58,58,58,60,60,70],"gold":1,"neow_bonus":"THREE_ENEMY_KILL","is_daily":false,"chose_seed":false,"campfire_upgraded":4,"win_rate":0.0,"timestamp":1612509420,"path_taken":["M","$","M","?","?","R","M","?","T","?","M","R","M","?","R","BOSS","M","?","?","$","M","E","R","M","T","M","M","M","R","?","R","BOSS","M","?","?","M","$","R","$","R","T","?","M","R","?","M","R","BOSS"],"items_purchased_type":["Relic","Relic","Relic","Relic","Card","Relic","Relic","Relic","Relic","Relic","Relic","Relic","Card","Card","Relic","Relic","Relic","Potion","Potion","Potion","Relic","Relic","Relic","Card","Relic","Relic","Relic","Relic","Relic","Card","Relic","Relic"],"build_version":"2020-12-22","purchased_purges":9,"victory":true,"max_hp_per_floor":[68,68,68,68,62,62,62,62,62,62,62,62,62,62,62,62,62,62,62,62,62,62,62,62,62,72,77,77,77,77,77,77,77,77,77,73,73,73,78,78,78,78,78,78,78,78,78,78,78,78],"card_choices":[{"not_picked":["FollowUp","WaveOfTheHand","Halt"],"picked":"SKIP","floor":1.0},{"not_picked":["SashWhip","EmptyFist","Evaluate"],"picked":"SKIP","floor":3.0},{"not_picked":["Prostrate","ThirdEye","SashWhip+1"],"picked":"SKIP","floor":7.0},{"not_picked":["JustLucky+1","FlyingSleeves+1"],"picked":"FollowUp+1","floor":10.0},{"not_picked":["MasterReality","CarveReality+1"],"picked":"Halt","floor":11.0},{"not_picked":["TalkToTheHand+1","DeceiveReality"],"picked":"InnerPeace","floor":13.0},{"not_picked":["DeusExMachina","SpiritShield"],"picked":"ConjureBlade","floor":16.0},{"not_picked":["BowlingBash+1","InnerPeace","CarveReality+1"],"picked":"SKIP","floor":18.0},{"not_picked":["ForeignInfluence","Prostrate","Indignation"],"picked":"SKIP","floor":22.0},{"not_picked":["SashWhip+1","SpiritShield","DevaForm"],"picked":"SKIP","floor":23.0},{"not_picked":["PathToVictory","ThirdEye","BowlingBash+1"],"picked":"SandsOfTime+1","floor":25.0},{"not_picked":["JustLucky+1","Swivel","FlyingSleeves+1","Crescendo"],"picked":"SKIP","floor":27.0},{"not_picked":["FlyingSleeves+1","WreathOfFlame","CrushJoints+1"],"picked":"Judgement","floor":28.0},{"not_picked":["Prostrate","SashWhip+1","Crescendo","Sanctity"],"picked":"SKIP","floor":29.0},{"not_picked":["MasterReality","Vault","DeusExMachina"],"picked":"Scrawl","floor":33},{"not_picked":["PathToVictory","EmptyMind+1","Crescendo+1","ThirdEye"],"picked":"SKIP","floor":35},{"not_picked":["PathToVictory","Crescendo","MentalFortress"],"picked":"Consecrate+1","floor":38},{"not_picked":["Consecrate+1","BowlingBash+1","Adaptation"],"picked":"FearNoEvil+1","floor":45},{"not_picked":["SashWhip+1","BowlingBash+1","CutThroughFate+1"],"picked":"Scrawl","floor":45},{"not_picked":["EmptyBody","SashWhip+1","WheelKick+1","Pray"],"picked":"SKIP","floor":48},{"not_picked":["Vengeance+1","ThirdEye","FlurryOfBlows+1","ForeignInfluence"],"picked":"SKIP","floor":48}],"player_experience":220511,"relics_obtained":[{"floor":4.0,"key":"Molten Egg 2"},{"floor":9.0,"key":"Bag of Preparation"},{"floor":23.0,"key":"Question Card"},{"floor":26.0,"key":"Pear"},{"floor":43,"key":"Darkstone Periapt"}],"event_choices":[{"damage_healed":0.0,"max_hp_gain":0.0,"max_hp_loss":6.0,"gold_gain":0.0,"event_name":"Golden Idol","player_choice":"Lose Max HP","floor":5.0,"gold_loss":0.0,"damage_taken":0.0,"relics_obtained":["Golden Idol"]},{"damage_healed":0.0,"max_hp_gain":0.0,"max_hp_loss":0.0,"gold_gain":0.0,"event_name":"Scrap Ooze","player_choice":"Fled","floor":8.0,"gold_loss":0.0,"damage_taken":0.0},{"damage_healed":0.0,"max_hp_gain":0.0,"max_hp_loss":0.0,"gold_gain":75.0,"event_name":"World of Goop","player_choice":"Gather Gold","floor":14.0,"gold_loss":0.0,"damage_taken":11.0},{"damage_healed":0.0,"max_hp_gain":0.0,"max_hp_loss":0.0,"gold_gain":0.0,"event_name":"Vampires","player_choice":"Ignored","floor":20.0,"gold_loss":0.0,"damage_taken":0.0},{"damage_healed":0,"gold_gain":0,"player_choice":"Obtained Relic","damage_taken":0,"relics_obtained":["CeramicFish"],"max_hp_gain":0,"max_hp_loss":0,"event_name":"Addict","floor":31,"gold_loss":85},{"damage_healed":0,"gold_gain":0,"player_choice":"Max HP","damage_taken":0,"max_hp_gain":0,"max_hp_loss":4,"event_name":"Winding Halls","floor":36,"gold_loss":0},{"cards_removed":["InnerPeace"],"damage_healed":0,"gold_gain":0,"player_choice":"Removed Skill","damage_taken":0,"max_hp_gain":0,"max_hp_loss":0,"event_name":"Falling","floor":37,"gold_loss":0},{"damage_healed":0,"gold_gain":333,"player_choice":"Gave Idol","damage_taken":0,"max_hp_gain":0,"max_hp_loss":0,"event_name":"The Moai Head","floor":44,"relics_lost":["Golden Idol"],"gold_loss":0},{"damage_healed":0,"gold_gain":0,"player_choice":"Upgraded","damage_taken":0,"max_hp_gain":0,"max_hp_loss":0,"event_name":"Upgrade Shrine","floor":47,"gold_loss":0,"cards_upgraded":["Scrawl"]}],"is_beta":false,"boss_relics":[{"not_picked":["Cursed Key","Tiny House"],"picked":"Ectoplasm"},{"not_picked":["Philosopher\u0027s Stone","Fusion Hammer"],"picked":"Runic Dome"}],"items_purged_floors":[2,6,12,21,24,39,41,42,46],"is_endless":false,"potions_floor_spawned":[3,10,16,22,25,27,45],"ascension_level":17}}