{"host":"7ap89n2sm7vm35bt","time":1612538157,"event":{"mods":["AchievementEnabler","Aspiration","BaseMod","Minty Spire (QoL Compilation)","StSLib","[IsaacMod]ÒÔÈö¼âËþ"],"gold_per_floor":[118,43,43,43,118,118,143,159,236,236,236,236,136,153,153,248,248,258,274,274,149,167,92,92,191,191,191,204,204,204,216,216,313,313,328,328,328,328,178,178,195,195,195,208,33,33,44,59,59,59,59],"floor_reached":50,"language":"ZHS","playtime":1679,"items_purged":["Strike_R","Strike_R","Strike_R","Defend_R","Strike_R+1"],"score":486,"play_id":"55b968bd-8ef7-4c7f-a29b-9f63fa5315e3","local_time":"20210205231557","is_ascension_mode":false,"campfire_choices":[{"data":"Bash","floor":6.0,"key":"SMITH"},{"data":"Warcry","floor":12.0,"key":"SMITH"},{"data":"Strike_R","floor":15.0,"key":"SMITH"},{"data":"Pommel Strike","floor":24.0,"key":"SMITH"},{"data":"Corruption","floor":30.0,"key":"SMITH"},{"floor":32.0,"key":"REST"},{"data":"Double Tap","floor":40.0,"key":"SMITH"},{"data":"Defend_R","floor":42.0,"key":"SMITH"},{"data":"Defend_R","floor":49,"key":"SMITH"}],"circlet_count":0,"master_deck":["Defend_R+1","Defend_R+1","Bash+1","Dropkick+1","Warcry+1","Pommel Strike+1","Double Tap+1"],"relics":["Burning Blood","HushsDoor","NeowsBlessing","DeadEye","Bag of Preparation","HowToJump","Letter Opener","Cursed Key","SlaversCollar"],"acts_visited":["Exordium","TheCity","TheBeyond"],"potions_floor_usage":[50],"damage_taken":[{"damage":0.0,"enemies":"2 Louse","floor":1.0,"turns":1.0},{"damage":0.0,"enemies":"3 Sentries","floor":7.0,"turns":1.0},{"damage":0.0,"enemies":"Small Slimes","floor":8.0,"turns":1.0},{"damage":0.0,"enemies":"Cultist","floor":14.0,"turns":2.0},{"damage":11.0,"enemies":"Slime Boss","floor":16.0,"turns":7.0},{"damage":23.0,"enemies":"Spheric Guardian","floor":18.0,"turns":5.0},{"damage":0.0,"enemies":"Chosen","floor":19.0,"turns":3.0},{"damage":19.0,"enemies":"Snake Plant","floor":22.0,"turns":3.0},{"damage":0.0,"enemies":"Snecko","floor":28.0,"turns":3.0},{"damage":0.0,"enemies":"Cultist and Chosen","floor":31.0,"turns":3.0},{"damage":58.0,"enemies":"Automaton","floor":33.0,"turns":8.0},{"damage":19.0,"enemies":"Orb Walker","floor":35.0,"turns":4.0},{"damage":24.0,"enemies":"3 Darklings","floor":41.0,"turns":8.0},{"damage":36,"enemies":"4 Shapes","floor":44,"turns":5},{"damage":7,"enemies":"Sphere and 2 Shapes","floor":47,"turns":4},{"damage":2,"enemies":"3 Darklings","floor":48,"turns":3},{"damage":111,"enemies":"Time Eater","floor":50,"turns":5}],"seed_played":"-6969858458403339050","potions_obtained":[{"floor":1.0,"key":"Swift Potion"},{"floor":14.0,"key":"DistilledChaos"},{"floor":19.0,"key":"FairyPotion"},{"floor":22.0,"key":"Block Potion"},{"floor":31.0,"key":"SteroidPotion"},{"floor":47,"key":"FearPotion"}],"is_trial":false,"path_per_floor":["M","$","?","?","?","R","E","M","T","?","?","R","$","M","R","B",null,"M","M","?","$","M","?","R","?","T","?","M","?","R","M","R","B",null,"M","?","T","?","$","R","M","R","T","M","$","?","M","M","R","B"],"character_chosen":"IRONCLAD","items_purchased":[],"campfire_rested":1,"item_purchase_floors":[],"current_hp_per_floor":[80,80,64,64,53,53,59,65,65,65,65,65,65,71,71,66,80,63,69,69,69,56,56,56,56,56,41,47,47,47,53,78,26,85,72,72,72,95,95,95,77,77,77,47,47,83,82,83,83,0,0],"gold":59,"neow_bonus":"THREE_ENEMY_KILL","is_daily":false,"chose_seed":false,"campfire_upgraded":8,"win_rate":0.0,"timestamp":1612538157,"path_taken":["M","$","?","?","?","R","E","?","T","?","?","R","?","?","R","BOSS","M","M","?","$","?","?","R","?","T","?","M","?","R","M","R","BOSS","M","?","?","?","$","R","?","R","T","M","?","?","M","M","R","BOSS"],"items_purchased_type":[],"build_version":"2020-12-22","purchased_purges":5,"victory":false,"max_hp_per_floor":[80,80,80,80,80,80,80,80,80,80,80,80,80,80,80,80,80,80,80,80,80,80,80,80,80,80,85,85,85,85,85,85,85,85,85,85,85,95,95,95,95,95,95,95,95,83,83,83,83,83,83],"card_choices":[{"not_picked":["Evolve","Inflame"],"picked":"Dropkick","floor":1.0},{"not_picked":["Sentinel","Body Slam","Iron Wave"],"picked":"SKIP","floor":7.0},{"not_picked":["Combust","Headbutt"],"picked":"Warcry","floor":8.0},{"not_picked":["Cleave","Flex","Twin Strike"],"picked":"SKIP","floor":14.0},{"not_picked":["Immolate","Demon Form"],"picked":"Corruption","floor":16.0},{"not_picked":["Rampage","Pummel+1","Headbutt"],"picked":"SKIP","floor":18.0},{"not_picked":["Infernal Blade","Armaments"],"picked":"Pommel Strike","floor":19.0},{"not_picked":["Clothesline+1","Hemokinesis","Warcry"],"picked":"SKIP","floor":22.0},{"not_picked":["Sword Boomerang","Thunderclap","Perfected Strike"],"picked":"SKIP","floor":28.0},{"not_picked":["True Grit","Armaments+1","Perfected Strike"],"picked":"SKIP","floor":31.0},{"not_picked":["Reaper","Berserk"],"picked":"Double Tap","floor":33.0},{"not_picked":["Flex+1","Pummel","Clothesline"],"picked":"SKIP","floor":35.0},{"not_picked":["Armaments","Whirlwind","Clash"],"picked":"SKIP","floor":41.0},{"not_picked":["Sever Soul","Body Slam+1","Heavy Blade+1"],"picked":"SKIP","floor":44},{"not_picked":["Evolve+1","Reaper","Wild Strike+1"],"picked":"SKIP","floor":47},{"not_picked":["Havoc+1","Dark Embrace+1","Wild Strike"],"picked":"SKIP","floor":48}],"player_experience":253445,"relics_obtained":[{"floor":7.0,"key":"HowToJump"},{"floor":9.0,"key":"Letter Opener"}],"event_choices":[{"damage_healed":0.0,"max_hp_gain":0.0,"max_hp_loss":0.0,"gold_gain":0.0,"event_name":"Shining Light","player_choice":"Entered Light","floor":3.0,"gold_loss":0.0,"damage_taken":16.0,"cards_upgraded":["Dropkick","Defend_R"]},{"damage_healed":0.0,"max_hp_gain":0.0,"max_hp_loss":0.0,"gold_gain":0.0,"event_name":"WeMeetAgain","player_choice":"Gave Potion","floor":4.0,"gold_loss":0.0,"damage_taken":0.0,"relics_obtained":["Bag of Preparation"]},{"damage_healed":0.0,"max_hp_gain":0.0,"max_hp_loss":0.0,"gold_gain":75.0,"event_name":"World of Goop","player_choice":"Gather Gold","floor":5.0,"gold_loss":0.0,"damage_taken":11.0},{"damage_healed":0.0,"max_hp_gain":0.0,"max_hp_loss":0.0,"gold_gain":0.0,"event_name":"Golden Idol","player_choice":"Ignored","floor":10.0,"gold_loss":0.0,"damage_taken":0.0},{"damage_healed":0.0,"max_hp_gain":0.0,"max_hp_loss":0.0,"gold_gain":0.0,"event_name":"Liars Game","player_choice":"Ignored","floor":11.0,"gold_loss":0.0,"damage_taken":0.0},{"damage_healed":0.0,"max_hp_gain":0.0,"max_hp_loss":0.0,"gold_gain":0.0,"event_name":"Ghosts","player_choice":"Ignored","floor":20.0,"gold_loss":0.0,"damage_taken":0.0},{"cards_removed":["Strike_R"],"damage_healed":0.0,"max_hp_gain":0.0,"max_hp_loss":0.0,"gold_gain":0.0,"event_name":"Beggar","player_choice":"Gave Gold","floor":23.0,"gold_loss":75.0,"damage_taken":0.0},{"damage_healed":0.0,"max_hp_gain":0.0,"max_hp_loss":0.0,"gold_gain":99.0,"event_name":"Nest","player_choice":"Stole From Cult","floor":25.0,"gold_loss":0.0,"damage_taken":0.0},{"damage_healed":0.0,"max_hp_gain":5.0,"max_hp_loss":0.0,"gold_gain":0.0,"event_name":"Forgotten Altar","player_choice":"Shed Blood","floor":27.0,"gold_loss":0.0,"damage_taken":20.0},{"damage_healed":0.0,"max_hp_gain":0.0,"max_hp_loss":0.0,"gold_gain":0.0,"event_name":"Vampires","player_choice":"Ignored","floor":29.0,"gold_loss":0.0,"damage_taken":0.0},{"cards_removed":["Defend_R"],"damage_healed":0.0,"max_hp_gain":0.0,"max_hp_loss":0.0,"gold_gain":0.0,"event_name":"Falling","player_choice":"Removed Skill","floor":36.0,"gold_loss":0.0,"damage_taken":0.0},{"cards_removed":["Corruption"],"damage_healed":13.0,"max_hp_gain":10.0,"max_hp_loss":0.0,"gold_gain":0.0,"event_name":"Bonfire Elementals","player_choice":"Offered Rare","floor":38.0,"gold_loss":0.0,"damage_taken":0.0},{"damage_healed":83,"gold_gain":0,"player_choice":"Heal","damage_taken":0,"max_hp_gain":0,"max_hp_loss":12,"event_name":"The Moai Head","floor":46,"gold_loss":0}],"is_beta":false,"boss_relics":[{"not_picked":["aspiration:FutureDiary","Fusion Hammer"],"picked":"Cursed Key"},{"not_picked":[]},{"not_picked":["aspiration:DefectSkillbook","Black Star"],"picked":"SlaversCollar"},{"not_picked":[]}],"items_purged_floors":[2,13,21,39,45],"is_endless":false,"potions_floor_spawned":[1,14,19,22,31,47],"killed_by":"Time Eater","ascension_level":0}}