{"host":"sian7qp8a9pc9xwd","time":1612557204,"event":{"mods":["BaseMod","Minty Spire (QoL Compilation)","StSLib","SuperFastMode"],"gold_per_floor":[109,109,71,82,93,93,122,135,186,186,66,66,81,96,96,217,217,240,253,276,276,31,72,86,125,125,145,270,195,233,258,258,387,387,408,408,1,26,39,39,64,107,133,171,171,190,211,61,61,61,61,61,11,49,49],"floor_reached":56,"language":"ENG","playtime":2882,"items_purged":["Strike_P","Strike_P+1","Eruption+1","Conclude+1"],"score":1558,"play_id":"c3889e4d-6ce2-460e-a974-516c7a340117","local_time":"20210205153324","is_ascension_mode":true,"campfire_choices":[{"data":"Eruption","floor":6,"key":"SMITH"},{"data":"CutThroughFate","floor":12,"key":"SMITH"},{"data":"CutThroughFate","floor":15,"key":"SMITH"},{"floor":32,"key":"REST"},{"floor":40,"key":"DIG"},{"floor":49,"key":"RECALL"},{"data":"Establishment","floor":52,"key":"SMITH"}],"circlet_count":0,"master_deck":["Strike_P+1","Defend_P+1","Defend_P+1","Defend_P+1","Vigilance+1","Perseverance+1","FollowUp+1","Prostrate+1","CutThroughFate+1","CutThroughFate+1","Consecrate+1","Prostrate+1","Pray+1","Prostrate+1","Brilliance+1","Evaluate+1","Secret Technique+1","Flash of Steel+1","Worship+1","Establishment+1","CutThroughFate","FlurryOfBlows+1","Wireheading+1"],"relics":["HolyWater","NeowsBlessing","Gremlin Horn","Nunchaku","Anchor","Golden Idol","Pen Nib","Potion Belt","Whetstone","Shovel","Mango","InkBottle","Ginger","Runic Pyramid","PreservedInsect","Bag of Marbles","War Paint","TungstenRod"],"acts_visited":["Exordium","TheCity","TheBeyond","TheEnding"],"potions_floor_usage":[19,25,28,39,44,46,55,55,55,55,55],"damage_taken":[{"damage":0,"enemies":"2 Louse","floor":1,"turns":1},{"damage":0,"enemies":"Cultist","floor":4,"turns":1},{"damage":0,"enemies":"Small Slimes","floor":5,"turns":2},{"damage":36,"enemies":"3 Sentries","floor":7,"turns":7},{"damage":16,"enemies":"2 Fungi Beasts","floor":8,"turns":3},{"damage":0,"enemies":"Large Slime","floor":13,"turns":2},{"damage":0,"enemies":"Exordium Thugs","floor":14,"turns":3},{"damage":3,"enemies":"Hexaghost","floor":16,"turns":7},{"damage":15,"enemies":"Chosen","floor":18,"turns":6},{"damage":1,"enemies":"Shell Parasite","floor":19,"turns":4},{"damage":4,"enemies":"3 Cultists","floor":20,"turns":3},{"damage":0,"enemies":"Gremlin Leader","floor":23,"turns":5},{"damage":0,"enemies":"Cultist and Chosen","floor":24,"turns":3},{"damage":0,"enemies":"Slavers","floor":25,"turns":3},{"damage":0,"enemies":"Snake Plant","floor":27,"turns":3},{"damage":16,"enemies":"Colosseum Slavers","floor":28,"turns":3},{"damage":7,"enemies":"Colosseum Nobs","floor":28,"turns":3},{"damage":4,"enemies":"Gremlin Leader","floor":30,"turns":3},{"damage":0,"enemies":"Chosen and Byrds","floor":31,"turns":2},{"damage":0,"enemies":"Champ","floor":33,"turns":6},{"damage":0,"enemies":"3 Darklings","floor":35,"turns":1},{"damage":0,"enemies":"3 Shapes","floor":38,"turns":3},{"damage":0,"enemies":"Writhing Mass","floor":39,"turns":2},{"damage":1,"enemies":"4 Shapes","floor":41,"turns":2},{"damage":0,"enemies":"Nemesis","floor":42,"turns":3},{"damage":0,"enemies":"Reptomancer","floor":44,"turns":2},{"damage":8,"enemies":"Jaw Worm Horde","floor":46,"turns":3},{"damage":0,"enemies":"Maw","floor":47,"turns":4},{"damage":38,"enemies":"Time Eater","floor":50,"turns":5},{"damage":4,"enemies":"Shield and Spear","floor":54,"turns":3},{"damage":35,"enemies":"The Heart","floor":55,"turns":6}],"seed_played":"5777626885320539286","potions_obtained":[{"floor":5,"key":"Weak Potion"},{"floor":13,"key":"Explosive Potion"},{"floor":14,"key":"SteroidPotion"},{"floor":16,"key":"SpeedPotion"},{"floor":23,"key":"Explosive Potion"},{"floor":24,"key":"Dexterity Potion"},{"floor":25,"key":"PowerPotion"},{"floor":31,"key":"Fruit Juice"},{"floor":33,"key":"PowerPotion"},{"floor":38,"key":"Dexterity Potion"},{"floor":39,"key":"PowerPotion"},{"floor":44,"key":"FearPotion"},{"floor":46,"key":"DuplicationPotion"},{"floor":54,"key":"PowerPotion"}],"is_trial":false,"path_per_floor":["M","?","$","M","M","R","E","M","T","?","$","R","M","M","R","B",null,"M","M","M","?","$","E","M","E","T","M","?","?","E","M","R","B",null,"M","?","$","M","M","R","M","E","T","E","?","M","M","$","R","B",null,"R","$","E","B",null],"character_chosen":"WATCHER","items_purchased":["Perseverance","CutThroughFate","Pen Nib","Secret Technique","Flash of Steel","Dexterity Potion"],"campfire_rested":1,"item_purchase_floors":[3,11,22,37,37,53],"current_hp_per_floor":[72,72,72,72,72,72,36,20,20,20,20,20,20,20,20,17,67,52,51,47,47,47,47,47,47,47,47,38,38,34,34,58,58,81,81,81,81,81,86,86,85,85,85,85,96,88,88,88,88,50,96,96,96,92,57],"gold":49,"neow_bonus":"THREE_ENEMY_KILL","is_daily":false,"chose_seed":false,"campfire_upgraded":4,"win_rate":0.0,"timestamp":1612557204,"path_taken":["M","?","$","M","?","R","E","M","T","?","$","R","M","M","R","BOSS","M","M","M","?","$","E","M","E","T","M","?","?","E","M","R","BOSS","M","?","$","M","M","R","M","E","T","E","?","?","M","$","R","BOSS","R","$","E","BOSS"],"items_purchased_type":["Card","Card","Relic","Card","Card","Potion"],"build_version":"2020-12-22","purchased_purges":4,"victory":true,"max_hp_per_floor":[72,72,72,72,72,72,72,72,72,67,67,67,67,67,67,67,67,67,67,67,67,67,67,67,67,67,67,81,81,81,81,81,81,81,81,81,81,81,86,86,86,86,86,86,96,96,96,96,96,96,96,96,96,96,96],"card_choices":[{"not_picked":["SashWhip","JustLucky"],"picked":"Evaluate","floor":1},{"not_picked":["Crescendo","EmptyBody"],"picked":"FollowUp","floor":4},{"not_picked":["Halt","FearNoEvil","ForeignInfluence"],"picked":"SKIP","floor":5},{"not_picked":["Consecrate","Indignation"],"picked":"Prostrate","floor":7},{"not_picked":["Fasting2","Perseverance"],"picked":"Conclude","floor":8},{"not_picked":["Protect","JustLucky","Nirvana"],"picked":"SKIP","floor":13},{"not_picked":["Perseverance","Indignation"],"picked":"CutThroughFate","floor":14},{"not_picked":["Scrawl","MasterReality"],"picked":"LessonLearned","floor":16},{"not_picked":["EmptyFist","Perseverance"],"picked":"Consecrate+1","floor":18},{"not_picked":["LikeWater","SashWhip","BowlingBash"],"picked":"SKIP","floor":19},{"not_picked":["Consecrate","Collect"],"picked":"Prostrate","floor":20},{"not_picked":["InnerPeace+1","Consecrate"],"picked":"Pray","floor":23},{"not_picked":["WaveOfTheHand+1","EmptyBody"],"picked":"Prostrate+1","floor":24},{"not_picked":["Conclude","PathToVictory+1","LikeWater"],"picked":"SKIP","floor":25},{"not_picked":["Tantrum","ReachHeaven","Protect"],"picked":"SKIP","floor":27},{"not_picked":["Study","FlyingSleeves+1","Meditate"],"picked":"SKIP","floor":30},{"not_picked":["TalkToTheHand","Prostrate","MentalFortress+1"],"picked":"SKIP","floor":31},{"not_picked":["Wish","Omniscience"],"picked":"Brilliance","floor":33},{"not_picked":["EmptyBody+1","SashWhip"],"picked":"Evaluate+1","floor":35},{"not_picked":["EmptyMind","ForeignInfluence+1","ThirdEye"],"picked":"SKIP","floor":38},{"not_picked":["EmptyBody","BowlingBash+1","FlyingSleeves"],"picked":"SKIP","floor":39},{"not_picked":["Evaluate+1","FlyingSleeves"],"picked":"Worship+1","floor":41},{"not_picked":["Consecrate","EmptyFist","BattleHymn+1"],"picked":"SKIP","floor":42},{"not_picked":["SignatureMove","Tantrum"],"picked":"Establishment","floor":44},{"not_picked":["Swivel+1","PathToVictory"],"picked":"CutThroughFate","floor":46},{"not_picked":["SashWhip+1","SandsOfTime+1"],"picked":"FlurryOfBlows+1","floor":47},{"not_picked":["Wallop+1","ThirdEye+1"],"picked":"Wireheading+1","floor":54}],"player_experience":920237,"relics_obtained":[{"floor":7,"key":"Nunchaku"},{"floor":9,"key":"Anchor"},{"floor":23,"key":"Potion Belt"},{"floor":25,"key":"Whetstone"},{"floor":26,"key":"Shovel"},{"floor":28,"key":"Mango"},{"floor":28,"key":"InkBottle"},{"floor":30,"key":"Ginger"},{"floor":40,"key":"PreservedInsect"},{"floor":42,"key":"Bag of Marbles"},{"floor":44,"key":"War Paint"},{"floor":54,"key":"TungstenRod"}],"event_choices":[{"cards_removed":["Evaluate"],"damage_healed":0,"gold_gain":0,"player_choice":"Gave Card","damage_taken":0,"relics_obtained":["Gremlin Horn"],"max_hp_gain":0,"max_hp_loss":0,"event_name":"WeMeetAgain","floor":2,"gold_loss":0},{"damage_healed":0,"gold_gain":0,"player_choice":"Lose Max HP","damage_taken":0,"relics_obtained":["Golden Idol"],"max_hp_gain":0,"max_hp_loss":5,"event_name":"Golden Idol","floor":10,"gold_loss":0},{"damage_healed":0,"gold_gain":0,"player_choice":"Simplicity","damage_taken":0,"max_hp_gain":0,"max_hp_loss":0,"event_name":"Back to Basics","floor":21,"gold_loss":0,"cards_upgraded":["Strike_P","Strike_P","Strike_P","Defend_P","Defend_P","Defend_P","Defend_P"]},{"damage_healed":0,"gold_gain":0,"player_choice":"Fight","damage_taken":0,"max_hp_gain":0,"max_hp_loss":0,"event_name":"Colosseum","floor":28,"gold_loss":0},{"damage_healed":0,"gold_gain":0,"player_choice":"Fought Nobs","damage_taken":0,"max_hp_gain":0,"max_hp_loss":0,"event_name":"Colosseum","floor":28,"gold_loss":0},{"cards_removed":["Strike_P"],"damage_healed":0,"gold_gain":0,"player_choice":"Gave Gold","damage_taken":0,"max_hp_gain":0,"max_hp_loss":0,"event_name":"Beggar","floor":29,"gold_loss":75},{"cards_removed":["Defend_P"],"damage_healed":0,"gold_gain":0,"player_choice":"Removed Skill","damage_taken":0,"max_hp_gain":0,"max_hp_loss":0,"event_name":"Falling","floor":36,"gold_loss":0},{"cards_removed":["LessonLearned"],"damage_healed":1,"gold_gain":0,"player_choice":"Offered Rare","damage_taken":0,"max_hp_gain":10,"max_hp_loss":0,"event_name":"Bonfire Elementals","floor":45,"gold_loss":0}],"is_beta":false,"boss_relics":[{"not_picked":["VioletLotus","Cursed Key"],"picked":"HolyWater"},{"not_picked":["Velvet Choker","Snecko Eye"],"picked":"Runic Pyramid"}],"items_purged_floors":[11,22,37,48],"is_endless":false,"potions_floor_spawned":[5,13,14,16,23,24,25,31,33,38,39,42,44,46,54],"ascension_level":2}}