{"host":"oehe2dxjvdgux73m","time":1612525255,"event":{"mods":["AchievementEnabler","BaseMod","Colored Map","Colored Powertips","DeckTracker","Keyboard Shortcuts","Minty Spire (QoL Compilation)","Permanent Neow","Quick Restart","StSLib","SuperFastMode"],"gold_per_floor":[111,186,186,204,215,215,241,259,259,259,273,300,300,300,300],"floor_reached":14,"language":"KOR","playtime":362,"items_purged":[],"score":200,"play_id":"ddedddc5-921a-47c1-9126-334ebe55b8fc","local_time":"20210205204055","is_ascension_mode":true,"campfire_choices":[{"data":"Terror","floor":6.0,"key":"SMITH"}],"circlet_count":0,"master_deck":["AscendersBane","Strike_G","Strike_G","Defend_G","Defend_G","Defend_G","Defend_G","Defend_G","Survivor","Neutralize","Escape Plan","Terror+1","Backstab","Venomology","Backflip","Dash","Wraith Form v2","Acrobatics","Accuracy+1"],"relics":["Ring of the Snake","Mercury Hourglass","Kunai","Frozen Egg 2","Lantern"],"acts_visited":["Exordium"],"potions_floor_usage":[14,14],"damage_taken":[{"damage":0.0,"enemies":"Cultist","floor":1.0,"turns":4.0},{"damage":1.0,"enemies":"2 Louse","floor":4.0,"turns":4.0},{"damage":0.0,"enemies":"Jaw Worm","floor":5.0,"turns":4.0},{"damage":11.0,"enemies":"Gremlin Nob","floor":7.0,"turns":3.0},{"damage":3.0,"enemies":"Blue Slaver","floor":8.0,"turns":3.0},{"damage":4.0,"enemies":"Large Slime","floor":11.0,"turns":6.0},{"damage":3.0,"enemies":"Lagavulin","floor":12.0,"turns":7.0},{"damage":26,"enemies":"Gremlin Nob","floor":14,"turns":3}],"seed_played":"-9082028975756104220","potions_obtained":[{"floor":1.0,"key":"Explosive Potion"},{"floor":7.0,"key":"DistilledChaos"},{"floor":8.0,"key":"SkillPotion"},{"floor":12.0,"key":"Fire Potion"}],"is_trial":false,"path_per_floor":["M","?","?","M","M","R","E","M","T","?","M","E","T","E"],"character_chosen":"THE_SILENT","items_purchased":[],"campfire_rested":0,"item_purchase_floors":[],"current_hp_per_floor":[44,33,33,32,32,32,21,18,18,18,14,11,11,0,0],"gold":300,"neow_bonus":"TRANSFORM_TWO_CARDS","is_daily":false,"chose_seed":false,"campfire_upgraded":1,"win_rate":0.0,"timestamp":1612525255,"path_taken":["M","?","?","?","M","R","E","M","T","?","M","E","?","E"],"items_purchased_type":[],"build_version":"2020-12-22","purchased_purges":0,"victory":false,"max_hp_per_floor":[66,66,66,66,66,66,66,66,66,66,66,66,66,66,66],"card_choices":[{"not_picked":["Slice","Dodge and Roll"],"picked":"Backstab","floor":1.0},{"not_picked":["Concentrate","Outmaneuver"],"picked":"Backflip","floor":4.0},{"not_picked":["Deflect","Dodge and Roll"],"picked":"Dash","floor":5.0},{"not_picked":["Noxious Fumes","Endless Agony"],"picked":"Wraith Form v2","floor":7.0},{"not_picked":["Flying Knee","Underhanded Strike"],"picked":"Acrobatics","floor":8.0},{"not_picked":["Acrobatics","Prepared","Dodge and Roll"],"picked":"SKIP","floor":11.0},{"not_picked":["Flechettes","Caltrops+1"],"picked":"Accuracy+1","floor":12.0}],"player_experience":367439,"relics_obtained":[{"floor":7.0,"key":"Mercury Hourglass"},{"floor":9.0,"key":"Kunai"},{"floor":12.0,"key":"Frozen Egg 2"},{"floor":13.0,"key":"Lantern"}],"event_choices":[{"damage_healed":0.0,"max_hp_gain":0.0,"max_hp_loss":0.0,"gold_gain":75.0,"event_name":"World of Goop","player_choice":"Gather Gold","floor":2.0,"gold_loss":0.0,"damage_taken":11.0},{"damage_healed":0.0,"max_hp_gain":0.0,"max_hp_loss":0.0,"gold_gain":0.0,"cards_transformed":["Strike_G"],"event_name":"Transmorgrifier","player_choice":"Transformed","floor":3.0,"gold_loss":0.0,"damage_taken":0.0,"cards_obtained":["Venomology"]},{"damage_healed":0.0,"max_hp_gain":0.0,"max_hp_loss":0.0,"gold_gain":0.0,"event_name":"Liars Game","player_choice":"Ignored","floor":10.0,"gold_loss":0.0,"damage_taken":0.0}],"is_beta":false,"boss_relics":[],"items_purged_floors":[],"is_endless":false,"potions_floor_spawned":[1,7,8,12],"killed_by":"Gremlin Nob","ascension_level":20}}