{"host":"p1xsuo25udtrkbq2","time":1612505810,"event":{"mods":["BaseMod","Colored Map","Googly Eyes","Highlight Path","Minty Spire (QoL Compilation)","Quick Restart","Rare Cards Sparkle","Relic Stats","Slay the Relics Exporter","StSLib","everything is the same but u backflip on backflip"],"gold_per_floor":[14,31,31,0,12,12,43,43,69,69,88,117,14,14,14,89,89,103,113,63,76,76,76,26,26,73,73,73,73],"floor_reached":28,"language":"ENG","playtime":2195,"items_purged":[],"score":473,"play_id":"6b89b1ae-a6e8-4511-bf1f-09352c54894b","local_time":"20210205011650","is_ascension_mode":true,"campfire_choices":[{"data":"Poisoned Stab","floor":6.0,"key":"SMITH"},{"data":"Catalyst","floor":8.0,"key":"SMITH"},{"floor":10.0,"key":"REST"},{"data":"Crippling Poison","floor":15.0,"key":"SMITH"},{"data":"Footwork","floor":23.0,"key":"SMITH"}],"circlet_count":0,"master_deck":["AscendersBane","Strike_G","Defend_G","Defend_G","Defend_G","Defend_G","Defend_G","Survivor","Neutralize","Night Terror+1","Malaise","Deadly Poison","Poisoned Stab+1","Quick Slash","Catalyst+1","Acrobatics","Crippling Poison+1","Deadly Poison","Well Laid Plans","Burst","Noxious Fumes","Footwork+1","Cloak And Dagger","Backflip","Blur","Slice"],"relics":["Ring of the Snake","Omamori","Tiny Chest","InkBottle","SacredBark","Ancient Tea Set"],"acts_visited":["Exordium","TheCity"],"potions_floor_usage":[28,28],"damage_taken":[{"damage":13.0,"enemies":"Cultist","floor":1.0,"turns":6.0},{"damage":11.0,"enemies":"Small Slimes","floor":2.0,"turns":5.0},{"damage":0.0,"enemies":"2 Louse","floor":5.0,"turns":3.0},{"damage":16.0,"enemies":"Lagavulin","floor":7.0,"turns":6.0},{"damage":7.0,"enemies":"Blue Slaver","floor":11.0,"turns":3.0},{"damage":20.0,"enemies":"3 Sentries","floor":12.0,"turns":10.0},{"damage":22.0,"enemies":"Hexaghost","floor":16.0,"turns":5.0},{"damage":0.0,"enemies":"Chosen","floor":18.0,"turns":3.0},{"damage":0.0,"enemies":"3 Byrds","floor":19.0,"turns":2.0},{"damage":24.0,"enemies":"Centurion and Healer","floor":21.0,"turns":10.0},{"damage":43,"enemies":"Slavers","floor":28,"turns":3}],"seed_played":"7035972885731922996","potions_obtained":[{"floor":1.0,"key":"SkillPotion"},{"floor":7.0,"key":"LiquidMemories"},{"floor":12.0,"key":"Regen Potion"},{"floor":16.0,"key":"Explosive Potion"},{"floor":21.0,"key":"LiquidBronze"}],"is_trial":false,"path_per_floor":["M","M","?","?","M","R","E","R","T","R","M","E","$","?","R","B",null,"M","M","?","M","T","R","$","?","T","?","E"],"character_chosen":"THE_SILENT","items_purchased":["Deadly Poison","Well Laid Plans","Backflip"],"campfire_rested":1,"item_purchase_floors":[13,13,24],"current_hp_per_floor":[46,35,35,35,35,35,19,19,19,38,31,11,11,27,27,19,54,54,54,54,30,30,30,30,30,30,30,0,0],"gold":73,"neow_bonus":"TRANSFORM_TWO_CARDS","is_daily":false,"chose_seed":false,"campfire_upgraded":4,"win_rate":0.0,"timestamp":1612505810,"path_taken":["M","M","?","?","M","R","E","R","T","R","M","E","$","?","R","BOSS","M","M","?","?","?","R","$","?","T","?","E"],"items_purchased_type":["Card","Card","Card"],"build_version":"2020-12-22","purchased_purges":0,"victory":false,"max_hp_per_floor":[66,66,66,66,66,66,66,66,66,66,66,66,66,66,66,66,66,66,66,66,66,66,66,66,66,66,66,66,66],"relic_stats":{"counters":[11,56],"Tiny Chest":1,"obtain_stats":[{"SacredBark":17,"Tiny Chest":9,"Omamori":7,"Ancient Tea Set":26,"InkBottle":12,"Ring of the Snake":0},{"SacredBark":7,"Tiny Chest":4,"Omamori":4,"Ancient Tea Set":10,"InkBottle":6,"Ring of the Snake":0},{"SacredBark":38,"Tiny Chest":20,"Omamori":20,"Ancient Tea Set":53,"InkBottle":33,"Ring of the Snake":0}],"InkBottle":[7],"Ring of the Snake":[22]},"card_choices":[{"not_picked":["Noxious Fumes","Accuracy"],"picked":"Deadly Poison","floor":1.0},{"not_picked":["Sucker Punch","Dodge and Roll"],"picked":"Poisoned Stab","floor":2.0},{"not_picked":["Cloak And Dagger","PiercingWail"],"picked":"Quick Slash","floor":5.0},{"not_picked":["Sucker Punch","Flying Knee"],"picked":"Catalyst","floor":7.0},{"not_picked":["Dodge and Roll","Outmaneuver"],"picked":"Acrobatics","floor":11.0},{"not_picked":["Terror","Endless Agony"],"picked":"Crippling Poison","floor":12.0},{"not_picked":["Bullet Time","Malaise"],"picked":"Burst","floor":16.0},{"not_picked":["Sucker Punch","Finisher"],"picked":"Noxious Fumes","floor":18.0},{"not_picked":["Outmaneuver","Dagger Spray"],"picked":"Footwork","floor":19.0},{"not_picked":["Masterful Stab","Deadly Poison"],"picked":"Cloak And Dagger","floor":21.0}],"player_experience":990735,"relics_obtained":[{"floor":7.0,"key":"Omamori"},{"floor":9.0,"key":"Tiny Chest"},{"floor":12.0,"key":"InkBottle"},{"floor":26.0,"key":"Ancient Tea Set"}],"event_choices":[{"damage_healed":0.0,"max_hp_gain":0.0,"max_hp_loss":0.0,"gold_gain":0.0,"event_name":"Living Wall","player_choice":"Grow","floor":3.0,"gold_loss":0.0,"damage_taken":0.0,"cards_upgraded":["Night Terror"]},{"damage_healed":0.0,"max_hp_gain":0.0,"max_hp_loss":0.0,"gold_gain":0.0,"event_name":"World of Goop","player_choice":"Left Gold","floor":4.0,"gold_loss":31.0,"damage_taken":0.0},{"damage_healed":16.0,"max_hp_gain":0.0,"max_hp_loss":0.0,"gold_gain":0.0,"event_name":"Mushrooms","player_choice":"Healed and dodged fight","floor":14.0,"gold_loss":0.0,"damage_taken":0.0,"cards_obtained":["Parasite"]},{"damage_healed":0.0,"max_hp_gain":0.0,"max_hp_loss":0.0,"gold_gain":0.0,"event_name":"The Joust","player_choice":"Bet on Owner","floor":20.0,"gold_loss":50.0,"damage_taken":0.0},{"damage_healed":0.0,"max_hp_gain":0.0,"max_hp_loss":0.0,"gold_gain":0.0,"event_name":"Forgotten Altar","player_choice":"Smashed Altar","floor":25.0,"gold_loss":0.0,"damage_taken":0.0,"cards_obtained":["Decay"]},{"damage_healed":0.0,"max_hp_gain":0.0,"max_hp_loss":0.0,"gold_gain":0.0,"cards_transformed":["Strike_G","Strike_G"],"event_name":"Drug Dealer","player_choice":"Became Test Subject","floor":27.0,"gold_loss":0.0,"damage_taken":0.0,"cards_obtained":["Blur","Slice"]}],"is_beta":false,"boss_relics":[{"not_picked":["WristBlade","Pandora\u0027s Box"],"picked":"SacredBark"}],"items_purged_floors":[],"is_endless":false,"potions_floor_spawned":[1,7,12,16,21],"killed_by":"Slavers","ascension_level":18}}