{"host":"l4p18zw33fr8bdc3","time":1612526541,"event":{"mods":["AchievementEnabler","BaseMod","Bestiary","Block Reminder","Colored Map","Colored Powertips","Curses Come First","Minty Spire (QoL Compilation)","Quick Restart","Rare Cards Sparkle","StSLib"],"gold_per_floor":[119,69,86,104,124,124,138,138,161,173,173,173,200,219,219,219,219],"floor_reached":16,"language":"ENG","playtime":1132,"items_purged":[],"score":114,"play_id":"00e0d1fa-f242-424a-bd93-a9ca81285411","local_time":"20210205070221","is_ascension_mode":true,"campfire_choices":[{"data":"Footwork","floor":6,"key":"SMITH"},{"data":"Neutralize","floor":8,"key":"SMITH"},{"floor":12,"key":"REST"},{"data":"Burst","floor":15,"key":"SMITH"}],"circlet_count":0,"master_deck":["Strike_G","Strike_G","Strike_G","Strike_G","Defend_G","Defend_G","Defend_G","Defend_G","Defend_G","Survivor","Neutralize+1","Outmaneuver","Deadly Poison","Footwork+1","Acrobatics","Crippling Poison","Burst+1","Quick Slash","Blur","Riddle With Holes"],"relics":["Ring of the Snake","Tingsha","Dream Catcher","Bronze Scales"],"acts_visited":["Exordium"],"potions_floor_usage":[13,13,16],"damage_taken":[{"damage":0,"enemies":"Small Slimes","floor":1,"turns":4},{"damage":0,"enemies":"2 Louse","floor":3,"turns":4},{"damage":2,"enemies":"Jaw Worm","floor":4,"turns":5},{"damage":14,"enemies":"Exordium Wildlife","floor":5,"turns":9},{"damage":0,"enemies":"Large Slime","floor":7,"turns":6},{"damage":1,"enemies":"Gremlin Gang","floor":10,"turns":5},{"damage":11,"enemies":"Lagavulin","floor":13,"turns":8},{"damage":2,"enemies":"3 Louse","floor":14,"turns":4},{"damage":57,"enemies":"Slime Boss","floor":16,"turns":12}],"seed_played":"7576880857622355647","potions_obtained":[{"floor":3,"key":"ColorlessPotion"},{"floor":5,"key":"Ancient Potion"},{"floor":10,"key":"Regen Potion"},{"floor":14,"key":"Fire Potion"}],"is_trial":false,"path_per_floor":["M","?","M","M","M","R","M","R","T","M","?","R","E","M","R","B"],"character_chosen":"THE_SILENT","items_purchased":[],"campfire_rested":1,"item_purchase_floors":[],"current_hp_per_floor":[49,49,49,47,33,33,33,33,33,32,32,53,56,54,54,0,0],"gold":219,"neow_bonus":"ONE_RARE_RELIC","is_daily":false,"chose_seed":false,"campfire_upgraded":3,"win_rate":0.0,"timestamp":1612526541,"path_taken":["M","?","M","M","M","R","M","R","T","M","?","R","E","M","R","BOSS"],"items_purchased_type":[],"build_version":"2020-12-22","purchased_purges":0,"victory":false,"max_hp_per_floor":[70,70,70,70,70,70,70,70,70,70,70,70,70,70,70,70,70],"card_choices":[{"not_picked":["Deflect","Underhanded Strike"],"picked":"Outmaneuver","floor":1},{"not_picked":["Bane","Slice"],"picked":"Deadly Poison","floor":3},{"not_picked":["Deadly Poison","Deflect"],"picked":"Footwork","floor":4},{"not_picked":["Terror","Backflip"],"picked":"Acrobatics","floor":5},{"not_picked":["Masterful Stab","Backflip"],"picked":"Crippling Poison","floor":7},{"not_picked":["Predator","Backflip"],"picked":"Burst","floor":10},{"not_picked":["Prepared","PiercingWail"],"picked":"Quick Slash","floor":12},{"not_picked":["Underhanded Strike","Blade Dance"],"picked":"Blur","floor":13},{"not_picked":["Endless Agony","Deadly Poison"],"picked":"Riddle With Holes","floor":14}],"player_experience":240603,"relics_obtained":[{"floor":9,"key":"Dream Catcher"},{"floor":13,"key":"Bronze Scales"}],"event_choices":[{"cards_removed":["Strike_G"],"damage_healed":0,"gold_gain":0,"player_choice":"Card Removal","damage_taken":0,"max_hp_gain":0,"max_hp_loss":0,"event_name":"The Cleric","floor":2,"gold_loss":50},{"damage_healed":0,"gold_gain":0,"player_choice":"Ignored","damage_taken":0,"max_hp_gain":0,"max_hp_loss":0,"event_name":"Liars Game","floor":11,"gold_loss":0}],"is_beta":false,"boss_relics":[],"items_purged_floors":[],"is_endless":false,"potions_floor_spawned":[3,5,10,14],"killed_by":"Slime Boss","ascension_level":2}}