{"host":"bbvmu6yleqps41w7","time":1612492184,"event":{"mods":["BaseMod","Colored Map","Colored Powertips","Downfall","Hermit","Marisa????????","Minty Spire (QoL Compilation)","StSLib","The Bug Knight","The Cursed","The Servant 0.9.4"],"gold_per_floor":[99,99,99,118,138,138,209,230,230,230,230,240,240,275,290,394,394,394,411,429,429,445,445,445,445,41,60,45,61,61,72,92,188,188,188,188,188,188,200,200,200,214,230,255,255,3,14,27,47,47],"floor_reached":51,"language":"ENG","playtime":3080,"items_purged":["Shame","Parasite"],"score":704,"play_id":"49027137-1d1b-4b06-9840-a52cec5c82d7","local_time":"20210204192944","is_ascension_mode":false,"campfire_choices":[{"data":"Guardian:StasisStrike","floor":1.0,"key":"SMITH"},{"data":"Guardian:TwinSlam","floor":6.0,"key":"SMITH"},{"data":"Guardian:Emergency","floor":9.0,"key":"SMITH"},{"data":"Guardian:Emergency","floor":11.0,"key":"SMITH"},{"data":"Guardian:BronzeArmor","floor":13.0,"key":"SMITH"},{"data":"Guardian:Emergency","floor":18.0,"key":"SMITH"},{"data":"Guardian:BronzeOrb","floor":23.0,"key":"SMITH"},{"data":"Guardian:Clone","floor":25.0,"key":"SMITH"},{"data":"Guardian:TimeBomb","floor":30.0,"key":"SMITH"},{"data":"Guardian:ShieldCharger","floor":35.0,"key":"SMITH"},{"data":"expansioncontent:HyperBeam","floor":40.0,"key":"SMITH"},{"data":"expansioncontent:AwakenDeath","floor":45.0,"key":"SMITH"}],"circlet_count":0,"master_deck":["Guardian:Strike_Guardian","Guardian:Strike_Guardian","Guardian:Defend_Guardian","Guardian:Defend_Guardian","Guardian:CurlUp","Guardian:TwinSlam+1","Guardian:StasisStrike+1","Guardian:Emergency+1","Guardian:Emergency+1","Guardian:BronzeArmor+1","Guardian:Preprogram","Guardian:Emergency+1","Guardian:FastForward","Guardian:BronzeOrb+1","Guardian:Clone+1","Guardian:Recover","Guardian:BaubleBeam","Guardian:Incinerate","Guardian:ShieldCharger","Guardian:TemporalStrike","Guardian:TimeBomb+1","Guardian:ShieldCharger+1","Guardian:ConstructionForm","expansioncontent:AwakenDeath+1","expansioncontent:HyperBeam+1","expansioncontent:PrepareCrush","downfall:Haunted","Guardian:Gem_White","Guardian:StasisStrike+1","Guardian:SpikerProtocol+1","Guardian:TimeCapacitor+1"],"relics":["Guardian:ModeShifter","Sundial","Odd Mushroom","Prayer Wheel","Busted Crown","HollowMod:LifeEnderRelic","Lee\u0027s Waffle","Vajra","Sozu","downfall:ExtraCursedKey","Regal Pillow","Ice Cream","Kunai","DollysMirror"],"acts_visited":["Exordium","TheCity","TheBeyond"],"potions_floor_usage":[50],"damage_taken":[{"damage":5.0,"enemies":"Small Slimes","floor":4.0,"turns":4.0},{"damage":6.0,"enemies":"Jaw Worm","floor":5.0,"turns":4.0},{"damage":7.0,"enemies":"The Mushroom Lair","floor":8.0,"turns":4.0},{"damage":0.0,"enemies":"Cultist","floor":10.0,"turns":1.0},{"damage":20.0,"enemies":"Large Slime","floor":12.0,"turns":5.0},{"damage":0.0,"enemies":"HollowMod:MossKnight","floor":14.0,"turns":4.0},{"damage":12.0,"enemies":"Blue Slaver","floor":15.0,"turns":2.0},{"damage":20.0,"enemies":"WA_ARCHETYPE_RETAIN","floor":16.0,"turns":6.0},{"damage":0.0,"enemies":"3 Byrds","floor":19.0,"turns":3.0},{"damage":28.0,"enemies":"Chosen","floor":20.0,"turns":5.0},{"damage":33.0,"enemies":"Sentry and Sphere","floor":22.0,"turns":6.0},{"damage":10.0,"enemies":"downfall:FleeingMerchant","floor":26.0,"turns":4.0},{"damage":2.0,"enemies":"Shelled Parasite and Fungi","floor":27.0,"turns":3.0},{"damage":0.0,"enemies":"downfall:FleeingMerchant","floor":28.0,"turns":4.0},{"damage":0.0,"enemies":"Snecko","floor":29.0,"turns":5.0},{"damage":0.0,"enemies":"Centurion and Healer","floor":31.0,"turns":2.0},{"damage":0.0,"enemies":"Snake Plant","floor":32.0,"turns":3.0},{"damage":36.0,"enemies":"DF_ARCHETYPE_CLAW","floor":33.0,"turns":8.0},{"damage":11.0,"enemies":"3 Darklings","floor":39.0,"turns":3.0},{"damage":8.0,"enemies":"Orb Walker","floor":42.0,"turns":3.0},{"damage":18.0,"enemies":"Transient","floor":43.0,"turns":5.0},{"damage":0.0,"enemies":"Giant Head","floor":44.0,"turns":7.0},{"damage":0.0,"enemies":"downfall:FleeingMerchant","floor":46.0,"turns":3.0},{"damage":0.0,"enemies":"Sphere and 2 Shapes","floor":47.0,"turns":3.0},{"damage":6,"enemies":"4 Shapes","floor":48,"turns":3},{"damage":0,"enemies":"Maw","floor":49,"turns":6},{"damage":22,"enemies":"SI_POISON_ARCHETYPE","floor":50,"turns":8}],"seed_played":"-9154732241744714989","potions_obtained":[{"floor":5.0,"key":"Guardian:BlockOnCardUsePotion"},{"floor":16.0,"key":"Regen Potion"},{"floor":20.0,"key":"bronze:BurnAndBuffPotion"},{"floor":22.0,"key":"SkillPotion"},{"floor":32.0,"key":"BlessingOfTheForge"}],"is_trial":false,"path_per_floor":["R","?","?","M","M","R","T","?","R","M","R","M","R","E","M","B",null,"R","M","M","?","M","R","T","R","$","M","$","M","R","M","M","B",null,"R","?","?","?","M","R","T","M","M","E","R","$","M","M","M","B",null],"character_chosen":"GUARDIAN","items_purchased":["Lee\u0027s Waffle","Vajra","Guardian:TemporalStrike","Guardian:Gem_White","Kunai","DollysMirror"],"campfire_rested":0,"item_purchase_floors":[26,26,26,46,46,46],"current_hp_per_floor":[80,80,80,75,69,69,69,62,62,62,62,42,42,42,30,10,80,80,80,62,62,29,29,29,29,87,85,85,85,85,85,85,49,87,87,87,77,77,66,66,66,58,40,40,40,40,40,34,34,12],"gold":47,"neow_bonus":"ONE_RANDOM_RARE_CARD","is_daily":false,"chose_seed":false,"campfire_upgraded":12,"win_rate":0.0,"timestamp":1612492184,"path_taken":["R","?","?","M","M","R","T","?","R","M","R","M","R","E","M","BOSS","R","M","M","?","M","R","T","R","$","M","$","M","R","M","M","BOSS","R","?","?","?","M","R","T","M","M","E","R","$","?","?","M","BOSS"],"items_purchased_type":["Relic","Relic","Card","Card","Relic","Relic"],"build_version":"2020-12-22","purchased_purges":2,"victory":true,"max_hp_per_floor":[80,80,80,80,80,80,80,80,80,80,80,80,80,80,80,80,80,80,80,80,80,80,80,80,80,87,87,87,87,87,87,87,87,87,87,87,87,87,87,87,87,87,87,87,87,84,84,84,84,84],"card_choices":[{"not_picked":["Guardian:VentSteam","Guardian:Recover"],"picked":"Guardian:Emergency","floor":4.0},{"not_picked":["Guardian:Gem_Green","Guardian:EvasiveProtocol"],"picked":"Guardian:Emergency","floor":5.0},{"not_picked":["Guardian:PolyBeam","Guardian:ShieldSpikes"],"picked":"Guardian:Gem_Lightblue","floor":10.0},{"not_picked":["Guardian:Gem_Lightblue","Guardian:Repulse"],"picked":"Guardian:BronzeArmor","floor":12.0},{"not_picked":["Guardian:Gem_Purple","Guardian:TimeCapacitor"],"picked":"Guardian:Preprogram","floor":14.0},{"not_picked":["Guardian:Suspension","Guardian:ArmoredProtocol"],"picked":"Guardian:Gem_Yellow","floor":15.0},{"not_picked":["Guardian:Recover","Guardian:TemporalShield"],"picked":"Guardian:Emergency","floor":15.0},{"not_picked":["Guardian:SphericShield","Guardian:ConstructionForm"],"picked":"Guardian:FastForward","floor":16.0},{"not_picked":[],"picked":"Guardian:Gem_Yellow","floor":19.0},{"not_picked":["Guardian:PrimingBeam+1"],"picked":"SKIP","floor":19.0},{"not_picked":[],"picked":"Guardian:BronzeOrb","floor":20.0},{"not_picked":[],"picked":"Guardian:Gem_Lightblue","floor":20.0},{"not_picked":[],"picked":"Guardian:Incinerate","floor":22.0},{"not_picked":["Guardian:DecasProtection"],"picked":"SKIP","floor":22.0},{"not_picked":[],"picked":"Guardian:ShieldCharger","floor":26.0},{"not_picked":["Guardian:Incinerate"],"picked":"SKIP","floor":27.0},{"not_picked":["Guardian:Gem_Lightblue"],"picked":"SKIP","floor":27.0},{"not_picked":["Guardian:Gem_Cyan"],"picked":"SKIP","floor":28.0},{"not_picked":[],"picked":"Guardian:TimeBomb","floor":29.0},{"not_picked":["Guardian:TemporalShield"],"picked":"SKIP","floor":29.0},{"not_picked":["Guardian:RollAttack+1"],"picked":"SKIP","floor":31.0},{"not_picked":["Guardian:Repulse"],"picked":"SKIP","floor":31.0},{"not_picked":[],"picked":"Guardian:ShieldCharger","floor":32.0},{"not_picked":["Guardian:SentryBeam"],"picked":"SKIP","floor":32.0},{"not_picked":[],"picked":"Guardian:ConstructionForm","floor":33.0},{"not_picked":["expansioncontent:PolyBeam","expansioncontent:PrepareCrush"],"picked":"expansioncontent:AwakenDeath","floor":37.0},{"not_picked":["expansioncontent:Chronoboost","expansioncontent:PolyBeam"],"picked":"expansioncontent:HyperBeam","floor":37.0},{"not_picked":["expansioncontent:AwakenDeath","expansioncontent:YouAreMine"],"picked":"expansioncontent:PrepareCrush","floor":37.0},{"not_picked":["Guardian:PiercingHide"],"picked":"SKIP","floor":39.0},{"not_picked":["Guardian:WalkerClaw"],"picked":"SKIP","floor":39.0},{"not_picked":[],"picked":"Guardian:Gem_Green","floor":42.0},{"not_picked":["Guardian:PrimingBeam+1"],"picked":"SKIP","floor":42.0},{"not_picked":[],"picked":"Guardian:Gem_Green","floor":43.0},{"not_picked":["Guardian:PiercingHide"],"picked":"SKIP","floor":43.0},{"not_picked":["Guardian:Harden"],"picked":"SKIP","floor":44.0},{"not_picked":["Guardian:GuardianWhirl+1"],"picked":"SKIP","floor":46.0},{"not_picked":[],"picked":"Guardian:SpikerProtocol+1","floor":47.0},{"not_picked":["Guardian:Gem_Green"],"picked":"SKIP","floor":47.0},{"not_picked":[],"picked":"Guardian:TimeCapacitor+1","floor":48},{"not_picked":["Guardian:Repulse"],"picked":"SKIP","floor":48},{"not_picked":["Guardian:RollAttack+1"],"picked":"SKIP","floor":49},{"not_picked":["Guardian:Repulse+1"],"picked":"SKIP","floor":49}],"player_experience":628402,"relics_obtained":[{"floor":7.0,"key":"Sundial"},{"floor":8.0,"key":"Odd Mushroom"},{"floor":14.0,"key":"Prayer Wheel"},{"floor":24.0,"key":"HollowMod:LifeEnderRelic"},{"floor":41.0,"key":"Regal Pillow"},{"floor":44.0,"key":"Ice Cream"}],"event_choices":[{"cards_removed":["Guardian:Strike_Guardian"],"damage_healed":0.0,"max_hp_gain":0.0,"max_hp_loss":0.0,"gold_gain":0.0,"event_name":"The Cleric","player_choice":"Card Removal","floor":2.0,"gold_loss":0.0,"damage_taken":0.0},{"damage_healed":0.0,"max_hp_gain":0.0,"max_hp_loss":0.0,"gold_gain":0.0,"event_name":"Mushrooms","player_choice":"Fought Mushrooms","floor":8.0,"gold_loss":0.0,"damage_taken":0.0},{"damage_healed":0.0,"max_hp_gain":0.0,"max_hp_loss":0.0,"gold_gain":0.0,"event_name":"Lab","player_choice":"Got Potions","floor":38.0,"gold_loss":0.0,"damage_taken":0.0}],"is_beta":false,"boss_relics":[{"not_picked":["Cursed Key","Empty Cage"],"picked":"Busted Crown"},{"not_picked":["bronze:MakeshiftBattery","Pandora\u0027s Box"],"picked":"Sozu"}],"items_purged_floors":[26,46],"is_endless":false,"potions_floor_spawned":[5,16,20,22,27,32,39,44,47,48],"ascension_level":0}}