{"host":"0y7rggrn2c7yxnri","time":1612511690,"event":{"mods":["AchievementEnabler","Act Like it!","AlwaysNeverKeys","Aspiration","Bartender","BaseMod","Better Altar","Better Sensory Stone","Better Skull","Better Third Choice","Better Vampires","BetterRewards","Colored Map","Colored Powertips","Displayed Cursed Tome","GifTheSpireLib","Good Game Mod","Magitek Elite","Minty Spire (QoL Compilation)","Permanent Neow","Quick Restart","Rare Cards Sparkle","Relic Filter Mod","Reliquary","Replay The Spire","Shop Mod","Spicy Shops","Spire Arcade","StSLib","Stuff the Spire","The Alterego","The Animator","The Marked","The Servant 0.9.4","Transform Curses","Virulent Crown","Wandering Minibosses"],"gold_per_floor":[119,130,130,141,152,180,180,214,214,230,230,257,276,288,288,391,391,409,427,447,647,214,214,242,92,118,118,118],"floor_reached":27,"language":"ENG","playtime":1430,"items_purged":["Strike_B"],"score":293,"play_id":"d77fcbd5-caab-42eb-8f07-d5d4612a2e66","local_time":"20210205025450","is_ascension_mode":true,"campfire_choices":[{"floor":7,"key":"REST"},{"floor":15,"key":"REST"},{"floor":23,"key":"REST"}],"circlet_count":0,"master_deck":["Strike_B","Strike_B","Strike_B","Defend_B","Defend_B","Defend_B","Defend_B+1","Zap+1","Dualcast","animator:Albedo","Defragment","Rip and Tear+1","Hologram","Flash of Steel","Gash","BootSequence","ReplayGash","Go for the Eyes","Meteor Strike","Sweeping Beam","Core Surge","ReplayGash","Beam Cell","All For One+1"],"relics":["Cracked Core","REME:ComplimentaryCards","DataDisk","Cleaning_Rag","reliquary:Firecrackers","Bird Faced Urn","reliquary:OuijaBoard","War Paint","reliquary:BallBearing","Blue Candle","Ice Cream","Replay:Wax Seal","Molten Egg 2","Blood Vial","MerchantsRug","reliquary:LoveEmittingDiode","Nunchaku","Dream Catcher"],"acts_visited":["Exordium","TheCity"],"potions_floor_usage":[24,27,27,27],"damage_taken":[{"damage":0,"enemies":"Cultist","floor":1,"turns":3},{"damage":2,"enemies":"Jaw Worm","floor":2,"turns":2},{"damage":8,"enemies":"Small Slimes","floor":4,"turns":3},{"damage":20,"enemies":"Exordium Thugs","floor":5,"turns":4},{"damage":25,"enemies":"3 Sentries","floor":6,"turns":4},{"damage":13,"enemies":"Gremlin Nob","floor":8,"turns":3},{"damage":0,"enemies":"Red Slaver","floor":10,"turns":3},{"damage":27,"enemies":"3 Sentries","floor":12,"turns":5},{"damage":0,"enemies":"2 Fungi Beasts","floor":13,"turns":3},{"damage":5,"enemies":"3 Louse","floor":14,"turns":2},{"damage":23,"enemies":"Hexaghost","floor":16,"turns":9},{"damage":8,"enemies":"3 Byrds","floor":18,"turns":4},{"damage":0,"enemies":"Spheric Guardian","floor":19,"turns":3},{"damage":43,"enemies":"Shelled Parasite and Fungi","floor":20,"turns":4},{"damage":38,"enemies":"Book of Stabbing","floor":24,"turns":4},{"damage":19,"enemies":"Gremlin Leader","floor":27,"turns":3}],"seed_played":"-6500704885833727268","potions_obtained":[{"floor":1,"key":"Flashbang"},{"floor":8,"key":"SteroidPotion"},{"floor":10,"key":"Cursed Concoction"},{"floor":13,"key":"Explosive Potion"},{"floor":24,"key":"DistilledChaos"}],"is_trial":false,"path_per_floor":["M","M","?","M","M","E","R","E","T","M","?","E","M","M","R","B",null,"M","M","M","?","$","R","E","$","T","E"],"character_chosen":"DEFECT","items_purchased":["DataDisk","Cleaning_Rag","Defragment","reliquary:Firecrackers","Rip and Tear+1","Hologram","Flash of Steel","Replay:Wax Seal","Molten Egg 2","Blood Vial","MerchantsRug","Nunchaku"],"campfire_rested":3,"item_purchase_floors":[0,0,0,0,0,0,0,22,22,22,22,25],"current_hp_per_floor":[75,73,73,67,49,24,46,35,35,37,37,12,12,9,31,10,75,67,69,26,26,26,48,14,14,14,0,0],"gold":118,"neow_bonus":"","is_daily":false,"chose_seed":false,"campfire_upgraded":0,"win_rate":0.0,"timestamp":1612511690,"path_taken":["M","?","?","M","M","E","R","E","T","M","?","E","M","?","R","BOSS","M","M","M","?","$","R","E","$","T","E"],"items_purchased_type":["Relic","Relic","Card","Relic","Card","Card","Card","Relic","Relic","Relic","Relic","Relic"],"build_version":"2020-12-22","purchased_purges":1,"victory":false,"max_hp_per_floor":[75,75,75,75,75,75,75,75,75,75,75,75,75,75,75,75,75,75,75,75,75,75,75,75,75,75,75,75],"card_choices":[{"not_picked":["aspiration:Polymerization","Time Bomb"],"picked":"Gash","floor":1},{"not_picked":["ReplaySort","Panic Button","Reinforced Body"],"picked":"SKIP","floor":2},{"not_picked":["Steam","Chaos"],"picked":"BootSequence","floor":4},{"not_picked":["Coolheaded","Panic Button"],"picked":"ReplayGash","floor":5},{"not_picked":["Chill","Beam Cell","Turbo"],"picked":"SKIP","floor":6},{"not_picked":["Force Field","Lockon","BasicCrystalCard"],"picked":"SKIP","floor":8},{"not_picked":["Cold Snap","Steam"],"picked":"Go for the Eyes","floor":10},{"not_picked":["Cold Snap","Force Field"],"picked":"Meteor Strike","floor":12},{"not_picked":["Crystallizer","Steam","ReplayTheSpireMod:Reroute Power"],"picked":"SKIP","floor":13},{"not_picked":["Go for the Eyes","Defragment"],"picked":"Sweeping Beam","floor":14},{"not_picked":["Biased Cognition","Creative AI"],"picked":"Core Surge","floor":16},{"not_picked":["StuffTheSpire:LoadUp","StuffTheSpire:Plugnplay","ReplaySolidLightProjector"],"picked":"SKIP","floor":18},{"not_picked":["Barrage","Glacier"],"picked":"ReplayGash","floor":19},{"not_picked":["Rebound","Panic Button"],"picked":"Beam Cell","floor":20},{"not_picked":["ReplayTheSpireMod:System Scan","Turbo"],"picked":"All For One+1","floor":24}],"player_experience":318404,"relics_obtained":[{"floor":6,"key":"reliquary:OuijaBoard"},{"floor":8,"key":"War Paint"},{"floor":9,"key":"reliquary:BallBearing"},{"floor":12,"key":"Ice Cream"},{"floor":24,"key":"reliquary:LoveEmittingDiode"},{"floor":26,"key":"Dream Catcher"}],"event_choices":[{"damage_healed":0,"gold_gain":0,"player_choice":"Gave Potion","damage_taken":0,"relics_obtained":["Blue Candle"],"max_hp_gain":0,"max_hp_loss":0,"event_name":"WeMeetAgain","floor":11,"gold_loss":0},{"damage_healed":0,"gold_gain":200,"player_choice":"Gold","damage_taken":0,"max_hp_gain":0,"max_hp_loss":0,"event_name":"Wheel of Change","floor":21,"gold_loss":0}],"is_beta":false,"boss_relics":[{"not_picked":["Astrolabe","Runic Dome"],"picked":"reliquary:Craggleroot"}],"items_purged_floors":[22],"is_endless":false,"potions_floor_spawned":[1,8,10,13,14,18,24],"killed_by":"Gremlin Leader","ascension_level":3}}