{"host":"vfg9szunmpjwj08o","time":1612522186,"event":{"mods":["Act Like it!","BaseMod","Challenge The Spire","Colored Map","Colored Powertips","Conspire","Dark Map","Minty Spire (QoL Compilation)","Relic Stats","StSLib","Waifu the Spire"],"gold_per_floor":[365,365,382,401,401,401,427,444,491,510,545,226,237,257,257,282,282],"floor_reached":16,"language":"ENG","playtime":653,"items_purged":[],"score":201,"play_id":"51ba279a-27ec-493d-855f-90c8ac346dce","local_time":"20210205114946","is_ascension_mode":true,"campfire_choices":[{"data":"Eruption","floor":6,"key":"SMITH"},{"data":"PathToVictory","floor":15,"key":"SMITH"}],"circlet_count":0,"master_deck":["conspire:GhostlyStrike","conspire:GhostlyStrike","conspire:GhostlyStrike","conspire:GhostlyStrike","conspire:GhostlyDefend","conspire:GhostlyDefend","conspire:GhostlyDefend+1","conspire:GhostlyDefend","Eruption+1","Vigilance+1","InnerPeace","Meditate","PathToVictory+1","Wish","Perseverance","Study","CutThroughFate","Prostrate","ThirdEye","Meditate"],"relics":["PureWater","Happy Flower","Matryoshka","Strawberry"],"acts_visited":["Exordium"],"potions_floor_usage":[11,16],"damage_taken":[{"damage":0,"enemies":"Jaw Worm","floor":1,"turns":3},{"damage":0,"enemies":"2 Louse","floor":3,"turns":3},{"damage":4,"enemies":"Small Slimes","floor":4,"turns":4},{"damage":6,"enemies":"Red Slaver","floor":8,"turns":4},{"damage":1,"enemies":"Blue Slaver","floor":10,"turns":4},{"damage":17,"enemies":"3 Sentries","floor":11,"turns":13},{"damage":6,"enemies":"Large Slime","floor":13,"turns":3},{"damage":3,"enemies":"Looter","floor":14,"turns":4},{"damage":26,"enemies":"Slime Boss","floor":16,"turns":3}],"seed_played":"313697400169671108","potions_obtained":[{"floor":3,"key":"ColorlessPotion"},{"floor":10,"key":"SteroidPotion"},{"floor":11,"key":"DistilledChaos"},{"floor":14,"key":"SteroidPotion"}],"is_trial":false,"path_per_floor":["M","?","M","M","?","R","T","M","T","M","E","$","M","M","R","B"],"character_chosen":"WATCHER","items_purchased":["Study","CutThroughFate","Strawberry","Prostrate"],"campfire_rested":0,"item_purchase_floors":[12,12,12,12],"current_hp_per_floor":[65,52,52,48,48,48,48,42,42,41,24,31,25,22,22,0,0],"gold":282,"neow_bonus":"TWO_FIFTY_GOLD","is_daily":false,"chose_seed":false,"campfire_upgraded":2,"win_rate":0.0,"timestamp":1612522186,"path_taken":["M","?","M","M","?","R","?","M","T","M","E","$","M","M","R","BOSS"],"items_purchased_type":["Card","Card","Relic","Card"],"build_version":"2020-12-22","purchased_purges":0,"victory":false,"max_hp_per_floor":[65,65,65,65,65,65,65,65,65,65,65,72,72,72,72,72,72],"relic_stats":{"Happy Flower":[10],"counters":[9,41],"obtain_stats":[{"Matryoshka":11,"Happy Flower":7,"Strawberry":12,"PureWater":0},{"Matryoshka":6,"Happy Flower":3,"Strawberry":6,"PureWater":0},{"Matryoshka":31,"Happy Flower":10,"Strawberry":31,"PureWater":0}]},"card_choices":[{"not_picked":["Crescendo","Consecrate"],"picked":"InnerPeace","floor":1},{"not_picked":["Prostrate","Worship"],"picked":"Meditate","floor":3},{"not_picked":["Crescendo","JustLucky"],"picked":"PathToVictory","floor":4},{"not_picked":["WindmillStrike","WaveOfTheHand"],"picked":"Wish","floor":8},{"not_picked":["BowlingBash","Weave"],"picked":"Perseverance","floor":10},{"not_picked":["CrushJoints","ClearTheMind","FlurryOfBlows"],"picked":"SKIP","floor":11},{"not_picked":["Weave","BowlingBash"],"picked":"ThirdEye","floor":13},{"not_picked":["Crescendo","EmptyBody"],"picked":"Meditate","floor":14}],"player_experience":1098321,"relics_obtained":[{"floor":7,"key":"Happy Flower"},{"floor":11,"key":"Matryoshka"}],"event_choices":[{"damage_healed":0,"gold_gain":0,"player_choice":"Entered Light","damage_taken":13,"max_hp_gain":0,"max_hp_loss":0,"event_name":"Shining Light","floor":2,"gold_loss":0,"cards_upgraded":["Vigilance","Defend_P"]},{"damage_healed":0,"gold_gain":0,"player_choice":"Agree","damage_taken":0,"max_hp_gain":0,"max_hp_loss":0,"event_name":"conspire:LoneGhost","floor":5,"gold_loss":0}],"is_beta":false,"boss_relics":[],"items_purged_floors":[],"is_endless":false,"potions_floor_spawned":[3,10,11,14],"killed_by":"Slime Boss","ascension_level":9}}