{"host":"Bilverbakes","time":1612565857,"event":{"mods":["2.2 Compatiblity","AchievementEnabler","BaseMod","Bestiary","Colored Map","Minty Spire (QoL Compilation)","Relic Stats","StSLib","ojb\u0027s Info Mod"],"gold_per_floor":[368,668,678,311,322,322,340,374,374,374,387,387,387,407,407,486,486,499,530,530,550,550,575,170,201,201,201,234,250,350,190,190,263,263,282,294,305,317,50,50,60,60,60,95,112,112,112,334,334,334,334,334,334,48,82,82,82],"floor_reached":56,"language":"ENG","playtime":3658,"items_purged":["Strike_G","Defend_G"],"score":1995,"play_id":"8feee2e5-e8c2-4b4e-ac4e-7e33999f3bef","local_time":"20210205165737","is_ascension_mode":true,"campfire_choices":[{"data":"Neutralize","floor":6.0,"key":"SMITH"},{"data":"Caltrops","floor":10.0,"key":"SMITH"},{"data":"Dagger Throw","floor":12.0,"key":"SMITH"},{"data":"Eviscerate","floor":15.0,"key":"SMITH"},{"data":"Concentrate","floor":27.0,"key":"SMITH"},{"floor":32.0,"key":"REST"},{"data":"Finisher","floor":40.0,"key":"SMITH"},{"data":"Reflex","floor":42.0,"key":"SMITH"},{"floor":46.0,"key":"RECALL"},{"data":"Prepared","floor":47.0,"key":"SMITH"},{"data":"Glass Knife","floor":49.0,"key":"SMITH"},{"floor":53.0,"key":"REST"}],"circlet_count":0,"master_deck":["AscendersBane","Defend_G","Defend_G","Defend_G","Survivor","Neutralize+1","Dagger Throw+1","Underhanded Strike","Caltrops+1","Poisoned Stab","Reflex+1","Backstab","Eviscerate+1","Glass Knife+1","Concentrate+1","Slice","Prepared+1","Dagger Throw","PiercingWail+1","Tactician+1","Concentrate+1","Deflect+1","Calculated Gamble+1","Terror+1","Adrenaline+1","Prepared+1","Dagger Spray+1","Prepared+1","Finisher+1","Expertise+1","Sucker Punch+1","Acrobatics+1","Acrobatics+1"],"relics":["Ring of the Snake","Old Coin","Torii","Incense Burner","Thread and Needle","Bag of Preparation","Runic Pyramid","Red Mask","WingedGreaves","InkBottle","Bottled Lightning","Toxic Egg 2","Tiny Chest","Turnip","Gremlin Horn","Astrolabe","HornCleat","Letter Opener","Ornamental Fan"],"acts_visited":["Exordium","TheCity","TheBeyond","TheEnding"],"potions_floor_usage":[56,56],"damage_taken":[{"damage":2.0,"enemies":"2 Louse","floor":1.0,"turns":3.0},{"damage":1.0,"enemies":"Small Slimes","floor":3.0,"turns":3.0},{"damage":1.0,"enemies":"Cultist","floor":5.0,"turns":3.0},{"damage":10.0,"enemies":"Exordium Thugs","floor":7.0,"turns":5.0},{"damage":15.0,"enemies":"3 Sentries","floor":8.0,"turns":12.0},{"damage":1.0,"enemies":"Exordium Wildlife","floor":11.0,"turns":4.0},{"damage":0.0,"enemies":"2 Fungi Beasts","floor":14.0,"turns":3.0},{"damage":10.0,"enemies":"The Guardian","floor":16.0,"turns":11.0},{"damage":9.0,"enemies":"Shell Parasite","floor":18.0,"turns":4.0},{"damage":0.0,"enemies":"Masked Bandits","floor":19.0,"turns":4.0},{"damage":1.0,"enemies":"2 Thieves","floor":21.0,"turns":3.0},{"damage":10.0,"enemies":"Gremlin Leader","floor":23.0,"turns":6.0},{"damage":9.0,"enemies":"Book of Stabbing","floor":25.0,"turns":4.0},{"damage":1.0,"enemies":"Slavers","floor":28.0,"turns":4.0},{"damage":1.0,"enemies":"Centurion and Healer","floor":29.0,"turns":4.0},{"damage":0.0,"enemies":"Colosseum Slavers","floor":30.0,"turns":3.0},{"damage":0.0,"enemies":"Colosseum Nobs","floor":30.0,"turns":5.0},{"damage":12.0,"enemies":"Collector","floor":33.0,"turns":4.0},{"damage":0.0,"enemies":"Orb Walker","floor":35.0,"turns":2.0},{"damage":0.0,"enemies":"3 Darklings","floor":36.0,"turns":4.0},{"damage":1.0,"enemies":"4 Shapes","floor":37.0,"turns":7.0},{"damage":0.0,"enemies":"Jaw Worm Horde","floor":38.0,"turns":2.0},{"damage":0.0,"enemies":"Writhing Mass","floor":41.0,"turns":4.0},{"damage":0.0,"enemies":"Nemesis","floor":44.0,"turns":1.0},{"damage":0.0,"enemies":"Sphere and 2 Shapes","floor":45.0,"turns":2.0},{"damage":1.0,"enemies":"Awakened One","floor":50.0,"turns":7.0},{"damage":34.0,"enemies":"Time Eater","floor":51.0,"turns":6.0},{"damage":0.0,"enemies":"Shield and Spear","floor":55.0,"turns":1.0},{"damage":61,"enemies":"The Heart","floor":56,"turns":6}],"seed_played":"-1220901793744942960","potions_obtained":[{"floor":7.0,"key":"SpeedPotion"},{"floor":8.0,"key":"FearPotion"},{"floor":16.0,"key":"CunningPotion"},{"floor":21.0,"key":"CunningPotion"},{"floor":25.0,"key":"AttackPotion"},{"floor":33.0,"key":"Swift Potion"},{"floor":35.0,"key":"Fire Potion"},{"floor":41.0,"key":"Energy Potion"}],"is_trial":false,"path_per_floor":["M","?","M","$","M","R","M","E","T","R","M","R","?","M","R","B",null,"M","?","?","M","?","E","$","E","T","R","E","M","?","$","R","B",null,"M","M","M","M","$","R","M","R","T","E","M","R","R","?","R","B","B",null,"R","$","E","B"],"character_chosen":"THE_SILENT","items_purchased":["Torii","Caltrops","Dagger Throw","InkBottle","Calculated Gamble+1","Terror+1","HornCleat","LiquidBronze","CultistPotion"],"campfire_rested":2,"item_purchase_floors":[4,4,24,24,31,31,39,54,54],"current_hp_per_floor":[57,46,45,45,44,44,34,19,19,19,18,18,18,18,18,8,47,38,38,38,37,37,27,27,18,18,18,17,16,16,16,34,22,51,51,51,50,50,50,50,50,50,50,50,50,50,50,50,50,49,15,49,60,60,60,0,0],"gold":82,"neow_bonus":"TWO_FIFTY_GOLD","is_daily":false,"chose_seed":false,"campfire_upgraded":9,"win_rate":0.0,"timestamp":1612565857,"path_taken":["M","?","M","$","M","R","M","E","T","R","M","R","?","?","R","BOSS","M","?","?","M","?","E","$","E","T","R","E","?","?","$","R","BOSS","M","M","M","M","$","R","M","R","T","E","M","R","R","?","R","BOSS","BOSS","R","$","E","BOSS"],"items_purchased_type":["Relic","Card","Card","Relic","Card","Card","Relic","Potion","Potion"],"build_version":"2020-12-18","purchased_purges":2,"victory":false,"max_hp_per_floor":[60,60,60,60,60,60,60,60,60,60,60,60,60,60,60,60,60,60,60,60,60,60,60,60,60,60,60,60,60,60,60,60,60,60,60,60,60,60,60,60,60,60,60,60,60,60,60,60,60,60,60,60,60,60,60,60,60],"relic_stats":{"Torii":55,"Gremlin Horn":[17,17],"counters":[29,127],"Ornamental Fan":[16],"Astrolabe":["Prepared","Dagger Spray","Prepared"],"Tiny Chest":0,"Turnip":[2],"Bag of Preparation":[46],"Letter Opener":[188],"obtain_stats":[{"Torii":4,"Gremlin Horn":30,"Astrolabe":34,"Thread and Needle":9,"Incense Burner":8,"Bag of Preparation":13,"Letter Opener":44,"Old Coin":2,"HornCleat":39,"Ornamental Fan":55,"Tiny Chest":28,"WingedGreaves":23,"Turnip":30,"Red Mask":19,"Bottled Lightning":25,"Toxic Egg 2":26,"InkBottle":24,"Ring of the Snake":0,"Runic Pyramid":17},{"Torii":2,"Gremlin Horn":17,"Astrolabe":18,"Thread and Needle":5,"Incense Burner":5,"Bag of Preparation":6,"Letter Opener":24,"Old Coin":1,"HornCleat":22,"Ornamental Fan":28,"Tiny Chest":14,"WingedGreaves":12,"Turnip":17,"Red Mask":10,"Bottled Lightning":13,"Toxic Egg 2":13,"InkBottle":12,"Ring of the Snake":0,"Runic Pyramid":8},{"Torii":6,"Gremlin Horn":81,"Astrolabe":85,"Thread and Needle":26,"Incense Burner":26,"Bag of Preparation":30,"Letter Opener":105,"Old Coin":3,"HornCleat":100,"Ornamental Fan":121,"Tiny Chest":69,"WingedGreaves":61,"Turnip":81,"Red Mask":52,"Bottled Lightning":65,"Toxic Egg 2":65,"InkBottle":61,"Ring of the Snake":0,"Runic Pyramid":44}],"InkBottle":[52],"Ring of the Snake":[58]},"card_choices":[{"not_picked":["Slice","Backflip"],"picked":"Dagger Throw","floor":1.0},{"not_picked":["Flying Knee","Backflip"],"picked":"Underhanded Strike","floor":3.0},{"not_picked":["Sucker Punch","Expertise"],"picked":"Poisoned Stab","floor":5.0},{"not_picked":["Expertise","Concentrate"],"picked":"Reflex","floor":7.0},{"not_picked":["Skewer","Caltrops"],"picked":"Backstab","floor":8.0},{"not_picked":["Catalyst","Riddle With Holes","Distraction"],"picked":"SKIP","floor":11.0},{"not_picked":["Acrobatics","Flying Knee"],"picked":"Eviscerate","floor":14.0},{"not_picked":["Burst","Envenom"],"picked":"Glass Knife","floor":16.0},{"not_picked":["Bouncing Flask","Prepared"],"picked":"Concentrate","floor":18.0},{"not_picked":["Footwork","Cloak And Dagger","Dash"],"picked":"SKIP","floor":21.0},{"not_picked":["Dodge and Roll","Well Laid Plans+1"],"picked":"Prepared","floor":23.0},{"not_picked":["Corpse Explosion","Riddle With Holes"],"picked":"PiercingWail+1","floor":25.0},{"not_picked":["Quick Slash+1","Dodge and Roll+1"],"picked":"Tactician+1","floor":28.0},{"not_picked":["Underhanded Strike","Quick Slash"],"picked":"Concentrate+1","floor":29.0},{"not_picked":["Flying Knee","Slice+1"],"picked":"Deflect+1","floor":30.0},{"not_picked":["Die Die Die","Corpse Explosion+1"],"picked":"Adrenaline+1","floor":33.0},{"not_picked":["Distraction+1","Slice"],"picked":"Finisher","floor":35.0},{"not_picked":["Well Laid Plans+1","Flying Knee"],"picked":"Expertise+1","floor":36.0},{"not_picked":["Poisoned Stab","Catalyst+1"],"picked":"Sucker Punch+1","floor":37.0},{"not_picked":["Outmaneuver+1","Dodge and Roll+1"],"picked":"Acrobatics+1","floor":38.0},{"not_picked":["Underhanded Strike","Poisoned Stab+1"],"picked":"Acrobatics+1","floor":41.0},{"not_picked":["Distraction+1","Riddle With Holes","Bullet Time+1"],"picked":"SKIP","floor":44.0},{"not_picked":["Deadly Poison+1","Backflip+1","Caltrops+1"],"picked":"SKIP","floor":45.0},{"not_picked":["Deadly Poison+1","Backflip+1","Caltrops+1"],"picked":"SKIP","floor":45.0},{"not_picked":["Deadly Poison+1","Backflip+1","Caltrops+1"],"picked":"SKIP","floor":45.0},{"not_picked":["Dodge and Roll+1","Predator","Outmaneuver+1"],"picked":"SKIP","floor":55.0}],"player_experience":903661,"relics_obtained":[{"floor":8.0,"key":"Incense Burner"},{"floor":9.0,"key":"Thread and Needle"},{"floor":19.0,"key":"Red Mask"},{"floor":23.0,"key":"WingedGreaves"},{"floor":25.0,"key":"Bottled Lightning"},{"floor":26.0,"key":"Toxic Egg 2"},{"floor":28.0,"key":"Tiny Chest"},{"floor":30.0,"key":"Turnip"},{"floor":30.0,"key":"Gremlin Horn"},{"floor":44.0,"key":"Letter Opener"},{"floor":55.0,"key":"Ornamental Fan"}],"event_choices":[{"damage_healed":0.0,"max_hp_gain":0.0,"max_hp_loss":0.0,"gold_gain":0.0,"event_name":"Scrap Ooze","player_choice":"Success","floor":2.0,"gold_loss":0.0,"damage_taken":11.0,"relics_obtained":["Old Coin"]},{"damage_healed":0.0,"max_hp_gain":0.0,"max_hp_loss":0.0,"gold_gain":0.0,"event_name":"WeMeetAgain","player_choice":"Gave Potion","floor":13.0,"gold_loss":0.0,"damage_taken":0.0,"relics_obtained":["Bag of Preparation"]},{"damage_healed":0.0,"max_hp_gain":0.0,"max_hp_loss":0.0,"gold_gain":0.0,"event_name":"Masked Bandits","player_choice":"Fought Bandits","floor":19.0,"gold_loss":0.0,"damage_taken":0.0},{"damage_healed":0.0,"max_hp_gain":0.0,"max_hp_loss":0.0,"gold_gain":0.0,"cards_transformed":["Strike_G","Strike_G"],"event_name":"Drug Dealer","player_choice":"Became Test Subject","floor":20.0,"gold_loss":0.0,"damage_taken":0.0,"cards_obtained":["Well Laid Plans","Slice"]},{"cards_removed":["Well Laid Plans"],"damage_healed":0.0,"max_hp_gain":0.0,"max_hp_loss":0.0,"gold_gain":0.0,"event_name":"Purifier","player_choice":"Purged","floor":22.0,"gold_loss":0.0,"damage_taken":0.0},{"damage_healed":0.0,"max_hp_gain":0.0,"max_hp_loss":0.0,"gold_gain":0.0,"event_name":"Colosseum","player_choice":"Fight","floor":30.0,"gold_loss":0.0,"damage_taken":0.0},{"damage_healed":0.0,"max_hp_gain":0.0,"max_hp_loss":0.0,"gold_gain":0.0,"event_name":"Colosseum","player_choice":"Fought Nobs","floor":30.0,"gold_loss":0.0,"damage_taken":0.0},{"damage_healed":0.0,"max_hp_gain":0.0,"max_hp_loss":0.0,"gold_gain":222.0,"event_name":"Tomb of Lord Red Mask","player_choice":"Wore Mask","floor":48.0,"gold_loss":0.0,"damage_taken":0.0}],"is_beta":true,"boss_relics":[{"not_picked":["Fusion Hammer","Coffee Dripper"],"picked":"Runic Pyramid"},{"not_picked":["Sozu","Philosopher\u0027s Stone"],"picked":"Astrolabe"}],"items_purged_floors":[24,54],"is_endless":false,"potions_floor_spawned":[7,8,16,21,25,28,33,35,41,44],"killed_by":"The Heart","ascension_level":20}}