{"host":"ul3z8ex5o8l5j7mh","time":1612557560,"event":{"mods":["AchievementEnabler","BaseMod","Colored Map","Colored Powertips","DeckTracker","Minty Spire (QoL Compilation)","SuperFastMode"],"gold_per_floor":[114,5,19,19,68,103,103,129,129,129,147,166,179,209,209,313,313,330,149,163,11,29,29,54,68,116,148,23,23,38,38,38,133,133,146,160,180,30,41,41,41,41,41,56,106,106,116,166,166,166,166,166,10,37,37,37],"floor_reached":55,"language":"ENG","playtime":2240,"items_purged":["Strike_R","Strike_R","Defend_R","Strike_R+1"],"score":882,"play_id":"10c591bb-6db5-4a14-bc5a-08516bda9fa5","local_time":"20210205213920","is_ascension_mode":true,"campfire_choices":[{"data":"Anger","floor":7.0,"key":"SMITH"},{"floor":10.0,"key":"RECALL"},{"data":"Limit Break","floor":15.0,"key":"SMITH"},{"floor":23.0,"key":"REST"},{"floor":32.0,"key":"REST"},{"floor":40.0,"key":"REST"},{"floor":42.0,"key":"REST"},{"data":"Demon Form","floor":46.0,"key":"SMITH"},{"data":"Armaments","floor":49.0,"key":"SMITH"},{"data":"Flame Barrier","floor":52.0,"key":"SMITH"}],"circlet_count":0,"master_deck":["Strike_R+1","Strike_R+1","Defend_R+1","Defend_R+1","Defend_R+1","Bash","Clothesline","Uppercut+1","Carnage+1","Anger+1","Battle Trance","Limit Break+1","Heavy Blade","Inflame","Demon Form+1","Armaments+1","Flame Barrier+1","Rampage","Shockwave+1","Clash","Uppercut","Anger","Carnage+1","Cleave+1","Inflame","Inflame+1"],"relics":["Burning Blood","NeowsBlessing","PreservedInsect","Gambling Chip","Regal Pillow","Vajra","Mark of Pain","Lantern","Pantograph","Bronze Scales","Whetstone","Busted Crown","Omamori","Prayer Wheel","Champion Belt","Frozen Eye","Nunchaku"],"acts_visited":["Exordium","TheCity","TheBeyond","TheEnding"],"potions_floor_usage":[],"damage_taken":[{"damage":0.0,"enemies":"Cultist","floor":1.0,"turns":1.0},{"damage":1.0,"enemies":"2 Louse","floor":3.0,"turns":2.0},{"damage":0.0,"enemies":"Gremlin Nob","floor":6.0,"turns":1.0},{"damage":8.0,"enemies":"Lagavulin","floor":8.0,"turns":3.0},{"damage":9.0,"enemies":"Jaw Worm","floor":11.0,"turns":2.0},{"damage":17.0,"enemies":"3 Louse","floor":12.0,"turns":3.0},{"damage":0.0,"enemies":"Exordium Wildlife","floor":13.0,"turns":2.0},{"damage":11.0,"enemies":"Gremlin Nob","floor":14.0,"turns":3.0},{"damage":0.0,"enemies":"Slime Boss","floor":16.0,"turns":6.0},{"damage":11.0,"enemies":"Spheric Guardian","floor":18.0,"turns":3.0},{"damage":12.0,"enemies":"2 Thieves","floor":20.0,"turns":5.0},{"damage":25.0,"enemies":"Cultist and Chosen","floor":22.0,"turns":7.0},{"damage":40.0,"enemies":"Slavers","floor":24.0,"turns":5.0},{"damage":16.0,"enemies":"Centurion and Healer","floor":25.0,"turns":6.0},{"damage":0.0,"enemies":"Gremlin Leader","floor":27.0,"turns":3.0},{"damage":13.0,"enemies":"Snecko","floor":30.0,"turns":2.0},{"damage":22.0,"enemies":"Champ","floor":33.0,"turns":6.0},{"damage":24.0,"enemies":"3 Shapes","floor":35.0,"turns":4.0},{"damage":7.0,"enemies":"Orb Walker","floor":36.0,"turns":2.0},{"damage":17.0,"enemies":"3 Darklings","floor":37.0,"turns":5.0},{"damage":42.0,"enemies":"Writhing Mass","floor":39.0,"turns":5.0},{"damage":10.0,"enemies":"Spire Growth","floor":44.0,"turns":3.0},{"damage":38.0,"enemies":"2 Orb Walkers","floor":45.0,"turns":4.0},{"damage":18.0,"enemies":"4 Shapes","floor":47.0,"turns":3.0},{"damage":18.0,"enemies":"Mind Bloom Boss Battle","floor":48.0,"turns":4.0},{"damage":39.0,"enemies":"Time Eater","floor":50.0,"turns":6.0},{"damage":39.0,"enemies":"Shield and Spear","floor":54.0,"turns":6.0},{"damage":73,"enemies":"The Heart","floor":55,"turns":3}],"seed_played":"-4749820407656921062","potions_obtained":[{"floor":3.0,"key":"Energy Potion"},{"floor":6.0,"key":"SteroidPotion"},{"floor":8.0,"key":"Regen Potion"},{"floor":14.0,"key":"BlessingOfTheForge"},{"floor":18.0,"key":"Dexterity Potion"},{"floor":20.0,"key":"Weak Potion"},{"floor":25.0,"key":"Energy Potion"},{"floor":36.0,"key":"LiquidBronze"},{"floor":37.0,"key":"Dexterity Potion"},{"floor":45.0,"key":"PowerPotion"},{"floor":47.0,"key":"SteroidPotion"},{"floor":48.0,"key":"Explosive Potion"}],"is_trial":false,"path_per_floor":["M","$","M","$","T","E","R","E","T","R","M","M","M","E","R","B",null,"M","$","M","$","M","R","E","M","T","E","$","?","M","?","R","B",null,"M","M","M","$","M","R","?","R","T","M","?","R","M","?","R","B",null,"R","$","E","B"],"character_chosen":"IRONCLAD","items_purchased":["Uppercut","Flame Barrier","Lantern","Frozen Eye"],"campfire_rested":4,"item_purchase_floors":[2,19,21,53],"current_hp_per_floor":[80,80,80,80,80,80,80,78,78,78,75,64,70,70,70,76,80,75,75,69,69,50,80,46,36,36,42,42,42,35,35,74,64,80,62,61,50,50,14,53,53,80,80,76,44,44,32,45,45,37,80,80,80,47,0,0],"gold":37,"neow_bonus":"THREE_ENEMY_KILL","is_daily":false,"chose_seed":false,"campfire_upgraded":5,"win_rate":0.0,"timestamp":1612557560,"path_taken":["M","$","M","?","?","E","R","E","T","R","M","M","M","E","R","BOSS","M","$","?","$","M","R","E","M","T","E","$","?","M","?","R","BOSS","M","M","M","$","M","R","?","R","T","M","?","R","M","?","R","BOSS","R","$","E","BOSS"],"items_purchased_type":["Card","Card","Relic","Relic"],"build_version":"2020-12-22","purchased_purges":4,"victory":false,"max_hp_per_floor":[80,80,80,80,80,80,80,80,80,80,80,80,80,80,80,80,80,80,80,80,80,80,80,80,80,80,80,80,80,80,80,80,80,80,80,80,80,80,80,80,80,80,80,80,80,80,80,80,80,80,80,80,80,80,80,80],"card_choices":[{"not_picked":["Body Slam","True Grit"],"picked":"Clothesline","floor":1.0},{"not_picked":["Power Through","Wild Strike"],"picked":"Carnage","floor":3.0},{"not_picked":["Cleave","Reckless Charge"],"picked":"Anger","floor":6.0},{"not_picked":["Havoc","Iron Wave"],"picked":"Battle Trance","floor":8.0},{"not_picked":["True Grit","Perfected Strike","Body Slam"],"picked":"SKIP","floor":11.0},{"not_picked":["Burning Pact","Body Slam"],"picked":"Limit Break","floor":12.0},{"not_picked":["Ghostly Armor","Wild Strike"],"picked":"Heavy Blade","floor":13.0},{"not_picked":["Immolate","Bloodletting"],"picked":"Inflame","floor":14.0},{"not_picked":["Brutality","Barricade"],"picked":"Demon Form","floor":16.0},{"not_picked":["Clothesline","Burning Pact"],"picked":"Armaments","floor":18.0},{"not_picked":["Entrench","Power Through","Havoc+1"],"picked":"SKIP","floor":20.0},{"not_picked":["Clothesline+1","Body Slam+1"],"picked":"Rampage","floor":22.0},{"not_picked":["Pommel Strike","Havoc+1"],"picked":"Shockwave+1","floor":24.0},{"not_picked":["Shockwave","Pommel Strike"],"picked":"Clash","floor":25.0},{"not_picked":["Clothesline","Wild Strike"],"picked":"Uppercut","floor":27.0},{"not_picked":["Uppercut+1","Blood for Blood"],"picked":"Anger","floor":30.0},{"not_picked":[],"picked":"Carnage+1","floor":35.0},{"not_picked":[],"picked":"Cleave+1","floor":36.0},{"not_picked":["Flex+1"],"picked":"SKIP","floor":37.0},{"not_picked":["Whirlwind"],"picked":"SKIP","floor":39.0},{"not_picked":[],"picked":"Inflame","floor":44.0},{"not_picked":[],"picked":"Inflame+1","floor":47.0},{"not_picked":["Pommel Strike+1"],"picked":"SKIP","floor":47.0},{"not_picked":["True Grit+1"],"picked":"SKIP","floor":54.0}],"player_experience":317395,"relics_obtained":[{"floor":5.0,"key":"PreservedInsect"},{"floor":6.0,"key":"Gambling Chip"},{"floor":8.0,"key":"Regal Pillow"},{"floor":14.0,"key":"Vajra"},{"floor":24.0,"key":"Pantograph"},{"floor":26.0,"key":"Bronze Scales"},{"floor":27.0,"key":"Whetstone"},{"floor":43.0,"key":"Omamori"},{"floor":45.0,"key":"Prayer Wheel"},{"floor":48.0,"key":"Champion Belt"},{"floor":54.0,"key":"Nunchaku"}],"event_choices":[{"damage_healed":0.0,"max_hp_gain":0.0,"max_hp_loss":0.0,"gold_gain":0.0,"event_name":"Ghosts","player_choice":"Ignored","floor":29.0,"gold_loss":0.0,"damage_taken":0.0},{"damage_healed":0.0,"max_hp_gain":0.0,"max_hp_loss":0.0,"gold_gain":0.0,"event_name":"Back to Basics","player_choice":"Simplicity","floor":31.0,"gold_loss":0.0,"damage_taken":0.0,"cards_upgraded":["Strike_R","Strike_R","Strike_R","Defend_R","Defend_R","Defend_R"]},{"damage_healed":0.0,"max_hp_gain":0.0,"max_hp_loss":0.0,"gold_gain":0.0,"event_name":"SensoryStone","player_choice":"Memory 1","floor":41.0,"gold_loss":0.0,"damage_taken":0.0},{"damage_healed":0.0,"max_hp_gain":0.0,"max_hp_loss":0.0,"gold_gain":0.0,"event_name":"Mysterious Sphere","player_choice":"Fight","floor":45.0,"gold_loss":0.0,"damage_taken":0.0},{"damage_healed":0.0,"max_hp_gain":0.0,"max_hp_loss":0.0,"gold_gain":0.0,"event_name":"MindBloom","player_choice":"Fight","floor":48.0,"gold_loss":0.0,"damage_taken":0.0}],"is_beta":false,"boss_relics":[{"not_picked":["Empty Cage","SlaversCollar"],"picked":"Mark of Pain"},{"not_picked":["SacredBark","Snecko Eye"],"picked":"Busted Crown"}],"items_purged_floors":[2,19,28,38],"is_endless":false,"potions_floor_spawned":[3,6,8,14,18,20,25,36,37,45,47,48],"killed_by":"The Heart","ascension_level":2}}