{"host":"nolo0osttpwefhwj","time":1612554607,"event":{"mods":["AchievementEnabler","BaseMod","Bestiary","Colored Powertips","Minty Spire (QoL Compilation)","Permanent Neow","Quick Restart","Relic Stats"],"gold_per_floor":[109,126,139,159,9,35,47,47,47,67,67,67,94,107,107,184,184,202,219,230,145,195,223,235,235,235,235,269,269,296,22,22,22,22],"floor_reached":33,"language":"ENG","playtime":1342,"items_purged":["Strike_R","Strike_R"],"score":636,"play_id":"17fbd2f1-ae33-4a4e-9be5-c8cdc0b75f7d","local_time":"20210205205007","is_ascension_mode":true,"campfire_choices":[{"data":"Immolate","floor":8.0,"key":"SMITH"},{"data":"Flame Barrier","floor":15.0,"key":"SMITH"},{"data":"Demon Form","floor":25.0,"key":"SMITH"},{"data":"Bash","floor":27.0,"key":"SMITH"},{"data":"Heavy Blade","floor":32.0,"key":"SMITH"}],"circlet_count":0,"master_deck":["AscendersBane","Strike_R+1","Strike_R","Strike_R","Defend_R+1","Defend_R","Defend_R+1","Defend_R+1","Bash+1","Cleave","Twin Strike","Immolate+1","Sword Boomerang","Sword Boomerang","Flame Barrier+1","Clothesline","Demon Form+1","Pommel Strike+1","Whirlwind","Whirlwind+1","Heavy Blade+1","Pommel Strike+1","Reaper","Evolve+1"],"relics":["Burning Blood","Turnip","The Courier","Magic Flower","Pantograph","Snecko Eye","Gremlin Horn","FossilizedHelix","War Paint","Vajra","Frozen Egg 2"],"acts_visited":["Exordium","TheCity"],"potions_floor_usage":[],"damage_taken":[{"damage":6.0,"enemies":"Cultist","floor":1.0,"turns":3.0},{"damage":4.0,"enemies":"Jaw Worm","floor":2.0,"turns":5.0},{"damage":3.0,"enemies":"2 Louse","floor":3.0,"turns":3.0},{"damage":2.0,"enemies":"2 Fungi Beasts","floor":4.0,"turns":5.0},{"damage":15.0,"enemies":"3 Sentries","floor":6.0,"turns":4.0},{"damage":8.0,"enemies":"Exordium Thugs","floor":7.0,"turns":2.0},{"damage":12.0,"enemies":"Looter","floor":10.0,"turns":3.0},{"damage":18.0,"enemies":"Gremlin Nob","floor":13.0,"turns":3.0},{"damage":7.0,"enemies":"Blue Slaver","floor":14.0,"turns":4.0},{"damage":29.0,"enemies":"Hexaghost","floor":16.0,"turns":13.0},{"damage":0.0,"enemies":"Chosen","floor":18.0,"turns":3.0},{"damage":0.0,"enemies":"Spheric Guardian","floor":19.0,"turns":3.0},{"damage":19.0,"enemies":"Centurion and Healer","floor":20.0,"turns":6.0},{"damage":31.0,"enemies":"Book of Stabbing","floor":23.0,"turns":5.0},{"damage":0.0,"enemies":"3 Cultists","floor":24.0,"turns":2.0},{"damage":0.0,"enemies":"Gremlin Leader","floor":28.0,"turns":3.0},{"damage":0.0,"enemies":"Cultist and Chosen","floor":29.0,"turns":3.0},{"damage":29.0,"enemies":"Slavers","floor":30.0,"turns":4.0},{"damage":33,"enemies":"Champ","floor":33,"turns":7}],"seed_played":"709687720016571934","potions_obtained":[{"floor":2.0,"key":"Fire Potion"},{"floor":6.0,"key":"Explosive Potion"},{"floor":13.0,"key":"HeartOfIron"},{"floor":14.0,"key":"SpeedPotion"},{"floor":16.0,"key":"SkillPotion"},{"floor":23.0,"key":"Strength Potion"},{"floor":24.0,"key":"SmokeBomb"}],"is_trial":false,"path_per_floor":["M","M","M","M","$","E","M","R","T","M","?","?","E","M","R","B",null,"M","M","M","?","?","E","M","R","T","R","E","M","E","$","R","B"],"character_chosen":"IRONCLAD","items_purchased":["Immolate","Reaper","Evolve+1"],"campfire_rested":0,"item_purchase_floors":[5,31,31],"current_hp_per_floor":[68,68,68,68,68,59,57,57,57,51,31,31,22,24,24,42,62,68,68,58,58,58,36,45,45,45,45,54,63,43,43,43,35,35],"gold":22,"neow_bonus":"ONE_RARE_RELIC","is_daily":false,"chose_seed":false,"campfire_upgraded":5,"win_rate":0.0,"timestamp":1612554607,"path_taken":["M","M","?","M","$","E","M","R","T","M","?","?","E","M","R","BOSS","M","M","M","?","?","E","M","R","T","R","E","M","E","$","R","BOSS"],"items_purchased_type":["Card","Card","Card"],"build_version":"2020-12-22","purchased_purges":2,"victory":false,"max_hp_per_floor":[68,68,68,68,68,68,68,68,68,68,68,68,68,68,68,68,68,68,68,68,68,68,68,68,68,68,68,68,68,68,68,68,68,68],"relic_stats":{"Gremlin Horn":[7,7],"counters":[19,81],"Pantograph":63,"Magic Flower":[40],"Snecko Eye":[46,59,74,65],"Turnip":[10],"War Paint":["Defend_R","Defend_R"],"obtain_stats":[{"Gremlin Horn":21,"Pantograph":13,"Magic Flower":12,"Snecko Eye":17,"Vajra":28,"Turnip":0,"The Courier":6,"War Paint":26,"Frozen Egg 2":30,"Burning Blood":0,"FossilizedHelix":23},{"Gremlin Horn":13,"Pantograph":8,"Magic Flower":7,"Snecko Eye":10,"Vajra":16,"Turnip":0,"The Courier":5,"War Paint":15,"Frozen Egg 2":18,"Burning Blood":0,"FossilizedHelix":14},{"Gremlin Horn":57,"Pantograph":28,"Magic Flower":25,"Snecko Eye":45,"Vajra":67,"Turnip":0,"The Courier":20,"War Paint":64,"Frozen Egg 2":74,"Burning Blood":0,"FossilizedHelix":62}],"Burning Blood":120},"card_choices":[{"not_picked":["Clash","Power Through","Sentinel"],"picked":"SKIP","floor":1.0},{"not_picked":["Perfected Strike","Havoc"],"picked":"Cleave","floor":2.0},{"not_picked":["Perfected Strike","Wild Strike","Pummel"],"picked":"SKIP","floor":3.0},{"not_picked":["Perfected Strike","Wild Strike","Pummel"],"picked":"SKIP","floor":3.0},{"not_picked":["Warcry","Clash"],"picked":"Twin Strike","floor":4.0},{"not_picked":["Flex","Feel No Pain"],"picked":"Sword Boomerang","floor":6.0},{"not_picked":["Dark Embrace","Havoc"],"picked":"Sword Boomerang","floor":7.0},{"not_picked":["Headbutt","Infernal Blade"],"picked":"Flame Barrier","floor":10.0},{"not_picked":["Thunderclap","Rupture","Juggernaut"],"picked":"SKIP","floor":13.0},{"not_picked":["Perfected Strike","Seeing Red"],"picked":"Clothesline","floor":14.0},{"not_picked":["Limit Break","Berserk"],"picked":"Demon Form","floor":16.0},{"not_picked":["Clothesline","Havoc","Pommel Strike"],"picked":"SKIP","floor":18.0},{"not_picked":["Rage","Cleave+1"],"picked":"Pommel Strike+1","floor":19.0},{"not_picked":["Hemokinesis","Uppercut"],"picked":"Whirlwind","floor":20.0},{"not_picked":["Flex","Wild Strike"],"picked":"Whirlwind+1","floor":23.0},{"not_picked":["Second Wind+1","Warcry"],"picked":"Heavy Blade","floor":24.0},{"not_picked":["Power Through","Headbutt","Reckless Charge+1"],"picked":"SKIP","floor":28.0},{"not_picked":["Shrug It Off","Perfected Strike"],"picked":"Pommel Strike+1","floor":30.0}],"player_experience":305603,"relics_obtained":[{"floor":6.0,"key":"The Courier"},{"floor":13.0,"key":"Pantograph"},{"floor":23.0,"key":"FossilizedHelix"},{"floor":26.0,"key":"War Paint"},{"floor":28.0,"key":"Vajra"},{"floor":30.0,"key":"Frozen Egg 2"}],"event_choices":[{"damage_healed":0.0,"max_hp_gain":0.0,"max_hp_loss":0.0,"gold_gain":0.0,"event_name":"Shining Light","player_choice":"Entered Light","floor":11.0,"gold_loss":0.0,"damage_taken":20.0,"cards_upgraded":["Defend_R","Strike_R"]},{"damage_healed":0.0,"max_hp_gain":0.0,"max_hp_loss":0.0,"gold_gain":0.0,"event_name":"Dead Adventurer","player_choice":"Searched \u00271\u0027 times","floor":12.0,"gold_loss":0.0,"damage_taken":0.0,"relics_obtained":["Magic Flower"]},{"damage_healed":0.0,"max_hp_gain":0.0,"max_hp_loss":0.0,"gold_gain":0.0,"event_name":"Addict","player_choice":"Obtained Relic","floor":21.0,"gold_loss":85.0,"damage_taken":0.0,"relics_obtained":["Gremlin Horn"]},{"damage_healed":0.0,"max_hp_gain":0.0,"max_hp_loss":0.0,"gold_gain":50.0,"event_name":"Nest","player_choice":"Stole From Cult","floor":22.0,"gold_loss":0.0,"damage_taken":0.0}],"is_beta":false,"boss_relics":[{"not_picked":["Pandora\u0027s Box","Astrolabe"],"picked":"Snecko Eye"}],"items_purged_floors":[5,31],"is_endless":false,"potions_floor_spawned":[2,6,13,14,16,23,24,29],"killed_by":"Champ","ascension_level":17}}