{"host":"9nzcajyrup44vdvf","time":1612527782,"event":{"mods":["2.2 Compatiblity","AchievementEnabler","AlwaysNeverKeys","BaseMod","Curses Come First","Downfall","Googly Eyes","Minty Spire (QoL Compilation)","Permanent Neow","Relic Stats","StSLib","SuperFastMode","everything is the same but u backflip on backflip","slay the spire mod where everything is the same but ironclad has a cowboy hat"],"gold_per_floor":[99,116,116,131,145,162,232,245,245,257,257,272,272,372,390,493,493,493,507,507,522,534,634,634,665,677,58,58,58,58,43,53,53,53,53],"floor_reached":33,"language":"ENG","playtime":3156,"items_purged":["downfall:Haunted"],"score":286,"play_id":"bef2d15b-c547-4668-b612-4c7d34356de9","local_time":"20210205132302","is_ascension_mode":false,"campfire_choices":[{"data":"Guardian:SphericShield","floor":1.0,"key":"SMITH"},{"data":"Guardian:DecasProtection","floor":11.0,"key":"SMITH"},{"data":"Guardian:SentryBeam","floor":13.0,"key":"SMITH"},{"floor":18,"key":"RECALL"},{"floor":30,"key":"DIG"}],"circlet_count":0,"master_deck":["Guardian:Defend_Guardian","Guardian:Defend_Guardian","Guardian:CurlUp","Guardian:TwinSlam","Guardian:SphericShield+1","Guardian:Reroute","Guardian:SpikerProtocol","Guardian:DecasProtection+1","Guardian:SentryBeam+1","Guardian:Recover","Guardian:BaubleBeam+1","Guardian:GuardianWhirl+1","Guardian:TimeBomb+1","Guardian:BronzeOrb","Guardian:MultiBeam+1","Guardian:Preprogram","downfall:Haunted","Injury","Guardian:Preprogram","Guardian:DonusPower","Guardian:FastForward","expansioncontent:QuickStudy","Guardian:TimeCapacitor","Guardian:BronzeOrb","Guardian:RollAttack","Slimebound:Tackle+1","Slimebound:Tackle+1","Slimebound:Tackle+1","Pride","Guardian:Gem_Red","Guardian:BronzeArmor"],"relics":["Guardian:ModeShifter","Meat on the Bone","Astrolabe","Darkstone Periapt","Centennial Puzzle","Bronze Scales","Shovel","Ancient Tea Set"],"acts_visited":["Exordium","TheCity"],"potions_floor_usage":[],"damage_taken":[{"damage":0.0,"enemies":"2 Louse","floor":2.0,"turns":4.0},{"damage":2.0,"enemies":"Cultist","floor":4.0,"turns":5.0},{"damage":6.0,"enemies":"Jaw Worm","floor":5.0,"turns":4.0},{"damage":12.0,"enemies":"2 Fungi Beasts","floor":6.0,"turns":4.0},{"damage":9.0,"enemies":"3 Louse","floor":8.0,"turns":3.0},{"damage":8.0,"enemies":"Red Slaver","floor":10.0,"turns":4.0},{"damage":10.0,"enemies":"3 Louse","floor":12.0,"turns":3.0},{"damage":0,"enemies":"Large Slime","floor":15,"turns":5},{"damage":27,"enemies":"WA_ARCHETYPE_RETAIN","floor":16,"turns":10},{"damage":6,"enemies":"Shell Parasite","floor":19,"turns":4},{"damage":14,"enemies":"Shelled Parasite and Fungi","floor":21,"turns":5},{"damage":12,"enemies":"Centurion and Healer","floor":22,"turns":6},{"damage":12,"enemies":"Book of Stabbing","floor":25,"turns":5},{"damage":5,"enemies":"Snake Plant","floor":26,"turns":4},{"damage":5,"enemies":"downfall:FleeingMerchant","floor":27,"turns":4},{"damage":13,"enemies":"downfall:FleeingMerchant","floor":31,"turns":4},{"damage":0,"enemies":"Snecko","floor":32,"turns":4},{"damage":64,"enemies":"IC_MUSHROOM_ARCHETYPE","floor":33,"turns":8}],"seed_played":"4278621648949726871","potions_obtained":[{"floor":6.0,"key":"SmokeBomb"},{"floor":8.0,"key":"Dexterity Potion"},{"floor":10.0,"key":"SmokeBomb"},{"floor":15,"key":"Guardian:AcceleratePotion"},{"floor":19,"key":"Guardian:AcceleratePotion"},{"floor":25,"key":"ColorlessPotion"}],"is_trial":false,"path_per_floor":["R","M","?","M","M","M","T","M","?","M","R","M","R","?","M","B",null,"R","M","?","M","M","?","T","E","M","$","?","?","R","$","M","B"],"character_chosen":"GUARDIAN","items_purchased":["expansioncontent:QuickStudy","Guardian:TimeCapacitor","Guardian:BronzeOrb","Guardian:RollAttack","Bronze Scales"],"campfire_rested":0,"item_purchase_floors":[27,27,27,27,27],"current_hp_per_floor":[80,80,80,78,72,60,60,51,33,37,37,39,39,39,51,36,80,80,74,74,60,48,66,66,54,61,56,56,62,62,61,61,0,0,0],"gold":53,"neow_bonus":"ONE_RANDOM_RARE_CARD","is_daily":false,"chose_seed":false,"campfire_upgraded":3,"win_rate":0.0,"timestamp":1612527782,"path_taken":["R","M","?","?","?","M","T","M","?","M","R","M","R","?","M","BOSS","R","M","?","?","M","?","T","E","M","$","?","?","R","$","M","BOSS"],"items_purchased_type":["Card","Card","Card","Card","Relic"],"build_version":"2020-12-22","purchased_purges":1,"victory":false,"max_hp_per_floor":[80,80,80,80,80,80,80,80,80,80,80,80,80,80,80,80,80,80,80,80,80,80,98,98,98,98,98,98,104,104,104,104,104,104,104],"relic_stats":{"Darkstone Periapt":24,"Centennial Puzzle":[12],"Shovel":1,"counters":[18,86],"Astrolabe":["Guardian:BaubleBeam","Guardian:GuardianWhirl","Guardian:TimeBomb"],"Bronze Scales":[47],"obtain_stats":[{"Darkstone Periapt":23,"Centennial Puzzle":25,"Shovel":29,"Astrolabe":17,"Bronze Scales":27,"Guardian:ModeShifter":0,"Ancient Tea Set":30,"Meat on the Bone":7},{"Darkstone Periapt":12,"Centennial Puzzle":13,"Shovel":15,"Astrolabe":9,"Bronze Scales":15,"Guardian:ModeShifter":0,"Ancient Tea Set":15,"Meat on the Bone":4},{"Darkstone Periapt":57,"Centennial Puzzle":62,"Shovel":70,"Astrolabe":42,"Bronze Scales":70,"Guardian:ModeShifter":0,"Ancient Tea Set":70,"Meat on the Bone":17}],"Meat on the Bone":72},"card_choices":[{"not_picked":["Guardian:Incinerate","Guardian:PiercingHide"],"picked":"Guardian:Reroute","floor":2.0},{"not_picked":["Guardian:ShieldCharger","Guardian:ShieldSpikes"],"picked":"Guardian:TemporalStrike","floor":4.0},{"not_picked":["Guardian:RollAttack","Guardian:Reroute"],"picked":"Guardian:Gem_Purple","floor":5.0},{"not_picked":["Guardian:Planning","Guardian:FastForward"],"picked":"Guardian:Gem_Red","floor":6.0},{"not_picked":["Guardian:TemporalShield","Guardian:Harden"],"picked":"Guardian:SpikerProtocol","floor":8.0},{"not_picked":["Guardian:ChargeCore","Guardian:Gem_Cyan"],"picked":"Guardian:DecasProtection","floor":10.0},{"not_picked":["Guardian:WalkerClaw","Guardian:Gem_Purple"],"picked":"Guardian:SentryBeam","floor":12.0},{"not_picked":["Guardian:PiercingHide","Guardian:VentSteam"],"picked":"Guardian:Recover","floor":15},{"not_picked":["Guardian:ConstructionForm","Guardian:StasisField"],"picked":"Guardian:Gem_Orange","floor":16},{"not_picked":["Guardian:ShieldSpikes","Guardian:TemporalStrike+1"],"picked":"Guardian:BronzeOrb","floor":19},{"not_picked":["Guardian:Recover","Guardian:RefractedBeam"],"picked":"Guardian:MultiBeam+1","floor":21},{"not_picked":["Guardian:DecasProtection","Guardian:Gem_Fragmented"],"picked":"Guardian:Preprogram","floor":22},{"not_picked":["Guardian:ChargeCore","Guardian:Reroute"],"picked":"Guardian:Preprogram","floor":25},{"not_picked":["Guardian:TemporalShield+1","Guardian:TemporalStrike+1"],"picked":"Guardian:DonusPower","floor":26},{"not_picked":["Guardian:Gem_Fragmented","Guardian:ShieldCharger"],"picked":"Guardian:FastForward","floor":27},{"not_picked":["Guardian:CrystalBeam","Guardian:Emergency"],"picked":"Guardian:Gem_Red","floor":31},{"not_picked":["Guardian:MultiBeam","Guardian:Recover"],"picked":"Guardian:BronzeArmor","floor":32}],"player_experience":449004,"relics_obtained":[{"floor":7.0,"key":"Meat on the Bone"},{"floor":25,"key":"Centennial Puzzle"},{"floor":30,"key":"Ancient Tea Set"}],"event_choices":[{"cards_removed":["Guardian:Strike_Guardian"],"damage_healed":0.0,"max_hp_gain":0.0,"max_hp_loss":0.0,"gold_gain":0.0,"event_name":"Bonfire Elementals","player_choice":"Offered Basic","floor":3.0,"gold_loss":0.0,"damage_taken":0.0},{"damage_healed":0,"gold_gain":0,"player_choice":"Stole Relic","damage_taken":0,"relics_obtained":["Shovel"],"max_hp_gain":0,"max_hp_loss":0,"event_name":"Addict","floor":29,"gold_loss":0,"cards_obtained":["Pride"]}],"is_beta":false,"boss_relics":[{"not_picked":["Velvet Choker","Calling Bell"],"picked":"Astrolabe"}],"items_purged_floors":[27],"is_endless":false,"potions_floor_spawned":[6,8,10,15,16,19,25],"killed_by":"IC_MUSHROOM_ARCHETYPE","ascension_level":0}}