{"host":"goy5s7p4bfvpqv96","time":1612518597,"event":{"mods":["BaseMod","Downfall","Marisa£®ÏF”Í°°ƒß¿Ì…≥£©","Minty Spire (QoL Compilation)","Remilia£®¿Ÿ√◊¿Ú—«£©","StSLib","The Servant 0.9.4","UnlockEverythingMod"],"gold_per_floor":[114,127,137,62,81,112,112,112,112],"floor_reached":8,"language":"ZHS","playtime":300,"items_purged":["Strike_S"],"score":58,"play_id":"e485e481-1bdc-401a-8aeb-804b1c77bc11","local_time":"20210205174957","is_ascension_mode":false,"campfire_choices":[],"circlet_count":0,"master_deck":["Strike_S","Strike_S","Strike_S","Defend_S","Defend_S","Defend_S","KidneyShot","Exchange","Starlight","BottledTime","Ricochet","GearUp","BestPractice","Rearm"],"relics":["Uniform","NeowsBlessing","Centennial Puzzle"],"acts_visited":["Exordium"],"potions_floor_usage":[],"damage_taken":[{"damage":0,"enemies":"Cultist","floor":1,"turns":1},{"damage":0,"enemies":"Jaw Worm","floor":2,"turns":1},{"damage":0,"enemies":"Small Slimes","floor":3,"turns":1},{"damage":9,"enemies":"3 Louse","floor":5,"turns":6},{"damage":32,"enemies":"Gremlin Nob","floor":6,"turns":6},{"damage":18,"enemies":"3 Sentries","floor":8,"turns":4}],"seed_played":"8468827746002238523","potions_obtained":[{"floor":1,"key":"DuplicationPotion"},{"floor":6,"key":"bronze:BurnAndBuffPotion"}],"is_trial":false,"path_per_floor":["M","M","M","$","M","E","?","E"],"character_chosen":"THE_SERVANT","items_purchased":[],"campfire_rested":0,"item_purchase_floors":[],"current_hp_per_floor":[65,65,65,65,56,24,24,6,6],"gold":112,"neow_bonus":"THREE_ENEMY_KILL","is_daily":false,"chose_seed":false,"campfire_upgraded":0,"win_rate":0.0,"timestamp":1612518597,"path_taken":["M","M","?","?","M","E","?","E"],"items_purchased_type":[],"build_version":"2020-12-22","purchased_purges":1,"victory":false,"max_hp_per_floor":[65,65,65,65,65,65,65,65,65],"card_choices":[{"not_picked":["TimeWarp","Alleviate"],"picked":"Starlight","floor":1},{"not_picked":["Revamp","Alleviate"],"picked":"BottledTime","floor":2},{"not_picked":["FloweringNight","Revamp"],"picked":"Ricochet","floor":3},{"not_picked":["Hightail","SurpressingFire"],"picked":"GearUp","floor":5},{"not_picked":["Advance","Comet"],"picked":"BestPractice","floor":6}],"player_experience":987232,"relics_obtained":[{"floor":6,"key":"Centennial Puzzle"}],"event_choices":[{"damage_healed":0,"gold_gain":0,"cards_transformed":["Defend_S"],"player_choice":"Change","damage_taken":0,"max_hp_gain":0,"max_hp_loss":0,"event_name":"Living Wall","floor":7,"gold_loss":0,"cards_obtained":["Rearm"]}],"is_beta":false,"boss_relics":[],"items_purged_floors":[4],"is_endless":false,"potions_floor_spawned":[1,6],"killed_by":"3 Sentries","ascension_level":0}}