{"host":"9i5mrc7j23gtntry","time":1612493661,"event":{"mods":["Arknights","BaseMod","Minty Spire (QoL Compilation)","Replay The Spire","StSLib"],"gold_per_floor":[117,134,134,147,160,190,190,190,245,210,220,220,220,220,295,325,325,421,421,436,436,436,456,7,7,7,7,61,74,74,92,124,141,141,242,242,262,262,2,16,26,26,26,26,26,12,12,12],"floor_reached":47,"language":"ZHS","playtime":2992,"items_purged":["Replay:Hysterical Blindness"],"score":501,"play_id":"4b2905ee-ebf9-4e1b-9ef1-7f496f5708c9","local_time":"20210205105421","is_ascension_mode":false,"campfire_choices":[{"floor":8,"key":"REST"},{"floor":17,"key":"REST"},{"floor":25,"key":"REST"},{"floor":27,"key":"REST"},{"floor":30,"key":"REST"},{"floor":34,"key":"REST"},{"floor":42,"key":"REST"},{"floor":44,"key":"REST"}],"circlet_count":0,"master_deck":["ats:Strike C","ats:Strike G","ats:Strike S","ats:Strike V","ats:Armor Crushing Shot","ats:Defend","ats:Defend","ats:Defend","ats:Defend","ats:Emotion Absorption","ats:Encircling Forest","ats:Apocalypse+1","ats:Demon Strength","ats:Burning Ground","ats:Flexible Camouflage","ats:Sword Rain","ats:Sword Rain","ats:Shadow Assault","ats:Shell Defense+1","ats:Closed Bolt Burst Fire","ats:Chain Hook","ats:Magnetic Hammer","ats:Healing Drone","ats:Spore Proliferation","ats:Composite Medical Shells","ats:Healing Strengthening","ats:Rat Pack","ats:Apocalypse","ats:Flexible Camouflage","ats:Shadow Raid","ats:Roar Of Ursus","ats:Support Order+1","Bash","Bandage Up","ats:Healing Strengthening","ats:Absolute Focus","ats:Ignite","ats:Shell Defense","Thinking Ahead","ats:Explosion Area Strengthen+1","ats:Apocalypse","ats:Revitalization+1","ats:Revitalization+1","ats:Powerful Strike+1"],"relics":["ats:Sanity","ats:Originium","Mirror","Strawberry","Pen Nib","Question Card","InkBottle","Replay:Grab Bag","SlaversCollar","Fusion Hammer","SacredBark","MutagenicStrength","Membership Card","ReplayTheSpireMod:Ninjato","Dream Catcher","Blood Vial","Replay:Bottled Snecko","Black Star","BargainBundle","Snack Pack","Molten Egg 2"],"acts_visited":["Exordium","TheCity","TheBeyond"],"potions_floor_usage":[6,11,11,11,18,20,31,31,32,35,40,40],"damage_taken":[{"damage":13,"enemies":"Jaw Worm","floor":1,"turns":4},{"damage":10,"enemies":"Cultist","floor":2,"turns":5},{"damage":14,"enemies":"Small Slimes","floor":4,"turns":6},{"damage":23,"enemies":"2 Fungi Beasts","floor":5,"turns":4},{"damage":5,"enemies":"Replay:BlueRogue","floor":6,"turns":5},{"damage":8,"enemies":"Blue Slaver","floor":11,"turns":5},{"damage":30,"enemies":"3 Sentries","floor":16,"turns":5},{"damage":85,"enemies":"The Guardian","floor":18,"turns":11},{"damage":52,"enemies":"Spheric Guardian","floor":20,"turns":8},{"damage":27,"enemies":"2 Thieves","floor":23,"turns":3},{"damage":30,"enemies":"Snecko","floor":29,"turns":6},{"damage":36,"enemies":"Shelled Parasite and Fungi","floor":31,"turns":6},{"damage":24,"enemies":"Book of Stabbing","floor":32,"turns":5},{"damage":35,"enemies":"Centurion and Healer","floor":33,"turns":7},{"damage":20,"enemies":"Champ","floor":35,"turns":7},{"damage":49,"enemies":"3 Shapes","floor":37,"turns":7},{"damage":32,"enemies":"Orb Walker","floor":40,"turns":5},{"damage":85,"enemies":"3 Darklings","floor":41,"turns":6},{"damage":109,"enemies":"Jaw Worm Horde","floor":47,"turns":7}],"seed_played":"4476185873888562222","potions_obtained":[{"floor":4,"key":"BlessingOfTheForge"},{"floor":6,"key":"EntropicBrew"},{"floor":11,"key":"Doom Potion"},{"floor":23,"key":"SteroidPotion"},{"floor":31,"key":"DuplicationPotion"},{"floor":32,"key":"Strength Potion"},{"floor":41,"key":"Venom Potion"}],"is_trial":false,"path_per_floor":["M","M","?","M","M","E","?","R","T","?","M","T","PTL","PTL","?","E","R","B",null,"M","?","?","M","$","R","?","R","T","M","R","M","E","M","R","B",null,"M","?","$","M","M","R","?","R","T","$","M"],"character_chosen":"DOCTOR_CLASS","items_purchased":["ats:Chain Hook","Membership Card","ReplayTheSpireMod:Ninjato","Dream Catcher","ats:Magnetic Hammer","Explosive Potion","BargainBundle","ColorlessPotion","ColorlessPotion","Bandage Up","Snack Pack","ats:Healing Strengthening","ats:Absolute Focus","ats:Ignite","ats:Shell Defense","Thinking Ahead","ats:Powerful Strike+1"],"campfire_rested":8,"item_purchase_floors":[24,24,24,24,24,24,39,39,39,39,39,39,39,39,39,39,46],"current_hp_per_floor":[66,56,56,60,49,50,50,75,75,86,86,86,86,86,75,57,82,19,86,48,48,48,27,27,52,35,62,62,58,85,63,65,69,91,89,91,61,61,61,62,14,41,41,68,68,68,0,0],"gold":12,"neow_bonus":"TEN_PERCENT_HP_BONUS","is_daily":false,"chose_seed":false,"campfire_upgraded":0,"win_rate":0.0,"timestamp":1612493661,"path_taken":["M","M","?","M","?","E","?","R","T","?","M","?","PTL","PTL","?","E","R","BOSS","M","?","?","M","$","R","?","R","T","?","R","M","E","M","R","BOSS","M","?","$","?","M","R","?","R","T","?","M"],"items_purchased_type":["Card","Relic","Relic","Relic","Card","Potion","Relic","Potion","Potion","Card","Relic","Card","Card","Card","Card","Card","Card"],"build_version":"2020-12-22","purchased_purges":1,"victory":false,"max_hp_per_floor":[79,79,79,79,79,79,86,86,86,86,86,86,86,86,86,86,86,86,86,86,86,86,86,86,86,91,91,91,91,91,91,91,91,91,91,91,91,91,91,91,91,91,91,91,91,91,91,91],"card_choices":[{"not_picked":["ats:Cat Scratch","ats:Support Order"],"picked":"ats:Encircling Forest","floor":1},{"not_picked":["ats:Absolute Focus","ats:Powerful Strike"],"picked":"ats:Apocalypse","floor":2},{"not_picked":["ats:Defend Order","ats:Absolute Focus"],"picked":"ats:Demon Strength","floor":4},{"not_picked":["ats:Support Order","ats:Flexible Camouflage"],"picked":"ats:Burning Ground","floor":5},{"not_picked":["ats:Counter Healing Mode","ats:Consecutive Shot Auto"],"picked":"ats:Flexible Camouflage","floor":6},{"not_picked":["ats:Assault Order","ats:Powerful Strike"],"picked":"ats:Sword Rain","floor":11},{"not_picked":["ats:Poison Spread","ats:Leaping Hammer","ats:Shell Defense"],"picked":"ats:Sword Rain","floor":16},{"not_picked":["ats:True Silver Slash","ats:Wolf Pack","ats:Nebulous Foxfire"],"picked":"ats:Shadow Assault","floor":18},{"not_picked":["ats:Explosion Area Strengthen","ats:Consecutive Shot Auto","ats:Sunburst"],"picked":"ats:Shell Defense+1","floor":20},{"not_picked":["ats:Counter Healing Mode+1","ats:Absolute Focus","ats:Leaping Hammer"],"picked":"ats:Closed Bolt Burst Fire","floor":23},{"not_picked":["ats:Soul Absorption","ats:Serious Mode","ats:Explosion Area Strengthen"],"picked":"ats:Healing Drone","floor":25},{"not_picked":["ats:Flame Of Heaven","ats:Absolute Focus","ats:Mental Burst"],"picked":"ats:Spore Proliferation","floor":27},{"not_picked":["ats:Poison Spread","ats:Shadow Raid","ats:Counter Healing Mode"],"picked":"ats:Composite Medical Shells","floor":29},{"not_picked":["ats:Chain Hook","ats:Leaping Hammer","ats:Blood Oath"],"picked":"ats:Healing Strengthening","floor":30},{"not_picked":["ats:Hook Shot","ats:Burning Ground","ats:Cat Scratch"],"picked":"ats:Rat Pack","floor":31},{"not_picked":["ats:Blood Oath","ats:Shell Defense+1","ats:Support Order"],"picked":"ats:Apocalypse","floor":32},{"not_picked":["ats:Serious Mode","ats:Closed Bolt Burst Fire","ats:Very Hot Blade"],"picked":"ats:Flexible Camouflage","floor":33},{"not_picked":["ats:Very Hot Blade","ats:Apocalypse","ats:Shell Defense"],"picked":"ats:Shadow Raid","floor":34},{"not_picked":["ats:Nebulous Foxfire","ats:Dogmatic Field","ats:True Silver Slash"],"picked":"ats:Roar Of Ursus","floor":35},{"not_picked":["ats:Rapid Magazine+1","ats:Ignite","ats:Assault Order"],"picked":"ats:Support Order+1","floor":37},{"not_picked":["ats:Literary Storm+1","ats:Neurotoxin+1","ats:Charging Defense"],"picked":"ats:Explosion Area Strengthen+1","floor":40},{"not_picked":["ats:Very Hot Blade+1","ats:Magnetic Hammer+1","ats:Closed Bolt Burst Fire"],"picked":"ats:Apocalypse","floor":41},{"not_picked":["ats:Leaping Hammer","ats:Phantom","ats:Shell Defense+1"],"picked":"ats:Revitalization+1","floor":42},{"not_picked":["ats:Ignite+1","ats:Blood Oath+1","ats:Guard Mode+1"],"picked":"ats:Revitalization+1","floor":44}],"player_experience":33948,"relics_obtained":[{"floor":6,"key":"ats:Originium"},{"floor":6,"key":"Mirror"},{"floor":9,"key":"Pen Nib"},{"floor":12,"key":"Question Card"},{"floor":16,"key":"ats:Originium"},{"floor":16,"key":"InkBottle"},{"floor":28,"key":"Blood Vial"},{"floor":32,"key":"ats:Originium"},{"floor":32,"key":"Replay:Bottled Snecko"},{"floor":45,"key":"Molten Egg 2"}],"event_choices":[{"damage_healed":0,"gold_gain":0,"player_choice":"Upgraded","damage_taken":0,"max_hp_gain":0,"max_hp_loss":0,"event_name":"Upgrade Shrine","floor":3,"gold_loss":0,"cards_upgraded":["ats:Apocalypse"]},{"damage_healed":0,"gold_gain":0,"player_choice":"Success","damage_taken":7,"relics_obtained":["Strawberry"],"max_hp_gain":0,"max_hp_loss":0,"event_name":"Scrap Ooze","floor":7,"gold_loss":0},{"damage_healed":21,"gold_gain":0,"player_choice":"Healed","damage_taken":0,"max_hp_gain":0,"max_hp_loss":0,"event_name":"The Cleric","floor":10,"gold_loss":35},{"damage_healed":0,"gold_gain":75,"player_choice":"Gather Gold","damage_taken":11,"max_hp_gain":0,"max_hp_loss":0,"event_name":"World of Goop","floor":15,"gold_loss":0},{"damage_healed":0,"gold_gain":0,"player_choice":"Ignored","damage_taken":0,"max_hp_gain":0,"max_hp_loss":0,"event_name":"Beggar","floor":21,"gold_loss":0},{"damage_healed":0,"gold_gain":0,"player_choice":"Inject Mutagens","damage_taken":0,"relics_obtained":["MutagenicStrength"],"max_hp_gain":0,"max_hp_loss":0,"event_name":"Drug Dealer","floor":22,"gold_loss":0},{"damage_healed":0,"gold_gain":0,"player_choice":"Shed Blood","damage_taken":22,"max_hp_gain":5,"max_hp_loss":0,"event_name":"Forgotten Altar","floor":26,"gold_loss":0},{"damage_healed":0,"gold_gain":0,"player_choice":"2 cards matched","damage_taken":0,"max_hp_gain":0,"max_hp_loss":0,"event_name":"Match and Keep!","floor":38,"gold_loss":0,"cards_obtained":["Replay:Hysterical Blindness","Bash"]},{"damage_healed":0,"gold_gain":0,"player_choice":"Ignored","damage_taken":0,"max_hp_gain":0,"max_hp_loss":0,"event_name":"The Moai Head","floor":43,"gold_loss":0}],"is_beta":false,"boss_relics":[{"not_picked":["Kintsugi","Snecko Eye"],"picked":"Replay:Grab Bag"},{"not_picked":["Busted Crown","ChewingGum"],"picked":"SlaversCollar"},{"not_picked":["Coffee Dripper","Philosopher\u0027s Stone"],"picked":"Fusion Hammer"},{"not_picked":["Astrolabe","Empty Cage"],"picked":"SacredBark"},{"not_picked":["ReplayTheSpireMod:DimensionalGlitch","Replay:Bronze Core"],"picked":"Black Star"}],"items_purged_floors":[39],"is_endless":false,"potions_floor_spawned":[4,6,11,23,31,32,41],"killed_by":"Jaw Worm Horde","ascension_level":0}}