{"host":"hrvs05np4ys7itky","time":1612496416,"event":{"mods":["BaseMod","Colored Map","Colored Powertips","Downfall","Emptier Cage","Hermit","Highlight Path","Minty Spire (QoL Compilation)","Permanent Neow","Rare Cards Sparkle","Relic Stats","Replay The Spire","StSLib","everything is the same but u backflip on backflip"],"gold_per_floor":[119,119,138,148,223,251,73,73,98,109,137,155,7,26,26,131,131,147,62,161,174,193,222,222,222,238,253,253,253,253,30,30,50,50,146,146,163,177,193,210,56,56,67,78,146,146,146,146,146,158,158,168,168,168],"floor_reached":55,"language":"ENG","playtime":5382,"items_purged":["Strike_G","Shame"],"score":1130,"play_id":"6d3e664c-0957-4a07-b9a0-47a1397c04ab","local_time":"20210204224016","is_ascension_mode":false,"campfire_choices":[{"data":"Metamorphosis","floor":8,"key":"SMITH"},{"floor":15,"key":"REST"},{"floor":29,"key":"REST"},{"floor":32,"key":"REST"},{"data":"Catalyst","floor":34,"key":"SMITH"},{"data":"Burst","floor":42,"key":"SMITH"},{"data":"A Thousand Cuts","floor":46,"key":"SMITH"},{"data":"Burst","floor":51,"key":"SMITH"}],"circlet_count":0,"master_deck":["Strike_G","Defend_G","Defend_G","Defend_G","Defend_G+1","Survivor","Neutralize","Spreading Infection","Quick Slash","Leg Sweep+1","PiercingWail","Masterful Stab","Poisoned Stab+1","Escape Plan","Metamorphosis+1","ReplayTheSpireMod:Speed Training","Caltrops","Hidden Blade","Footwork","Deadly Poison","Burst+1","Shame","Sickly","ReplayTheSpireMod:Speed Training","Cloak And Dagger+1","Infinite Blades","Backflip+1","Catalyst+1","Replay:Bag of Tricks","After Image","Burst+1","Footwork","Acrobatics","A Thousand Cuts+1","Fluid Movement+1","Caltrops+1","Deadly Poison+1","Dodge and Roll","Dagger Spray+1","Sickly","Noxious Fumes","Prepared+1"],"relics":["Ring of the Snake","Blue Candle","War Paint","Pet Ghost","Replay:Rubber Ducky","Replay:Ancient Bell","Snake Skull","Paper Crane","Torii","White Beast Statue","HornCleat","ReplayTheSpireMod:Lightbulb","ReplayTheSpireMod:TigerMarble","Coffee Dripper","Mummified Hand","ReplayTheSpireMod:Ring of Exchange"],"acts_visited":["Exordium","TheCity","TheBeyond"],"potions_floor_usage":[11,16,23,23,26,27,35,35,37,38,40,40,50,54,54,54],"damage_taken":[{"damage":0,"enemies":"Small Slimes","floor":1,"turns":4},{"damage":1,"enemies":"2 Louse","floor":3,"turns":3},{"damage":1,"enemies":"Cultist","floor":4,"turns":3},{"damage":14,"enemies":"Gremlin Nob","floor":6,"turns":5},{"damage":3,"enemies":"Exordium Thugs","floor":10,"turns":5},{"damage":1,"enemies":"3 Sentries","floor":11,"turns":6},{"damage":2,"enemies":"Looter","floor":12,"turns":3},{"damage":1,"enemies":"Large Slime","floor":14,"turns":5},{"damage":1,"enemies":"Slime Boss","floor":16,"turns":9},{"damage":9,"enemies":"3 Byrds","floor":18,"turns":6},{"damage":0,"enemies":"Spheric Guardian","floor":21,"turns":2},{"damage":19,"enemies":"Cultist and Chosen","floor":22,"turns":12},{"damage":24,"enemies":"Gremlin Leader","floor":23,"turns":7},{"damage":0,"enemies":"Snecko","floor":26,"turns":5},{"damage":2,"enemies":"Centurion and Healer","floor":27,"turns":7},{"damage":1,"enemies":"Snake Plant","floor":33,"turns":7},{"damage":8,"enemies":"Pondfish","floor":35,"turns":12},{"damage":16,"enemies":"3 Shapes","floor":37,"turns":6},{"damage":12,"enemies":"3 Darklings","floor":38,"turns":7},{"damage":0,"enemies":"Maw","floor":39,"turns":6},{"damage":1,"enemies":"Jaw Worm Horde","floor":40,"turns":7},{"damage":0,"enemies":"Writhing Mass","floor":43,"turns":6},{"damage":1,"enemies":"3 Darklings","floor":44,"turns":6},{"damage":17,"enemies":"4 Shapes","floor":50,"turns":6},{"damage":0,"enemies":"Maw","floor":52,"turns":5},{"damage":8,"enemies":"Time Eater","floor":54,"turns":11}],"seed_played":"-3159592780754411134","potions_obtained":[{"floor":10,"key":"ColorlessPotion"},{"floor":11,"key":"Poison Potion"},{"floor":12,"key":"BlessingOfTheForge"},{"floor":21,"key":"Ancient Potion"},{"floor":22,"key":"Weak Potion"},{"floor":23,"key":"Adrenaline Potion"},{"floor":26,"key":"Block Potion"},{"floor":27,"key":"Explosive Potion"},{"floor":33,"key":"ColorlessPotion"},{"floor":35,"key":"Adrenaline Potion"},{"floor":37,"key":"Explosive Potion"},{"floor":38,"key":"SpeedPotion"},{"floor":39,"key":"LiquidMemories"},{"floor":40,"key":"FearPotion"},{"floor":43,"key":"Cursed Concoction"},{"floor":44,"key":"AttackPotion"},{"floor":50,"key":"CunningPotion"}],"is_trial":false,"path_per_floor":["M","?","M","M","?","E","$","R","T","M","E","M","$","M","R","B",null,"M","?","?","M","M","E","PTL","PTL","M","M","T","R","?","$","R","M","R","B",null,"M","M","M","M","$","R","M","M","T","R","?","PTL","PTL","M","R","M","R_BF","B",null],"character_chosen":"THE_SILENT","items_purchased":["Metamorphosis","Footwork","Footwork","ReplayTheSpireMod:TigerMarble","Dodge and Roll"],"campfire_rested":3,"item_purchase_floors":[7,13,31,31,41],"current_hp_per_floor":[70,65,64,63,56,42,42,42,42,39,38,36,36,35,56,55,70,61,61,61,61,42,18,18,18,18,16,16,37,37,37,58,57,57,49,70,54,42,42,41,41,41,41,40,40,40,40,40,40,23,23,23,44,36],"gold":168,"neow_bonus":"TRANSFORM_TWO_CARDS","is_daily":false,"chose_seed":false,"campfire_upgraded":5,"win_rate":0.0,"timestamp":1612496416,"path_taken":["M","?","M","M","?","E","$","R","T","?","E","M","$","M","R","BOSS","M","?","?","M","M","E","PTL","PTL","M","M","T","R","?","?","R","M","R","BOSS","M","M","M","M","$","R","M","M","T","R","?","PTL","PTL","M","R","M","R_BF","BOSS"],"items_purchased_type":["Card","Card","Card","Relic","Card"],"build_version":"2020-12-22","purchased_purges":2,"victory":true,"max_hp_per_floor":[70,70,70,70,70,70,70,70,70,70,70,70,70,70,70,70,70,70,70,70,70,70,70,70,70,70,70,70,70,70,70,70,70,70,70,70,70,70,70,70,70,70,70,70,70,70,70,70,70,70,70,70,70,70],"relic_stats":{"Torii":24,"counters":[26,161],"Mummified Hand":[26],"Blue Candle":[23],"Snake Skull":[90],"War Paint":["Leg Sweep","Defend_G"],"obtain_stats":[{"ReplayTheSpireMod:Ring of Exchange":47,"Torii":17,"Blue Candle":2,"Snake Skull":17,"Replay:Ancient Bell":17,"War Paint":6,"Paper Crane":17,"Pet Ghost":9,"White Beast Statue":19,"Replay:Rubber Ducky":11,"HornCleat":23,"Mummified Hand":45,"ReplayTheSpireMod:TigerMarble":31,"Coffee Dripper":36,"ReplayTheSpireMod:Lightbulb":28,"Ring of the Snake":0},{"ReplayTheSpireMod:Ring of Exchange":23,"Torii":9,"Blue Candle":1,"Snake Skull":9,"Replay:Ancient Bell":9,"War Paint":4,"Paper Crane":9,"Pet Ghost":4,"White Beast Statue":10,"Replay:Rubber Ducky":6,"HornCleat":13,"Mummified Hand":23,"ReplayTheSpireMod:TigerMarble":15,"Coffee Dripper":17,"ReplayTheSpireMod:Lightbulb":15,"Ring of the Snake":0},{"ReplayTheSpireMod:Ring of Exchange":139,"Torii":43,"Blue Candle":4,"Snake Skull":43,"Replay:Ancient Bell":43,"War Paint":15,"Paper Crane":43,"Pet Ghost":15,"White Beast Statue":49,"Replay:Rubber Ducky":26,"HornCleat":70,"Mummified Hand":139,"ReplayTheSpireMod:TigerMarble":82,"Coffee Dripper":101,"ReplayTheSpireMod:Lightbulb":82,"Ring of the Snake":0}],"Ring of the Snake":[52]},"card_choices":[{"not_picked":["Quick Slash","Replay:Poison Smokescreen"],"picked":"PiercingWail","floor":1},{"not_picked":["Endless Agony","Slice"],"picked":"Masterful Stab","floor":3},{"not_picked":["Bane","Envenom"],"picked":"Poisoned Stab","floor":4},{"not_picked":["Distraction","Terror"],"picked":"Escape Plan","floor":6},{"not_picked":["Dagger Spray","Slice"],"picked":"ReplayTheSpireMod:Speed Training","floor":10},{"not_picked":["Cloak And Dagger","ReplayTheSpireMod:Tripwire"],"picked":"Caltrops","floor":11},{"not_picked":["Cloak And Dagger","Blur"],"picked":"Hidden Blade","floor":12},{"not_picked":["Outmaneuver","Fluid Movement"],"picked":"Deadly Poison","floor":14},{"not_picked":["Atom Bomb","ReplayTheSpireMod:Necrosis"],"picked":"Burst","floor":16},{"not_picked":["downfall:Bewildered","Replay:Hysterical Blindness"],"picked":"Shame","floor":17},{"not_picked":["Looming Evil","Normality"],"picked":"Shame","floor":17},{"not_picked":["Hallucinations","downfall:Aged"],"picked":"Sickly","floor":17},{"not_picked":["All Out Attack","Outmaneuver"],"picked":"ReplayTheSpireMod:Speed Training","floor":18},{"not_picked":["Grand Finale","Slice"],"picked":"Cloak And Dagger+1","floor":21},{"not_picked":["Slice","Bane+1"],"picked":"Infinite Blades","floor":22},{"not_picked":["Calculated Gamble","Leg Sweep"],"picked":"Backflip+1","floor":23},{"not_picked":["Flying Knee","Toxin Wave"],"picked":"Catalyst","floor":26},{"not_picked":["Dagger Spray+1","Dagger Throw+1"],"picked":"Replay:Bag of Tricks","floor":27},{"not_picked":["Outmaneuver","Hidden Blade"],"picked":"Acrobatics","floor":33},{"not_picked":["Doppelganger","Atom Bomb"],"picked":"A Thousand Cuts","floor":35},{"not_picked":["Blade Dance","Predator"],"picked":"Fluid Movement+1","floor":37},{"not_picked":["Bane+1","Outmaneuver+1","Expertise"],"picked":"SKIP","floor":38},{"not_picked":["Skewer+1","Flechettes"],"picked":"Caltrops+1","floor":39},{"not_picked":["Deflect+1","Footwork"],"picked":"Deadly Poison+1","floor":40},{"not_picked":["Tactician","Dagger Throw+1","Outmaneuver+1"],"picked":"SKIP","floor":43},{"not_picked":["Flechettes+1","Skewer+1"],"picked":"Dagger Spray+1","floor":44},{"not_picked":["Prepared","A Thousand Cuts"],"picked":"Noxious Fumes","floor":50},{"not_picked":["Flying Knee","Underhanded Strike"],"picked":"Prepared+1","floor":52}],"player_experience":1030768,"relics_obtained":[{"floor":6,"key":"War Paint"},{"floor":9,"key":"Pet Ghost"},{"floor":11,"key":"Replay:Rubber Ducky"},{"floor":23,"key":"HornCleat"},{"floor":28,"key":"ReplayTheSpireMod:Lightbulb"},{"floor":45,"key":"Mummified Hand"},{"floor":47,"key":"ReplayTheSpireMod:Ring of Exchange"}],"event_choices":[{"damage_healed":0,"gold_gain":75,"player_choice":"Touch","damage_taken":7,"max_hp_gain":0,"max_hp_loss":0,"event_name":"FaceTrader","floor":5,"gold_loss":0},{"damage_healed":0,"gold_gain":0,"player_choice":"Obtained Relic","damage_taken":0,"relics_obtained":["White Beast Statue"],"max_hp_gain":0,"max_hp_loss":0,"event_name":"Addict","floor":19,"gold_loss":85},{"damage_healed":0,"gold_gain":99,"player_choice":"Stole From Cult","damage_taken":0,"max_hp_gain":0,"max_hp_loss":0,"event_name":"Nest","floor":20,"gold_loss":0},{"damage_healed":0,"gold_gain":0,"cards_transformed":["Strike_G","Strike_G"],"player_choice":"Became Test Subject","damage_taken":0,"max_hp_gain":0,"max_hp_loss":0,"event_name":"Drug Dealer","floor":30,"gold_loss":0,"cards_obtained":["After Image","Burst"]}],"is_beta":false,"boss_relics":[{"not_picked":["Tiny House","Philosopher\u0027s Stone"],"picked":"Replay:Ancient Bell"},{"not_picked":["Pen Nib","Potion Belt"],"picked":"Snake Skull"},{"not_picked":["Replay:Bottled Snecko","Chameleon Ring"],"picked":"Paper Crane"},{"not_picked":["Tough Bandages","Thread and Needle"],"picked":"Torii"},{"not_picked":["Painkiller Herb","Replay:Bronze Core"],"picked":"Coffee Dripper"}],"items_purged_floors":[13,41],"is_endless":false,"potions_floor_spawned":[10,11,12,21,22,23,26,27,33,35,37,38,39,40,43,44,50,52],"ascension_level":0}}