{"host":"56xwnffi6e9z5l58","time":1612546938,"event":{"mods":["Aspiration","BaseMod","Better Match","Better Note","Better Sensory Stone","BetterRewards","Colored Map","Colored Powertips","Conspire","Downfall","GifTheSpireLib","Hermit","Highlight Path","Hubris","Infinite Spire","Key Reminder","Minty Spire (QoL Compilation)","Permanent Neow","Quick Restart","Rare Cards Sparkle","Replay The Spire","StSLib","Stuff the Spire","SuperFastMode","Unceasing Turn Reminder"],"gold_per_floor":[99,114,133,157,175,175,175,189,189,200,200,230,249,249,263,362,362,362,387,402,418,518,518,573,573,410,410,410,421,491,491,491,503,503,503],"floor_reached":34,"language":"ENG","playtime":1135,"items_purged":[],"score":288,"play_id":"33573d59-6691-4a01-ae8b-b7afade1ee93","local_time":"20210206014218","is_ascension_mode":true,"campfire_choices":[{"data":"hermit:Snapshot","floor":1,"key":"SMITH"},{"data":"hermit:FinalCanter","floor":6,"key":"SMITH"},{"data":"hermit:Vantage","floor":9,"key":"SMITH"},{"floor":11,"key":"REST"},{"data":"hermit:DeadOrAlive","floor":18,"key":"SMITH"},{"floor":23,"key":"REST"},{"floor":28,"key":"REST"},{"floor":31,"key":"REST"}],"circlet_count":0,"master_deck":["hermit:Strike_Hermit","hermit:Strike_Hermit","hermit:Strike_Hermit","hermit:Defend_Hermit","hermit:Defend_Hermit","hermit:Defend_Hermit","hermit:Snapshot+1","hermit:Covet","hermit:FinalCanter+1","hermit:Virtue","hermit:Vantage+1","hermit:Combo","hermit:ShadowCloak","hermit:Maintenance","hermit:Glare","hermit:Malice","hermit:DeadOrAlive+1","hermit:Gestalt","hermit:Gambit","hermit:Brawl","hermit:SprayPray","hermit:LuckOfTheDraw+1","hermit:Reprieve","hermit:Deadeye"],"relics":["hermit:Momento","aspiration:TomeofQuesting","infinitespire:Eraser","infinitespire:Joker Card","aspiration:PoetsPen_weak","Toy Ornithopter","Pet Ghost","hubris:PeanutButter","infinitespire:FocusingShard","hubris:Towel"],"acts_visited":["Exordium","TheCity"],"potions_floor_usage":[13,22,22,22,26,30,30,34],"damage_taken":[{"damage":0,"enemies":"Cultist","floor":2,"turns":3},{"damage":11,"enemies":"Jaw Worm","floor":3,"turns":2},{"damage":0,"enemies":"2 Louse","floor":5,"turns":2},{"damage":10,"enemies":"Exordium Thugs","floor":8,"turns":4},{"damage":18,"enemies":"2 Fungi Beasts","floor":10,"turns":4},{"damage":36,"enemies":"Gremlin Nob","floor":12,"turns":5},{"damage":0,"enemies":"Large Slime","floor":13,"turns":3},{"damage":0,"enemies":"3 Louse","floor":15,"turns":2},{"damage":21,"enemies":"SI_SHIV_ARCHETYPE","floor":16,"turns":8},{"damage":18,"enemies":"Chosen","floor":19,"turns":6},{"damage":20,"enemies":"3 Byrds","floor":20,"turns":5},{"damage":13,"enemies":"Centurion and Healer","floor":21,"turns":10},{"damage":16,"enemies":"downfall:LadyInBlue","floor":22,"turns":11},{"damage":0,"enemies":"downfall:FleeingMerchant","floor":26,"turns":4},{"damage":14,"enemies":"Snecko","floor":29,"turns":6},{"damage":44,"enemies":"Slavers","floor":30,"turns":7},{"damage":2,"enemies":"3 Cultists","floor":33,"turns":6},{"damage":43,"enemies":"DF_ARCHETYPE_CLAW","floor":34,"turns":3}],"seed_played":"-2932324341593119795","potions_obtained":[{"floor":3,"key":"Adrenaline Potion"},{"floor":8,"key":"Block Potion"},{"floor":12,"key":"Fruit Juice"},{"floor":13,"key":"Adrenaline Potion"},{"floor":22,"key":"Dexterity Potion"},{"floor":22,"key":"LifebloodPotion"},{"floor":22,"key":"SteroidPotion"},{"floor":29,"key":"Strength Potion"}],"is_trial":false,"path_per_floor":["R","M","M","T","M","R","T","M","R","M","R","E","M","?","M","B",null,"R","M","M","M","?","R","T","T","$","?","R","M","E","R","?","M","B"],"character_chosen":"HERMIT","items_purchased":["hermit:Reprieve"],"campfire_rested":4,"item_purchase_floors":[26],"current_hp_per_floor":[54,54,43,43,43,43,43,33,33,15,37,1,6,30,30,9,80,80,62,42,29,13,37,37,37,42,27,52,42,8,33,33,31,0,0],"gold":503,"neow_bonus":"TRANSFORM_TWO_CARDS","is_daily":false,"chose_seed":false,"campfire_upgraded":4,"win_rate":0.0,"timestamp":1612546938,"path_taken":["R","M","M","?","?","R","T","M","R","M","R","E","M","?","M","BOSS","R","M","M","M","?","R","T","T","?","?","R","M","E","R","?","M","BOSS"],"items_purchased_type":["Card"],"build_version":"2020-12-22","purchased_purges":0,"victory":false,"max_hp_per_floor":[75,75,75,75,75,75,75,75,75,75,75,75,80,80,80,80,80,80,80,80,80,80,80,80,80,80,85,85,85,85,85,85,85,85,85],"card_choices":[{"not_picked":["hermit:Quickdraw","hermit:Feint","hermit:WideOpen"],"picked":"SKIP","floor":2},{"not_picked":["hermit:HoleUp","hermit:Roulette"],"picked":"hermit:Vantage","floor":3},{"not_picked":["hermit:TrackingShot","hermit:Vantage"],"picked":"hermit:Combo","floor":5},{"not_picked":["hermit:Dive","hermit:WideOpen"],"picked":"hermit:ShadowCloak","floor":8},{"not_picked":["hermit:TakeCover","hermit:HighCaliber"],"picked":"hermit:Maintenance","floor":10},{"not_picked":["hermit:NoHoldsBarred","hermit:Grudge"],"picked":"hermit:Glare","floor":12},{"not_picked":["hermit:Midnight","hermit:Ricochet"],"picked":"hermit:Malice","floor":13},{"not_picked":["hermit:Feint","hermit:HoleUp","hermit:LowProfile"],"picked":"SKIP","floor":15},{"not_picked":["hermit:EternalForm","hermit:Purgatory"],"picked":"hermit:DeadOrAlive","floor":16},{"not_picked":["hermit:Roulette","hermit:HighCaliber+1"],"picked":"hermit:Gestalt","floor":19},{"not_picked":["hermit:Quickdraw","hermit:HighCaliber+1"],"picked":"hermit:Gambit","floor":20},{"not_picked":["hermit:TakeCover","hermit:Horror"],"picked":"hermit:Brawl","floor":21},{"not_picked":["hermit:Coalescence+1","hermit:Dive"],"picked":"hermit:SprayPray","floor":22},{"not_picked":["hermit:BodyArmor","hermit:GhostlyPresence"],"picked":"hermit:LuckOfTheDraw+1","floor":26},{"not_picked":["hermit:Misfire","hermit:Manifest"],"picked":"hermit:Deadeye","floor":29},{"not_picked":["hermit:TrackingShot","hermit:Feint","hermit:Brawl"],"picked":"SKIP","floor":30},{"not_picked":["hermit:Brawl","hermit:Glare","hermit:Quickdraw"],"picked":"SKIP","floor":33}],"player_experience":1016322,"relics_obtained":[{"floor":4,"key":"aspiration:TomeofQuesting"},{"floor":7,"key":"infinitespire:Eraser"},{"floor":12,"key":"infinitespire:Joker Card"},{"floor":22,"key":"Toy Ornithopter"},{"floor":24,"key":"Pet Ghost"},{"floor":25,"key":"hubris:PeanutButter"},{"floor":30,"key":"infinitespire:FocusingShard"}],"event_choices":[],"is_beta":false,"boss_relics":[{"not_picked":["hubris:BlackHole","Honey Jar"],"picked":"aspiration:PoetsPen_weak"}],"items_purged_floors":[],"is_endless":false,"potions_floor_spawned":[3,8,12,13,20,21,29],"killed_by":"DF_ARCHETYPE_CLAW","ascension_level":1}}