{"host":"5w7hw1ne5h7avrl9","time":1612504093,"event":{"mods":["AchievementEnabler","BaseMod","Colored Map","Colored Powertips","Displayed Cursed Tome","Googly Eyes","Minty Spire (QoL Compilation)","SuperFastMode"],"gold_per_floor":[114,114,114,129,154,184,184,214,239,269,269,299,314,314,314,314,314],"floor_reached":16,"language":"ENG","playtime":899,"items_purged":[],"score":201,"play_id":"86b3aa3a-0561-4ac2-b754-12da7451eab7","local_time":"20210204214813","daily_mods":["Specialized","ControlledChaos","Elite Swarm"],"is_ascension_mode":false,"campfire_choices":[{"data":"Vault","floor":7,"key":"SMITH"},{"data":"Omniscience","floor":15,"key":"SMITH"}],"circlet_count":0,"master_deck":["Strike_P","Strike_P","Strike_P","Defend_P","Defend_P","Defend_P","Defend_P","Eruption","Vigilance","FlyingSleeves","FlyingSleeves","FlyingSleeves","FlyingSleeves","FlyingSleeves","Conclude","CutThroughFate","Vault+1","MasterReality","ConjureBlade+1","Omniscience+1"],"relics":["PureWater","Frozen Eye","Centennial Puzzle","Art of War","Omamori","Potion Belt","Torii","Nunchaku","Golden Idol"],"acts_visited":["Exordium"],"potions_floor_usage":[8,10,16],"damage_taken":[{"damage":0,"enemies":"2 Louse","floor":1,"turns":2},{"damage":0,"enemies":"Small Slimes","floor":4,"turns":2},{"damage":18,"enemies":"3 Sentries","floor":6,"turns":2},{"damage":0,"enemies":"Gremlin Nob","floor":8,"turns":3},{"damage":0,"enemies":"Lagavulin","floor":10,"turns":5},{"damage":14,"enemies":"Gremlin Nob","floor":12,"turns":4},{"damage":0,"enemies":"Cultist","floor":13,"turns":3},{"damage":40,"enemies":"Hexaghost","floor":16,"turns":3}],"seed_played":"-8643747277835071688","potions_obtained":[{"floor":1,"key":"BottledMiracle"},{"floor":6,"key":"ColorlessPotion"},{"floor":12,"key":"StancePotion"},{"floor":13,"key":"Energy Potion"}],"is_trial":false,"path_per_floor":["M","?","?","M","T","E","R","E","T","E","?","E","M","?","R","B"],"character_chosen":"WATCHER","items_purchased":[],"campfire_rested":0,"item_purchase_floors":[],"current_hp_per_floor":[72,72,72,72,72,54,54,54,54,54,54,40,40,40,40,0,0],"gold":314,"neow_bonus":"","is_daily":true,"chose_seed":false,"campfire_upgraded":2,"win_rate":0.0,"timestamp":1612504093,"path_taken":["M","?","?","?","?","E","R","E","T","E","?","E","?","?","R","BOSS"],"items_purchased_type":[],"build_version":"2020-12-22","purchased_purges":0,"victory":false,"max_hp_per_floor":[72,72,72,72,72,72,72,72,72,72,72,72,72,67,67,67,67],"card_choices":[{"not_picked":["Sanctity","BowlingBash"],"picked":"Conclude","floor":1},{"not_picked":["CrushJoints","Consecrate"],"picked":"CutThroughFate","floor":4},{"not_picked":["Devotion","Scrawl"],"picked":"Vault","floor":6},{"not_picked":["Alpha","Scrawl"],"picked":"MasterReality","floor":8},{"not_picked":["Scrawl","Vault"],"picked":"ConjureBlade","floor":10},{"not_picked":["MasterReality","Alpha"],"picked":"Omniscience","floor":12},{"not_picked":["PathToVictory","ClearTheMind","Evaluate"],"picked":"SKIP","floor":13}],"player_experience":200900,"relics_obtained":[{"floor":5,"key":"Centennial Puzzle"},{"floor":6,"key":"Art of War"},{"floor":8,"key":"Omamori"},{"floor":9,"key":"Potion Belt"},{"floor":10,"key":"Torii"},{"floor":12,"key":"Nunchaku"}],"event_choices":[{"damage_healed":0,"gold_gain":0,"player_choice":"Ignored","damage_taken":0,"max_hp_gain":0,"max_hp_loss":0,"event_name":"Liars Game","floor":2,"gold_loss":0},{"cards_removed":["Strike_P"],"damage_healed":0,"gold_gain":0,"player_choice":"Purged","damage_taken":0,"max_hp_gain":0,"max_hp_loss":0,"event_name":"Purifier","floor":3,"gold_loss":0},{"damage_healed":0,"gold_gain":0,"player_choice":"Forge","damage_taken":0,"max_hp_gain":0,"max_hp_loss":0,"event_name":"Accursed Blacksmith","floor":11,"gold_loss":0,"cards_upgraded":["ConjureBlade"]},{"damage_healed":0,"gold_gain":0,"player_choice":"Lose Max HP","damage_taken":0,"relics_obtained":["Golden Idol"],"max_hp_gain":0,"max_hp_loss":5,"event_name":"Golden Idol","floor":14,"gold_loss":0}],"is_beta":false,"boss_relics":[],"items_purged_floors":[],"is_endless":false,"potions_floor_spawned":[1,6,12,13],"killed_by":"Hexaghost","ascension_level":0}}