{"host":"twujlzkv4boo7vtu","time":1612484753,"event":{"mods":["AchievementEnabler","BaseMod","Hermit","Minty Spire (QoL Compilation)","Replay The Spire","StSLib"],"gold_per_floor":[115,135,145,158,174,204,204,217,266,266,294,43,43,43,43,142,142,152,152,165,191,208,233,250,250,318,344,356,34,45,60,60,164,164,183,202,202,202,202,215,215,242,253,288,323,347,359,385,415,444,456,468],"floor_reached":53,"language":"ENG","playtime":2577,"items_purged":["hermit:Strike_Hermit"],"score":852,"play_id":"a4bcea1c-b2b9-4c96-988f-d5f3bcb957e9","local_time":"20210204182553","is_ascension_mode":false,"campfire_choices":[{"data":"hermit:GoldenBullet","floor":7.0,"key":"SMITH"},{"floor":10.0,"key":"REST"},{"data":"hermit:Determination","floor":13.0,"key":"SMITH"},{"data":"hermit:Gestalt","floor":15.0,"key":"SMITH"},{"floor":25,"key":"REST"},{"floor":32,"key":"DIG"},{"floor":47,"key":"REST"},{"data":"hermit:Determination","floor":51,"key":"SMITH"}],"circlet_count":0,"master_deck":["hermit:Strike_Hermit","hermit:Strike_Hermit","hermit:Strike_Hermit","hermit:Defend_Hermit","hermit:Defend_Hermit","hermit:Defend_Hermit","hermit:Defend_Hermit","hermit:Snapshot+1","hermit:Covet","hermit:Gestalt+1","hermit:GoldenBullet+1","hermit:Showdown+1","hermit:Roulette","hermit:Determination+1","hermit:LowProfile","hermit:Reprieve","hermit:Desperado+1","Shame","hermit:Desperado+1","Shame","hermit:Roulette+1","hermit:Gestalt","Doubt","hermit:Determination+1","hermit:Desperado+1","hermit:BlackWind+1","hermit:SprayPray+1","hermit:HoleUp+1","hermit:Misfire+1","Decay","hermit:Desperado+1","hermit:Gestalt+1"],"relics":["hermit:Momento","Replay:Towering Pillar of Hats","Gremlin Food","Replay:Ringing Soul","Molten Egg 2","Cursed Key","Darkstone Periapt","Oddly Smooth Stone","War Paint","Letter Opener","Garlic","Replay:Accelerometer","Simple Rune","Replay:Grab Bag","Busted Crown","Painkiller Herb","SacredBark","ReplayTheSpireMod:TigerMarble","MawBank","Toy Ornithopter"],"acts_visited":["Exordium","TheCity","TheBeyond"],"potions_floor_usage":[16,23,27],"damage_taken":[{"damage":2.0,"enemies":"Small Slimes","floor":1.0,"turns":3.0},{"damage":2.0,"enemies":"Jaw Worm","floor":2.0,"turns":4.0},{"damage":1.0,"enemies":"Cultist","floor":3.0,"turns":4.0},{"damage":5.0,"enemies":"Exordium Wildlife","floor":4.0,"turns":3.0},{"damage":1.0,"enemies":"Blue Slaver","floor":5.0,"turns":2.0},{"damage":2.0,"enemies":"Lagavulin","floor":6.0,"turns":4.0},{"damage":0.0,"enemies":"Large Slime","floor":8.0,"turns":4.0},{"damage":2.0,"enemies":"Replay:BlueRogue","floor":11.0,"turns":5.0},{"damage":38,"enemies":"Fading Forest","floor":16,"turns":11},{"damage":2,"enemies":"Spheric Guardian","floor":18,"turns":4},{"damage":2,"enemies":"Shell Parasite","floor":20,"turns":3},{"damage":6,"enemies":"3 Cultists","floor":22,"turns":5},{"damage":40,"enemies":"Gremlin Leader","floor":23,"turns":7},{"damage":22,"enemies":"Snake Plant","floor":24,"turns":4},{"damage":3,"enemies":"Book of Stabbing","floor":27,"turns":4},{"damage":0,"enemies":"Chosen and Byrds","floor":28,"turns":4},{"damage":5,"enemies":"Centurion and Healer","floor":30,"turns":4},{"damage":2,"enemies":"3 Cultists","floor":31,"turns":4},{"damage":4,"enemies":"Champ","floor":33,"turns":8},{"damage":14,"enemies":"3 Shapes","floor":35,"turns":5},{"damage":15,"enemies":"3 Darklings","floor":36,"turns":4},{"damage":34,"enemies":"Maw","floor":40,"turns":7},{"damage":3,"enemies":"R_Hoarder","floor":42,"turns":5},{"damage":2,"enemies":"4 Shapes","floor":43,"turns":4},{"damage":4,"enemies":"Reptomancer","floor":44,"turns":6},{"damage":18,"enemies":"Sphere and 2 Shapes","floor":46,"turns":4},{"damage":7,"enemies":"3 Darklings","floor":48,"turns":5},{"damage":15,"enemies":"Writhing Mass","floor":49,"turns":4},{"damage":6,"enemies":"Jaw Worm Horde","floor":50,"turns":4},{"damage":125,"enemies":"Awakened One","floor":52,"turns":10}],"seed_played":"-8324136379964883024","potions_obtained":[{"floor":2.0,"key":"AttackPotion"},{"floor":5.0,"key":"PowerPotion"},{"floor":8.0,"key":"AttackPotion"},{"floor":11.0,"key":"Strength Potion"},{"floor":16,"key":"Dexterity Potion"},{"floor":23,"key":"ColorlessPotion"},{"floor":30,"key":"EssenceOfSteel"}],"is_trial":false,"path_per_floor":["M","M","M","M","M","E","R","M","T","R","E","$","R","$","R","B",null,"M","?","M","T","M","E","M","R","T","E","M","$","M","M","R","B",null,"?","?","PTL","PTL","?","?","T","E","?","E","T","?","T","?","?","?","T","B",null],"character_chosen":"HERMIT","items_purchased":["Molten Egg 2","Replay:Accelerometer"],"campfire_rested":3,"item_purchase_floors":[12,29],"current_hp_per_floor":[73,71,70,65,64,62,62,62,62,75,76,76,76,76,76,51,81,82,91,92,101,102,65,43,76,85,85,104,104,99,113,113,120,129,115,100,100,100,100,85,85,90,91,90,99,101,145,143,138,149,149,40],"gold":480,"neow_bonus":"","is_daily":false,"chose_seed":false,"campfire_upgraded":4,"win_rate":0.0,"timestamp":1612484753,"path_taken":["M","M","M","M","M","E","R","M","T","R","E","$","R","$","R","BOSS","M","?","M","?","M","E","M","R","T","E","M","$","?","M","R","BOSS","?","?","PTL","PTL","?","?","T","E","?","E","T","?","T","?","?","?","T","BOSS"],"items_purchased_type":["Relic","Relic"],"build_version":"2020-12-22","purchased_purges":1,"victory":true,"max_hp_per_floor":[75,75,75,75,75,75,75,75,75,75,78,78,78,78,78,81,81,84,93,96,105,108,111,111,111,120,123,126,126,126,126,126,129,129,129,129,129,129,129,132,132,132,135,138,147,147,147,150,153,153,153,153],"card_choices":[{"not_picked":["hermit:WideOpen","hermit:BodyArmor"],"picked":"hermit:Gestalt","floor":1.0},{"not_picked":["hermit:Headshot","hermit:DeadMansHand"],"picked":"hermit:GoldenBullet","floor":2.0},{"not_picked":["hermit:GhostlyPresence","hermit:Vantage"],"picked":"hermit:Showdown","floor":3.0},{"not_picked":["hermit:Headshot","hermit:Showdown"],"picked":"hermit:Roulette","floor":4.0},{"not_picked":["hermit:SprayPray","hermit:Midnight","hermit:Headshot"],"picked":"SKIP","floor":5.0},{"not_picked":["hermit:Malice","hermit:Dive"],"picked":"hermit:Determination","floor":6.0},{"not_picked":["hermit:Quickdraw","hermit:OverwhelmingPower","hermit:Dive"],"picked":"SKIP","floor":8.0},{"not_picked":["hermit:OverwhelmingPower","hermit:Grudge"],"picked":"hermit:LowProfile","floor":11.0},{"not_picked":["hermit:DeadOrAlive+1","hermit:Gambit"],"picked":"hermit:Reprieve","floor":16},{"not_picked":["hermit:ItchyTrigger+1","hermit:LowProfile"],"picked":"hermit:Desperado+1","floor":18},{"not_picked":["hermit:EyeOfTheStorm","hermit:Quickdraw+1"],"picked":"hermit:Desperado+1","floor":20},{"not_picked":["hermit:Vantage+1","hermit:HighCaliber+1"],"picked":"hermit:Roulette+1","floor":22},{"not_picked":["hermit:FinalCanter+1","hermit:PistolWhip+1"],"picked":"hermit:Gestalt","floor":23},{"not_picked":["hermit:Dive","hermit:BodyArmor","hermit:Vantage+1"],"picked":"SKIP","floor":24},{"not_picked":["hermit:TakeAim+1","hermit:HoleUp"],"picked":"hermit:Determination","floor":27},{"not_picked":["hermit:Coalescence","hermit:FlashPowder"],"picked":"hermit:Desperado+1","floor":28},{"not_picked":["hermit:TrackingShot+1","hermit:LowProfile","hermit:Spite+1"],"picked":"SKIP","floor":30},{"not_picked":["hermit:TrackingShot+1","hermit:LowProfile","hermit:Spite+1"],"picked":"SKIP","floor":30},{"not_picked":["hermit:CursedWeapon+1","hermit:ShadowCloak","hermit:Headshot+1"],"picked":"SKIP","floor":31},{"not_picked":["hermit:Adapt","hermit:FromBeyond"],"picked":"hermit:BlackWind+1","floor":33},{"not_picked":["hermit:LoneWolf+1"],"picked":"SKIP","floor":35},{"not_picked":["hermit:Manifest"],"picked":"SKIP","floor":36},{"not_picked":[],"picked":"hermit:SprayPray+1","floor":40},{"not_picked":["hermit:TakeCover+1"],"picked":"SKIP","floor":42},{"not_picked":[],"picked":"hermit:HoleUp+1","floor":43},{"not_picked":[],"picked":"hermit:Misfire+1","floor":44},{"not_picked":["hermit:WideOpen+1"],"picked":"SKIP","floor":46},{"not_picked":[],"picked":"hermit:Desperado+1","floor":48},{"not_picked":[],"picked":"hermit:Gestalt+1","floor":49},{"not_picked":["hermit:BodyArmor"],"picked":"SKIP","floor":50}],"player_experience":3376,"relics_obtained":[{"floor":6.0,"key":"Replay:Towering Pillar of Hats"},{"floor":9.0,"key":"Gremlin Food"},{"floor":11.0,"key":"Replay:Ringing Soul"},{"floor":21,"key":"Oddly Smooth Stone"},{"floor":23,"key":"War Paint"},{"floor":26,"key":"Letter Opener"},{"floor":27,"key":"Garlic"},{"floor":32,"key":"Simple Rune"},{"floor":42,"key":"ReplayTheSpireMod:TigerMarble"},{"floor":44,"key":"MawBank"},{"floor":45,"key":"Toy Ornithopter"}],"event_choices":[{"damage_healed":0,"gold_gain":0,"player_choice":"Stole Relic","damage_taken":0,"relics_obtained":["Darkstone Periapt"],"max_hp_gain":0,"max_hp_loss":0,"event_name":"Addict","floor":19,"gold_loss":0,"cards_obtained":["Shame"]},{"damage_healed":0,"gold_gain":0,"player_choice":"Got Potions","damage_taken":0,"max_hp_gain":0,"max_hp_loss":0,"event_name":"Lab","floor":39,"gold_loss":0}],"is_beta":false,"boss_relics":[{"not_picked":["Runic Dome","Calling Bell"],"picked":"Cursed Key"},{"not_picked":["hermit:ClaspedLocket","Ring of Chaos"],"picked":"Replay:Grab Bag"},{"not_picked":["Replay:Bronze Core","Sozu"],"picked":"Busted Crown"},{"not_picked":["ReplayTheSpireMod:Onyx Gauntlets","Philosopher\u0027s Stone"],"picked":"Painkiller Herb"},{"not_picked":["Replay:Drink Me","Runic Pyramid"],"picked":"SacredBark"}],"items_purged_floors":[29],"is_endless":false,"potions_floor_spawned":[2,5,8,11,16,20,23,24,30,33,36,42,49,50],"ascension_level":0}}