{"host":"0kk91h4bq4kgfj0u","time":1612544265,"event":{"mods":["BaseMod","Minty Spire (QoL Compilation)","StSLib"],"gold_per_floor":[110,129,129,144,208,208,223,249,301,334,334,369,369,387,387,387,387],"floor_reached":16,"language":"ENG","playtime":525,"items_purged":[],"score":181,"play_id":"61021ebf-8b06-4e6f-ad7e-dc45a03c9bd2","local_time":"20210205115745","is_ascension_mode":true,"campfire_choices":[{"data":"Noxious Fumes","floor":6,"key":"SMITH"},{"floor":11,"key":"REST"},{"floor":15,"key":"REST"}],"circlet_count":0,"master_deck":["Strike_G","Strike_G","Strike_G","Strike_G","Strike_G","Defend_G","Defend_G","Defend_G","Defend_G","Defend_G","Survivor","Neutralize","Poisoned Stab","Noxious Fumes+1","Dash","Cloak And Dagger","Deadly Poison","Tactician","Backflip","Slice"],"relics":["Ring of the Snake","Darkstone Periapt","Bag of Preparation","Omamori","Strawberry","Eternal Feather"],"acts_visited":["Exordium"],"potions_floor_usage":[10,10,16],"damage_taken":[{"damage":0,"enemies":"2 Louse","floor":1,"turns":3},{"damage":10,"enemies":"Jaw Worm","floor":2,"turns":4},{"damage":1,"enemies":"Cultist","floor":4,"turns":5},{"damage":8,"enemies":"Lots of Slimes","floor":7,"turns":5},{"damage":18,"enemies":"Gremlin Nob","floor":8,"turns":5},{"damage":21,"enemies":"Lagavulin","floor":10,"turns":6},{"damage":27,"enemies":"3 Sentries","floor":12,"turns":8},{"damage":4,"enemies":"Large Slime","floor":14,"turns":7},{"damage":58,"enemies":"Slime Boss","floor":16,"turns":8}],"seed_played":"8754292014133647558","potions_obtained":[{"floor":4,"key":"Dexterity Potion"},{"floor":7,"key":"EntropicBrew"},{"floor":14,"key":"LiquidBronze"}],"is_trial":false,"path_per_floor":["M","M","?","M","?","R","M","E","T","E","R","E","T","M","R","B"],"character_chosen":"THE_SILENT","items_purchased":[],"campfire_rested":2,"item_purchase_floors":[],"current_hp_per_floor":[70,60,65,64,64,64,56,38,38,17,41,21,21,17,55,0,0],"gold":387,"neow_bonus":"TEN_PERCENT_HP_BONUS","is_daily":false,"chose_seed":false,"campfire_upgraded":1,"win_rate":0.0,"timestamp":1612544265,"path_taken":["M","M","?","M","?","R","M","E","T","E","R","E","?","?","R","BOSS"],"items_purchased_type":[],"build_version":"2020-12-22","purchased_purges":0,"victory":false,"max_hp_per_floor":[77,77,82,82,82,82,82,82,82,82,82,89,89,89,89,89,89],"card_choices":[{"not_picked":["Terror","Masterful Stab"],"picked":"Poisoned Stab","floor":1},{"not_picked":["Poisoned Stab","Dagger Throw"],"picked":"Noxious Fumes","floor":2},{"not_picked":["Terror","Eviscerate"],"picked":"Dash","floor":4},{"not_picked":["Flying Knee","Dodge and Roll"],"picked":"Cloak And Dagger","floor":7},{"not_picked":["Cloak And Dagger","Backstab"],"picked":"Deadly Poison","floor":8},{"not_picked":["Dagger Spray","Wraith Form v2"],"picked":"Tactician","floor":10},{"not_picked":["Dagger Spray","Outmaneuver"],"picked":"Backflip","floor":12},{"not_picked":["Cloak And Dagger","Backstab"],"picked":"Slice","floor":14}],"player_experience":850785,"relics_obtained":[{"floor":8,"key":"Darkstone Periapt"},{"floor":9,"key":"Bag of Preparation"},{"floor":10,"key":"Omamori"},{"floor":12,"key":"Strawberry"},{"floor":13,"key":"Eternal Feather"}],"event_choices":[{"damage_healed":0,"gold_gain":0,"player_choice":"Donut","damage_taken":0,"max_hp_gain":5,"max_hp_loss":0,"event_name":"Big Fish","floor":3,"gold_loss":0},{"damage_healed":0,"gold_gain":64,"player_choice":"Gained Gold","damage_taken":0,"max_hp_gain":0,"max_hp_loss":0,"event_name":"Golden Wing","floor":5,"gold_loss":0}],"is_beta":false,"boss_relics":[],"items_purged_floors":[],"is_endless":false,"potions_floor_spawned":[4,7,14],"killed_by":"Slime Boss","ascension_level":6}}