{"host":"u7y9frlpoazak2mn","time":1612566933,"event":{"mods":["Act Like it!","Aspiration","BaseMod","Beaked The Cultist","Better Altar","Better Match","Better Note","Better Sensory Stone","Better Skull","Better Third Choice","Colored Map","Colored Powertips","Conspire","Downfall","Energized Spire","GifTheSpireLib","Googly Eyes","Halation","Hermit","Hubris","Infinite Spire","Marked Mod","Mimic Mod","Minty Spire (QoL Compilation)","Permanent Neow","Prisma Mod","Rare Cards Sparkle","Replay The Spire","StSLib","Stuff the Spire","The Construct","Waifu the Spire"],"gold_per_floor":[109,109,109,13,33,33,64,64,64,94,13,41,51,69,69,174,174,189,189,201,211,62,62,62],"floor_reached":23,"language":"ENG","playtime":1073,"items_purged":["Strike_G"],"score":246,"play_id":"d4327ee0-a777-4861-b07c-31cbd608ca93","local_time":"20210205181533","is_ascension_mode":true,"campfire_choices":[{"data":"Catalyst","floor":6,"key":"SMITH"},{"data":"Catalyst","floor":8,"key":"SMITH"},{"floor":15,"key":"REST"}],"circlet_count":0,"master_deck":["Strike_G","Strike_G","Strike_G","Defend_G","Defend_G","Defend_G","Defend_G","Survivor","Neutralize","Catalyst+1","Bane","Deadly Poison","PiercingWail","Catalyst+1","Crippling Poison","Replay:Poison Smokescreen","Replay:Poison Smokescreen","Bane","Bane","Envenom","Envenom","Noxious Fumes","Noxious Fumes"],"relics":["Ring of the Snake","StuffTheSpire:RedRose","Mummified Hand","Dream Catcher","aspiration:ChemicalBlood","aspiration:Lifesprig","Empty Cage"],"acts_visited":["Exordium","TheCity"],"potions_floor_usage":[12,12,18,20,21,23],"damage_taken":[{"damage":5,"enemies":"Cultist","floor":1,"turns":5},{"damage":8,"enemies":"Small Slimes","floor":5,"turns":2},{"damage":13,"enemies":"Replay:BlueRogue","floor":7,"turns":4},{"damage":8,"enemies":"Lagavulin","floor":10,"turns":5},{"damage":0,"enemies":"Gremlin Nob","floor":12,"turns":2},{"damage":3,"enemies":"infinitespire:Voidling","floor":13,"turns":3},{"damage":0,"enemies":"2 Fungi Beasts","floor":14,"turns":3},{"damage":18,"enemies":"The Guardian","floor":16,"turns":7},{"damage":23,"enemies":"Spheric Guardian","floor":18,"turns":6},{"damage":24,"enemies":"2 Thieves","floor":20,"turns":3},{"damage":14,"enemies":"conspire:HollyBat","floor":21,"turns":5},{"damage":11,"enemies":"Gremlin Leader","floor":23,"turns":2}],"seed_played":"6267832986136740855","potions_obtained":[{"floor":1,"key":"SpeedPotion"},{"floor":7,"key":"bronze:BurnAndBuffPotion"},{"floor":10,"key":"AttackPotion"},{"floor":16,"key":"PowerPotion"},{"floor":20,"key":"CunningPotion"}],"is_trial":false,"path_per_floor":["M","?","?","$","M","R","E","R","T","E","$","E","M","M","R","B",null,"M","?","M","M","$","E"],"character_chosen":"THE_SILENT","items_purchased":["Deadly Poison","PiercingWail","Replay:Poison Smokescreen","Noxious Fumes"],"campfire_rested":1,"item_purchase_floors":[4,4,11,22],"current_hp_per_floor":[65,65,65,65,57,57,44,44,44,36,36,36,33,33,54,36,70,47,47,23,9,9,0,0],"gold":62,"neow_bonus":"THREE_CARDS","is_daily":false,"chose_seed":false,"campfire_upgraded":2,"win_rate":0.0,"timestamp":1612566933,"path_taken":["M","?","?","$","M","R","E","R","T","E","$","E","M","?","R","BOSS","M","?","?","?","$","E"],"items_purchased_type":["Card","Card","Card","Card"],"build_version":"2020-12-22","purchased_purges":1,"victory":false,"max_hp_per_floor":[70,70,70,70,70,70,70,70,70,70,70,70,70,70,70,70,70,70,70,70,70,70,70,70],"card_choices":[{"not_picked":["Predator","Endless Agony"],"picked":"Catalyst","floor":0},{"not_picked":["Accuracy","hubris:SlightOfHand"],"picked":"Bane","floor":1},{"not_picked":["Acrobatics","PiercingWail"],"picked":"Catalyst","floor":5},{"not_picked":["ReplayTheSpireMod:From All Sides","Predator"],"picked":"Crippling Poison","floor":7},{"not_picked":["Eviscerate","Choke"],"picked":"Replay:Poison Smokescreen","floor":10},{"not_picked":["Cloak And Dagger","StuffTheSpire:BrimstoneBlast"],"picked":"Bane","floor":12},{"not_picked":["Accuracy","Underhanded Strike","Outmaneuver"],"picked":"SKIP","floor":13},{"not_picked":["Poisoned Stab","Infinite Blades"],"picked":"Bane","floor":14},{"not_picked":["Caltrops","Underhanded Strike"],"picked":"Envenom","floor":15},{"not_picked":["Corpse Explosion","ReplayTheSpireMod:Necrosis"],"picked":"Envenom","floor":16},{"not_picked":["Cloak And Dagger","StuffTheSpire:ReptileScales"],"picked":"Noxious Fumes","floor":18},{"not_picked":["Cloak And Dagger","ReplayTheSpireMod:Shiv Toss","Acrobatics"],"picked":"SKIP","floor":20},{"not_picked":["StuffTheSpire:ClusterCrunch","Hidden Blade+1","StuffTheSpire:BumpUp"],"picked":"SKIP","floor":21}],"player_experience":401009,"relics_obtained":[{"floor":7,"key":"Mummified Hand"},{"floor":9,"key":"Dream Catcher"},{"floor":10,"key":"aspiration:ChemicalBlood"},{"floor":12,"key":"aspiration:Lifesprig"}],"event_choices":[{"cards_removed":["Regret"],"damage_healed":0,"gold_gain":0,"player_choice":"Removed Curses","damage_taken":0,"max_hp_gain":0,"max_hp_loss":0,"event_name":"Fountain of Cleansing","floor":3,"gold_loss":0},{"damage_healed":0,"gold_gain":0,"player_choice":"Ignored","damage_taken":0,"max_hp_gain":0,"max_hp_loss":0,"event_name":"betterNote:BetterNote","floor":19,"gold_loss":0,"cards_obtained":["PathToVictory"]}],"is_beta":false,"boss_relics":[{"not_picked":["Replay:Grab Bag","hubris:TerracottaHorce"],"picked":"Empty Cage"}],"items_purged_floors":[22],"is_endless":false,"potions_floor_spawned":[1,7,10,16,20],"killed_by":"Gremlin Leader","ascension_level":1}}