{"host":"jlk2k69f9c6o7b3e","time":1612512790,"event":{"mods":["AchievementEnabler","BaseMod","Minty Spire (QoL Compilation)","StSLib"],"gold_per_floor":[114,129,144,319,319,349,349,379,404,434,449,479,479,494,494,494,494],"floor_reached":16,"language":"ZHS","playtime":966,"items_purged":[],"score":155,"play_id":"506a2a4d-2d31-4e28-8f5c-3c8cb2467321","local_time":"20210205161310","daily_mods":["Specialized","ControlledChaos","Elite Swarm"],"is_ascension_mode":false,"campfire_choices":[{"data":"MasterReality","floor":7.0,"key":"SMITH"},{"data":"Alpha","floor":13,"key":"SMITH"},{"data":"LessonLearned","floor":15,"key":"SMITH"}],"circlet_count":0,"master_deck":["Strike_P","Strike_P","Strike_P","Strike_P","Defend_P","Defend_P","Defend_P","Defend_P","Eruption+1","Vigilance","FlyingSleeves","FlyingSleeves","FlyingSleeves","FlyingSleeves","FlyingSleeves","Conclude","CutThroughFate","Study","Doubt","MasterReality+1","Alpha+1","LessonLearned+1","ClearTheMind","DeusExMachina","Crescendo"],"relics":["PureWater","Frozen Eye","Centennial Puzzle","Art of War","Omamori","Torii","Potion Belt"],"acts_visited":["Exordium"],"potions_floor_usage":[],"damage_taken":[{"damage":0.0,"enemies":"2 Louse","floor":1.0,"turns":2.0},{"damage":0.0,"enemies":"Small Slimes","floor":2.0,"turns":1.0},{"damage":0.0,"enemies":"Cultist","floor":3.0,"turns":2.0},{"damage":12.0,"enemies":"3 Sentries","floor":6.0,"turns":3.0},{"damage":14.0,"enemies":"Gremlin Nob","floor":8.0,"turns":3.0},{"damage":8.0,"enemies":"Lagavulin","floor":10.0,"turns":6.0},{"damage":0.0,"enemies":"Exordium Wildlife","floor":11.0,"turns":1.0},{"damage":28,"enemies":"Gremlin Nob","floor":12,"turns":5},{"damage":2,"enemies":"Blue Slaver","floor":14,"turns":4},{"damage":11,"enemies":"Hexaghost","floor":16,"turns":4}],"seed_played":"-8643747277835071688","potions_obtained":[{"floor":1.0,"key":"BottledMiracle"},{"floor":3.0,"key":"ColorlessPotion"},{"floor":10.0,"key":"StancePotion"},{"floor":11.0,"key":"Energy Potion"}],"is_trial":false,"path_per_floor":["M","M","M","?","?","E","R","E","T","E","M","E","R","M","R","B"],"character_chosen":"WATCHER","items_purchased":[],"campfire_rested":0,"item_purchase_floors":[],"current_hp_per_floor":[72,72,72,72,72,60,60,46,46,38,38,10,10,8,8,0,0],"gold":494,"neow_bonus":"","is_daily":true,"chose_seed":false,"campfire_upgraded":3,"win_rate":0.0,"timestamp":1612512790,"path_taken":["M","M","M","?","?","E","R","E","T","E","M","E","R","M","R","BOSS"],"items_purchased_type":[],"build_version":"2020-12-22","purchased_purges":0,"victory":false,"max_hp_per_floor":[72,72,72,72,72,72,72,72,72,72,72,72,72,72,72,72,72],"card_choices":[{"not_picked":["Sanctity","BowlingBash"],"picked":"Conclude","floor":1.0},{"not_picked":["CrushJoints","Consecrate"],"picked":"CutThroughFate","floor":2.0},{"not_picked":["TalkToTheHand","Prostrate"],"picked":"Study","floor":3.0},{"not_picked":["Alpha","ConjureBlade"],"picked":"MasterReality","floor":6.0},{"not_picked":["Vault","MasterReality"],"picked":"Alpha","floor":8.0},{"not_picked":["Omniscience","Brilliance"],"picked":"LessonLearned","floor":10.0},{"not_picked":["CrushJoints","Prostrate"],"picked":"ClearTheMind","floor":11.0},{"not_picked":["MasterReality","Ragnarok"],"picked":"DeusExMachina","floor":12},{"not_picked":["FlurryOfBlows","Protect"],"picked":"Crescendo","floor":14}],"player_experience":369076,"relics_obtained":[{"floor":6.0,"key":"Centennial Puzzle"},{"floor":8.0,"key":"Art of War"},{"floor":9.0,"key":"Omamori"},{"floor":10.0,"key":"Torii"},{"floor":12,"key":"Potion Belt"}],"event_choices":[{"damage_healed":0.0,"max_hp_gain":0.0,"max_hp_loss":0.0,"gold_gain":175.0,"event_name":"Liars Game","player_choice":"AGREE","floor":4.0,"gold_loss":0.0,"damage_taken":0.0,"cards_obtained":["Doubt"]},{"damage_healed":0.0,"max_hp_gain":0.0,"max_hp_loss":0.0,"gold_gain":0.0,"event_name":"Upgrade Shrine","player_choice":"Upgraded","floor":5.0,"gold_loss":0.0,"damage_taken":0.0,"cards_upgraded":["Eruption"]}],"is_beta":false,"boss_relics":[],"items_purged_floors":[],"is_endless":false,"potions_floor_spawned":[1,3,10,11],"killed_by":"Hexaghost","ascension_level":0}}