{"host":"1ooxfz79hmpvpehx","time":1612493759,"event":{"mods":["BaseMod","Minty Spire (QoL Compilation)","Quick Restart","Replay The Spire","StSLib","SuperFastMode"],"gold_per_floor":[113,131,131,179,191,191,222,397,442,228,245,263,96,96,96,96,96],"floor_reached":16,"language":"ENG","playtime":281,"items_purged":["Doubt","Strike_B"],"score":100,"play_id":"78e3438b-94a1-472d-8781-7e35148da9b0","local_time":"20210204235559","is_ascension_mode":false,"campfire_choices":[{"data":"ReplayTheSpireMod:Omega Cannon","floor":6,"key":"SMITH"},{"data":"Loop","floor":15,"key":"SMITH"}],"circlet_count":0,"master_deck":["Strike_B","Strike_B","Defend_B","Defend_B","Defend_B","Zap","Dualcast","ReplayTheSpireMod:Omega Cannon+1","White Noise","Seek","Loop+1","FIFO Queue","Iron Wave"],"relics":["Cracked Core","Garlic","Pen Nib","MawBank","Juzu Bracelet"],"acts_visited":["Exordium"],"potions_floor_usage":[16,16,16],"damage_taken":[{"damage":0,"enemies":"Small Slimes","floor":1,"turns":2},{"damage":0,"enemies":"2 Louse","floor":2,"turns":2},{"damage":0,"enemies":"Jaw Worm","floor":5,"turns":1},{"damage":15,"enemies":"3 Sentries","floor":7,"turns":3},{"damage":10,"enemies":"Red Slaver","floor":11,"turns":2},{"damage":0,"enemies":"Gremlin Gang","floor":12,"turns":1},{"damage":18,"enemies":"The Guardian","floor":16,"turns":4}],"seed_played":"-7077212433501745046","potions_obtained":[{"floor":4,"key":"Weak Potion"},{"floor":11,"key":"Venom Potion"},{"floor":12,"key":"Fire Potion"}],"is_trial":false,"path_per_floor":["M","M","?","?","M","R","E","?","T","$","M","M","$","?","R","B"],"character_chosen":"DEFECT","items_purchased":["Juzu Bracelet","FIFO Queue"],"campfire_rested":0,"item_purchase_floors":[10,13],"current_hp_per_floor":[68,68,68,41,41,41,26,26,26,26,16,16,16,16,16,0,0],"gold":96,"neow_bonus":"THREE_RARE_CARDS","is_daily":false,"chose_seed":false,"campfire_upgraded":2,"win_rate":0.0,"timestamp":1612493759,"path_taken":["M","M","?","?","M","R","E","?","T","$","M","M","?","?","R","BOSS"],"items_purchased_type":["Relic","Card"],"build_version":"2020-12-22","purchased_purges":2,"victory":false,"max_hp_per_floor":[68,68,68,68,68,68,68,68,68,68,68,68,68,68,68,68,68],"card_choices":[{"not_picked":["ReplayRNGCard","Buffer"],"picked":"ReplayTheSpireMod:Omega Cannon","floor":0},{"not_picked":["Hologram","Cold Snap","FTL"],"picked":"SKIP","floor":1},{"not_picked":["Leap","Hologram","ReplayTheSpireMod:Repulse"],"picked":"SKIP","floor":2},{"not_picked":["FTL","Redo"],"picked":"White Noise","floor":5},{"not_picked":["ReplayTheSpireMod:Repulse","Sweeping Beam"],"picked":"Seek","floor":7},{"not_picked":["Steam","Static Discharge","Barrage"],"picked":"SKIP","floor":11},{"not_picked":["Fusion","Beam Cell"],"picked":"Loop","floor":12}],"player_experience":14398,"relics_obtained":[{"floor":4,"key":"Garlic"},{"floor":7,"key":"Pen Nib"},{"floor":9,"key":"MawBank"}],"event_choices":[{"damage_healed":0,"gold_gain":175,"player_choice":"AGREE","damage_taken":0,"max_hp_gain":0,"max_hp_loss":0,"event_name":"Liars Game","floor":8,"gold_loss":0,"cards_obtained":["Doubt"]},{"cards_removed":["Strike_B"],"damage_healed":0,"gold_gain":0,"player_choice":"Took Card","damage_taken":0,"max_hp_gain":0,"max_hp_loss":0,"event_name":"NoteForYourself","floor":14,"gold_loss":0,"cards_obtained":["Iron Wave"]}],"is_beta":false,"boss_relics":[],"items_purged_floors":[10,13],"is_endless":false,"potions_floor_spawned":[11,12],"killed_by":"The Guardian","ascension_level":0}}