{"host":"ow66nzv2xecjoor3","time":1612491880,"event":{"mods":["BaseMod","Bestiary","Block Reminder","Colored Powertips","Curses Come First","Highlight Path","Keyboard Shortcuts","Minty Spire (QoL Compilation)","Permanent Neow","Relic Stats","StSLib","UnlockEverythingMod"],"gold_per_floor":[99,99,99,99,99,99,99,99,99,99,99,99,14,14,14,14,14],"floor_reached":16,"language":"ENG","playtime":408,"items_purged":[],"score":224,"play_id":"65e76c66-f8c5-4201-bfc1-1e4a66a0a65b","local_time":"20210204202440","is_ascension_mode":true,"campfire_choices":[{"data":"Ball Lightning","floor":6.0,"key":"SMITH"},{"floor":8.0,"key":"REST"},{"data":"Biased Cognition","floor":12,"key":"SMITH"},{"data":"Defragment","floor":15,"key":"SMITH"}],"circlet_count":0,"master_deck":["AscendersBane","Strike_B","Strike_B","Strike_B","Strike_B","Defend_B","Defend_B","Defend_B","Zap","Dualcast","Recycle","BootSequence","Static Discharge","Ball Lightning+1","Barrage","Aggregate+1","Biased Cognition+1","Defragment+1","Loop"],"relics":["Ectoplasm","MealTicket","Toxic Egg 2","Bottled Lightning"],"acts_visited":["Exordium"],"potions_floor_usage":[16],"damage_taken":[{"damage":1.0,"enemies":"2 Louse","floor":1.0,"turns":3.0},{"damage":0.0,"enemies":"Jaw Worm","floor":3.0,"turns":4.0},{"damage":0.0,"enemies":"Small Slimes","floor":4.0,"turns":3.0},{"damage":5.0,"enemies":"2 Fungi Beasts","floor":5.0,"turns":3.0},{"damage":31.0,"enemies":"Gremlin Nob","floor":7.0,"turns":4.0},{"damage":20.0,"enemies":"3 Sentries","floor":10.0,"turns":5.0},{"damage":0,"enemies":"Exordium Wildlife","floor":11,"turns":4},{"damage":7,"enemies":"Large Slime","floor":14,"turns":4},{"damage":38,"enemies":"Slime Boss","floor":16,"turns":3}],"seed_played":"-416177053195917658","potions_obtained":[{"floor":1.0,"key":"Block Potion"},{"floor":4.0,"key":"LiquidMemories"},{"floor":7.0,"key":"LiquidBronze"},{"floor":10,"key":"ColorlessPotion"}],"is_trial":false,"path_per_floor":["M","?","M","M","M","R","E","R","T","E","M","R","$","M","R","B"],"character_chosen":"DEFECT","items_purchased":["Defragment"],"campfire_rested":1,"item_purchase_floors":[13],"current_hp_per_floor":[63,63,63,63,58,58,27,48,48,28,28,28,43,36,36,0,0],"gold":14,"neow_bonus":"BOSS_RELIC","is_daily":false,"chose_seed":false,"campfire_upgraded":3,"win_rate":0.0,"timestamp":1612491880,"path_taken":["M","?","M","M","M","R","E","R","T","E","M","R","$","M","R","BOSS"],"items_purchased_type":["Card"],"build_version":"2020-12-22","purchased_purges":0,"victory":false,"max_hp_per_floor":[71,71,71,71,71,71,71,71,71,71,71,71,71,71,71,71,71],"relic_stats":{"counters":[9,33],"MealTicket":15,"Ectoplasm":138,"obtain_stats":[{"MealTicket":7,"Ectoplasm":0,"Bottled Lightning":10,"Toxic Egg 2":9,"Cracked Core":0},{"MealTicket":5,"Ectoplasm":0,"Bottled Lightning":6,"Toxic Egg 2":5,"Cracked Core":0},{"MealTicket":17,"Ectoplasm":0,"Bottled Lightning":22,"Toxic Egg 2":17,"Cracked Core":0}]},"card_choices":[{"not_picked":["White Noise","Stack"],"picked":"Recycle","floor":1.0},{"not_picked":["Reinforced Body","Barrage"],"picked":"Static Discharge","floor":3.0},{"not_picked":["Auto Shields","Conserve Battery"],"picked":"Ball Lightning","floor":4.0},{"not_picked":["Fusion","Stack","Redo"],"picked":"SKIP","floor":5.0},{"not_picked":["Streamline","Tempest"],"picked":"Barrage","floor":7.0},{"not_picked":["Reinforced Body+1","Cold Snap"],"picked":"Aggregate+1","floor":10},{"not_picked":["Genetic Algorithm+1","Leap+1"],"picked":"Biased Cognition","floor":11},{"not_picked":["Steam+1","Stack+1"],"picked":"Loop","floor":14}],"player_experience":2821724,"relics_obtained":[{"floor":7.0,"key":"MealTicket"},{"floor":9.0,"key":"Toxic Egg 2"},{"floor":10,"key":"Bottled Lightning"}],"event_choices":[{"damage_healed":0.0,"max_hp_gain":0.0,"max_hp_loss":0.0,"gold_gain":0.0,"cards_transformed":["Defend_B"],"event_name":"Living Wall","player_choice":"Change","floor":2.0,"gold_loss":0.0,"damage_taken":0.0,"cards_obtained":["BootSequence"]}],"is_beta":false,"boss_relics":[],"items_purged_floors":[],"is_endless":false,"potions_floor_spawned":[1,4,7,10],"killed_by":"Slime Boss","ascension_level":20}}