{"host":"684z1xpuwaoqmmh1","time":1612563062,"event":{"mods":["A Magickal Journey","Astrologer","BaseMod","Downfall","Hermit","Jorbs\u0027s Wanderer Trilogy","Marisa????????","Minty Spire (QoL Compilation)","Robot Space Explorer","Shade Mod","StSLib","The Bug Knight","The Dragon Tamer","The Elementalist","The Hayseed","The Hierophant","The Marked","The Mystic","The Runesmith","The Saiyan","The Senshi","The Spell Scribe","The Vixen","TheBandit","TheFirefly"],"gold_per_floor":[113,113,113,125,125,157,157,186,186,205,205,217,242,242,242,362,362,375,375,394,410,435,435,435,435],"floor_reached":24,"language":"ENG","playtime":798,"items_purged":[],"score":426,"play_id":"6664c1da-8e67-4dcc-95e2-0c98fbc60b71","local_time":"20210206001102","is_ascension_mode":true,"campfire_choices":[{"floor":11,"key":"REST"},{"data":"mysticmod:StyleChange","floor":15,"key":"SMITH"},{"floor":23,"key":"REST"}],"circlet_count":0,"master_deck":["AscendersBane","mysticmod:Strike_Mystic","mysticmod:Strike_Mystic","mysticmod:Strike_Mystic","mysticmod:Defend_Mystic","mysticmod:Defend_Mystic","mysticmod:Defend_Mystic","mysticmod:Defend_Mystic","mysticmod:ArcaneDodge","mysticmod:ShockingGrasp","mysticmod:EnchantedMoulinet+1","mysticmod:LightningBolt","mysticmod:StyleChange+1","mysticmod:Riposte","mysticmod:MirrorEntity+1","mysticmod:Sideswipe","mysticmod:ArcaneAccuracy+1","mysticmod:Daze+1","mysticmod:GeminiForm+1","mysticmod:AllIn","mysticmod:Stoneskin+1","mysticmod:Snowball","mysticmod:ComboCaster+1"],"relics":["mysticmod:SpellBook","Ice Cream","HornCleat","Frozen Egg 2","Pocketwatch","Lantern","Golden Idol","Philosopher\u0027s Stone"],"acts_visited":["Exordium","TheCity"],"potions_floor_usage":[8,18],"damage_taken":[{"damage":0.0,"enemies":"Small Slimes","floor":1.0,"turns":1.0},{"damage":0.0,"enemies":"Jaw Worm","floor":4.0,"turns":4.0},{"damage":21.0,"enemies":"Gremlin Nob","floor":6.0,"turns":4.0},{"damage":10,"enemies":"Lagavulin","floor":8,"turns":5},{"damage":0,"enemies":"2 Louse","floor":10,"turns":1},{"damage":0,"enemies":"Lots of Slimes","floor":12,"turns":1},{"damage":18,"enemies":"Gremlin Nob","floor":13,"turns":4},{"damage":0,"enemies":"Slime Boss","floor":16,"turns":7},{"damage":18,"enemies":"Chosen","floor":18,"turns":5},{"damage":15,"enemies":"Spheric Guardian","floor":20,"turns":4},{"damage":17,"enemies":"Snake Plant","floor":21,"turns":5},{"damage":6,"enemies":"Centurion and Healer","floor":22,"turns":4},{"damage":31,"enemies":"Book of Stabbing","floor":24,"turns":4}],"seed_played":"3321905307807861043","potions_obtained":[{"floor":4.0,"key":"mysticmod:EssenceOfMagic"},{"floor":10,"key":"Swift Potion"},{"floor":13,"key":"SmokeBomb"},{"floor":18,"key":"sneckomod:MuddlingPotion"}],"is_trial":false,"path_per_floor":["M","?","?","M","?","E","?","E","T","M","R","M","E","?","R","B",null,"M","?","M","M","M","R","E"],"character_chosen":"MYSTIC_CLASS","items_purchased":[],"campfire_rested":2,"item_purchase_floors":[],"current_hp_per_floor":[69,66,66,66,66,45,45,35,35,35,58,58,40,40,40,40,63,45,45,30,13,7,28,0,0],"gold":435,"neow_bonus":"TRANSFORM_CARD","is_daily":false,"chose_seed":false,"campfire_upgraded":1,"win_rate":0.0,"timestamp":1612563062,"path_taken":["M","?","?","M","?","E","?","E","T","M","R","M","E","?","R","BOSS","M","?","M","M","?","R","E"],"items_purchased_type":[],"build_version":"2020-12-22","purchased_purges":0,"victory":false,"max_hp_per_floor":[77,77,77,77,77,77,77,77,77,77,77,77,77,71,71,71,71,71,71,71,71,71,71,71,71],"card_choices":[{"not_picked":["mysticmod:PureInstinct","mysticmod:Disengage"],"picked":"mysticmod:LightningBolt","floor":1.0},{"not_picked":["mysticmod:LightningBolt","mysticmod:ComponentsPouch"],"picked":"mysticmod:StyleChange","floor":4.0},{"not_picked":["mysticmod:LightningBolt","mysticmod:HunkerDown"],"picked":"mysticmod:Riposte","floor":6.0},{"not_picked":["mysticmod:ComponentsPouch","mysticmod:BladeMaster"],"picked":"mysticmod:MirrorEntity+1","floor":8},{"not_picked":["mysticmod:TomeOfSpells","mysticmod:AllIn"],"picked":"mysticmod:Sideswipe","floor":10},{"not_picked":["mysticmod:BulkUp","mysticmod:EnergizedRift"],"picked":"mysticmod:ArcaneAccuracy+1","floor":12},{"not_picked":["mysticmod:HeavyStrike","mysticmod:PureInstinct"],"picked":"mysticmod:Daze","floor":13},{"not_picked":["mysticmod:Lunge","mysticmod:Natural20"],"picked":"mysticmod:GeminiForm+1","floor":16},{"not_picked":["mysticmod:HunkerDown","mysticmod:DiviningBlow"],"picked":"mysticmod:AllIn","floor":18},{"not_picked":["mysticmod:SuddenClarity","mysticmod:Disengage"],"picked":"mysticmod:Stoneskin+1","floor":20},{"not_picked":["mysticmod:HeavyStrike","mysticmod:BladeMaster"],"picked":"mysticmod:Snowball","floor":21},{"not_picked":["mysticmod:PureInstinct","mysticmod:ComponentsPouch"],"picked":"mysticmod:ComboCaster+1","floor":22}],"player_experience":3202987,"relics_obtained":[{"floor":6.0,"key":"HornCleat"},{"floor":8,"key":"Frozen Egg 2"},{"floor":9,"key":"Pocketwatch"},{"floor":13,"key":"Lantern"}],"event_choices":[{"damage_healed":0.0,"max_hp_gain":0.0,"max_hp_loss":0.0,"gold_gain":0.0,"event_name":"Scrap Ooze","player_choice":"Success","floor":2.0,"gold_loss":0.0,"damage_taken":3.0,"relics_obtained":["Ice Cream"]},{"damage_healed":0.0,"max_hp_gain":0.0,"max_hp_loss":0.0,"gold_gain":0.0,"event_name":"Liars Game","player_choice":"Ignored","floor":5.0,"gold_loss":0.0,"damage_taken":0.0},{"damage_healed":0.0,"max_hp_gain":0.0,"max_hp_loss":0.0,"gold_gain":0.0,"event_name":"Living Wall","player_choice":"Grow","floor":7.0,"gold_loss":0.0,"damage_taken":0.0,"cards_upgraded":["mysticmod:EnchantedMoulinet"]},{"damage_healed":0,"gold_gain":0,"player_choice":"Lose Max HP","damage_taken":0,"relics_obtained":["Golden Idol"],"max_hp_gain":0,"max_hp_loss":6,"event_name":"Golden Idol","floor":14,"gold_loss":0},{"damage_healed":0,"gold_gain":0,"player_choice":"Upgraded","damage_taken":0,"max_hp_gain":0,"max_hp_loss":0,"event_name":"Upgrade Shrine","floor":19,"gold_loss":0,"cards_upgraded":["mysticmod:Daze"]}],"is_beta":false,"boss_relics":[{"not_picked":["Ectoplasm","bronze:MakeshiftBattery"],"picked":"Philosopher\u0027s Stone"}],"items_purged_floors":[],"is_endless":false,"potions_floor_spawned":[4,10,13,18],"killed_by":"Book of Stabbing","ascension_level":12}}