{"host":"1ooxfz79hmpvpehx","time":1612495419,"event":{"mods":["BaseMod","Minty Spire (QoL Compilation)","Quick Restart","Replay The Spire","StSLib","SuperFastMode"],"gold_per_floor":[110,35,35,35,54,54,116,166,189,222,237,287,299,309,309,309,309],"floor_reached":16,"language":"ENG","playtime":321,"items_purged":["Strike_B"],"score":102,"play_id":"8f5afdf1-c78c-429e-b8e4-6cdfddd19a9c","local_time":"20210205002339","is_ascension_mode":false,"campfire_choices":[{"data":"Dualcast","floor":6,"key":"SMITH"},{"data":"Decay","floor":15,"key":"PURGE"}],"circlet_count":0,"master_deck":["Strike_B+1","Strike_B","Strike_B","Defend_B","Defend_B","Defend_B","Defend_B+1","Zap+1","Dualcast+1","Machine Learning"],"relics":["Inserter","SsserpentHead","Pen Nib","Replay:Baseball"],"acts_visited":["Exordium"],"potions_floor_usage":[10,16,16,16],"damage_taken":[{"damage":7,"enemies":"Small Slimes","floor":1,"turns":3},{"damage":6,"enemies":"2 Louse","floor":5,"turns":2},{"damage":0,"enemies":"Cultist","floor":7,"turns":3},{"damage":18,"enemies":"Lagavulin","floor":10,"turns":7},{"damage":7,"enemies":"3 Louse","floor":11,"turns":4},{"damage":7,"enemies":"Looter","floor":13,"turns":3},{"damage":9,"enemies":"Red Slaver","floor":14,"turns":4},{"damage":7,"enemies":"Hexaghost","floor":16,"turns":9}],"seed_played":"-8893903778117323626","potions_obtained":[{"floor":5,"key":"SteroidPotion"},{"floor":10,"key":"SpeedPotion"},{"floor":13,"key":"Dexterity Potion"},{"floor":14,"key":"Toxic Potion"}],"is_trial":false,"path_per_floor":["M","$","?","?","M","R","M","?","T","E","M","?","M","M","R","B"],"character_chosen":"DEFECT","items_purchased":[],"campfire_rested":0,"item_purchase_floors":[],"current_hp_per_floor":[68,68,53,53,47,47,47,47,47,29,22,22,15,6,6,0,0],"gold":309,"neow_bonus":"BOSS_RELIC","is_daily":false,"chose_seed":false,"campfire_upgraded":1,"win_rate":0.0,"timestamp":1612495419,"path_taken":["M","$","?","?","M","R","?","?","T","E","M","?","M","M","R","BOSS"],"items_purchased_type":[],"build_version":"2020-12-22","purchased_purges":1,"victory":false,"max_hp_per_floor":[75,75,75,75,75,75,75,75,75,75,75,75,75,75,75,75,75],"card_choices":[{"not_picked":["Coolheaded","Panic Button","Darkness"],"picked":"SKIP","floor":1},{"not_picked":["Aggregate","Go for the Eyes","Streamline"],"picked":"SKIP","floor":5},{"not_picked":["Crystallizer","Sweeping Beam","Hologram"],"picked":"SKIP","floor":7},{"not_picked":["Barrage","Redo"],"picked":"Machine Learning","floor":10},{"not_picked":["Cold Snap","Beam Cell","Leap"],"picked":"SKIP","floor":11},{"not_picked":["Scrape","Ball Lightning","Steam"],"picked":"SKIP","floor":13},{"not_picked":["ReplayTheSpireMod:Repulse","Darkness","Panic Button"],"picked":"SKIP","floor":14}],"player_experience":14398,"relics_obtained":[{"floor":9,"key":"Pen Nib"},{"floor":10,"key":"Replay:Baseball"}],"event_choices":[{"damage_healed":0,"gold_gain":0,"player_choice":"Entered Light","damage_taken":15,"max_hp_gain":0,"max_hp_loss":0,"event_name":"Shining Light","floor":3,"gold_loss":0,"cards_upgraded":["Strike_B","Zap"]},{"damage_healed":0,"gold_gain":0,"player_choice":"Trade","damage_taken":0,"relics_obtained":["SsserpentHead"],"max_hp_gain":0,"max_hp_loss":0,"event_name":"FaceTrader","floor":4,"gold_loss":0},{"damage_healed":0,"gold_gain":0,"player_choice":"Grow","damage_taken":0,"max_hp_gain":0,"max_hp_loss":0,"event_name":"Living Wall","floor":8,"gold_loss":0,"cards_upgraded":["Defend_B"]},{"damage_healed":0,"gold_gain":0,"player_choice":"Cursed","damage_taken":0,"max_hp_gain":0,"max_hp_loss":0,"event_name":"Wheel of Change","floor":12,"gold_loss":0,"cards_obtained":["Decay"]}],"is_beta":false,"boss_relics":[],"items_purged_floors":[2],"is_endless":false,"potions_floor_spawned":[5,10,13,14],"killed_by":"Hexaghost","ascension_level":0}}