{"host":"tgnam0g96qraiyqx","time":1612545025,"event":{"mods":["Always Whale","Arknights","Aspiration","Bartender","BaseMod","BetterRewards","CapriCore","CatGirl Mod","Chen","Colored Map","Colored Powertips","Decade(???)","Dio Mod","Downfall","Ekko","Energized Spire","Fireblade Mod","Glutton Mod","Hermit","HexUI Lib","Highlight Path","HornydragonMod","Hubris","Jorbs\u0027s Wanderer Trilogy","Kalas","KinomotoSakuraMod(????)","Koishi","Kratos Character Expansion","Luminous","Minty Spire (QoL Compilation)","Permanent Neow","Pikachu Mod","Potionbrewer","Prisma Mod","QueenMod","Railgun Mod","Random Character Button","Reimu??????","Replay The Spire","SCP261 Mod","Shade Mod","Shedinja","Shop Mod","Somnambulant","StSLib","The Alterego","The Bladedancer","The Cursed","The Death Knight","The Druid","The Hayseed","The Immortal","The Judge","The Juggle","The Jungle","The Kombatant","The Showman","The Warrior","The Wild Card","TheFirefly","TheSwordswoman","TheVacant","Warlord Emblem","[IsaacMod]????"],"gold_per_floor":[99,114,114,133,133,153,153,153,179,179,179,192,289,289,301,384,384,384,403,403,403,417,417,417,84,84,84,84,97,32,32,49,146,146,46,61,81,218,218,232,232,232,232,232,232,71,81,106,125,125,125,125],"floor_reached":50,"language":"FRA","playtime":21943,"items_purged":["hexamod:Strike","hexamod:Strike"],"score":518,"play_id":"fac155c7-2f82-4887-9697-e1d32cac7751","local_time":"20210205181025","is_ascension_mode":false,"campfire_choices":[{"data":"hexamod:Sear","floor":1,"key":"SMITH"},{"data":"hexamod:SoulSteal","floor":8,"key":"SMITH"},{"data":"hexamod:BurningTouch","floor":11,"key":"SMITH"},{"floor":18,"key":"RECALL"},{"floor":23,"key":"REST"},{"floor":28,"key":"REST"},{"data":"hexamod:TimeOfNeed","floor":35,"key":"SMITH"},{"floor":42,"key":"REST"},{"data":"hexamod:Hexaguard","floor":45,"key":"SMITH"}],"circlet_count":0,"master_deck":["hexamod:Defend","hexamod:Defend","hexamod:Defend","hexamod:Defend","hexamod:Sear+1","hexamod:Float","hexamod:SoulSteal+1","hexamod:BurningTouch+1","hexamod:PhantomFireball","hexamod:EmpoweredFlame","hexamod:Firestarter+1","hexamod:HeatCrush+1","hexamod:Hexaguard+1","hexamod:GhostLash+1","hexamod:ThermalTransfer+1","hexamod:ThermalTransfer+1","hexamod:HeatMetal+1","hexamod:TimeOfNeed+1","hexamod:BurningTouch+1","hexamod:SoulSteal+1","expansioncontent:DashGenerateEvil+1","hexamod:AdvancingGuard+1","expansioncontent:DashGenerateEvil+1","hexamod:AdvancingGuard+1"],"relics":["hexamod:SpiritBrand","HushsDoor","SteamSale","Molten Egg 2","ReplayFunnel","Omamori","hubris:Towel","Ring of Chaos","Smiling Mask","ReplayTheSpireMod:TigerMarble","Sozu","downfall:HeartBlessingRed","PreservedInsect","Oddly Smooth Stone","Vajra"],"acts_visited":["Exordium","TheCity","TheBeyond"],"potions_floor_usage":[16,16,16,33,33,33,50,50],"damage_taken":[{"damage":0,"enemies":"Cultist","floor":2,"turns":3},{"damage":0,"enemies":"2 Louse","floor":4,"turns":3},{"damage":1,"enemies":"Small Slimes","floor":6,"turns":3},{"damage":11,"enemies":"Lagavulin","floor":9,"turns":6},{"damage":4,"enemies":"Red Slaver","floor":12,"turns":4},{"damage":0,"enemies":"Large Slime","floor":15,"turns":4},{"damage":15,"enemies":"IC_STATUS_ARCHETYPE","floor":16,"turns":5},{"damage":10,"enemies":"Chosen","floor":19,"turns":3},{"damage":22,"enemies":"Spheric Guardian","floor":22,"turns":4},{"damage":0,"enemies":"downfall:FleeingMerchant","floor":25,"turns":4},{"damage":17,"enemies":"Snake Plant","floor":29,"turns":3},{"damage":5,"enemies":"downfall:FleeingMerchant","floor":30,"turns":4},{"damage":3,"enemies":"Snecko","floor":32,"turns":3},{"damage":32,"enemies":"WA_ARCHETYPE_CALM","floor":33,"turns":7},{"damage":0,"enemies":"3 Shapes","floor":36,"turns":4},{"damage":0,"enemies":"Orb Walker","floor":37,"turns":3},{"damage":5,"enemies":"downfall:FleeingMerchant","floor":38,"turns":4},{"damage":19,"enemies":"Spire Growth","floor":40,"turns":4},{"damage":1,"enemies":"Writhing Mass","floor":47,"turns":5},{"damage":5,"enemies":"Nemesis","floor":48,"turns":5},{"damage":18,"enemies":"Jaw Worm Horde","floor":49,"turns":4},{"damage":59,"enemies":"DF_ARCHETYPE_ORBS","floor":50,"turns":8}],"seed_played":"1731209493274050378","potions_obtained":[{"floor":2,"key":"hexamod:SoulburnPotion"},{"floor":4,"key":"Cursed Concoction"},{"floor":15,"key":"potionbrewer:EndurancePotion"},{"floor":16,"key":"Adrenaline Potion"},{"floor":22,"key":"Languid Potion"},{"floor":27,"key":"CultistPotion"}],"is_trial":false,"path_per_floor":["R","M","?","M","?","M","T","R","E","?","R","M","?","?","M","B",null,"R","M","?","?","M","R","T","$","?","?","R","M","$","?","M","B",null,"R","M","M","$","?","M","T","R","?","?","R","$","M","E","M","B"],"character_chosen":"THE_SPIRIT","items_purchased":["ReplayTheSpireMod:TigerMarble","hexamod:ThermalTransfer+1","potionbrewer:SplittingPotion","expansioncontent:DashGenerateEvil","expansioncontent:DashGenerateEvil+1","Oddly Smooth Stone"],"campfire_rested":3,"item_purchase_floors":[25,25,25,38,46,46],"current_hp_per_floor":[70,70,70,70,70,69,69,69,58,58,58,54,37,37,37,22,70,70,60,60,47,25,47,47,47,47,47,69,52,47,47,44,12,75,75,75,75,70,70,51,51,73,73,73,73,73,72,70,52,0,0,0],"gold":125,"neow_bonus":"REMOVE_CARD","is_daily":false,"chose_seed":false,"campfire_upgraded":5,"win_rate":0.0,"timestamp":1612545025,"path_taken":["R","M","?","M","?","M","T","R","E","?","R","M","?","?","M","BOSS","R","M","?","?","?","R","T","$","?","?","R","M","$","?","M","BOSS","R","M","M","$","?","M","T","R","?","?","R","?","M","E","M","BOSS"],"items_purchased_type":["Relic","Card","Potion","Card","Card","Relic"],"build_version":"2020-12-22","purchased_purges":2,"victory":false,"max_hp_per_floor":[70,70,70,70,70,70,70,70,70,70,70,70,70,70,70,70,70,70,70,70,75,75,75,75,75,75,75,75,75,75,75,75,75,75,75,75,75,75,75,75,75,75,75,75,75,75,75,75,75,75,75,75],"card_choices":[{"not_picked":["hexamod:NightmareStrike","hexamod:EtherealExpedition"],"picked":"hexamod:SoulSteal","floor":2},{"not_picked":["hexamod:TimeWarp","hexamod:EtherealExpedition"],"picked":"hexamod:BurningTouch","floor":4},{"not_picked":["hexamod:NightmareGuise","hexamod:ExtraCrispy"],"picked":"hexamod:PhantomFireball","floor":6},{"not_picked":["hexamod:HeatCrush+1","hexamod:BurningTouch"],"picked":"hexamod:EmpoweredFlame","floor":9},{"not_picked":["hexamod:FastForward","hexamod:StepThrough+1","hexamod:CatchUp"],"picked":"SKIP","floor":12},{"not_picked":["Bomb","hexamod:BacktrackSmack+1"],"picked":"hexamod:Firestarter+1","floor":13},{"not_picked":["hexamod:ChargedBarrage","hexamod:GhostShield","hexamod:FirstSeal"],"picked":"SKIP","floor":15},{"not_picked":["hexamod:FourthSeal","hexamod:ShieldOfDarkness"],"picked":"hexamod:HeatCrush+1","floor":19},{"not_picked":["hexamod:NightmareGuise","hexamod:SpectersWail+1"],"picked":"hexamod:Hexaguard","floor":22},{"not_picked":["hexamod:EmpoweredFlame","hexamod:UnleashSpirits+1"],"picked":"hexamod:GhostLash+1","floor":25},{"not_picked":["hexamod:DynamicBlow+1","hexamod:HeatCrush+1"],"picked":"hexamod:ThermalTransfer+1","floor":29},{"not_picked":["hexamod:ChargedBarrage","hexamod:UnlimitedPower"],"picked":"hexamod:HeatMetal+1","floor":30},{"not_picked":["hexamod:SkipABeat","hexamod:RetreatToShadows","hexamod:Haunt"],"picked":"SKIP","floor":32},{"not_picked":["hexamod:UnlimitedPower","hexamod:GhostOfSpirePresent"],"picked":"hexamod:TimeOfNeed","floor":33},{"not_picked":["hexamod:GhostOfSpirePast+1","hexamod:RainOfEmbers+1","hexamod:Hexaguard+1"],"picked":"SKIP","floor":36},{"not_picked":["hexamod:FastForward","hexamod:NecessarySacrifice"],"picked":"hexamod:BurningTouch+1","floor":37},{"not_picked":["hexamod:SpectralAdrenaline+1","hexamod:ThermalTransfer+1"],"picked":"hexamod:SoulSteal+1","floor":38},{"not_picked":["hexamod:BurningTouch+1","hexamod:NightmareGuise+1"],"picked":"hexamod:AdvancingGuard+1","floor":40},{"not_picked":["hexamod:HauntingEcho+1","hexamod:FastForward+1"],"picked":"hexamod:AdvancingGuard+1","floor":47},{"not_picked":["hexamod:HauntingEcho+1","hexamod:EtherealExpedition","hexamod:Firestarter+1"],"picked":"SKIP","floor":48},{"not_picked":["hexamod:NecessarySacrifice+1","hexamod:AdvancingGuard+1","hexamod:InspiringFlames+1"],"picked":"SKIP","floor":49}],"player_experience":2623171,"relics_obtained":[{"floor":7,"key":"Molten Egg 2"},{"floor":9,"key":"ReplayFunnel"},{"floor":13,"key":"Omamori"},{"floor":24,"key":"Smiling Mask"},{"floor":41,"key":"PreservedInsect"},{"floor":48,"key":"Vajra"}],"event_choices":[{"damage_healed":0,"gold_gain":0,"player_choice":"Ignored","damage_taken":0,"max_hp_gain":0,"max_hp_loss":0,"event_name":"NoteForYourself","floor":39,"gold_loss":0},{"damage_healed":0,"gold_gain":0,"player_choice":"Ignored","damage_taken":0,"max_hp_gain":0,"max_hp_loss":0,"event_name":"Mysterious Sphere","floor":43,"gold_loss":0}],"is_beta":false,"boss_relics":[{"not_picked":["aspiration:RitualDagger","energizedSpire:OgreHead"],"picked":"Ring of Chaos"},{"not_picked":[]},{"not_picked":["energizedSpire:StickyHand","Replay:Wanted Poster"],"picked":"Sozu"},{"not_picked":[]}],"items_purged_floors":[25,30],"is_endless":false,"potions_floor_spawned":[2,4,15,16,22,29,47,48,49],"killed_by":"DF_ARCHETYPE_ORBS","ascension_level":0}}