{"host":"j4nfyhit1dl35m08","time":1612483892,"event":{"mods":["BaseMod","Downfall","Highlight Path","Minty Spire (QoL Compilation)","StSLib"],"gold_per_floor":[99,119,134,284,299,299,299,299,34,54,87,87,122,122,137,242,242,242,260,277,291,307,75,151,164,164,195,195,227,327,357,376,477,477,377,390,390,401,178,194,194,206,106,137,151,151,151,179,191,191],"floor_reached":51,"language":"ENG","playtime":9540,"items_purged":["Regret","bronze:Strike","Pride"],"score":1068,"play_id":"98a77104-b1a1-418a-94e4-3386aa65e931","local_time":"20210204181132","is_ascension_mode":true,"campfire_choices":[{"data":"bronze:Goto","floor":1,"key":"SMITH"},{"data":"bronze:CutThrough","floor":8,"key":"SMITH"},{"data":"bronze:ClassDefault","floor":18,"key":"SMITH"},{"data":"bronze:CloningBeam","floor":26,"key":"SMITH"},{"data":"bronze:Repair","floor":35,"key":"SMITH"},{"data":"bronze:Goto","floor":43,"key":"SMITH"},{"data":"bronze:ItsAFeature","floor":47,"key":"SMITH"}],"circlet_count":0,"master_deck":["bronze:Strike","bronze:Defend","bronze:Defend+1","bronze:Defend","bronze:Defend","bronze:Replicate","bronze:Goto+1","bronze:DarkDash","bronze:CutThrough+1","downfall:Icky","bronze:Repulsor","bronze:Fortify","bronze:Repair+1","bronze:ClassDefault+1","bronze:FineTuning+1","bronze:GetLatest","bronze:Terminator","CurseOfTheBell","CurseOfTheBell","bronze:FindAndReplace","bronze:CloningBeam+1","bronze:Fortify","bronze:MaxOutput","bronze:HardenedForm","bronze:Turbo","bronze:Terminator+1","bronze:Shell+1","bronze:SpaghettiCode","bronze:FollowUp","bronze:ItsAFeature+1","bronze:Boost","bronze:Shell","bronze:Repair","bronze:BronzeArmor+1","bronze:HardenedForm","bronze:FineTuning","J.A.X.","bronze:Boost","bronze:Library","bronze:Goto+1","bronze:Refactor","Enlightenment","bronze:Deprecate","bronze:Turbo","bronze:BuggyMess","bronze:Repulsor","expansioncontent:YouAreMine","expansioncontent:AwakenDeath","expansioncontent:PrepareCrush","bronze:Frontload+1","bronze:ClassDefault"],"relics":["Coffee Dripper","Question Card","Matryoshka","Oddly Smooth Stone","downfall:ExtraCursedBell","Torii","Pear","War Paint","PreservedInsect","SlaversCollar","Strawberry","Mercury Hourglass","Peace Pipe","Boot","Orichalcum","MutagenicStrength","Art of War","bronze:MakeshiftBattery","downfall:HeartBlessingGreen","Blood Vial","downfall:HeartBlessingBlue","bronze:BronzeIdol","Shuriken"],"acts_visited":["Exordium","TheCity","TheBeyond"],"potions_floor_usage":[13,16,19,20,22,25,27,32,33,44,45,50,50,50],"damage_taken":[{"damage":2,"enemies":"Jaw Worm","floor":2,"turns":4},{"damage":0,"enemies":"2 Louse","floor":3,"turns":3},{"damage":0,"enemies":"Small Slimes","floor":5,"turns":2},{"damage":7,"enemies":"downfall:FleeingMerchant","floor":9,"turns":4},{"damage":12,"enemies":"3 Louse","floor":10,"turns":6},{"damage":4,"enemies":"Lagavulin","floor":11,"turns":7},{"damage":25,"enemies":"Gremlin Nob","floor":13,"turns":6},{"damage":13,"enemies":"Blue Slaver","floor":15,"turns":4},{"damage":32,"enemies":"WA_ARCHETYPE_RETAIN","floor":16,"turns":10},{"damage":25,"enemies":"Spheric Guardian","floor":19,"turns":8},{"damage":14,"enemies":"Chosen","floor":20,"turns":8},{"damage":45,"enemies":"Sentry and Sphere","floor":21,"turns":9},{"damage":35,"enemies":"Snecko","floor":22,"turns":8},{"damage":0,"enemies":"downfall:FleeingMerchant","floor":23,"turns":4},{"damage":2,"enemies":"Snake Plant","floor":25,"turns":6},{"damage":56,"enemies":"Slavers","floor":27,"turns":7},{"damage":8,"enemies":"Book of Stabbing","floor":29,"turns":4},{"damage":39,"enemies":"downfall:Augmenter","floor":30,"turns":4},{"damage":3,"enemies":"Gremlin Leader","floor":31,"turns":2},{"damage":29,"enemies":"Chosen and Byrds","floor":32,"turns":9},{"damage":27,"enemies":"DF_ARCHETYPE_CLAW","floor":33,"turns":8},{"damage":54,"enemies":"3 Darklings","floor":36,"turns":10},{"damage":23,"enemies":"Orb Walker","floor":38,"turns":6},{"damage":0,"enemies":"downfall:FleeingMerchant","floor":39,"turns":4},{"damage":28,"enemies":"4 Shapes","floor":40,"turns":6},{"damage":3,"enemies":"Maw","floor":42,"turns":9},{"damage":14,"enemies":"Nemesis","floor":44,"turns":7},{"damage":19,"enemies":"Sphere and 2 Shapes","floor":45,"turns":6},{"damage":4,"enemies":"Giant Head","floor":48,"turns":7},{"damage":20,"enemies":"4 Shapes","floor":49,"turns":7},{"damage":146,"enemies":"IC_BLOCK_ARCHETYPE","floor":50,"turns":9}],"seed_played":"-1178003544277893156","potions_obtained":[{"floor":5,"key":"Fruit Juice"},{"floor":10,"key":"Weak Potion"},{"floor":11,"key":"DistilledChaos"},{"floor":13,"key":"AttackPotion"},{"floor":16,"key":"LiquidBronze"},{"floor":20,"key":"Energy Potion"},{"floor":25,"key":"SteroidPotion"},{"floor":29,"key":"FairyPotion"},{"floor":30,"key":"Regen Potion"},{"floor":32,"key":"sneckomod:MuddlingPotion"},{"floor":38,"key":"Swift Potion"},{"floor":40,"key":"LiquidMemories"},{"floor":42,"key":"bronze:FreeFunctionsPotion"},{"floor":44,"key":"Dexterity Potion"},{"floor":45,"key":"AttackPotion"}],"is_trial":false,"path_per_floor":["R","M","M","?","M","?","T","R","$","M","E","?","E","?","M","B",null,"R","M","M","M","M","$","T","M","R","E","?","E","?","E","M","B",null,"R","M","?","M","$","M","T","M","R","E","M","?","R","E","M","B",null],"character_chosen":"THE_AUTOMATON","items_purchased":["bronze:Repair","bronze:ClassDefault","bronze:FineTuning","bronze:ItsAFeature","Block Potion","Enlightenment"],"campfire_rested":0,"item_purchase_floors":[9,9,9,23,23,39],"current_hp_per_floor":[70,68,68,68,68,68,68,68,61,56,60,70,53,53,54,35,73,73,72,82,40,29,45,52,74,74,42,42,50,11,8,2,16,73,73,63,63,69,92,81,81,92,102,102,97,87,87,102,102,28],"gold":191,"neow_bonus":"BOSS_RELIC","is_daily":false,"chose_seed":false,"campfire_upgraded":7,"win_rate":0.0,"timestamp":1612483892,"path_taken":["R","M","M","?","M","?","T","R","$","M","E","?","E","?","M","BOSS","R","M","M","M","M","$","T","M","R","E","?","E","?","E","M","BOSS","R","M","?","M","$","M","T","M","R","E","?","?","R","E","M","BOSS"],"items_purchased_type":["Card","Card","Card","Card","Potion","Card"],"build_version":"2020-12-22","purchased_purges":3,"victory":true,"max_hp_per_floor":[70,70,70,70,70,70,70,70,70,70,70,80,80,80,80,85,85,85,85,85,85,85,85,92,92,92,92,92,92,92,92,92,92,92,92,92,92,92,92,92,92,92,102,102,102,102,102,102,102,102],"card_choices":[{"not_picked":["bronze:CutThrough","bronze:Turbo"],"picked":"bronze:DarkDash","floor":2},{"not_picked":["bronze:Return","bronze:BuggyMess"],"picked":"bronze:CutThrough","floor":3},{"not_picked":["bronze:FollowUp","bronze:DelayedSlice"],"picked":"bronze:Repulsor","floor":5},{"not_picked":["bronze:Frontload","bronze:Overheat","bronze:FollowUp"],"picked":"bronze:Fortify","floor":9},{"not_picked":["bronze:FineTuning","bronze:Invalidate","bronze:CutThrough"],"picked":"bronze:GetLatest","floor":10},{"not_picked":["bronze:WildBeam","bronze:BugBarrage","bronze:Turbo"],"picked":"bronze:Terminator","floor":11},{"not_picked":["bronze:Repulsor","bronze:SpaghettiCode","bronze:Allocate"],"picked":"bronze:CloningBeam","floor":13},{"not_picked":["bronze:WhirlingStrike","bronze:Repair","bronze:Iterate"],"picked":"bronze:MaxOutput","floor":15},{"not_picked":["bronze:SpaghettiCode","bronze:Assembly","bronze:ThunderWave"],"picked":"bronze:HardenedForm","floor":16},{"not_picked":["bronze:BronzeArmor","bronze:BronzeOrb+1","bronze:CutThrough+1"],"picked":"bronze:Turbo","floor":19},{"not_picked":["bronze:OilSpill","bronze:Invalidate","bronze:GetLatest"],"picked":"bronze:Terminator+1","floor":20},{"not_picked":["bronze:OilSpill+1","bronze:ChildClass","bronze:BugBarrage"],"picked":"bronze:Shell+1","floor":21},{"not_picked":["bronze:Return","bronze:WhirlingStrike","bronze:Invalidate"],"picked":"bronze:SpaghettiCode","floor":22},{"not_picked":["bronze:Shield","bronze:BugBarrage","bronze:Iterate+1"],"picked":"bronze:FollowUp","floor":23},{"not_picked":["bronze:Invalidate+1","bronze:Shield+1","bronze:BronzeArmor"],"picked":"bronze:Boost","floor":25},{"not_picked":["bronze:FineTuning","bronze:Overheat","bronze:Iterate"],"picked":"bronze:Shell","floor":27},{"not_picked":["bronze:WhirlingStrike","bronze:NullPointer","bronze:Break"],"picked":"bronze:Repair","floor":29},{"not_picked":["bronze:DelayedSlice","bronze:Terminator+1","bronze:InfiniteBeams"],"picked":"bronze:BronzeArmor+1","floor":30},{"not_picked":[],"picked":"J.A.X.","floor":30},{"not_picked":["bronze:Return","bronze:FineTuning","bronze:BitShift","bronze:Separator+1"],"picked":"SKIP","floor":31},{"not_picked":["bronze:DigitalCarnage","bronze:Constructor","bronze:DelayedGuard"],"picked":"bronze:Boost","floor":32},{"not_picked":["bronze:ThunderWave","bronze:Mutator","bronze:HardenedForm"],"picked":"bronze:Library","floor":33},{"not_picked":["bronze:WildBeam","bronze:BuggyMess","bronze:Philosophize+1","bronze:Fortify"],"picked":"SKIP","floor":36},{"not_picked":["bronze:Safeguard","bronze:Overheat+1","bronze:WildBeam+1","bronze:Shell+1"],"picked":"SKIP","floor":38},{"not_picked":["bronze:Boost","bronze:DigitalCarnage+1","bronze:WhirlingStrike"],"picked":"bronze:Refactor","floor":39},{"not_picked":["bronze:OilSpill+1","bronze:Branch+1","bronze:WildBeam"],"picked":"bronze:Deprecate","floor":40},{"not_picked":["bronze:Overheat","bronze:OilSpill+1","bronze:Branch+1"],"picked":"bronze:Turbo","floor":42},{"not_picked":["bronze:Branch+1","bronze:Invalidate+1","bronze:HardenedForm"],"picked":"bronze:BuggyMess","floor":44},{"not_picked":["bronze:WildBeam","bronze:Flail+1","bronze:FineTuning"],"picked":"bronze:Repulsor","floor":45},{"not_picked":["expansioncontent:GuardianWhirl","expansioncontent:PolyBeam"],"picked":"expansioncontent:YouAreMine","floor":46},{"not_picked":["expansioncontent:YouAreMine","expansioncontent:Hexaburn"],"picked":"expansioncontent:AwakenDeath","floor":46},{"not_picked":["expansioncontent:Chronoboost","expansioncontent:GuardianWhirl"],"picked":"expansioncontent:PrepareCrush","floor":46},{"not_picked":["bronze:OilSpill+1","bronze:Backtrace","bronze:Shell+1"],"picked":"bronze:Frontload+1","floor":48},{"not_picked":["bronze:BugBarrage","bronze:Fortify","bronze:Overheat"],"picked":"bronze:ClassDefault","floor":49}],"player_experience":395425,"relics_obtained":[{"floor":7,"key":"Matryoshka"},{"floor":11,"key":"Oddly Smooth Stone"},{"floor":12,"key":"Torii"},{"floor":12,"key":"Pear"},{"floor":12,"key":"War Paint"},{"floor":13,"key":"PreservedInsect"},{"floor":24,"key":"Strawberry"},{"floor":24,"key":"Mercury Hourglass"},{"floor":27,"key":"Peace Pipe"},{"floor":29,"key":"Orichalcum"},{"floor":30,"key":"MutagenicStrength"},{"floor":31,"key":"Art of War"},{"floor":41,"key":"Blood Vial"},{"floor":44,"key":"bronze:BronzeIdol"},{"floor":48,"key":"Shuriken"}],"event_choices":[{"damage_healed":0,"gold_gain":0,"player_choice":"Box","damage_taken":0,"relics_obtained":["Question Card"],"max_hp_gain":0,"max_hp_loss":0,"event_name":"Big Fish","floor":6,"gold_loss":0,"cards_obtained":["Regret"]},{"damage_healed":0,"gold_gain":0,"player_choice":"Stole Relic","damage_taken":0,"relics_obtained":["Boot"],"max_hp_gain":0,"max_hp_loss":0,"event_name":"Addict","floor":28,"gold_loss":0,"cards_obtained":["Pride"]}],"is_beta":false,"boss_relics":[{"not_picked":["Philosopher\u0027s Stone","Fusion Hammer"],"picked":"SlaversCollar"},{"not_picked":["Astrolabe","Empty Cage"],"picked":"bronze:MakeshiftBattery"}],"items_purged_floors":[9,23,39],"is_endless":false,"potions_floor_spawned":[5,10,11,13,16,20,25,29,30,32,38,40,42,44,45],"ascension_level":5}}