{"host":"j4g6ia6asvpyu2b0","time":1612553747,"event":{"mods":["BaseMod","Colored Map","Downfall","Minty Spire (QoL Compilation)","Permanent Neow","Quick Restart","Relic Stats","StSLib","Unceasing Turn Reminder"],"gold_per_floor":[99,119,104,123,136,136,136,136,146,46,74,106,106,138,158,254,254,254,254],"floor_reached":17,"language":"ENG","playtime":710,"items_purged":[],"score":165,"play_id":"7a3c3cee-b59d-401c-93af-55a76c09749c","local_time":"20210205123547","is_ascension_mode":false,"campfire_choices":[{"data":"Apotheosis","floor":1.0,"key":"SMITH"},{"floor":6.0,"key":"RECALL"},{"data":"champ:GladiatorStyle","floor":10.0,"key":"SMITH"}],"circlet_count":0,"master_deck":["champ:Strike","champ:Strike","champ:Strike","champ:Defend","champ:Defend","champ:Defend","champ:Defend","champ:Execute","champ:Taunt","Apotheosis+1","champ:PreciseThrust","champ:GladiatorStyle+1","champ:PerfectedStrike","champ:FaceSlap","champ:ShieldWall","champ:FanOfKnives","champ:Encircle","champ:IgnorePain","champ:PerfectedStrike"],"relics":["champ:ChampionCrown","Potion Belt","downfall:HeartBlessingRed","Odd Mushroom","Omamori","champ:LiftRelic","Pantograph","Black Star"],"acts_visited":["Exordium","TheCity"],"potions_floor_usage":[],"damage_taken":[{"damage":14.0,"enemies":"Cultist","floor":2.0,"turns":3.0},{"damage":12.0,"enemies":"downfall:FleeingMerchant","floor":3.0,"turns":4.0},{"damage":1.0,"enemies":"2 Louse","floor":4.0,"turns":2.0},{"damage":0.0,"enemies":"Small Slimes","floor":5.0,"turns":3.0},{"damage":9.0,"enemies":"Blue Slaver","floor":9.0,"turns":4.0},{"damage":15.0,"enemies":"The Mushroom Lair","floor":11.0,"turns":4.0},{"damage":10.0,"enemies":"Lagavulin","floor":12.0,"turns":6.0},{"damage":26.0,"enemies":"3 Sentries","floor":14.0,"turns":6.0},{"damage":0.0,"enemies":"2 Fungi Beasts","floor":15.0,"turns":2.0},{"damage":47,"enemies":"WA_ARCHETYPE_RETAIN","floor":16,"turns":7}],"seed_played":"-2490443353644423986","potions_obtained":[{"floor":4.0,"key":"Fire Potion"},{"floor":9.0,"key":"Energy Potion"},{"floor":11.0,"key":"hexamod:SoulburnPotion"},{"floor":14.0,"key":"Dexterity Potion"}],"is_trial":false,"path_per_floor":["R","M","$","M","M","R","T","?","M","R","?","E","?","E","M","B",null],"character_chosen":"THE_CHAMP","items_purchased":[],"campfire_rested":0,"item_purchase_floors":[],"current_hp_per_floor":[81,77,75,74,74,74,74,74,70,70,65,60,60,39,39,17,81,81,81],"gold":254,"neow_bonus":"RANDOM_COLORLESS_2","is_daily":false,"chose_seed":false,"campfire_upgraded":2,"win_rate":0.0,"timestamp":1612553747,"path_taken":["R","M","$","?","M","R","T","?","?","R","?","E","?","E","M","BOSS"],"items_purchased_type":[],"build_version":"2020-12-22","purchased_purges":0,"victory":false,"max_hp_per_floor":[81,81,81,81,81,81,81,81,81,81,81,81,81,81,81,81,81,81,81],"relic_stats":{"counters":[10,41],"Pantograph":25,"Black Star":0,"obtain_stats":[{"Potion Belt":7,"downfall:HeartBlessingRed":10,"champ:LiftRelic":13,"Pantograph":14,"champ:ChampionCrown":0,"Omamori":12,"Black Star":17,"Odd Mushroom":11},{"Potion Belt":4,"downfall:HeartBlessingRed":5,"champ:LiftRelic":7,"Pantograph":8,"champ:ChampionCrown":0,"Omamori":7,"Black Star":10,"Odd Mushroom":6},{"Potion Belt":12,"downfall:HeartBlessingRed":16,"champ:LiftRelic":26,"Pantograph":32,"champ:ChampionCrown":0,"Omamori":26,"Black Star":41,"Odd Mushroom":20}]},"card_choices":[{"not_picked":["Secret Weapon","Secret Technique"],"picked":"Apotheosis","floor":0.0},{"not_picked":["champ:AdrenalArmor","champ:Backstep"],"picked":"champ:PreciseThrust","floor":2.0},{"not_picked":["champ:Shatter","champ:Parry"],"picked":"champ:GladiatorStyle","floor":3.0},{"not_picked":["champ:SwordThrow","champ:FanOfKnives"],"picked":"champ:PerfectedStrike","floor":4.0},{"not_picked":["champ:BringItOn","champ:AdrenalArmor"],"picked":"champ:FaceSlap","floor":5.0},{"not_picked":["champ:EndlessRage","champ:PreciseThrust"],"picked":"champ:ShieldWall","floor":9.0},{"not_picked":["champ:EnGarde","champ:Parry"],"picked":"champ:FanOfKnives","floor":11.0},{"not_picked":["champ:PreciseThrust","champ:HeartStrike"],"picked":"champ:Encircle","floor":12.0},{"not_picked":["champ:Backstep","champ:BerserkersShout"],"picked":"champ:IgnorePain","floor":14.0},{"not_picked":["champ:BerserkersShout","champ:CrownThrow"],"picked":"champ:PerfectedStrike","floor":15.0}],"player_experience":1175322,"relics_obtained":[{"floor":7.0,"key":"Potion Belt"},{"floor":11.0,"key":"Odd Mushroom"},{"floor":12.0,"key":"Omamori"},{"floor":14.0,"key":"Pantograph"}],"event_choices":[{"cards_removed":["champ:Strike"],"damage_healed":0.0,"max_hp_gain":0.0,"max_hp_loss":0.0,"gold_gain":0.0,"event_name":"Bonfire Elementals","player_choice":"Offered Basic","floor":8.0,"gold_loss":0.0,"damage_taken":0.0},{"damage_healed":0.0,"max_hp_gain":0.0,"max_hp_loss":0.0,"gold_gain":0.0,"event_name":"Mushrooms","player_choice":"Fought Mushrooms","floor":11.0,"gold_loss":0.0,"damage_taken":0.0}],"is_beta":false,"boss_relics":[{"not_picked":["Busted Crown","Sozu"],"picked":"Black Star"}],"items_purged_floors":[],"is_endless":false,"potions_floor_spawned":[4,9,11,14],"ascension_level":0}}