{"host":"tj6tjcyqgbd0xj5u","time":1612566676,"event":{"mods":["Aspiration","BaseMod","Better Match","BetterRewards","Challenge The Spire","Conspire","Defuse TimeMaze Blight","Downfall","Energized Spire","Evolution","GifTheSpireLib","Halation","Hubris","Infinite Spire","Minty Spire (QoL Compilation)","Replay The Spire","Reworked Bosses","Spikes Relics","StS++","StSLib","Stuff the Spire"],"gold_per_floor":[111,124,85,85,7,33,33,65,88,88,123,123,157,175,175,273,273,286,286,56,131,131,131,166,166,166,166,11,28,48,74,74,175,275,287,301,301,311,327,327,360,360,413,448,448,448,498,509,509,509,509],"floor_reached":50,"language":"ENG","playtime":1542,"items_purged":["Injury"],"score":909,"play_id":"2f0ee3fe-1626-4699-9afd-c22c6d3d8095","local_time":"20210205191116","is_ascension_mode":true,"campfire_choices":[{"data":"ReplayTheSpireMod:LeadingStrike","floor":10,"key":"SMITH"},{"data":"ReplayTheSpireMod:Stacked","floor":12,"key":"SMITH"},{"data":"Bandage Up","floor":23,"key":"SMITH"},{"data":"Infernal Blade","floor":32,"key":"SMITH"},{"data":"ReplayTheSpireMod:Muscle Training","floor":40,"key":"SMITH"},{"floor":46,"key":"RECALL"},{"data":"Evolve","floor":49,"key":"SMITH"}],"circlet_count":0,"master_deck":["Twin Strike+1","Twin Strike","Strike_R","Strike_R","Strike_R","Defend_R","Defend_R","Defend_R","Defend_R","Bash+1","ReplayTheSpireMod:LeadingStrike+1","Sword Boomerang+1","ReplayTheSpireMod:Stacked+1","Wild Strike","Flex","ReplayTheSpireMod:Limb From Limb+1","Pommel Strike+1","Evolve+1","hubris:StunningStrike+1","Replay:Undeath\u0027s Touch+1","Bandage Up+1","Infernal Blade+1","Cleave+1","Immolate+1","conspire:HitWhereItHurts+1","StSpp:Jab+1","ReplayTheSpireMod:Muscle Training+1","Pummel+1","Iron Wave+1","Burning Pact+1"],"relics":["Burning Blood","EVO:Axolotl","NeowsBlessing","Tiny Chest","Molten Egg 2","infinitespire:Bottled Soul","Ancient Tea Set","halation:AfternoonTea","aspiration:ArtOfWarUpgrade","ChewingGum","MutagenicStrength","Omamori","LugNut","StuffTheSpire:Experiment12","Replay:Bottled Flurry","Whetstone","FossilizedHelix","Replay:Wanted Poster","hubris:IronBody","halation:BottledLove","SpikesRelics:SneckoPlush","Boot","MealTicket","StuffTheSpire:GreaterSneckoEye","Calipers"],"acts_visited":["Exordium","TheCity","TheBeyond"],"potions_floor_usage":[16,29,44,47,50],"damage_taken":[{"damage":0,"enemies":"2 Louse","floor":1,"turns":1},{"damage":0,"enemies":"Cultist","floor":2,"turns":1},{"damage":0,"enemies":"Lagavulin","floor":6,"turns":1},{"damage":20,"enemies":"Gremlin Nob","floor":8,"turns":4},{"damage":29,"enemies":"Lagavulin","floor":11,"turns":6},{"damage":20,"enemies":"3 Sentries","floor":13,"turns":5},{"damage":0,"enemies":"Jaw Worm","floor":14,"turns":2},{"damage":46,"enemies":"Slime Boss","floor":16,"turns":8},{"damage":22,"enemies":"conspire:FuzzyDice","floor":18,"turns":5},{"damage":0,"enemies":"conspire:SneckoGhost","floor":24,"turns":3},{"damage":8,"enemies":"Chosen","floor":29,"turns":3},{"damage":0,"enemies":"3 Cultists","floor":30,"turns":3},{"damage":30,"enemies":"conspire:Head Lice","floor":31,"turns":3},{"damage":0,"enemies":"bossMod:newCollector","floor":33,"turns":6},{"damage":19,"enemies":"Orb Walker","floor":35,"turns":4},{"damage":0,"enemies":"3 Shapes","floor":36,"turns":2},{"damage":0,"enemies":"Writhing Mass","floor":38,"turns":2},{"damage":0,"enemies":"Spire Growth","floor":39,"turns":3},{"damage":0,"enemies":"R_Hoarder","floor":41,"turns":6},{"damage":3,"enemies":"Giant Head","floor":44,"turns":5},{"damage":30,"enemies":"Mind Bloom Boss Battle","floor":47,"turns":4},{"damage":0,"enemies":"Jaw Worm Horde","floor":48,"turns":2},{"damage":71,"enemies":"bossMod:newShapes","floor":50,"turns":4}],"seed_played":"2242346664747695910","potions_obtained":[{"floor":6,"key":"FairyPotion"},{"floor":13,"key":"Energy Potion"},{"floor":16,"key":"Doom Potion"},{"floor":24,"key":"Weak Potion"},{"floor":30,"key":"BloodPotion"},{"floor":33,"key":"Dexterity Potion"},{"floor":36,"key":"Milkshake"},{"floor":41,"key":"Adrenaline Potion"}],"is_trial":false,"path_per_floor":["M","M","$","?","$","E","?","E","T","R","E","R","E","M","R","B",null,"M","?","$","?","T","R","E","R","T","?","$","M","M","E","R","B",null,"M","M","T","M","M","R","E","AVR","T","E","?","R","?","M","R","B"],"character_chosen":"IRONCLAD","items_purchased":["Sword Boomerang+1","ReplayTheSpireMod:Stacked","Omamori","Bandage Up","Whetstone"],"campfire_rested":0,"item_purchase_floors":[3,5,20,20,28],"current_hp_per_floor":[80,80,80,80,80,80,80,66,66,66,43,43,29,35,35,30,68,52,52,52,44,44,44,50,50,50,50,50,60,72,60,60,78,80,78,80,80,80,80,80,80,80,80,80,60,60,52,70,70,0,0],"gold":509,"neow_bonus":"THREE_ENEMY_KILL","is_daily":false,"chose_seed":false,"campfire_upgraded":6,"win_rate":0.0,"timestamp":1612566676,"path_taken":["M","M","$","?","?","E","?","E","T","R","E","R","E","M","R","BOSS","M","?","$","?","?","R","E","R","T","?","?","M","?","E","R","BOSS","M","M","?","M","M","R","E","AVR","T","E","?","R","?","?","R","BOSS"],"items_purchased_type":["Card","Card","Relic","Card","Relic"],"build_version":"2020-12-22","purchased_purges":1,"victory":false,"max_hp_per_floor":[80,80,80,80,80,80,80,80,80,80,80,80,80,80,80,80,80,80,80,80,80,80,80,80,80,80,80,80,80,80,80,80,80,80,80,80,80,80,80,80,80,80,80,80,80,80,80,80,80,80,80],"card_choices":[{"not_picked":["StuffTheSpire:Slingshot","Thunderclap"],"picked":"ReplayTheSpireMod:LeadingStrike","floor":1},{"not_picked":["StuffTheSpire:Pyroclast","Replay:Undeath\u0027s Touch"],"picked":"StuffTheSpire:Incineration","floor":2},{"not_picked":["StuffTheSpire:Resist","hubris:ReadiedAction"],"picked":"Wild Strike","floor":6},{"not_picked":["StSpp:Betrayal","Sword Boomerang+1"],"picked":"Flex","floor":8},{"not_picked":["Body Slam+1","True Grit"],"picked":"ReplayTheSpireMod:Limb From Limb+1","floor":11},{"not_picked":["conspire:ExplosiveBarrier","StuffTheSpire:Slingshot+1"],"picked":"Pommel Strike+1","floor":13},{"not_picked":["Body Slam+1","Run Through+1"],"picked":"Evolve","floor":14},{"not_picked":["Hemogenesis+1","StSpp:Betrayal"],"picked":"hubris:StunningStrike+1","floor":16},{"not_picked":["Body Slam+1","StuffTheSpire:Slingshot+1"],"picked":"Replay:Undeath\u0027s Touch+1","floor":18},{"not_picked":["Havoc","Sword Boomerang+1"],"picked":"Infernal Blade","floor":24},{"not_picked":["hubris:CleavingFinish+1","StSpp:MuscleMemory","Twin Strike+1"],"picked":"SKIP","floor":29},{"not_picked":["Havoc","Pommel Strike+1"],"picked":"Cleave+1","floor":30},{"not_picked":["Run Through+1","Invigoration"],"picked":"Immolate+1","floor":31},{"not_picked":["hubris:StunningStrike+1","StSpp:Turnabout"],"picked":"conspire:HitWhereItHurts+1","floor":33},{"not_picked":["ReplayTheSpireMod:Limb From Limb+1","Sword Boomerang+1","Body Slam+1"],"picked":"SKIP","floor":35},{"not_picked":["Shrug It Off","Warcry"],"picked":"StSpp:Jab+1","floor":36},{"not_picked":["StSpp:Jab+1","Cleave+1"],"picked":"ReplayTheSpireMod:Muscle Training","floor":38},{"not_picked":["Anger+1","StSpp:Succumb"],"picked":"Pummel+1","floor":39},{"not_picked":["StSpp:Jab+1","StuffTheSpire:RagingBull+1","Bludgeon+1"],"picked":"SKIP","floor":41},{"not_picked":["hubris:ReadiedAction","Shrug It Off","Pommel Strike+1"],"picked":"SKIP","floor":44},{"not_picked":["StuffTheSpire:Slingshot+1","Shrug It Off+1"],"picked":"Iron Wave+1","floor":47},{"not_picked":["Run Through+1","Sword Boomerang+1"],"picked":"Burning Pact+1","floor":48}],"player_experience":111467,"relics_obtained":[{"floor":6,"key":"Tiny Chest"},{"floor":8,"key":"infinitespire:Bottled Soul"},{"floor":9,"key":"Ancient Tea Set"},{"floor":11,"key":"halation:AfternoonTea"},{"floor":13,"key":"Art of War"},{"floor":22,"key":"LugNut"},{"floor":24,"key":"StuffTheSpire:Experiment12"},{"floor":26,"key":"Replay:Bottled Flurry"},{"floor":31,"key":"FossilizedHelix"},{"floor":37,"key":"hubris:IronBody"},{"floor":41,"key":"halation:BottledLove"},{"floor":43,"key":"Boot"},{"floor":44,"key":"MealTicket"},{"floor":45,"key":"StuffTheSpire:GreaterSneckoEye"},{"floor":47,"key":"Calipers"}],"event_choices":[{"cards_removed":["StuffTheSpire:Incineration"],"damage_healed":5,"gold_gain":0,"player_choice":"Offered Common","damage_taken":0,"max_hp_gain":0,"max_hp_loss":0,"event_name":"Bonfire Elementals","floor":4,"gold_loss":0},{"cards_removed":["StuffTheSpire:Incineration"],"damage_healed":5,"gold_gain":0,"player_choice":"Offered Special","damage_taken":0,"max_hp_gain":0,"max_hp_loss":0,"event_name":"Bonfire Elementals","floor":4,"gold_loss":0},{"damage_healed":0,"gold_gain":0,"player_choice":"Inject Mutagens","damage_taken":0,"relics_obtained":["MutagenicStrength"],"max_hp_gain":0,"max_hp_loss":0,"event_name":"Drug Dealer","floor":19,"gold_loss":0},{"damage_healed":0,"gold_gain":75,"player_choice":"Touch","damage_taken":8,"max_hp_gain":0,"max_hp_loss":0,"event_name":"FaceTrader","floor":21,"gold_loss":0},{"damage_healed":0,"gold_gain":0,"player_choice":"Fight","damage_taken":0,"max_hp_gain":0,"max_hp_loss":0,"event_name":"MindBloom","floor":47,"gold_loss":0}],"is_beta":false,"boss_relics":[{"not_picked":["Ring of Chaos","Sandwich"],"picked":"ChewingGum"},{"not_picked":["Runic Cube","conspire:RoyalGoblet"],"picked":"Replay:Wanted Poster"}],"items_purged_floors":[42],"is_endless":false,"potions_floor_spawned":[6,13,16,24,30,33,36,39,41],"killed_by":"bossMod:newShapes","ascension_level":5}}