{"host":"Jedit","time":1612569110,"event":{"mods":["BaseMod","Minty Spire (QoL Compilation)","Relic Stats","StSLib"],"gold_per_floor":[115,115,131,141,155,175,175,49,75,75,86,111,179,329,329,329,329],"floor_reached":16,"language":"ENG","playtime":533,"items_purged":["Strike_G"],"score":204,"play_id":"9451f580-5d1b-442f-b43f-1b44015ef050","local_time":"20210205235150","is_ascension_mode":true,"campfire_choices":[{"data":"Sucker Punch","floor":7,"key":"SMITH"},{"data":"Neutralize","floor":10,"key":"SMITH"},{"data":"Footwork","floor":15,"key":"SMITH"}],"circlet_count":0,"master_deck":["AscendersBane","Strike_G","Strike_G","Strike_G","Strike_G","Defend_G","Defend_G","Defend_G","Defend_G","Survivor","Neutralize+1","Heel Hook","Sucker Punch+1","Poisoned Stab","Dagger Throw","Unload","Endless Agony","Poisoned Stab","Footwork+1","Backflip","Doubt"],"relics":["Ring of the Snake","NeowsBlessing","Art of War","Nunchaku"],"acts_visited":["Exordium"],"potions_floor_usage":[12],"damage_taken":[{"damage":0,"enemies":"Small Slimes","floor":1,"turns":1},{"damage":0,"enemies":"Cultist","floor":3,"turns":1},{"damage":0,"enemies":"2 Louse","floor":4,"turns":1},{"damage":9,"enemies":"2 Fungi Beasts","floor":5,"turns":3},{"damage":19,"enemies":"Lots of Slimes","floor":6,"turns":5},{"damage":2,"enemies":"Exordium Wildlife","floor":11,"turns":4},{"damage":14,"enemies":"3 Sentries","floor":12,"turns":10},{"damage":6,"enemies":"Hexaghost","floor":16,"turns":9}],"seed_played":"-3505432426821163529","potions_obtained":[{"floor":3,"key":"Dexterity Potion"},{"floor":4,"key":"ColorlessPotion"},{"floor":11,"key":"SmokeBomb"}],"is_trial":false,"path_per_floor":["M","?","M","M","M","M","R","$","T","R","M","E","?","?","R","B"],"character_chosen":"THE_SILENT","items_purchased":["Poisoned Stab"],"campfire_rested":0,"item_purchase_floors":[8],"current_hp_per_floor":[59,59,59,59,50,31,31,31,31,31,29,15,15,15,15,9,9],"gold":329,"neow_bonus":"THREE_ENEMY_KILL","is_daily":false,"chose_seed":false,"campfire_upgraded":3,"win_rate":0.0,"timestamp":1612569110,"path_taken":["M","?","M","?","?","?","R","$","T","R","M","E","?","?","R","BOSS"],"items_purchased_type":["Card"],"build_version":"2020-12-18","purchased_purges":1,"victory":false,"max_hp_per_floor":[66,66,66,66,66,66,66,66,66,66,66,66,66,66,66,66,66],"relic_stats":{"Nunchaku":[2],"counters":[8,34],"Art of War":[0],"obtain_stats":[{"Nunchaku":12,"NeowsBlessing":0,"Art of War":9,"Ring of the Snake":0},{"Nunchaku":7,"NeowsBlessing":0,"Art of War":5,"Ring of the Snake":0},{"Nunchaku":25,"NeowsBlessing":0,"Art of War":11,"Ring of the Snake":0}],"Ring of the Snake":[16]},"card_choices":[{"not_picked":["Prepared","Expertise"],"picked":"Heel Hook","floor":1},{"not_picked":["Finisher","Acrobatics"],"picked":"Poisoned Stab","floor":3},{"not_picked":["Infinite Blades","Flechettes"],"picked":"Dagger Throw","floor":4},{"not_picked":["Poisoned Stab","Prepared"],"picked":"Unload","floor":5},{"not_picked":["Dagger Throw","Quick Slash"],"picked":"Endless Agony","floor":6},{"not_picked":["Dagger Throw","Backflip"],"picked":"Footwork","floor":11},{"not_picked":["Flying Knee","Crippling Poison"],"picked":"Backflip","floor":12}],"player_experience":3473904,"relics_obtained":[{"floor":9,"key":"Art of War"},{"floor":12,"key":"Nunchaku"}],"event_choices":[{"damage_healed":0,"gold_gain":0,"cards_transformed":["Defend_G"],"player_choice":"Transformed","damage_taken":0,"max_hp_gain":0,"max_hp_loss":0,"event_name":"Transmorgrifier","floor":2,"gold_loss":0,"cards_obtained":["Sucker Punch"]},{"damage_healed":0,"gold_gain":68,"player_choice":"Gained Gold","damage_taken":0,"max_hp_gain":0,"max_hp_loss":0,"event_name":"Golden Wing","floor":13,"gold_loss":0},{"damage_healed":0,"gold_gain":150,"player_choice":"AGREE","damage_taken":0,"max_hp_gain":0,"max_hp_loss":0,"event_name":"Liars Game","floor":14,"gold_loss":0,"cards_obtained":["Doubt"]}],"is_beta":true,"boss_relics":[],"items_purged_floors":[8],"is_endless":false,"potions_floor_spawned":[3,4,11],"killed_by":"Hexaghost","ascension_level":20}}