{"host":"04x9isxu4s2lvye3","time":1612497013,"event":{"mods":["BaseMod","Colored Powertips","Highlight Path","Minty Spire (QoL Compilation)"],"gold_per_floor":[209,222,232,157,170,170,186,205,205,205,305,126,139,164,164,261,261,275,275,3,3,3,32,32,59,85,85,85,85,85],"floor_reached":29,"language":"ENG","playtime":1558,"items_purged":["Strike_G","Strike_G","Strike_G"],"score":373,"play_id":"2070c669-f7c4-4d07-9096-1a2ca82455be","local_time":"20210204225013","is_ascension_mode":true,"campfire_choices":[{"floor":6,"key":"REST"},{"data":"Backflip","floor":10,"key":"SMITH"},{"data":"Noxious Fumes","floor":15,"key":"SMITH"},{"floor":24,"key":"REST"},{"data":"Catalyst","floor":28,"key":"SMITH"}],"circlet_count":0,"master_deck":["Defend_G","Defend_G","Defend_G","Defend_G","Defend_G","Survivor","Neutralize","Dagger Throw","Escape Plan","Bouncing Flask","Backflip+1","Bane","Deadly Poison","Noxious Fumes+1","Bane","Deadly Poison","Blur","Adrenaline","Acrobatics","Catalyst+1","Acrobatics","Acrobatics","A Thousand Cuts","Outmaneuver","Regret"],"relics":["Ring of the Snake","Prayer Wheel","Torii","Cursed Key","Bronze Scales","Bottled Tornado","Peace Pipe","Anchor"],"acts_visited":["Exordium","TheCity"],"potions_floor_usage":[14,16,16,23,25,28],"damage_taken":[{"damage":9,"enemies":"Cultist","floor":1,"turns":5},{"damage":4,"enemies":"Small Slimes","floor":2,"turns":4},{"damage":1,"enemies":"Jaw Worm","floor":3,"turns":4},{"damage":24,"enemies":"Gremlin Gang","floor":5,"turns":7},{"damage":3,"enemies":"Blue Slaver","floor":7,"turns":4},{"damage":4,"enemies":"Red Slaver","floor":8,"turns":4},{"damage":3,"enemies":"Exordium Thugs","floor":13,"turns":4},{"damage":5,"enemies":"Lagavulin","floor":14,"turns":6},{"damage":0,"enemies":"Slime Boss","floor":16,"turns":6},{"damage":26,"enemies":"2 Thieves","floor":18,"turns":4},{"damage":36,"enemies":"Slavers","floor":23,"turns":6},{"damage":9,"enemies":"Gremlin Leader","floor":25,"turns":5},{"damage":58,"enemies":"Slavers","floor":29,"turns":3}],"seed_played":"-7699906058236997617","potions_obtained":[{"floor":5,"key":"SpeedPotion"},{"floor":7,"key":"ColorlessPotion"},{"floor":13,"key":"CultistPotion"},{"floor":16,"key":"Fire Potion"},{"floor":18,"key":"CunningPotion"},{"floor":25,"key":"Fruit Juice"}],"is_trial":false,"path_per_floor":["M","M","M","$","M","R","M","M","T","R","?","$","M","E","R","B",null,"M","?","$","?","?","E","R","E","T","$","R","E"],"character_chosen":"THE_SILENT","items_purchased":["Noxious Fumes","Bronze Scales"],"campfire_rested":2,"item_purchase_floors":[12,20],"current_hp_per_floor":[61,57,56,56,32,53,50,46,46,46,46,46,43,38,38,38,70,44,67,67,67,67,31,52,43,43,43,48,0,0],"gold":85,"neow_bonus":"HUNDRED_GOLD","is_daily":false,"chose_seed":false,"campfire_upgraded":3,"win_rate":0.0,"timestamp":1612497013,"path_taken":["M","M","?","$","M","R","?","M","T","R","?","?","M","E","R","BOSS","M","?","$","?","?","E","R","E","T","?","R","E"],"items_purchased_type":["Card","Relic"],"build_version":"2020-12-22","purchased_purges":3,"victory":false,"max_hp_per_floor":[70,70,70,70,70,70,70,70,70,70,70,70,70,70,70,70,70,70,70,70,70,70,70,70,70,70,70,75,75,75],"card_choices":[{"not_picked":["Outmaneuver","Reflex"],"picked":"Dagger Throw","floor":1},{"not_picked":["Expertise","Catalyst"],"picked":"Escape Plan","floor":2},{"not_picked":["Setup","Deadly Poison"],"picked":"Bouncing Flask","floor":3},{"not_picked":["Quick Slash","Expertise"],"picked":"Backflip","floor":5},{"not_picked":["Flying Knee","Dagger Throw"],"picked":"Bane","floor":7},{"not_picked":["Flying Knee","Prepared"],"picked":"Deadly Poison","floor":8},{"not_picked":["Underhanded Strike","Infinite Blades"],"picked":"Bane","floor":13},{"not_picked":["Blade Dance","Dagger Spray"],"picked":"Deadly Poison","floor":13},{"not_picked":["Setup","Eviscerate"],"picked":"Blur","floor":14},{"not_picked":["Tools of the Trade","Die Die Die"],"picked":"Adrenaline","floor":16},{"not_picked":["Accuracy","Tactician"],"picked":"Acrobatics","floor":18},{"not_picked":["Calculated Gamble","Outmaneuver"],"picked":"Catalyst","floor":18},{"not_picked":["Cloak And Dagger+1","Acrobatics"],"picked":"A Thousand Cuts","floor":23},{"not_picked":["Underhanded Strike","Blur"],"picked":"Outmaneuver","floor":25}],"player_experience":236705,"relics_obtained":[{"floor":9,"key":"Prayer Wheel"},{"floor":14,"key":"Torii"},{"floor":23,"key":"Bottled Tornado"},{"floor":25,"key":"Peace Pipe"},{"floor":26,"key":"Anchor"}],"event_choices":[{"damage_healed":0,"gold_gain":100,"player_choice":"Pray","damage_taken":0,"max_hp_gain":0,"max_hp_loss":0,"event_name":"Golden Shrine","floor":11,"gold_loss":0},{"damage_healed":23,"gold_gain":0,"player_choice":"Heal","damage_taken":0,"max_hp_gain":0,"max_hp_loss":0,"event_name":"The Library","floor":19,"gold_loss":0},{"damage_healed":0,"gold_gain":0,"player_choice":"Ignored","damage_taken":0,"max_hp_gain":0,"max_hp_loss":0,"event_name":"Ghosts","floor":21,"gold_loss":0},{"damage_healed":0,"gold_gain":0,"cards_transformed":["Strike_G","Strike_G"],"player_choice":"Became Test Subject","damage_taken":0,"max_hp_gain":0,"max_hp_loss":0,"event_name":"Drug Dealer","floor":22,"gold_loss":0,"cards_obtained":["Acrobatics","Acrobatics"]}],"is_beta":false,"boss_relics":[{"not_picked":["Calling Bell","SacredBark"],"picked":"Cursed Key"}],"items_purged_floors":[4,12,20],"is_endless":false,"potions_floor_spawned":[5,7,13,16,18,25],"killed_by":"Slavers","ascension_level":4}}