{"host":"yuhy0i501zzmn1iz","time":1612549767,"event":{"mods":["AchievementEnabler","BaseMod","Bestiary","Better Match","Better Note","Better Sensory Stone","Better Third Choice","Block Reminder","Curses Come First","Downfall","Minty Spire (QoL Compilation)","StSLib","slay the spire mod where everything is the same but ironclad has a cowboy hat"],"gold_per_floor":[167,180,191,191,233,265,279,25,48,48,66,66,86,101,101,131,131],"floor_reached":16,"language":"ENG","playtime":824,"items_purged":[],"score":138,"play_id":"0cde7b50-92c6-4425-9a76-80a0e3c358eb","local_time":"20210205132927","is_ascension_mode":true,"campfire_choices":[{"data":"Wish","floor":15,"key":"SMITH"}],"circlet_count":1,"master_deck":["Strike_G","Strike_G","Strike_G","Strike_G","Defend_G","Defend_G","Defend_G","Defend_G","Defend_G","Survivor+1","Neutralize","Dagger Throw","Sucker Punch","Cloak And Dagger","Accuracy","Wish+1","Flying Knee","Noxious Fumes","Blur","Dodge and Roll","Acrobatics","A Thousand Cuts"],"relics":["Tiny House","Circlet","Pantograph","MealTicket","Question Card","Anchor","CultistMask"],"acts_visited":[],"potions_floor_usage":[5,16],"damage_taken":[{"damage":3.0,"enemies":"Small Slimes","floor":1.0,"turns":4.0},{"damage":2.0,"enemies":"Cultist","floor":2.0,"turns":4.0},{"damage":4.0,"enemies":"Jaw Worm","floor":3.0,"turns":4.0},{"damage":5,"enemies":"3 Louse","floor":5,"turns":9},{"damage":9,"enemies":"Lagavulin","floor":6,"turns":11},{"damage":2,"enemies":"Looter","floor":7,"turns":3},{"damage":3,"enemies":"Exordium Thugs","floor":11,"turns":7},{"damage":1,"enemies":"Red Slaver","floor":13,"turns":4},{"damage":2,"enemies":"Looter","floor":14,"turns":4},{"damage":48,"enemies":"The Guardian","floor":16,"turns":11}],"seed_played":"-5246063950303289776","potions_obtained":[{"floor":0.0,"key":"PowerPotion"},{"floor":1.0,"key":"BlessingOfTheForge"},{"floor":2.0,"key":"Strength Potion"},{"floor":6,"key":"FearPotion"}],"is_trial":false,"path_per_floor":["M","M","M","?","M","E","M","$","T","?","M","?","M","M","R","B"],"character_chosen":"THE_SILENT","items_purchased":["Question Card"],"campfire_rested":0,"item_purchase_floors":[8],"current_hp_per_floor":[65,63,59,23,18,9,7,22,22,22,19,19,18,16,16,0,0],"gold":131,"neow_bonus":"BOSS_RELIC","is_daily":false,"chose_seed":false,"campfire_upgraded":1,"win_rate":0.0,"timestamp":1612549767,"path_taken":["M","M","M","?","M","E","M","$","T","?","M","?","M","M","R","BOSS"],"items_purchased_type":["Relic"],"build_version":"2020-12-22","purchased_purges":0,"victory":false,"max_hp_per_floor":[75,75,75,75,75,75,75,75,75,75,75,75,75,75,75,75,75],"card_choices":[{"not_picked":["Calculated Gamble","Acrobatics"],"picked":"Dagger Throw","floor":0.0},{"not_picked":["Prepared","All Out Attack"],"picked":"Sucker Punch","floor":1.0},{"not_picked":["Underhanded Strike","Outmaneuver"],"picked":"Cloak And Dagger","floor":2.0},{"not_picked":["Storm of Steel","Outmaneuver"],"picked":"Accuracy","floor":3.0},{"not_picked":["Reflex","Bane"],"picked":"Flying Knee","floor":5},{"not_picked":["Wraith Form v2","Poisoned Stab"],"picked":"Noxious Fumes","floor":6},{"not_picked":["Dagger Throw","Skewer"],"picked":"Blur","floor":7},{"not_picked":["Flying Knee","Masterful Stab","Flechettes"],"picked":"Dodge and Roll","floor":11},{"not_picked":["Tactician","Sucker Punch","Calculated Gamble"],"picked":"Acrobatics","floor":13},{"not_picked":["Cloak And Dagger","Quick Slash","Bane"],"picked":"A Thousand Cuts","floor":14}],"player_experience":348950,"relics_obtained":[{"floor":6,"key":"MealTicket"},{"floor":9,"key":"Anchor"}],"event_choices":[{"damage_healed":0,"gold_gain":1,"player_choice":"Card Relic Relic ","damage_taken":36,"max_hp_gain":0,"max_hp_loss":0,"event_name":"betterThird:BetterScrap","floor":4,"gold_loss":0,"cards_obtained":["Wish","All For One"]},{"cards_removed":["Strike_G"],"damage_healed":0,"gold_gain":0,"player_choice":"Forget","damage_taken":0,"max_hp_gain":0,"max_hp_loss":0,"event_name":"Living Wall","floor":10,"gold_loss":0},{"damage_healed":0,"gold_gain":0,"player_choice":"Trade","damage_taken":0,"relics_obtained":["CultistMask"],"max_hp_gain":0,"max_hp_loss":0,"event_name":"FaceTrader","floor":12,"gold_loss":0}],"is_beta":false,"boss_relics":[],"items_purged_floors":[],"is_endless":false,"potions_floor_spawned":[1,2,6],"killed_by":"The Guardian","ascension_level":6}}