{"host":"6gl4z8x6qhx9xtfj","time":1612531562,"event":{"mods":["2.2 Compatiblity","AchievementEnabler","BaseMod","Bestiary","Colored Map","Colored Powertips","Evolution","Minty Spire (QoL Compilation)","Quick Restart","Relic Stats","StSLib","SuperFastMode"],"gold_per_floor":[414,428,442,183,193,218,234,264,264,274,301,301,330,348,348,451,451,466,174,188,207,220,246,246,273,273,273,273,307,307,327,327,425,425,437,448,448,498,40,84,84,109,109,109,143,167,15,15,15,15],"floor_reached":51,"language":"RUS","playtime":1896,"items_purged":[],"score":1713,"play_id":"5814fca7-b593-4911-a35f-d2406e57aa80","local_time":"20210205162602","is_ascension_mode":true,"campfire_choices":[{"data":"Eruption","floor":12.0,"key":"SMITH"},{"data":"Wallop","floor":15.0,"key":"SMITH"},{"data":"Vigilance","floor":24.0,"key":"SMITH"},{"data":"Devotion","floor":27.0,"key":"SMITH"},{"data":"WheelKick","floor":28.0,"key":"SMITH"},{"data":"WheelKick","floor":30.0,"key":"SMITH"},{"data":"Tantrum","floor":32.0,"key":"SMITH"},{"data":"Fasting2","floor":41.0,"key":"SMITH"},{"data":"Omniscience","floor":44.0,"key":"SMITH"},{"data":"FollowUp","floor":49.0,"key":"SMITH"}],"circlet_count":0,"master_deck":["AscendersBane","EmptyFist","BowlingBash","FollowUp+1","CrushJoints","Evaluate","ThirdEye","EmptyBody","Evaluate","Eruption+1","Vigilance+1","CurseOfTheBell","FollowUp","Wallop+1","WheelKick+1","WheelKick+1","Tantrum+1","FlyingSleeves","Devotion+1","TalkToTheHand+1","Omniscience+1","Fasting2+1","Pray","Protect+1","CutThroughFate+1"],"relics":["EVO:Axolotl","Calling Bell","Pen Nib","InkBottle","Old Coin","Mercury Hourglass","PreservedInsect","Nunchaku","Singing Bowl","Lantern","Question Card","Busted Crown","Strawberry","OrangePellets","WingedGreaves","Bottled Tornado","Boot","Bag of Marbles","Coffee Dripper","Unceasing Top","Anchor","Oddly Smooth Stone","HandDrill","CeramicFish","Juzu Bracelet","Toxic Egg 2","Omamori","Happy Flower"],"acts_visited":["Exordium","TheCity","TheBeyond"],"potions_floor_usage":[],"damage_taken":[{"damage":0.0,"enemies":"Cultist","floor":1.0,"turns":2.0},{"damage":6.0,"enemies":"Jaw Worm","floor":2.0,"turns":3.0},{"damage":8.0,"enemies":"2 Louse","floor":3.0,"turns":2.0},{"damage":0.0,"enemies":"Looter","floor":5.0,"turns":4.0},{"damage":0.0,"enemies":"Lagavulin","floor":6.0,"turns":4.0},{"damage":0.0,"enemies":"Large Slime","floor":7.0,"turns":2.0},{"damage":0.0,"enemies":"3 Sentries","floor":8.0,"turns":4.0},{"damage":0.0,"enemies":"Exordium Wildlife","floor":10.0,"turns":2.0},{"damage":0.0,"enemies":"Lagavulin","floor":11.0,"turns":3.0},{"damage":0.0,"enemies":"3 Sentries","floor":13.0,"turns":1.0},{"damage":0.0,"enemies":"Blue Slaver","floor":14.0,"turns":2.0},{"damage":0.0,"enemies":"Slime Boss","floor":16.0,"turns":4.0},{"damage":0.0,"enemies":"2 Thieves","floor":18.0,"turns":1.0},{"damage":15.0,"enemies":"Shell Parasite","floor":20.0,"turns":3.0},{"damage":9.0,"enemies":"Centurion and Healer","floor":21.0,"turns":4.0},{"damage":0.0,"enemies":"Snecko","floor":22.0,"turns":3.0},{"damage":13.0,"enemies":"Slavers","floor":23.0,"turns":2.0},{"damage":14.0,"enemies":"Book of Stabbing","floor":25.0,"turns":4.0},{"damage":7.0,"enemies":"Gremlin Leader","floor":29.0,"turns":4.0},{"damage":0.0,"enemies":"Snake Plant","floor":31.0,"turns":2.0},{"damage":36.0,"enemies":"Champ","floor":33.0,"turns":7.0},{"damage":0.0,"enemies":"Orb Walker","floor":35.0,"turns":2.0},{"damage":0.0,"enemies":"3 Darklings","floor":36.0,"turns":2.0},{"damage":13.0,"enemies":"Mind Bloom Boss Battle","floor":38.0,"turns":5.0},{"damage":0.0,"enemies":"Nemesis","floor":40.0,"turns":3.0},{"damage":0.0,"enemies":"Giant Head","floor":42.0,"turns":4.0},{"damage":0.0,"enemies":"Nemesis","floor":45.0,"turns":3.0},{"damage":30.0,"enemies":"Jaw Worm Horde","floor":46.0,"turns":4.0},{"damage":9,"enemies":"Donu and Deca","floor":50,"turns":5}],"seed_played":"8196035037374620161","potions_obtained":[{"floor":1.0,"key":"ColorlessPotion"},{"floor":2.0,"key":"LiquidMemories"},{"floor":3.0,"key":"Dexterity Potion"},{"floor":7.0,"key":"PowerPotion"},{"floor":14.0,"key":"Explosive Potion"},{"floor":16.0,"key":"AttackPotion"},{"floor":20.0,"key":"Block Potion"},{"floor":21.0,"key":"GamblersBrew"},{"floor":31.0,"key":"Energy Potion"},{"floor":36.0,"key":"Weak Potion"},{"floor":40.0,"key":"Dexterity Potion"}],"is_trial":false,"path_per_floor":["M","M","M","$","M","E","M","E","T","M","E","R","E","M","R","B",null,"M","$","M","M","M","E","R","E","T","R","R","E","R","M","R","B",null,"M","M","$","?","$","E","R","E","T","R","E","M","$","?","R","B",null],"character_chosen":"WATCHER","items_purchased":["Mercury Hourglass","Strawberry","OrangePellets","Anchor","Oddly Smooth Stone","HandDrill","Happy Flower"],"campfire_rested":0,"item_purchase_floors":[4,19,19,39,39,39,47],"current_hp_per_floor":[71,65,57,57,57,57,57,57,57,57,57,57,57,59,59,59,75,77,84,71,64,66,55,55,43,43,43,43,38,38,38,38,2,76,76,76,76,65,65,65,65,67,67,67,69,39,39,41,41,32],"gold":15,"neow_bonus":"BOSS_RELIC","is_daily":false,"chose_seed":false,"campfire_upgraded":10,"win_rate":0.0,"timestamp":1612531562,"path_taken":["M","M","M","$","M","E","M","E","T","M","E","R","E","M","R","BOSS","M","$","?","M","M","E","R","E","T","R","R","E","R","M","R","BOSS","M","M","$","?","$","E","R","E","T","R","E","M","$","?","R","BOSS"],"items_purchased_type":["Relic","Relic","Relic","Relic","Relic","Relic","Relic"],"build_version":"2020-12-22","purchased_purges":0,"victory":true,"max_hp_per_floor":[78,78,78,78,78,78,78,78,78,78,78,78,78,80,80,80,80,82,89,91,93,95,97,97,99,99,99,99,101,101,101,101,101,101,101,101,101,103,103,103,103,105,105,105,107,107,107,109,109,109],"relic_stats":{"Singing Bowl":24,"Happy Flower":[1],"counters":[29,91],"CeramicFish":18,"Pen Nib":[23],"PreservedInsect":454,"Juzu Bracelet":0,"Question Card":19,"Boot":[59],"Mercury Hourglass":[278],"OrangePellets":[7],"Nunchaku":[19],"Busted Crown":34,"HandDrill":[12],"obtain_stats":[{"Lantern":11,"Singing Bowl":9,"CeramicFish":40,"Juzu Bracelet":42,"EVO:Axolotl":0,"Bottled Tornado":25,"Boot":26,"Old Coin":0,"Nunchaku":8,"Strawberry":19,"WingedGreaves":23,"HandDrill":39,"Toxic Egg 2":43,"InkBottle":0,"Happy Flower":47,"Oddly Smooth Stone":39,"Pen Nib":0,"PreservedInsect":6,"Omamori":45,"Question Card":13,"Mercury Hourglass":4,"Calling Bell":0,"OrangePellets":19,"Anchor":39,"Busted Crown":17,"Bag of Marbles":29,"Coffee Dripper":34,"PureWater":0,"Unceasing Top":38},{"Lantern":9,"Singing Bowl":7,"CeramicFish":25,"Juzu Bracelet":26,"EVO:Axolotl":0,"Bottled Tornado":18,"Boot":18,"Old Coin":0,"Nunchaku":7,"Strawberry":13,"WingedGreaves":17,"HandDrill":24,"Toxic Egg 2":26,"InkBottle":0,"Happy Flower":28,"Oddly Smooth Stone":24,"Pen Nib":0,"PreservedInsect":5,"Omamori":27,"Question Card":10,"Mercury Hourglass":3,"Calling Bell":0,"OrangePellets":13,"Anchor":24,"Busted Crown":12,"Bag of Marbles":19,"Coffee Dripper":21,"PureWater":0,"Unceasing Top":24},{"Lantern":26,"Singing Bowl":21,"CeramicFish":75,"Juzu Bracelet":79,"EVO:Axolotl":0,"Bottled Tornado":50,"Boot":50,"Old Coin":0,"Nunchaku":21,"Strawberry":34,"WingedGreaves":46,"HandDrill":72,"Toxic Egg 2":79,"InkBottle":0,"Happy Flower":86,"Oddly Smooth Stone":72,"Pen Nib":0,"PreservedInsect":15,"Omamori":82,"Question Card":27,"Mercury Hourglass":7,"Calling Bell":0,"OrangePellets":34,"Anchor":72,"Busted Crown":33,"Bag of Marbles":54,"Coffee Dripper":63,"PureWater":0,"Unceasing Top":72}],"InkBottle":[35],"Unceasing Top":[1]},"card_choices":[{"not_picked":["Crescendo","Indignation"],"picked":"FollowUp","floor":1.0},{"not_picked":["Meditate","Evaluate","Halt"],"picked":"SKIP","floor":2.0},{"not_picked":["Worship","Vengeance"],"picked":"Wallop","floor":3.0},{"not_picked":["FlyingSleeves","ClearTheMind"],"picked":"WheelKick","floor":5.0},{"not_picked":["InnerPeace","SashWhip","ClearTheMind"],"picked":"SKIP","floor":6.0},{"not_picked":["PathToVictory","Vengeance","ClearTheMind"],"picked":"SKIP","floor":7.0},{"not_picked":["FlurryOfBlows","ForeignInfluence","DeceiveReality"],"picked":"SKIP","floor":8.0},{"not_picked":["CarveReality","FollowUp"],"picked":"WheelKick","floor":10.0},{"not_picked":["Protect","Pray"],"picked":"Tantrum","floor":11.0},{"not_picked":["ConjureBlade","FlurryOfBlows"],"picked":"FlyingSleeves","floor":13.0},{"not_picked":["Indignation","Halt","SashWhip","EmptyBody"],"picked":"Singing Bowl","floor":14.0},{"not_picked":["SpiritShield","DevaForm","Scrawl"],"picked":"Devotion","floor":16.0},{"not_picked":["EmptyMind","Meditate"],"picked":"Singing Bowl","floor":18.0},{"not_picked":["EmptyBody","CutThroughFate"],"picked":"Singing Bowl","floor":20.0},{"not_picked":["ForeignInfluence+1","CrushJoints"],"picked":"Singing Bowl","floor":21.0},{"not_picked":["EmptyFist","JustLucky"],"picked":"Singing Bowl","floor":22.0},{"not_picked":["EmptyFist","SignatureMove"],"picked":"Singing Bowl","floor":23.0},{"not_picked":["ClearTheMind","ThirdEye"],"picked":"Singing Bowl","floor":25.0},{"not_picked":["Halt","LikeWater"],"picked":"Singing Bowl","floor":29.0},{"not_picked":["Evaluate"],"picked":"TalkToTheHand+1","floor":31.0},{"not_picked":["LessonLearned"],"picked":"Omniscience","floor":33.0},{"not_picked":["Halt"],"picked":"Fasting2","floor":35.0},{"not_picked":["Perseverance+1"],"picked":"Pray","floor":36.0},{"not_picked":["PathToVictory+1","ForeignInfluence"],"picked":"Singing Bowl","floor":38.0},{"not_picked":["Pray"],"picked":"Protect+1","floor":40.0},{"not_picked":["Protect+1","EmptyMind"],"picked":"Singing Bowl","floor":42.0},{"not_picked":["ClearTheMind+1","JustLucky"],"picked":"Singing Bowl","floor":45.0},{"not_picked":["JustLucky"],"picked":"CutThroughFate+1","floor":46.0},{"not_picked":["Swift Strike","Dramatic Entrance"],"picked":"Singing Bowl","floor":48.0}],"player_experience":135461,"relics_obtained":[{"floor":0.0,"key":"Pen Nib"},{"floor":0.0,"key":"InkBottle"},{"floor":0.0,"key":"Old Coin"},{"floor":6.0,"key":"PreservedInsect"},{"floor":8.0,"key":"Nunchaku"},{"floor":9.0,"key":"Singing Bowl"},{"floor":11.0,"key":"Lantern"},{"floor":13.0,"key":"Question Card"},{"floor":23.0,"key":"WingedGreaves"},{"floor":25.0,"key":"Bottled Tornado"},{"floor":26.0,"key":"Boot"},{"floor":29.0,"key":"Bag of Marbles"},{"floor":38.0,"key":"Unceasing Top"},{"floor":40.0,"key":"CeramicFish"},{"floor":42.0,"key":"Juzu Bracelet"},{"floor":43.0,"key":"Toxic Egg 2"},{"floor":45.0,"key":"Omamori"}],"event_choices":[{"damage_healed":0.0,"max_hp_gain":0.0,"max_hp_loss":0.0,"gold_gain":0.0,"event_name":"MindBloom","player_choice":"Fight","floor":38.0,"gold_loss":0.0,"damage_taken":0.0},{"damage_healed":0.0,"max_hp_gain":0.0,"max_hp_loss":0.0,"gold_gain":0.0,"event_name":"SensoryStone","player_choice":"Memory 1","floor":48.0,"gold_loss":0.0,"damage_taken":0.0}],"is_beta":false,"boss_relics":[{"not_picked":["VioletLotus","Fusion Hammer"],"picked":"Busted Crown"},{"not_picked":["Astrolabe","SacredBark"],"picked":"Coffee Dripper"}],"items_purged_floors":[],"is_endless":false,"potions_floor_spawned":[1,2,3,7,13,14,16,20,21,25,29,31,36,40],"ascension_level":10}}