{"host":"swavyr4ofmkhu42f","time":1612494834,"event":{"mods":["BaseMod","Colored Map","Minty Spire (QoL Compilation)","StSLib"],"gold_per_floor":[109,109,128,141,66,100,100,175,175,188,19,34,34,34],"floor_reached":13,"language":"ENG","playtime":370,"items_purged":["Writhe","Power Through"],"score":98,"play_id":"209bd116-c952-438f-a127-f0b6555121b8","local_time":"20210204221354","is_ascension_mode":true,"campfire_choices":[{"data":"Whirlwind","floor":7,"key":"SMITH"}],"circlet_count":0,"master_deck":["Strike_R","Strike_R","Strike_R","Strike_R","Strike_R","Defend_R","Defend_R","Bash","Burning Pact","Whirlwind+1","Searing Blow","Clash"],"relics":["Burning Blood","Golden Idol","Thread and Needle","Darkstone Periapt"],"acts_visited":["Exordium"],"potions_floor_usage":[6,10,13],"damage_taken":[{"damage":10,"enemies":"Small Slimes","floor":1,"turns":4},{"damage":14,"enemies":"Jaw Worm","floor":3,"turns":3},{"damage":4,"enemies":"2 Louse","floor":4,"turns":4},{"damage":32,"enemies":"Gremlin Nob","floor":6,"turns":5},{"damage":2,"enemies":"Gremlin Gang","floor":10,"turns":2},{"damage":10,"enemies":"Looter","floor":12,"turns":3},{"damage":14,"enemies":"Lagavulin","floor":13,"turns":3}],"seed_played":"7452823245644041666","potions_obtained":[{"floor":1,"key":"FearPotion"},{"floor":6,"key":"Explosive Potion"},{"floor":12,"key":"SkillPotion"}],"is_trial":false,"path_per_floor":["M","?","M","M","$","E","R","?","T","M","$","M","E"],"character_chosen":"IRONCLAD","items_purchased":["Searing Blow"],"campfire_rested":0,"item_purchase_floors":[11],"current_hp_per_floor":[76,56,48,50,50,24,24,13,13,17,17,13,0,0],"gold":34,"neow_bonus":"TRANSFORM_TWO_CARDS","is_daily":false,"chose_seed":false,"campfire_upgraded":1,"win_rate":0.0,"timestamp":1612494834,"path_taken":["M","?","M","M","$","E","R","?","T","M","$","M","E"],"items_purchased_type":["Card"],"build_version":"2020-12-22","purchased_purges":2,"victory":false,"max_hp_per_floor":[80,80,80,80,80,80,80,80,80,80,80,80,80,80],"card_choices":[{"not_picked":["Power Through","Cleave","Wild Strike"],"picked":"SKIP","floor":1},{"not_picked":["Second Wind","Sword Boomerang","Iron Wave"],"picked":"SKIP","floor":3},{"not_picked":["Sword Boomerang","Thunderclap"],"picked":"Whirlwind","floor":4},{"not_picked":["Armaments","Intimidate","Headbutt"],"picked":"SKIP","floor":6},{"not_picked":["Shrug It Off","Cleave","Armaments"],"picked":"SKIP","floor":10},{"not_picked":["Shockwave","Dual Wield"],"picked":"Clash","floor":12}],"player_experience":193429,"relics_obtained":[{"floor":6,"key":"Thread and Needle"},{"floor":9,"key":"Darkstone Periapt"}],"event_choices":[{"damage_healed":0,"gold_gain":0,"player_choice":"Take Damage","damage_taken":20,"relics_obtained":["Golden Idol"],"max_hp_gain":0,"max_hp_loss":0,"event_name":"Golden Idol","floor":2,"gold_loss":0},{"damage_healed":0,"gold_gain":75,"player_choice":"Gather Gold","damage_taken":11,"max_hp_gain":0,"max_hp_loss":0,"event_name":"World of Goop","floor":8,"gold_loss":0}],"is_beta":false,"boss_relics":[],"items_purged_floors":[5,11],"is_endless":false,"potions_floor_spawned":[1,6,12],"killed_by":"Lagavulin","ascension_level":3}}