{"host":"u8gwyxapu65l7nuk","time":1612499710,"event":{"mods":["BaseMod","Bossed Relics","Custom Start","Minty Spire (QoL Compilation)","StSLib","The Marked"],"gold_per_floor":[115,131,131,143,22,53,53,18,44,44,78,78,98,125,125,229,229,245,245,170,85,105,133,133,167,167,181,210,210,210],"floor_reached":29,"language":"ENG","playtime":836,"items_purged":[],"score":366,"play_id":"1cb967fc-fe17-47dc-a615-ca474f3488e8","local_time":"20210205123510","is_ascension_mode":true,"campfire_choices":[{"data":"Infernal Blade","floor":7,"key":"SMITH"},{"data":"Disarm","floor":10,"key":"SMITH"},{"data":"Disarm","floor":12,"key":"SMITH"},{"data":"True Grit","floor":15,"key":"SMITH"},{"data":"Carnage","floor":24,"key":"SMITH"}],"circlet_count":0,"master_deck":["Strike_R","Strike_R","Strike_R","Defend_R","Defend_R","Defend_R","Defend_R","Bash","Infernal Blade+1","Thunderclap","Headbutt","Clothesline","Dark Embrace","Disarm+1","Disarm+1","True Grit+1","Carnage+1","Immolate","Thunderclap+1","Whirlwind+1","Evolve","Disarm","Inflame","Inflame+1"],"relics":["Burning Blood","Strawberry","Pen Nib","Paper Frog","Juzu Bracelet","Tiny House","Tiny Chest","Smiling Mask","Pantograph","Molten Egg 2","Singing Bowl"],"acts_visited":["Exordium","TheCity"],"potions_floor_usage":[16,22],"damage_taken":[{"damage":0,"enemies":"2 Louse","floor":1,"turns":3},{"damage":1,"enemies":"Jaw Worm","floor":2,"turns":2},{"damage":0,"enemies":"Cultist","floor":4,"turns":3},{"damage":34,"enemies":"3 Sentries","floor":6,"turns":8},{"damage":19,"enemies":"Lagavulin","floor":11,"turns":7},{"damage":11,"enemies":"Lots of Slimes","floor":13,"turns":3},{"damage":14,"enemies":"Gremlin Nob","floor":14,"turns":5},{"damage":0,"enemies":"Slime Boss","floor":16,"turns":4},{"damage":11,"enemies":"Shell Parasite","floor":18,"turns":6},{"damage":18,"enemies":"Spheric Guardian","floor":22,"turns":4},{"damage":7,"enemies":"Slavers","floor":23,"turns":2},{"damage":36,"enemies":"Gremlin Leader","floor":25,"turns":7},{"damage":11,"enemies":"Snake Plant","floor":27,"turns":5},{"damage":30,"enemies":"Book of Stabbing","floor":28,"turns":9},{"damage":15,"enemies":"Centurion and Healer","floor":29,"turns":1}],"seed_played":"-8084591965946525052","potions_obtained":[{"floor":1,"key":"ColorlessPotion"},{"floor":11,"key":"Swift Potion"},{"floor":13,"key":"AttackPotion"},{"floor":18,"key":"Ancient Potion"},{"floor":22,"key":"Block Potion"}],"is_trial":false,"path_per_floor":["M","M","?","M","$","E","R","?","T","R","E","R","M","E","R","B",null,"M","?","?","?","M","E","R","E","T","M","E","M"],"character_chosen":"IRONCLAD","items_purchased":["Clothesline","Dark Embrace"],"campfire_rested":0,"item_purchase_floors":[5,5],"current_hp_per_floor":[87,87,80,86,86,58,58,79,79,79,66,66,61,53,53,59,87,82,82,82,82,70,69,69,39,39,34,10,0,0],"gold":210,"neow_bonus":"RANDOM_COMMON_RELIC","is_daily":false,"chose_seed":false,"campfire_upgraded":5,"win_rate":0.0,"timestamp":1612499710,"path_taken":["M","M","?","M","$","E","R","?","T","R","E","R","M","E","R","BOSS","M","?","?","?","M","E","R","E","T","M","E","M"],"items_purchased_type":["Card","Card"],"build_version":"2020-12-22","purchased_purges":0,"victory":false,"max_hp_per_floor":[87,87,87,87,87,87,87,87,87,87,87,87,87,87,87,87,87,87,87,87,87,87,87,87,87,87,87,87,87,87],"card_choices":[{"not_picked":["Cleave","Pommel Strike"],"picked":"Infernal Blade","floor":1},{"not_picked":["Havoc","Sever Soul"],"picked":"Thunderclap","floor":2},{"not_picked":["Havoc","Sever Soul"],"picked":"Headbutt","floor":4},{"not_picked":["Double Tap","Headbutt"],"picked":"Disarm","floor":6},{"not_picked":["Battle Trance","Seeing Red"],"picked":"Disarm","floor":11},{"not_picked":["Feel No Pain","Bloodletting"],"picked":"True Grit","floor":13},{"not_picked":["Offering","True Grit"],"picked":"Carnage","floor":14},{"not_picked":["Limit Break","Brutality"],"picked":"Immolate","floor":16},{"not_picked":["Heavy Blade","Body Slam+1"],"picked":"Thunderclap+1","floor":18},{"not_picked":["Wild Strike","Clothesline+1"],"picked":"Whirlwind+1","floor":22},{"not_picked":["Anger","Flex"],"picked":"Evolve","floor":23},{"not_picked":["Ghostly Armor+1","Whirlwind"],"picked":"Disarm","floor":25},{"not_picked":["Headbutt+1","Rage"],"picked":"Inflame","floor":27},{"not_picked":["Shrug It Off","Heavy Blade+1"],"picked":"Inflame+1","floor":28}],"player_experience":239722,"relics_obtained":[{"floor":6,"key":"Pen Nib"},{"floor":11,"key":"Paper Frog"},{"floor":14,"key":"Juzu Bracelet"},{"floor":23,"key":"Smiling Mask"},{"floor":25,"key":"Pantograph"},{"floor":26,"key":"Molten Egg 2"},{"floor":28,"key":"Singing Bowl"}],"event_choices":[{"cards_removed":["Strike_R"],"damage_healed":0,"gold_gain":0,"player_choice":"Card Removal","damage_taken":7,"max_hp_gain":0,"max_hp_loss":0,"event_name":"Golden Wing","floor":3,"gold_loss":0},{"damage_healed":21,"gold_gain":0,"player_choice":"Healed","damage_taken":0,"max_hp_gain":0,"max_hp_loss":0,"event_name":"The Cleric","floor":8,"gold_loss":35},{"damage_healed":0,"gold_gain":0,"player_choice":"Ignored","damage_taken":0,"max_hp_gain":0,"max_hp_loss":0,"event_name":"Ghosts","floor":19,"gold_loss":0},{"cards_removed":["Strike_R"],"damage_healed":0,"gold_gain":0,"player_choice":"Gave Gold","damage_taken":0,"max_hp_gain":0,"max_hp_loss":0,"event_name":"Beggar","floor":20,"gold_loss":75},{"damage_healed":0,"gold_gain":0,"player_choice":"Obtained Relic","damage_taken":0,"relics_obtained":["Tiny Chest"],"max_hp_gain":0,"max_hp_loss":0,"event_name":"Addict","floor":21,"gold_loss":85}],"is_beta":false,"boss_relics":[{"not_picked":["Black Star","Sozu"],"picked":"Tiny House"}],"items_purged_floors":[],"is_endless":false,"potions_floor_spawned":[1,11,13,18,22],"killed_by":"Centurion and Healer","ascension_level":1}}