{"host":"v9ordiuf4xzdpttp","time":1612500908,"event":{"mods":["AchievementEnabler","Act Like it!","Aspiration","BaseMod","Better Third Choice","Better Vampires","BetterRewards","CCEM2","Colored Map","Gold Saver","Halation","Hubris","Infinite Spire","Jedi Mod","Marked Mod","Minty Spire (QoL Compilation)","Reliquary","Remove Card Discount Mod","Replay The Spire","Shop Mod","Spicy Shops","StSLib"],"gold_per_floor":[445,445,445,5,26,26,67,67,67,91,109,31,31,31,31,152,152,166,166,166,191,141,141,181,181,181],"floor_reached":25,"language":"ENG","playtime":970,"items_purged":["Injury","Defend_R"],"score":315,"play_id":"b1cf2b7f-791a-418e-bb20-be9968523481","local_time":"20210204235508","is_ascension_mode":true,"campfire_choices":[{"data":"Perfected Strike","floor":6,"key":"SMITH"},{"data":"Strike_R+1","floor":8,"key":"SMITH"},{"floor":13,"key":"REST"},{"floor":15,"key":"DIG"},{"data":"infinitespire:Starlight","floor":23,"key":"SMITH"}],"circlet_count":0,"master_deck":["Strike_R","Strike_R+2","Strike_R","Strike_R+1","Strike_R","Defend_R","Defend_R","Defend_R","Perfected Strike+1","Combust","Inflame+1","hubris:ReadiedAction","Inflame","Pommel Strike","Iron Wave","jedi:strikingstrike","Feel No Pain","infinitespire:Starlight+1","Armaments+1","Dual Wield"],"relics":["Burning Blood","Golden Idol","CCEMRelics:GlassOfMilk","MerchantsRug","Simple Rune","Orichalcum","halation:QuantumPhysicsTextbook","hubris:Towel","hubris:BundleOfHerbs","aspiration:RitualDagger","Philosopher\u0027s Stone","hubris:TinFlute","jedi:zontanonomicon","Durian"],"acts_visited":["Exordium","TheCity"],"potions_floor_usage":[16,18,24],"damage_taken":[{"damage":1,"enemies":"2 Louse","floor":1,"turns":2},{"damage":3,"enemies":"Small Slimes","floor":5,"turns":3},{"damage":25,"enemies":"Replay:BlueRogue","floor":7,"turns":5},{"damage":0,"enemies":"Cultist","floor":10,"turns":3},{"damage":14,"enemies":"Lots of Slimes","floor":11,"turns":3},{"damage":55,"enemies":"The Guardian","floor":16,"turns":8},{"damage":25,"enemies":"Shell Parasite","floor":18,"turns":3},{"damage":55,"enemies":"3 Byrds","floor":21,"turns":4},{"damage":47,"enemies":"Nightmare","floor":24,"turns":7},{"damage":5,"enemies":"Snecko","floor":25,"turns":2}],"seed_played":"6528421414433890790","potions_obtained":[{"floor":7,"key":"Energy Potion"},{"floor":16,"key":"Energy Potion"},{"floor":21,"key":"jedi:tentaclejuice"},{"floor":24,"key":"Fire Potion"}],"is_trial":false,"path_per_floor":["M","?","?","$","M","R","E","R","T","M","M","$","R","?","R_BF","B",null,"M","AVR","?","M","?","R","NM","M"],"character_chosen":"IRONCLAD","items_purchased":["Inflame+1","CCEMRelics:GlassOfMilk","MerchantsRug","halation:QuantumPhysicsTextbook"],"campfire_rested":1,"item_purchase_floors":[4,4,4,12],"current_hp_per_floor":[77,77,77,77,80,80,61,61,61,67,59,59,80,80,80,37,69,50,50,34,80,80,80,81,81,81],"gold":181,"neow_bonus":"TRANSFORM_CARD","is_daily":false,"chose_seed":false,"campfire_upgraded":3,"win_rate":0.0,"timestamp":1612500908,"path_taken":["M","?","?","$","?","R","E","R","T","?","M","$","R","?","R_BF","BOSS","M","AVR","?","M","?","R","NM","?"],"items_purchased_type":["Card","Relic","Relic","Relic"],"build_version":"2020-12-22","purchased_purges":2,"victory":false,"max_hp_per_floor":[80,80,80,80,80,80,80,80,80,80,80,80,80,80,80,80,80,80,80,80,80,80,80,85,85,85],"card_choices":[{"not_picked":["Thunderclap","Havoc"],"picked":"Combust","floor":1},{"not_picked":["Sever Soul","ReplayTheSpireMod:Strike From Hell"],"picked":"hubris:ReadiedAction","floor":5},{"not_picked":["ReplayTheSpireMod:Muscle Training","Headbutt"],"picked":"Inflame","floor":7},{"not_picked":["ReplayTheSpireMod:LeadingStrike","Reckless Charge"],"picked":"Pommel Strike","floor":10},{"not_picked":["Heavy Blade","Flex"],"picked":"Iron Wave","floor":11},{"not_picked":["Reaper","Impervious"],"picked":"jedi:strikingstrike","floor":16},{"not_picked":["Defy Death","Intimidate"],"picked":"Feel No Pain","floor":18},{"not_picked":["Heavy Blade","Headbutt+1"],"picked":"Armaments+1","floor":21},{"not_picked":["Flame Barrier","Heavy Blade+1"],"picked":"Dual Wield","floor":24}],"player_experience":266156,"relics_obtained":[{"floor":7,"key":"Simple Rune"},{"floor":9,"key":"Orichalcum"},{"floor":15,"key":"hubris:BundleOfHerbs"},{"floor":20,"key":"jedi:zontanonomicon"},{"floor":24,"key":"Durian"}],"event_choices":[{"damage_healed":0,"gold_gain":0,"player_choice":"Take Wound","damage_taken":0,"relics_obtained":["Golden Idol"],"max_hp_gain":0,"max_hp_loss":0,"event_name":"Golden Idol","floor":3,"gold_loss":0,"cards_obtained":["Injury"]},{"damage_healed":0,"gold_gain":0,"player_choice":"Obtained Book","damage_taken":16,"max_hp_gain":0,"max_hp_loss":0,"event_name":"Cursed Tome","floor":20,"gold_loss":0},{"damage_healed":0,"gold_gain":0,"player_choice":"Bet on Murderer","damage_taken":0,"max_hp_gain":0,"max_hp_loss":0,"event_name":"The Joust","floor":22,"gold_loss":50}],"is_beta":false,"boss_relics":[{"not_picked":["hubris:TerracottaHorce","aspiration:RunicSpoon"],"picked":"aspiration:RitualDagger"}],"items_purged_floors":[4,12],"is_endless":true,"potions_floor_spawned":[7,16,21,24],"killed_by":"Snecko","ascension_level":9}}