{"host":"lpzule13k694vaqg","time":1612535856,"event":{"mods":["BaseMod","Block Reminder","Colored Map","Colored Powertips","Minty Spire (QoL Compilation)","Permanent Neow"],"gold_per_floor":[150,150,1,1,52,127,232,60,105,192,292,379,52,145,145,448,448,493,526,281,281,33,141,231,318,318,411,101,206,25,127,136,439,448,502,511,511,598,653,653,385,385,385,385,10,10,103,205,205,517,517,562,562,667,772,829,829,636,636,636,750,374,272,374,30,30,321,321,351,351,360,48,48,48,48,48,135,135,216,62,98,155,155,470,470,512,554,659,995,68,68,68,68,173,114,213,195,225,282,282,606,606,651,590,623,674,713,713,713,713,803,803,842,765,765,704,704,989,989,1046,482,482,542,587,587,587,671,758,758,758,29,86,131,131,437,437,482,482,527,629,16,16,16,16,94,12,69,144,180,157,157,451,451,451],"floor_reached":153,"language":"ENG","playtime":5718,"items_purged":[],"score":5863,"play_id":"7580a68c-d0b7-41a0-bb9b-1251b0e54b4d","local_time":"20210205153736","daily_mods":["Hoarder","Vintage","Heirloom","Time Dilation","Flight","DeadlyEvents","Elite Swarm","Midas"],"is_ascension_mode":true,"campfire_choices":[{"floor":15.0,"key":"REST"},{"floor":32.0,"key":"REST"},{"floor":40.0,"key":"DIG"},{"floor":42.0,"key":"DIG"},{"floor":44.0,"key":"DIG"},{"floor":46.0,"key":"DIG"},{"floor":49,"key":"DIG"},{"floor":57,"key":"DIG"},{"floor":59,"key":"DIG"},{"data":"1","floor":66,"key":"LIFT"},{"data":"2","floor":74,"key":"LIFT"},{"data":"3","floor":75,"key":"LIFT"},{"floor":76,"key":"DIG"},{"floor":78,"key":"DIG"},{"floor":83,"key":"DIG"},{"floor":91,"key":"DIG"},{"floor":92,"key":"DIG"},{"floor":93,"key":"DIG"},{"floor":100,"key":"DIG"},{"floor":108,"key":"DIG"},{"floor":109,"key":"DIG"},{"floor":110,"key":"DIG"},{"floor":112,"key":"DIG"},{"floor":115,"key":"DIG"},{"floor":117,"key":"DIG"},{"floor":125,"key":"DIG"},{"floor":126,"key":"DIG"},{"floor":129,"key":"DIG"},{"floor":134,"key":"REST"},{"floor":142,"key":"DIG"},{"floor":143,"key":"DIG"},{"floor":144,"key":"DIG"},{"floor":151,"key":"REST"}],"circlet_count":31,"master_deck":["Demon Form+1","Echo Form+1","DevaForm+1","Strike_B+1","Strike_B+1","Strike_B+1","Strike_B+1","Defend_B+1","Defend_B+1","Defend_B+1","Zap+1","Dualcast+1","Creative AI+1","Creative AI+1","Creative AI+1","Self Repair+1","Self Repair+1","Self Repair+1","Electrodynamics+1","Electrodynamics+1","Electrodynamics+1","Creative AI+1","Creative AI+1","Creative AI+1","Hello World+1","Hello World+1","Hello World+1","Creative AI+1","Creative AI+1","Creative AI+1","Echo Form+1","Echo Form+1","Echo Form+1","Static Discharge+1","Static Discharge+1","Static Discharge+1","Self Repair+1","Self Repair+1","Self Repair+1","Turbo+1","Turbo+1","Turbo+1","Creative AI+1","Creative AI+1","Creative AI+1","Amplify+1","Amplify+1","Amplify+1","Fission+1","Fission+1","Fission+1","Defragment+1","Defragment+1","Defragment+1","Static Discharge+1","Static Discharge+1","Static Discharge+1","Reboot+1","Reboot+1","Reboot+1","Heatsinks+1","Heatsinks+1","Heatsinks+1","Echo Form+1","Echo Form+1","Echo Form+1","Static Discharge+1","Static Discharge+1","Static Discharge+1","CurseOfTheBell","CurseOfTheBell","CurseOfTheBell","Impatience+1","Impatience+1","Impatience+1","Aggregate+1","Aggregate+1","Aggregate+1","Buffer+1","Buffer+1","Buffer+1","Buffer+1","Buffer+1","Buffer+1","Thunder Strike+1","Thunder Strike+1","Thunder Strike+1","Storm+1","Storm+1","Storm+1","Storm+1","Storm+1","Storm+1","Consume+1","Consume+1","Consume+1","Necronomicurse","Necronomicurse","Necronomicurse","Defragment+1","Defragment+1","Defragment+1","Storm+1","Storm+1","Storm+1","Thunder Strike+1","Thunder Strike+1","Thunder Strike+1","Multi-Cast+1","Multi-Cast+1","Multi-Cast+1","Meteor Strike+1","Meteor Strike+1","Meteor Strike+1","Storm+1","Storm+1","Storm+1","Biased Cognition+1","Biased Cognition+1","Biased Cognition+1","Electrodynamics+1","Electrodynamics+1","Electrodynamics+1","Loop+1","Loop+1","Loop+1","Heatsinks+1","Heatsinks+1","Heatsinks+1","Demon Form+1","Demon Form+1","Demon Form+1","Self Repair+1","Self Repair+1","Self Repair+1","Storm+1","Storm+1","Storm+1","Capacitor+1","Capacitor+1","Capacitor+1","Self Repair+1","Self Repair+1","Self Repair+1","Biased Cognition+1","Biased Cognition+1","Biased Cognition+1","Self Repair+1","Self Repair+1","Self Repair+1","Storm+1","Storm+1","Storm+1","Loop+1","Loop+1","Loop+1","Defragment+1","Defragment+1","Defragment+1","Heatsinks+1","Heatsinks+1","Heatsinks+1","Hello World+1","Hello World+1","Hello World+1","Self Repair+1","Self Repair+1","Self Repair+1","Capacitor+1","Capacitor+1","Capacitor+1","Loop+1","Loop+1","Loop+1","Capacitor+1","Capacitor+1","Capacitor+1","Capacitor+1","Capacitor+1","Capacitor+1","Defragment+1","Defragment+1","Defragment+1","Capacitor+1","Capacitor+1","Capacitor+1","Storm+1","Storm+1","Storm+1","Self Repair+1","Self Repair+1","Self Repair+1","Capacitor+1","Capacitor+1","Capacitor+1","Loop+1","Loop+1","Loop+1","Capacitor+1","Capacitor+1","Capacitor+1","Capacitor+1","Capacitor+1","Capacitor+1","Self Repair+1","Self Repair+1","Self Repair+1","Capacitor+1","Capacitor+1","Capacitor+1","Hello World+1","Hello World+1","Hello World+1","Self Repair+1","Self Repair+1","Self Repair+1","Defragment+1","Defragment+1","Defragment+1","Defragment+1","Defragment+1","Defragment+1","Loop+1","Loop+1","Loop+1","Capacitor+1","Capacitor+1","Capacitor+1","Static Discharge+1","Static Discharge+1","Static Discharge+1","Hello World+1","Hello World+1","Hello World+1","Defragment+1","Defragment+1","Defragment+1","Loop+1","Loop+1","Loop+1","Loop+1","Loop+1","Loop+1","Storm+1","Storm+1","Storm+1","Hello World+1","Hello World+1","Hello World+1","Creative AI+1","Creative AI+1","Creative AI+1","Defragment+1","Defragment+1","Defragment+1","Storm+1","Storm+1","Storm+1","Heatsinks+1","Heatsinks+1","Heatsinks+1","Static Discharge+1","Static Discharge+1","Static Discharge+1","Hello World+1","Hello World+1","Hello World+1","Loop+1","Loop+1","Loop+1","Loop+1","Loop+1","Loop+1","Storm+1","Storm+1","Storm+1","Defragment+1","Defragment+1","Defragment+1","Self Repair+1","Self Repair+1","Self Repair+1","Capacitor+1","Capacitor+1","Capacitor+1","Loop+1","Loop+1","Loop+1","Hello World+1","Hello World+1","Hello World+1","Hello World+1","Hello World+1","Hello World+1","Loop+1","Loop+1","Loop+1","Loop+1","Loop+1","Loop+1","Heatsinks+1","Heatsinks+1","Heatsinks+1","Heatsinks+1","Heatsinks+1","Heatsinks+1","Hello World+1","Hello World+1","Hello World+1","Hello World+1","Hello World+1","Hello World+1","Storm+1","Storm+1","Storm+1","Self Repair+1","Self Repair+1","Self Repair+1","Capacitor+1","Capacitor+1","Capacitor+1","Heatsinks+1","Heatsinks+1","Heatsinks+1","Capacitor+1","Capacitor+1","Capacitor+1","Loop+1","Loop+1","Loop+1","Loop+1","Loop+1","Loop+1","Capacitor+1","Capacitor+1","Capacitor+1"],"relics":["FrozenCore","Thread and Needle","CeramicFish","Membership Card","Mummified Hand","Gremlin Horn","Bag of Marbles","Runic Capacitor","War Paint","Art of War","Question Card","MawBank","Happy Flower","Turnip","HandDrill","Dead Branch","Busted Crown","Toxic Egg 2","HornCleat","Potion Belt","Anchor","Sling","MutagenicStrength","Emotion Chip","Strange Spoon","Singing Bowl","MealTicket","Ginger","Blue Candle","Centennial Puzzle","Tiny Chest","Lizard Tail","DollysMirror","Cables","Lantern","Dream Catcher","Ornamental Fan","Calling Bell","Blood Vial","Letter Opener","Bird Faced Urn","Toy Ornithopter","Kunai","Shovel","Pen Nib","Orichalcum","Pear","Whetstone","Orrery","Nunchaku","Eternal Feather","Bag of Preparation","Lee\u0027s Waffle","FossilizedHelix","StoneCalendar","Molten Egg 2","Pocketwatch","Bronze Scales","Bottled Lightning","CaptainsWheel","Torii","TungstenRod","Matryoshka","Akabeko","Incense Burner","Bottled Tornado","Shuriken","Chemical X","Girya","Pantograph","Vajra","Oddly Smooth Stone","Prayer Wheel","ClockworkSouvenir","SlaversCollar","Mango","Necronomicon","Regal Pillow","TheAbacus","StrikeDummy","Omamori","DataDisk","InkBottle","Du-Vu Doll","White Beast Statue","Frozen Egg 2","Runic Pyramid","The Courier","Sundial","Old Coin","Symbiotic Virus","Unceasing Top","Medical Kit","Ice Cream","Strawberry","Gambling Chip","Bottled Flame","PreservedInsect","Calipers","Boot","Circlet","Frozen Eye","Runic Dome","Ancient Tea Set","Cauldron","Mercury Hourglass","Darkstone Periapt","Toolbox","OrangePellets","Inserter","PrismaticShard","Philosopher\u0027s Stone","Mark of the Bloom","Coffee Dripper"],"acts_visited":["Exordium","TheCity","TheBeyond","Exordium","TheCity","TheBeyond","Exordium","TheCity","TheBeyond","Exordium"],"potions_floor_usage":[],"damage_taken":[{"damage":7.0,"enemies":"Small Slimes","floor":1.0,"turns":4.0},{"damage":2.0,"enemies":"Cultist","floor":5.0,"turns":4.0},{"damage":14.0,"enemies":"Lagavulin","floor":6.0,"turns":6.0},{"damage":21.0,"enemies":"Gremlin Nob","floor":7.0,"turns":5.0},{"damage":7.0,"enemies":"Lagavulin","floor":10.0,"turns":5.0},{"damage":9.0,"enemies":"3 Sentries","floor":12.0,"turns":3.0},{"damage":22.0,"enemies":"Gremlin Nob","floor":14.0,"turns":4.0},{"damage":15.0,"enemies":"The Guardian","floor":16.0,"turns":6.0},{"damage":16.0,"enemies":"2 Thieves","floor":18.0,"turns":2.0},{"damage":6.0,"enemies":"Spheric Guardian","floor":19.0,"turns":3.0},{"damage":7.0,"enemies":"Gremlin Leader","floor":23.0,"turns":3.0},{"damage":21.0,"enemies":"Slavers","floor":24.0,"turns":4.0},{"damage":0.0,"enemies":"Gremlin Leader","floor":25.0,"turns":3.0},{"damage":5.0,"enemies":"Slavers","floor":27.0,"turns":3.0},{"damage":0.0,"enemies":"Book of Stabbing","floor":29.0,"turns":3.0},{"damage":3.0,"enemies":"Slavers","floor":31.0,"turns":2.0},{"damage":14.0,"enemies":"Collector","floor":33.0,"turns":3.0},{"damage":2.0,"enemies":"Orb Walker","floor":35.0,"turns":2.0},{"damage":2.0,"enemies":"Reptomancer","floor":38.0,"turns":1.0},{"damage":0.0,"enemies":"Nemesis","floor":47.0,"turns":1.0},{"damage":1.0,"enemies":"Giant Head","floor":48.0,"turns":2.0},{"damage":19,"enemies":"Time Eater","floor":50,"turns":7},{"damage":0,"enemies":"Cultist","floor":52,"turns":2},{"damage":0,"enemies":"Lagavulin","floor":54,"turns":3},{"damage":0,"enemies":"Gremlin Nob","floor":55,"turns":2},{"damage":0,"enemies":"2 Louse","floor":56,"turns":2},{"damage":0,"enemies":"Lagavulin","floor":61,"turns":1},{"damage":0,"enemies":"Gremlin Nob","floor":64,"turns":1},{"damage":0,"enemies":"Slime Boss","floor":67,"turns":1},{"damage":0,"enemies":"Chosen","floor":69,"turns":1},{"damage":0,"enemies":"Gremlin Leader","floor":77,"turns":1},{"damage":0,"enemies":"Book of Stabbing","floor":79,"turns":1},{"damage":0,"enemies":"3 Byrds","floor":81,"turns":1},{"damage":0,"enemies":"Snecko","floor":82,"turns":1},{"damage":0,"enemies":"Collector","floor":84,"turns":1},{"damage":0,"enemies":"3 Shapes","floor":86,"turns":1},{"damage":0,"enemies":"Orb Walker","floor":87,"turns":1},{"damage":0,"enemies":"Giant Head","floor":88,"turns":1},{"damage":0,"enemies":"Sphere and 2 Shapes","floor":89,"turns":1},{"damage":0,"enemies":"Reptomancer","floor":94,"turns":2},{"damage":0,"enemies":"Giant Head","floor":96,"turns":1},{"damage":0,"enemies":"3 Darklings","floor":98,"turns":1},{"damage":0,"enemies":"Writhing Mass","floor":99,"turns":1},{"damage":0,"enemies":"Donu and Deca","floor":101,"turns":1},{"damage":0,"enemies":"Cultist","floor":103,"turns":1},{"damage":0,"enemies":"Jaw Worm","floor":105,"turns":1},{"damage":0,"enemies":"2 Louse","floor":106,"turns":1},{"damage":0,"enemies":"2 Fungi Beasts","floor":107,"turns":1},{"damage":0,"enemies":"3 Sentries","floor":111,"turns":1},{"damage":0,"enemies":"3 Louse","floor":113,"turns":1},{"damage":0,"enemies":"Hexaghost","floor":118,"turns":1},{"damage":0,"enemies":"Chosen","floor":120,"turns":1},{"damage":0,"enemies":"3 Byrds","floor":123,"turns":1},{"damage":0,"enemies":"Centurion and Healer","floor":124,"turns":1},{"damage":0,"enemies":"Gremlin Leader","floor":127,"turns":1},{"damage":0,"enemies":"Book of Stabbing","floor":128,"turns":1},{"damage":0,"enemies":"Snecko","floor":132,"turns":1},{"damage":0,"enemies":"Sentry and Sphere","floor":133,"turns":1},{"damage":0,"enemies":"Automaton","floor":135,"turns":1},{"damage":0,"enemies":"Orb Walker","floor":137,"turns":1},{"damage":0,"enemies":"3 Shapes","floor":139,"turns":1},{"damage":0,"enemies":"Giant Head","floor":140,"turns":1},{"damage":0,"enemies":"Reptomancer","floor":145,"turns":1},{"damage":0,"enemies":"Writhing Mass","floor":147,"turns":1},{"damage":0,"enemies":"Giant Head","floor":148,"turns":1},{"damage":0,"enemies":"3 Darklings","floor":149,"turns":1},{"damage":0,"enemies":"Donu and Deca","floor":152,"turns":2}],"seed_played":"-4088190453897281838","potions_obtained":[{"floor":1.0,"key":"FocusPotion"},{"floor":10.0,"key":"ColorlessPotion"},{"floor":18.0,"key":"Fire Potion"},{"floor":19.0,"key":"SteroidPotion"},{"floor":25.0,"key":"Regen Potion"},{"floor":47.0,"key":"Ancient Potion"},{"floor":48.0,"key":"ColorlessPotion"},{"floor":56,"key":"SpeedPotion"},{"floor":69,"key":"LiquidMemories"},{"floor":84,"key":"PotionOfCapacity"},{"floor":98,"key":"Energy Potion"},{"floor":105,"key":"PotionOfCapacity"},{"floor":106,"key":"FairyPotion"}],"is_trial":true,"path_per_floor":["M","?","$","?","M","E","E","$","T","E","?","E","$","E","R","B",null,"M","M","$","?","$","E","E","E","T","E","$","E","$","E","R","B",null,"M","?","?","E","T","R","$","R","T","R","$","R","E","E","R","B",null,"M","?","E","E","M","R","$","R","T","E","$","$","E","$","R","B",null,"M","?","?","$","$","R","R","R","E","R","E","$","M","M","R","B",null,"M","M","E","M","$","R","R","R","E","$","E","$","M","M","R","B",null,"M","$","M","M","M","R","R","R","E","R","M","$","R","$","R","B",null,"M","$","?","M","M","R","R","E","E","R","$","$","M","M","R","B",null,"M","?","M","E","$","R","R","R","E","$","M","E","M","$","R","B",null],"character_chosen":"DEFECT","items_purchased":["Membership Card","Runic Capacitor","War Paint","Self Repair","Happy Flower","Turnip","Hello World","HandDrill","Potion Belt","Anchor","Sling","Static Discharge","Emotion Chip","Strange Spoon","Self Repair","Turbo+1","Tiny Chest","Defragment","Lizard Tail","DollysMirror","Lantern","Dream Catcher","Heatsinks","Pear","Whetstone","Orrery","Lee\u0027s Waffle","FossilizedHelix","StoneCalendar","Matryoshka","Akabeko","Storm","Chemical X","Girya","Pantograph","Vajra","Storm","Oddly Smooth Stone","Prayer Wheel","ClockworkSouvenir","Consume+1","Regal Pillow","TheAbacus","StrikeDummy","Defragment","InkBottle","Storm","Symbiotic Virus","Unceasing Top","Medical Kit","Ice Cream","Strawberry","Gambling Chip","Bottled Flame","PreservedInsect","Calipers","Boot","Frozen Eye","Storm+1","Cauldron","Toolbox","Loop+1","OrangePellets","PrismaticShard","Circlet","Circlet","Circlet","Heatsinks+1","Self Repair+1","Storm+1","Capacitor+1","Self Repair+1","Biased Cognition+1","Self Repair+1","Storm+1","Loop+1","Defragment+1","Heatsinks+1","Hello World+1","Self Repair+1","Capacitor+1","Loop+1","Capacitor+1","Capacitor+1","Defragment+1","Capacitor+1","Storm+1","Self Repair+1","Capacitor+1","Loop+1","Capacitor+1","Capacitor+1","Self Repair+1","Capacitor+1","Hello World+1","Self Repair+1","Defragment+1","Defragment+1","Loop+1","Capacitor+1","Static Discharge+1","Hello World+1","Defragment+1","Loop+1","Loop+1","Storm+1","Hello World+1","Creative AI+1","Defragment+1","Storm+1","Heatsinks+1","Static Discharge+1","Hello World+1","Loop+1","Loop+1","Storm+1","Defragment+1","Self Repair+1","Capacitor+1","Loop+1","Hello World+1","Hello World+1","Loop+1","Loop+1","Heatsinks+1","Heatsinks+1","Hello World+1","Hello World+1","Storm+1","Self Repair+1","Capacitor+1","Heatsinks+1","Capacitor+1","Loop+1","Loop+1","Capacitor+1"],"campfire_rested":4,"item_purchase_floors":[3,8,8,8,13,13,13,13,20,20,20,20,22,22,22,22,28,28,28,28,30,30,30,41,41,41,45,45,45,58,58,62,62,62,62,63,63,65,65,65,65,72,72,72,72,80,80,90,90,90,90,90,90,90,90,90,90,95,97,104,114,114,116,121,121,121,121,121,131,131,131,131,131,131,131,131,131,131,131,131,131,131,131,131,131,131,131,131,131,131,131,131,131,131,131,131,131,131,131,131,131,131,131,141,141,141,141,141,141,141,141,141,141,141,141,141,141,141,141,141,141,141,141,141,141,141,141,141,141,141,141,146,146,146,146,150],"current_hp_per_floor":[68,73,73,90,88,74,53,53,53,67,67,65,65,64,90,89,90,81,89,89,89,89,90,90,90,90,92,92,92,92,92,92,94,94,94,94,94,96,96,96,114,114,114,114,121,121,123,123,123,125,125,125,125,125,127,127,127,127,127,127,127,127,127,129,129,129,131,131,145,145,133,145,145,145,145,145,147,147,149,149,149,149,149,149,149,149,149,149,149,156,156,156,156,156,156,158,158,158,158,158,158,158,158,158,158,158,158,158,158,158,158,158,158,158,158,158,158,160,160,160,160,160,160,160,160,160,162,162,162,162,162,162,162,164,166,166,166,166,166,166,166,166,166,166,166,166,166,166,166,166,166,166,166,166],"gold":451,"neow_bonus":"","is_daily":false,"chose_seed":false,"campfire_upgraded":0,"win_rate":0.0,"timestamp":1612535856,"path_taken":["M","?","$","?","?","E","?","?","T","E","?","E","$","E","R","BOSS","M","?","$","?","?","E","E","E","T","E","$","E","$","E","R","BOSS","M","?","?","?","?","R","$","R","T","R","$","R","?","?","R","BOSS","M","?","?","?","?","R","?","R","T","?","$","$","?","$","R","BOSS","M","?","?","$","$","R","R","R","E","R","E","$","M","M","R","BOSS","M","M","?","M","$","R","R","R","E","$","E","$","M","M","R","BOSS","M","$","M","M","?","R","R","R","E","R","M","$","R","$","R","BOSS","M","$","?","?","M","R","R","?","E","R","$","$","M","M","R","BOSS","M","?","?","?","$","R","R","R","E","$","M","?","?","$","R","BOSS"],"items_purchased_type":["Relic","Relic","Relic","Card","Relic","Relic","Card","Relic","Relic","Relic","Relic","Card","Relic","Relic","Card","Card","Relic","Card","Relic","Relic","Relic","Relic","Card","Relic","Relic","Relic","Relic","Relic","Relic","Relic","Relic","Card","Relic","Relic","Relic","Relic","Card","Relic","Relic","Relic","Card","Relic","Relic","Relic","Card","Relic","Card","Relic","Relic","Relic","Relic","Relic","Relic","Relic","Relic","Relic","Relic","Relic","Card","Relic","Relic","Card","Relic","Relic","Undefined","Undefined","Undefined","Card","Card","Card","Card","Card","Card","Card","Card","Card","Card","Card","Card","Card","Card","Card","Card","Card","Card","Card","Card","Card","Card","Card","Card","Card","Card","Card","Card","Card","Card","Card","Card","Card","Card","Card","Card","Card","Card","Card","Card","Card","Card","Card","Card","Card","Card","Card","Card","Card","Card","Card","Card","Card","Card","Card","Card","Card","Card","Card","Card","Card","Card","Card","Card","Card","Card","Card","Card","Card"],"build_version":"2020-12-22","purchased_purges":0,"victory":false,"max_hp_per_floor":[75,80,80,90,90,90,90,90,90,90,90,90,90,90,90,90,90,90,90,90,90,90,90,90,90,90,92,92,92,92,92,92,94,94,94,94,94,96,96,96,114,114,114,114,121,121,123,123,123,125,125,125,125,125,127,127,127,127,127,127,127,127,127,129,129,129,131,131,145,145,145,145,145,145,145,145,147,147,149,149,149,149,149,149,149,149,149,149,149,156,156,156,156,156,156,158,158,158,158,158,158,158,158,158,158,158,158,158,158,158,158,158,158,158,158,158,158,160,160,160,160,160,160,160,160,160,162,162,162,162,162,162,162,164,166,166,166,166,166,168,168,168,168,168,170,170,170,172,172,172,174,176,176,176],"card_choices":[{"not_picked":["Core Surge","Biased Cognition","All For One"],"picked":"SKIP","floor":6.0},{"not_picked":["Rainbow","Reboot"],"picked":"Creative AI","floor":7.0},{"not_picked":["Reboot","Biased Cognition"],"picked":"Electrodynamics","floor":10.0},{"not_picked":["Reboot","Multi-Cast","Fission"],"picked":"Creative AI","floor":12.0},{"not_picked":["Thunder Strike","Multi-Cast","Biased Cognition"],"picked":"Creative AI","floor":14.0},{"not_picked":["Thunder Strike","Electrodynamics","Core Surge"],"picked":"Echo Form","floor":16.0},{"not_picked":["Biased Cognition"],"picked":"Creative AI","floor":23.0},{"not_picked":["Buffer"],"picked":"Amplify+1","floor":24.0},{"not_picked":["Reboot+1"],"picked":"Fission+1","floor":25.0},{"not_picked":["Fission+1","Core Surge"],"picked":"Singing Bowl","floor":27.0},{"not_picked":["Echo Form"],"picked":"Reboot+1","floor":29.0},{"not_picked":["Multi-Cast+1"],"picked":"Echo Form","floor":31.0},{"not_picked":["Doom and Gloom"],"picked":"Static Discharge","floor":32.0},{"not_picked":["Biased Cognition","Machine Learning"],"picked":"Singing Bowl","floor":33.0},{"not_picked":["Enlightenment+1"],"picked":"Impatience+1","floor":36.0},{"not_picked":["Electrodynamics","Seek+1"],"picked":"Singing Bowl","floor":38.0},{"not_picked":["Lockon+1","Streamline"],"picked":"Singing Bowl","floor":41.0},{"not_picked":["Hologram+1","BootSequence+1"],"picked":"Singing Bowl","floor":41.0},{"not_picked":["Streamline+1","Leap+1"],"picked":"Singing Bowl","floor":41.0},{"not_picked":["FTL","Sweeping Beam+1"],"picked":"Singing Bowl","floor":41.0},{"not_picked":["Redo+1"],"picked":"Aggregate+1","floor":41.0},{"not_picked":["Seek+1","Rainbow+1"],"picked":"Singing Bowl","floor":47.0},{"not_picked":["Core Surge+1"],"picked":"Buffer","floor":48.0},{"not_picked":["Creative AI","Biased Cognition"],"picked":"Singing Bowl","floor":50},{"not_picked":["Machine Learning"],"picked":"Buffer","floor":54},{"not_picked":["Machine Learning","All For One+1"],"picked":"Singing Bowl","floor":55},{"not_picked":["Echo Form"],"picked":"Thunder Strike+1","floor":61},{"not_picked":["Rainbow+1","Fission+1"],"picked":"Singing Bowl","floor":64},{"not_picked":["Machine Learning","Rainbow+1"],"picked":"Singing Bowl","floor":67},{"not_picked":["Reboot+1","Creative AI"],"picked":"Singing Bowl","floor":77},{"not_picked":["Rainbow+1","Core Surge+1"],"picked":"Singing Bowl","floor":79},{"not_picked":["Biased Cognition+1"],"picked":"Thunder Strike+1","floor":84},{"not_picked":["Reboot+1"],"picked":"Multi-Cast+1","floor":88},{"not_picked":["Echo Form+1"],"picked":"Meteor Strike+1","floor":94},{"not_picked":["Amplify+1","Rainbow+1"],"picked":"Singing Bowl","floor":96},{"not_picked":["Electrodynamics+1"],"picked":"Biased Cognition+1","floor":101},{"not_picked":["Meteor Strike+1"],"picked":"Electrodynamics+1","floor":111},{"not_picked":["Reboot+1","Seek+1"],"picked":"Singing Bowl","floor":118},{"not_picked":["Mayhem+1","Devotion+1"],"picked":"Singing Bowl","floor":127},{"not_picked":["Devotion+1"],"picked":"Demon Form+1","floor":128},{"not_picked":["Tempest+1","Hologram+1"],"picked":"Singing Bowl","floor":134},{"not_picked":["Feed+1","Electrodynamics+1"],"picked":"Singing Bowl","floor":135},{"not_picked":["Doppelganger+1","Venomology+1"],"picked":"Singing Bowl","floor":140},{"not_picked":["Storm of Steel+1","Echo Form+1"],"picked":"Singing Bowl","floor":145},{"not_picked":["Thinking Ahead+1","Reboot+1"],"picked":"Singing Bowl","floor":148},{"not_picked":["Deadly Poison+1","Steam+1"],"picked":"Singing Bowl","floor":151},{"not_picked":["A Thousand Cuts+1","Wish+1"],"picked":"Singing Bowl","floor":152}],"player_experience":6089,"relics_obtained":[{"floor":1.0,"key":"CeramicFish"},{"floor":5.0,"key":"Mummified Hand"},{"floor":6.0,"key":"Gremlin Horn"},{"floor":7.0,"key":"Bag of Marbles"},{"floor":9.0,"key":"Art of War"},{"floor":10.0,"key":"Question Card"},{"floor":12.0,"key":"MawBank"},{"floor":14.0,"key":"Dead Branch"},{"floor":18.0,"key":"Toxic Egg 2"},{"floor":19.0,"key":"HornCleat"},{"floor":23.0,"key":"Singing Bowl"},{"floor":24.0,"key":"MealTicket"},{"floor":25.0,"key":"Ginger"},{"floor":26.0,"key":"Blue Candle"},{"floor":27.0,"key":"Centennial Puzzle"},{"floor":29.0,"key":"Cables"},{"floor":31.0,"key":"Ornamental Fan"},{"floor":34.0,"key":"Blood Vial"},{"floor":34.0,"key":"Letter Opener"},{"floor":34.0,"key":"Bird Faced Urn"},{"floor":35.0,"key":"Toy Ornithopter"},{"floor":38.0,"key":"Shovel"},{"floor":39.0,"key":"Pen Nib"},{"floor":40.0,"key":"Orichalcum"},{"floor":42.0,"key":"Nunchaku"},{"floor":43.0,"key":"Eternal Feather"},{"floor":44.0,"key":"Bag of Preparation"},{"floor":46.0,"key":"Molten Egg 2"},{"floor":47.0,"key":"Pocketwatch"},{"floor":48.0,"key":"Bronze Scales"},{"floor":49,"key":"Bottled Lightning"},{"floor":52,"key":"CaptainsWheel"},{"floor":56,"key":"Torii"},{"floor":57,"key":"TungstenRod"},{"floor":59,"key":"Incense Burner"},{"floor":60,"key":"Bottled Tornado"},{"floor":60,"key":"Shuriken"},{"floor":69,"key":"Mango"},{"floor":71,"key":"Necronomicon"},{"floor":76,"key":"Omamori"},{"floor":78,"key":"DataDisk"},{"floor":81,"key":"Du-Vu Doll"},{"floor":82,"key":"White Beast Statue"},{"floor":83,"key":"Frozen Egg 2"},{"floor":86,"key":"The Courier"},{"floor":87,"key":"Sundial"},{"floor":89,"key":"Old Coin"},{"floor":91,"key":"Circlet"},{"floor":92,"key":"Circlet"},{"floor":93,"key":"Circlet"},{"floor":98,"key":"Circlet"},{"floor":99,"key":"Circlet"},{"floor":100,"key":"Circlet"},{"floor":103,"key":"Ancient Tea Set"},{"floor":105,"key":"Mercury Hourglass"},{"floor":106,"key":"Circlet"},{"floor":107,"key":"Darkstone Periapt"},{"floor":108,"key":"Circlet"},{"floor":109,"key":"Circlet"},{"floor":110,"key":"Circlet"},{"floor":112,"key":"Circlet"},{"floor":113,"key":"Circlet"},{"floor":115,"key":"Circlet"},{"floor":117,"key":"Circlet"},{"floor":120,"key":"Circlet"},{"floor":123,"key":"Circlet"},{"floor":124,"key":"Circlet"},{"floor":125,"key":"Circlet"},{"floor":126,"key":"Circlet"},{"floor":129,"key":"Circlet"},{"floor":132,"key":"Circlet"},{"floor":133,"key":"Circlet"},{"floor":137,"key":"Circlet"},{"floor":139,"key":"Circlet"},{"floor":142,"key":"Circlet"},{"floor":143,"key":"Circlet"},{"floor":147,"key":"Circlet"},{"floor":149,"key":"Circlet"}],"event_choices":[{"damage_healed":0.0,"max_hp_gain":5.0,"max_hp_loss":0.0,"gold_gain":0.0,"event_name":"Big Fish","player_choice":"Donut","floor":2.0,"gold_loss":0.0,"damage_taken":0.0},{"cards_removed":["Wraith Form v2"],"damage_healed":7.0,"max_hp_gain":10.0,"max_hp_loss":0.0,"gold_gain":0.0,"event_name":"Bonfire Elementals","player_choice":"Offered Rare","floor":4.0,"gold_loss":0.0,"damage_taken":0.0},{"damage_healed":0.0,"max_hp_gain":0.0,"max_hp_loss":0.0,"gold_gain":100.0,"event_name":"Golden Shrine","player_choice":"Pray","floor":11.0,"gold_loss":0.0,"damage_taken":0.0},{"damage_healed":0.0,"max_hp_gain":0.0,"max_hp_loss":0.0,"gold_gain":0.0,"event_name":"Drug Dealer","player_choice":"Inject Mutagens","floor":21.0,"gold_loss":0.0,"damage_taken":0.0,"relics_obtained":["MutagenicStrength"]},{"damage_healed":0.0,"max_hp_gain":0.0,"max_hp_loss":0.0,"gold_gain":0.0,"event_name":"SensoryStone","player_choice":"Memory 1","floor":36.0,"gold_loss":0.0,"damage_taken":0.0},{"damage_healed":0.0,"max_hp_gain":0.0,"max_hp_loss":0.0,"gold_gain":0.0,"event_name":"WeMeetAgain","player_choice":"Gave Potion","floor":37.0,"gold_loss":0.0,"damage_taken":0.0,"relics_obtained":["Kunai"]},{"damage_healed":0,"gold_gain":0,"player_choice":"Ignored","damage_taken":0,"max_hp_gain":0,"max_hp_loss":0,"event_name":"Liars Game","floor":53,"gold_loss":0},{"damage_healed":0,"gold_gain":0,"player_choice":"Ignored","damage_taken":0,"max_hp_gain":0,"max_hp_loss":0,"event_name":"The Mausoleum","floor":70,"gold_loss":0},{"damage_healed":0,"gold_gain":0,"player_choice":"Obtained Book","damage_taken":16,"max_hp_gain":0,"max_hp_loss":0,"event_name":"Cursed Tome","floor":71,"gold_loss":0},{"cards_removed":["Defend_B"],"damage_healed":0,"gold_gain":0,"player_choice":"Elegance","damage_taken":0,"max_hp_gain":0,"max_hp_loss":0,"event_name":"Back to Basics","floor":122,"gold_loss":0},{"damage_healed":0,"gold_gain":0,"player_choice":"Upgrade","damage_taken":0,"relics_obtained":["Mark of the Bloom"],"max_hp_gain":0,"max_hp_loss":0,"event_name":"MindBloom","floor":138,"gold_loss":0,"cards_upgraded":["Demon Form","Echo Form","DevaForm","Strike_B","Strike_B","Defend_B","Defend_B","Zap","Creative AI","Creative AI","Creative AI","Self Repair","Self Repair","Self Repair","Electrodynamics","Electrodynamics","Electrodynamics","Creative AI","Creative AI","Creative AI","Hello World","Hello World","Hello World","Creative AI","Creative AI","Creative AI","Echo Form","Echo Form","Echo Form","Static Discharge","Static Discharge","Static Discharge","Self Repair","Self Repair","Self Repair","Creative AI","Creative AI","Creative AI","Defragment","Defragment","Defragment","Static Discharge","Static Discharge","Static Discharge","Heatsinks","Heatsinks","Heatsinks","Echo Form","Echo Form","Echo Form","Static Discharge","Static Discharge","Static Discharge","Buffer","Buffer","Buffer","Buffer","Buffer","Buffer","Storm","Storm","Storm","Storm","Storm","Storm","Defragment","Defragment","Defragment","Storm","Storm","Storm"]}],"is_beta":false,"boss_relics":[{"not_picked":["Sozu","Astrolabe"],"picked":"Busted Crown"},{"not_picked":["Coffee Dripper","Runic Pyramid"],"picked":"Calling Bell"},{"not_picked":["Cursed Key","Snecko Eye"],"picked":"FrozenCore"},{"not_picked":["Sozu","Cursed Key"],"picked":"SlaversCollar"},{"not_picked":["SacredBark","Philosopher\u0027s Stone"],"picked":"Runic Pyramid"},{"not_picked":["Tiny House","Astrolabe"],"picked":"Runic Dome"},{"not_picked":["Snecko Eye","Velvet Choker"],"picked":"Inserter"},{"not_picked":["Astrolabe","SacredBark"],"picked":"Philosopher\u0027s Stone"},{"not_picked":["Sozu","Cursed Key"],"picked":"Coffee Dripper"}],"items_purged_floors":[],"is_endless":true,"potions_floor_spawned":[1,10,18,19,25,47,48,54,56,69,79,82,84,86,87,88,89,94,96,98,99,101,103,105,106,107,111,113,118,120,123,124,127,128,132,133,135,137,139,140,145,147,148,149,152],"ascension_level":1}}