{"host":"ucgrft0m53zzt06v","time":1612511608,"event":{"mods":["BaseMod","Colored Map","Colored Powertips","Conspire","HololiveMod","KinomotoSakuraMod(木之本樱)","Lobotomy","Minty Spire (QoL Compilation)","Quick Restart","Replay The Spire","Shop Mod","Spicy Shops","StSLib","Td1madao Mod","The Senshi","Waifu the Spire","WarShipGirlsR/战舰少女R mod","【遗物卡牌】REMEMod"],"gold_per_floor":[334,350,370,360,7,62,102,182,208,9,107,107,19,54,54,229,229,284,284,13,53,53,94,146,146,170,211,294,294,343,417,417,572,572,606,606,606,41,110,206,206,234,234,234,15,15,77,132,132,218],"floor_reached":51,"language":"ZHS","playtime":3164,"items_purged":["Hololive_Strike","Hololive_Strike+1"],"score":1733,"play_id":"7f3f84c5-6a53-4ede-ac63-b068dd713e59","local_time":"20210205155328","is_ascension_mode":true,"campfire_choices":[{"data":"Hololive_CallSpadeEcho","floor":12.0,"key":"SMITH"},{"data":"Hololive_CallSpadeEcho","floor":15.0,"key":"SMITH"},{"data":"Hololive_Yoholoon","floor":25.0,"key":"SMITH"},{"data":"Hololive_BeCareful","floor":29.0,"key":"SMITH"},{"floor":32.0,"key":"DIG"},{"data":"Hololive_Defend","floor":41,"key":"PURGE"},{"floor":44,"key":"DIG"},{"floor":49,"key":"RECALL"}],"circlet_count":0,"master_deck":["Hololive_CallHoushouMarine","Hololive_CallShiroganeNoel","Hololive_CallUruhaRushia","Hololive_CallShiranuiFlare","Hololive_CallUsadaPekora","Hololive_StrengthChampion+1","Hololive_Defend","Hololive_Rebirth","Hololive_CallRosalyn","Hololive_LuckPotion","Hololive_CallSpadeEcho+1","Hololive_CallSpadeEcho+1","Hololive_FlyingPonyTail","Hololive_LuckPotion","Hololive_CandyCastle","Hololive_CallAZKi","Hololive_CallManoAloe","Hololive_BeCareful+1","Hololive_CallAyundaRisu","Hololive_Yoholoon+1","Hololive_CallOmaruPolka+1","Hololive_Thief","Hololive_CallTokinoSora","Hololive_LuckPotion+1","Hololive_CandyCastle","Hololive_RevenueBasedLive","Hololive_DDD","Hololive_CallHoshimachiSuisei+1","Madness","Madness","conspire:Banana","ReplayTheSpireMod:Private Reserves","Flash of Steel","Hololive_FlyingPonyTail","Hololive_Spy","Hololive_Yoholoon+1","Hololive_CallSpadeEcho+1","Hololive_CallAkiRosenthal","Hololive_OvertimeWork+1","Hololive_FlyingPonyTail","Hololive_CallAmaneKanata+1","Hololive_Thief","Hololive_CallDoris","Hololive_CallTsunomakiWatame+1","Hololive_CallTokoyamiTowa+1","Hololive_FlyingPonyTail"],"relics":["Hololive_TheStar","REME_ComplimentaryCards","Membership Card","Replay:Bandana","ReplayFunnel","REME_PuzzleBoxRelic","Blood Vial","theSenshi:SailorFukuRelic","HandDrill","Prayer Wheel","conspire:DecoderRing","Mercury Hourglass","conspire:SlowCooker","ReplayTheSpireMod:Ring of Collecting","ReplayTheSpireMod:TigerMarble","MerchantsRug","HornCleat","ReplayTheSpireMod:Lightbulb","conspire:Dentures","Ring of Peace","Ancient Tea Set","Prayer Wheel","Fusion Hammer","Coffee Dripper","SacredBark","Replay:Multitool","Pen Nib","REME_HandOfSuture","Shuriken","DollysMirror","Omamori","REME_HourglassOfDeath","Sundial","Molten Egg 2","Quantum Egg"],"acts_visited":["Exordium","TheCity","TheBeyond"],"potions_floor_usage":[50,50,50,50],"damage_taken":[{"damage":0.0,"enemies":"Jaw Worm","floor":1.0,"turns":2.0},{"damage":0.0,"enemies":"2 Louse","floor":2.0,"turns":2.0},{"damage":0.0,"enemies":"conspire:RoseBush","floor":3.0,"turns":2.0},{"damage":0.0,"enemies":"3 Sentries","floor":6.0,"turns":6.0},{"damage":0.0,"enemies":"2 Fungi Beasts","floor":7.0,"turns":3.0},{"damage":0.0,"enemies":"Lagavulin","floor":8.0,"turns":4.0},{"damage":0.0,"enemies":"3 Sentries","floor":11.0,"turns":4.0},{"damage":0.0,"enemies":"Looter","floor":14.0,"turns":2.0},{"damage":0.0,"enemies":"Hexaghost","floor":16.0,"turns":4.0},{"damage":0.0,"enemies":"2 Thieves","floor":18.0,"turns":4.0},{"damage":0.0,"enemies":"3 Byrds","floor":21.0,"turns":3.0},{"damage":0.0,"enemies":"conspire:SneckoGhost","floor":23.0,"turns":3.0},{"damage":0.0,"enemies":"conspire:HollyBat","floor":24.0,"turns":5.0},{"damage":0.0,"enemies":"Snake Plant","floor":27.0,"turns":3.0},{"damage":0.0,"enemies":"Centurion and Healer","floor":28.0,"turns":4.0},{"damage":0.0,"enemies":"Slavers","floor":30.0,"turns":4.0},{"damage":0.0,"enemies":"conspire:MimicChest","floor":31.0,"turns":5.0},{"damage":0.0,"enemies":"Collector","floor":33.0,"turns":8.0},{"damage":0.0,"enemies":"3 Darklings","floor":35.0,"turns":4.0},{"damage":0.0,"enemies":"3 Shapes","floor":39.0,"turns":3.0},{"damage":0.0,"enemies":"Giant Head","floor":40.0,"turns":6.0},{"damage":0,"enemies":"Spire Growth","floor":42,"turns":3},{"damage":0,"enemies":"4 Shapes","floor":47,"turns":3},{"damage":0,"enemies":"Reptomancer","floor":48,"turns":4},{"damage":0,"enemies":"Donu and Deca","floor":50,"turns":5}],"seed_played":"-416607409837635420","potions_obtained":[{"floor":3.0,"key":"Energy Potion"},{"floor":7.0,"key":"LifebloodPotion"},{"floor":11.0,"key":"conspire:TimeTravelPotion"},{"floor":16.0,"key":"Adrenaline Potion"},{"floor":21.0,"key":"Ancient Potion"},{"floor":27.0,"key":"PowerPotion"},{"floor":30.0,"key":"BlessingOfTheForge"}],"is_trial":false,"path_per_floor":["M","M","M","?","$","E","M","E","T","$","E","R","$","M","R","B",null,"M","?","$","M","?","E","M","R","T","M","M","R","E","?","R_BF","B",null,"M","?","?","$","M","E","R","M","T","R","$","?","M","E","R","B",null],"character_chosen":"Hololive_HololiveCharacter","items_purchased":["Membership Card","Matryoshka","Replay:Bandana","HandDrill","Prayer Wheel","Hololive_FlyingPonyTail","Hololive_CandyCastle","Mercury Hourglass","ReplayTheSpireMod:TigerMarble","Hololive_Yoholoon","MerchantsRug","HornCleat","Hololive_FlyingPonyTail","Hololive_Spy","ReplayTheSpireMod:ShopPack","Strange Spoon","Replay:Multitool","Pet Ghost","Pen Nib","REME_HandOfSuture","DollysMirror","Omamori","REME_HourglassOfDeath","Sundial","EssenceOfSteel","Reflective Coating"],"campfire_rested":0,"item_purchase_floors":[5,5,5,10,10,10,13,13,20,20,20,20,38,38,38,38,38,38,38,38,45,45,45,45,45,45],"current_hp_per_floor":[32,32,32,32,32,32,32,32,32,32,32,32,32,32,32,32,32,32,32,32,32,32,32,32,32,32,32,32,32,32,32,32,32,32,32,28,18,18,21,31,31,34,34,34,34,34,36,39,39,42],"gold":218,"neow_bonus":"TWO_FIFTY_GOLD","is_daily":false,"chose_seed":false,"campfire_upgraded":4,"win_rate":0.0,"timestamp":1612511608,"path_taken":["M","M","M","?","$","E","M","E","T","$","E","R","?","M","R","BOSS","M","?","$","M","?","E","M","R","T","M","M","R","E","?","R_BF","BOSS","M","?","?","$","M","E","R","M","T","R","$","?","?","E","R","BOSS"],"items_purchased_type":["Relic","Relic","Relic","Relic","Relic","Card","Card","Relic","Relic","Card","Relic","Relic","Card","Card","Relic","Relic","Relic","Relic","Relic","Relic","Relic","Relic","Relic","Relic","Potion","Potion"],"build_version":"2020-12-22","purchased_purges":2,"victory":true,"max_hp_per_floor":[32,32,32,32,32,32,32,32,32,32,32,32,32,32,32,32,32,32,32,32,32,32,32,32,32,32,32,32,32,32,32,32,32,32,32,32,32,32,33,41,41,42,42,42,42,42,42,43,43,44],"card_choices":[{"not_picked":["Hololive_Psychosis","Hololive_StrengthChampion","Hololive_CallAiraniIofifteen"],"picked":"Hololive_CallRosalyn","floor":1.0},{"not_picked":["Hololive_CallArtia","Hololive_HuntDinosaur","Hololive_Drill"],"picked":"Hololive_LuckPotion","floor":2.0},{"not_picked":["Hololive_Breathe","Hololive_Teleport","Hololive_RevenueBasedLive","Hololive_OvertimeWork"],"picked":"SKIP","floor":3.0},{"not_picked":["Hololive_Psychosis","Hololive_CallShiroganeNoel","Hololive_Trident"],"picked":"Hololive_CallSpadeEcho","floor":6.0},{"not_picked":["Hololive_HuntDinosaur","Hololive_Sequa","Hololive_RevenueBasedLive","Hololive_Psychosis"],"picked":"SKIP","floor":7.0},{"not_picked":["Hololive_IdolExercise","Hololive_CallHoushouMarine","Hololive_LuckPotion"],"picked":"Hololive_CallSpadeEcho","floor":8.0},{"not_picked":["Hololive_Rebound","Hololive_CallUsadaPekora","Hololive_CallMurasakiShion"],"picked":"Hololive_LuckPotion","floor":11.0},{"not_picked":["Hololive_RevenueBasedLive","Hololive_FlyingPonyTail","Hololive_CallYozoraMel"],"picked":"Hololive_CallAZKi","floor":14.0},{"not_picked":["Hololive_FlyingPonyTail","Hololive_StrengthChampion","Hololive_OvertimeWork"],"picked":"Hololive_CallManoAloe","floor":14.0},{"not_picked":["Hololive_WolfAndLamb","Hololive_ScarfAndHalo","Hololive_DDD"],"picked":"Hololive_BeCareful","floor":16.0},{"not_picked":["Hololive_CallRosalyn+1","Hololive_Sequa+1","Hololive_CallMurasakiShion"],"picked":"Hololive_CallAyundaRisu","floor":18.0},{"not_picked":["Hololive_CallAZKi","Hololive_Psychosis+1","Hololive_OvertimeWork","Hololive_StrengthChampion"],"picked":"SKIP","floor":18.0},{"not_picked":["Hololive_StrengthChampion","Hololive_FlyingPonyTail+1","Hololive_CallMinatoAqua"],"picked":"Hololive_CallOmaruPolka+1","floor":21.0},{"not_picked":["Hololive_LuckPotion","Hololive_CallYozoraMel","Hololive_HuntDinosaur+1","Hololive_RevenueBasedLive"],"picked":"SKIP","floor":21.0},{"not_picked":["Hololive_SummonFox+1","Hololive_StrengthChampion+1","Hololive_OvertimeWork"],"picked":"Hololive_Thief","floor":23.0},{"not_picked":["Hololive_CocoNews","Hololive_RevenueBasedLive","Hololive_Drill"],"picked":"Hololive_CallTokinoSora","floor":24.0},{"not_picked":["Hololive_CallArtia","Hololive_Trident","Hololive_Drill"],"picked":"Hololive_LuckPotion+1","floor":24.0},{"not_picked":["Hololive_StrengthChampion","Hololive_Rebound","Hololive_Trident","Hololive_HuntDinosaur+1"],"picked":"SKIP","floor":27.0},{"not_picked":["Hololive_AWSL","Hololive_Breathe","Hololive_Trident","Hololive_Watashimo"],"picked":"SKIP","floor":27.0},{"not_picked":["Hololive_RevenueBasedLive","Hololive_HuntDinosaur","Hololive_CallHimemoriLuna+1"],"picked":"Hololive_CandyCastle","floor":28.0},{"not_picked":["Hololive_Sequa","Hololive_Rebound","Hololive_OvertimeWork","Hololive_Trident+1"],"picked":"SKIP","floor":28.0},{"not_picked":["Hololive_StrengthChampion","Hololive_DevilCharm","Hololive_ASMR","Hololive_CallTokinoSora"],"picked":"SKIP","floor":30.0},{"not_picked":["Hololive_Drill","Hololive_CallRoboco","Hololive_CallYuzukiChoco"],"picked":"Hololive_RevenueBasedLive","floor":31.0},{"not_picked":["Hololive_Nanodesu","Hololive_MaximGun","Hololive_DiamondStrike"],"picked":"Hololive_DDD","floor":33.0},{"not_picked":["Hololive_Trident+1","Hololive_Sequa+1","Hololive_Drill"],"picked":"Hololive_CallHoshimachiSuisei+1","floor":35.0},{"not_picked":["Hololive_Sequa+1","Hololive_StrengthChampion+1","Hololive_CallFriendA","Hololive_LuckPotion"],"picked":"SKIP","floor":35.0},{"not_picked":["Hololive_Drill+1","Hololive_Rebirth","Hololive_Trident","Hololive_Psychosis"],"picked":"SKIP","floor":35.0},{"not_picked":["Purity","REME_EyeOfCthun","REME_FirmDetermination"],"picked":"conspire:Banana","floor":37.0},{"not_picked":["Forethought","REME_MagicPocketWatch","Replay:Bootleg Shield Generator"],"picked":"ReplayTheSpireMod:Private Reserves","floor":37.0},{"not_picked":["REME_WheelOfFate","REME_BattleFury","Transmutation"],"picked":"Flash of Steel","floor":37.0},{"not_picked":["Hololive_Nanodesu","Hololive_CallShishiroBotan+1","Hololive_FlyingPonyTail+1"],"picked":"Hololive_Yoholoon+1","floor":39.0},{"not_picked":["Hololive_CallTokoyamiTowa","Hololive_CallAZKi+1","Hololive_Rebound+1"],"picked":"Hololive_CallSpadeEcho+1","floor":39.0},{"not_picked":["Hololive_HuntDinosaur+1","Hololive_Spy","Hololive_StrengthChampion"],"picked":"Hololive_CallAkiRosenthal","floor":39.0},{"not_picked":["Hololive_Breathe+1","Hololive_StrengthChampion","Hololive_Sequa+1"],"picked":"Hololive_OvertimeWork+1","floor":40.0},{"not_picked":["Hololive_LuckPotion","Hololive_Drill+1","Hololive_RevenueBasedLive"],"picked":"Hololive_FlyingPonyTail","floor":42},{"not_picked":["Hololive_CocoNews","Hololive_CallYozoraMel+1","Hololive_Breathe"],"picked":"Hololive_CallAmaneKanata+1","floor":42},{"not_picked":["Hololive_Trident","Hololive_Sequa","Hololive_LuckPotion+1","Hololive_Psychosis+1"],"picked":"SKIP","floor":42},{"not_picked":["Hololive_ASMR+1","Hololive_Sequa+1","Hololive_FlyingPonyTail+1"],"picked":"Hololive_CallDoris","floor":47},{"not_picked":["Hololive_Drill+1","Hololive_StrengthChampion+1","Hololive_Rebound+1"],"picked":"Hololive_CallTsunomakiWatame+1","floor":47},{"not_picked":["Hololive_CallAyundaRisu","Hololive_CallInugamiKorone","Hololive_CallMomosuzuNene"],"picked":"Hololive_CallTokoyamiTowa+1","floor":47},{"not_picked":["Hololive_Trident+1","Hololive_CallAZKi","Hololive_CocoNews+1"],"picked":"Hololive_FlyingPonyTail","floor":48}],"player_experience":199183,"relics_obtained":[{"floor":6.0,"key":"ReplayFunnel"},{"floor":8.0,"key":"REME_PuzzleBoxRelic"},{"floor":9.0,"key":"Blood Vial"},{"floor":9.0,"key":"theSenshi:SailorFukuRelic"},{"floor":11.0,"key":"conspire:DecoderRing"},{"floor":19.0,"key":"ReplayTheSpireMod:Ring of Collecting"},{"floor":23.0,"key":"ReplayTheSpireMod:Lightbulb"},{"floor":26.0,"key":"conspire:Dentures"},{"floor":26.0,"key":"Ring of Peace"},{"floor":26.0,"key":"Ancient Tea Set"},{"floor":30.0,"key":"Replay:Baseball"},{"floor":31.0,"key":"Whetstone"},{"floor":32.0,"key":"Orichalcum"},{"floor":40.0,"key":"Strawberry"},{"floor":43,"key":"Shuriken"},{"floor":44,"key":"Potion Belt"},{"floor":48,"key":"Quantum Egg"}],"event_choices":[{"damage_healed":0.0,"max_hp_gain":0.0,"max_hp_loss":0.0,"gold_gain":0.0,"event_name":"Winding Halls","player_choice":"Embrace Madness","floor":36.0,"gold_loss":0.0,"damage_taken":4.0,"cards_obtained":["Madness","Madness"]},{"damage_healed":0.0,"max_hp_gain":0.0,"max_hp_loss":0.0,"gold_gain":0.0,"event_name":"SensoryStone","player_choice":"Memory 3","floor":37.0,"gold_loss":0.0,"damage_taken":10.0},{"damage_healed":0,"gold_gain":0,"player_choice":"Gave Potion","damage_taken":0,"relics_obtained":["Molten Egg 2"],"max_hp_gain":0,"max_hp_loss":0,"event_name":"WeMeetAgain","floor":46,"gold_loss":0}],"is_beta":false,"boss_relics":[{"not_picked":["Abe\u0027s Treasure","ChewingGum"],"picked":"conspire:SlowCooker"},{"not_picked":["Runic Pyramid","Hololive_Finger"],"picked":"Replay:Grab Bag"},{"not_picked":["SlaversCollar","Velvet Choker"],"picked":"Fusion Hammer"},{"not_picked":["Runic Dome","Cursed Key"],"picked":"Coffee Dripper"},{"not_picked":["Honey Jar","REME_DuelDisc"],"picked":"SacredBark"}],"items_purged_floors":[38,45],"is_endless":false,"potions_floor_spawned":[3,7,11,16,21,27,30,39,42],"ascension_level":8}}