{"host":"drjz7zl15rqtgg20","time":1612494028,"event":{"mods":["BaseMod","Colored Map","Downfall","Minty Spire (QoL Compilation)","Permanent Neow","Quick Restart","StSLib"],"gold_per_floor":[99,114,133,133,21,21,90,121,121,121,6,6,18,43,53,156,156,56,74,92,107,121,21,21,21,21,21,90,90,106,124,136,278,278,178,232,452,502,502,502,570,570,343,393,493,558,571,588,588,588,588,34,34,34,34],"floor_reached":56,"language":"ENG","playtime":4717,"items_purged":["Slimebound:Strike_Slimebound","Slimebound:Defend_Slimebound","Slimebound:Tackle","Slimebound:Strike_Slimebound","Slimebound:Defend_Slimebound"],"score":1390,"play_id":"1e299980-56a6-425c-b201-3a9abc6cf986","local_time":"20210204220028","is_ascension_mode":true,"campfire_choices":[{"floor":1,"key":"RECALL"},{"data":"Slimebound:SplitSpecialist","floor":6,"key":"SMITH"},{"floor":10,"key":"REST"},{"data":"Slimebound:SplitSpecialist","floor":12,"key":"SMITH"},{"data":"Slimebound:Recycling","floor":18,"key":"SMITH"},{"floor":23,"key":"REST"},{"data":"Slimebound:FirmFortitude","floor":25,"key":"SMITH"},{"data":"Slimebound:SplitSpecialist","floor":27,"key":"SMITH"},{"data":"Slimebound:RainOfGoop","floor":29,"key":"SMITH"},{"floor":35,"key":"REST"},{"floor":42,"key":"REST"},{"floor":53,"key":"REST"}],"circlet_count":0,"master_deck":["Slimebound:Defend_Slimebound","Slimebound:Split","Slimebound:CorrosiveSpit","Slimebound:SplitSpecialist+1","Slimebound:SplitLeeching","Slimebound:SplitSpecialist+1","Slimebound:PressTheAttack","Slimebound:SplitAcid","Slimebound:RainOfGoop+1","Slimebound:SlimeTap","Slimebound:FirmFortitude+1","Slimebound:Schlurp","Slimebound:Recycling+1","Slimebound:SplitSpecialist+1","Slimebound:HauntingLick+1","Slimebound:Schlurp","Slimebound:SplitBruiser+1","Slimebound:LivingWall","Slimebound:PrepareCrush","Slimebound:GoopSpray+1","Slimebound:SamplingLick+1","Slimebound:LivingWall+1","Slimebound:LeadByExample","Slimebound:MegaLick+1","Slimebound:LevelUp","Slimebound:TongueLash+1","Slimebound:TongueLash","Slimebound:LeadByExample"],"relics":["Slimebound:AbsorbEndCombat","Pear","MealTicket","downfall:ShatteredFragment","Orichalcum","Sozu","downfall:HeartBlessingRed","downfall:HeartBlessingGreen","downfall:KnowingSkull","Meat on the Bone","Fusion Hammer","downfall:HeartBlessingBlue","Lizard Tail","downfall:TeleportStone","Slimebound:SlimedSkullRelic","Thread and Needle","Pocketwatch","Letter Opener"],"acts_visited":["Exordium","TheCity","TheBeyond","TheEnding"],"potions_floor_usage":[20,51,55],"damage_taken":[{"damage":0,"enemies":"2 Louse","floor":2,"turns":3},{"damage":5,"enemies":"Cultist","floor":3,"turns":4},{"damage":2,"enemies":"downfall:FleeingMerchant","floor":5,"turns":4},{"damage":28,"enemies":"3 Sentries","floor":8,"turns":8},{"damage":3,"enemies":"downfall:FleeingMerchant","floor":11,"turns":4},{"damage":7,"enemies":"Jaw Worm","floor":13,"turns":3},{"damage":6,"enemies":"Gremlin Nob","floor":14,"turns":3},{"damage":11,"enemies":"Lots of Slimes","floor":15,"turns":2},{"damage":30,"enemies":"DF_ARCHETYPE_STREAMLINE","floor":16,"turns":6},{"damage":8,"enemies":"Shell Parasite","floor":19,"turns":3},{"damage":14,"enemies":"Shelled Parasite and Fungi","floor":20,"turns":3},{"damage":33,"enemies":"Snake Plant","floor":21,"turns":4},{"damage":16,"enemies":"Snecko","floor":22,"turns":4},{"damage":21,"enemies":"Book of Stabbing","floor":28,"turns":4},{"damage":0,"enemies":"3 Cultists","floor":30,"turns":4},{"damage":14,"enemies":"downfall:FleeingMerchant","floor":31,"turns":4},{"damage":11,"enemies":"Snake Plant","floor":32,"turns":3},{"damage":14,"enemies":"SI_MIRROR_ARCHETYPE","floor":33,"turns":8},{"damage":34,"enemies":"3 Darklings","floor":36,"turns":3},{"damage":0,"enemies":"downfall:FleeingMerchant","floor":37,"turns":1},{"damage":0,"enemies":"downfall:FleeingMerchant","floor":38,"turns":4},{"damage":8,"enemies":"Giant Head","floor":41,"turns":6},{"damage":3,"enemies":"Orb Walker","floor":44,"turns":3},{"damage":28,"enemies":"Reptomancer","floor":46,"turns":4},{"damage":0,"enemies":"4 Shapes","floor":47,"turns":4},{"damage":0,"enemies":"Transient","floor":48,"turns":5},{"damage":17,"enemies":"IC_BLOCK_ARCHETYPE","floor":49,"turns":7},{"damage":0,"enemies":"downfall:CharBossMerchant","floor":51,"turns":1},{"damage":32,"enemies":"downfall:NeowBoss","floor":54,"turns":11},{"damage":49,"enemies":"downfall:NeowBossFinal","floor":55,"turns":10}],"seed_played":"1231978709623838327","potions_obtained":[{"floor":3,"key":"SmokeBomb"},{"floor":13,"key":"BlessingOfTheForge"},{"floor":16,"key":"champ:CounterPotion"}],"is_trial":false,"path_per_floor":["R","M","M","?","$","R","T","E","?","R","$","R","M","E","M","B",null,"R","M","M","M","M","R","T","R","?","R","E","R","M","$","M","B",null,"R","M","$","?","?","T","E","R","$","M","?","E","M","M","B",null,"E","$","R","B","B",null],"character_chosen":"SLIMEBOUND","items_purchased":["Slimebound:PressTheAttack","Slimebound:LivingWall","Slimebound:LeadByExample","Letter Opener","Slimebound:TongueLash","Slimebound:LeadByExample"],"campfire_rested":5,"item_purchase_floors":[5,31,43,52,52,52],"current_hp_per_floor":[65,65,60,60,64,64,74,46,28,50,66,66,63,59,48,26,75,75,73,67,38,30,52,52,52,46,46,31,31,39,48,41,47,75,85,53,70,78,78,78,78,85,85,84,84,63,71,79,70,85,85,85,85,60,31],"gold":34,"neow_bonus":"REMOVE_CARD","is_daily":false,"chose_seed":false,"campfire_upgraded":6,"win_rate":0.0,"timestamp":1612494028,"path_taken":["R","M","M","?","?","R","T","E","?","R","$","R","M","E","M","BOSS","R","M","M","M","M","R","T","R","?","R","E","R","M","$","M","BOSS","R","M","?","?","?","T","E","R","$","?","?","E","M","M","BOSS","E","$","R","BOSS","BOSS"],"items_purchased_type":["Card","Card","Card","Relic","Card","Card"],"build_version":"2020-12-22","purchased_purges":5,"victory":true,"max_hp_per_floor":[65,65,65,65,65,65,75,75,75,75,75,75,75,75,75,75,75,75,75,75,75,75,75,75,75,75,75,75,75,75,75,75,75,75,85,85,85,85,85,85,85,85,85,85,85,85,85,85,85,85,85,85,85,85,85],"card_choices":[{"not_picked":["Slimebound:FinishingTackle","Slimebound:Schlurp"],"picked":"Slimebound:SplitSpecialist","floor":2},{"not_picked":["Slimebound:LeechingTouch","Slimebound:GoopTackle"],"picked":"Slimebound:SplitLeeching","floor":3},{"not_picked":["Slimebound:LivingWall","Slimebound:Schlurp"],"picked":"Slimebound:SplitSpecialist","floor":5},{"not_picked":["Slimebound:GrowthPunch","Slimebound:SlimeBrawl"],"picked":"Slimebound:SplitAcid","floor":8},{"not_picked":["Slimebound:CheckThePlaybook","Slimebound:Nibble"],"picked":"Slimebound:RainOfGoop","floor":11},{"not_picked":["Slimebound:ComboTackle","Slimebound:SplitSpecialist"],"picked":"Slimebound:SlimeTap","floor":13},{"not_picked":["Slimebound:HungryTackle","Slimebound:PressTheAttack"],"picked":"Slimebound:FirmFortitude","floor":14},{"not_picked":["Slimebound:RejuvenatingLick","Slimebound:LeechingTouch"],"picked":"Slimebound:Schlurp","floor":15},{"not_picked":["Slimebound:MassFeed","Slimebound:CheckThePlaybook"],"picked":"Slimebound:Recycling","floor":16},{"not_picked":["Slimebound:SlimeSpikes","Slimebound:RollThrough"],"picked":"Slimebound:SplitSpecialist","floor":19},{"not_picked":["Slimebound:DivideAndConquer","Slimebound:SlimeBrawl"],"picked":"Slimebound:HauntingLick+1","floor":20},{"not_picked":["Slimebound:FinishingTackle","Slimebound:SplitSpecialist","Slimebound:FlameTackle+1"],"picked":"SKIP","floor":21},{"not_picked":["Slimebound:SlimeTap","Slimebound:Equalize","Slimebound:GoopTackle+1"],"picked":"SKIP","floor":22},{"not_picked":["Slimebound:SplitMire+1","Slimebound:DisruptingSlam"],"picked":"Slimebound:Schlurp","floor":28},{"not_picked":["Slimebound:Dissolve","Slimebound:ForwardTackle"],"picked":"Slimebound:SplitBruiser+1","floor":30},{"not_picked":["Slimebound:Grow","Slimebound:DuplicatedForm","Slimebound:ComboTackle"],"picked":"SKIP","floor":31},{"not_picked":["Slimebound:TongueLash+1","Slimebound:FinishingTackle","Slimebound:LeechEnergy+1"],"picked":"SKIP","floor":32},{"not_picked":["Slimebound:TagTeam","Slimebound:DuplicatedForm"],"picked":"Slimebound:PrepareCrush","floor":33},{"not_picked":["Slimebound:LeechingTouch","Slimebound:FinishingTackle+1"],"picked":"Slimebound:GoopSpray+1","floor":36},{"not_picked":["Slimebound:SlimeBrawl+1","Slimebound:Gluttony+1"],"picked":"Slimebound:SamplingLick+1","floor":37},{"not_picked":["Slimebound:DivideAndConquer","Slimebound:PressTheAttack"],"picked":"Slimebound:LivingWall+1","floor":41},{"not_picked":["Slimebound:GoopSpray","Slimebound:LeechingTouch"],"picked":"Slimebound:MegaLick+1","floor":44},{"not_picked":["Slimebound:DivideAndConquer+1","Slimebound:SlimeBarrage"],"picked":"Slimebound:LevelUp","floor":46},{"not_picked":["Slimebound:ServeAndProtect+1","Slimebound:BestDefense+1"],"picked":"Slimebound:TongueLash+1","floor":47},{"not_picked":["Slimebound:HungryTackle+1","Slimebound:Dissolve","Slimebound:ForwardTackle+1"],"picked":"SKIP","floor":48}],"player_experience":663202,"relics_obtained":[{"floor":7,"key":"Pear"},{"floor":8,"key":"MealTicket"},{"floor":14,"key":"Orichalcum"},{"floor":28,"key":"Meat on the Bone"},{"floor":38,"key":"Lizard Tail"},{"floor":40,"key":"Slimebound:SlimedSkullRelic"},{"floor":41,"key":"Thread and Needle"},{"floor":46,"key":"Pocketwatch"}],"event_choices":[],"is_beta":false,"boss_relics":[{"not_picked":["Philosopher\u0027s Stone","Astrolabe"],"picked":"Sozu"},{"not_picked":["Velvet Choker","Coffee Dripper"],"picked":"Fusion Hammer"}],"items_purged_floors":[5,11,37,43,52],"is_endless":false,"potions_floor_spawned":[3,13,14,16,21,22,28,30,36,41,44,46],"ascension_level":4}}