{"host":"qgvpd00zvzorrg7j","time":1612490067,"event":{"mods":["BaseMod","Colored Map","Downfall","Minty Spire (QoL Compilation)","Quick Restart","StSLib"],"gold_per_floor":[99,116,26,41,51,63,114,114,140,158,58,58,58,58,68,171,171,171,171,190,205,305,319,319,336,436,450,463,363,168,181,198,296,296,296,311,14,14,28,48,48,48,100,100,100,113,133,146,159,159],"floor_reached":51,"language":"ENG","playtime":5042,"items_purged":["bronze:Defend","bronze:Strike","bronze:Strike"],"score":830,"play_id":"5cc9373b-7228-464b-9ef7-7437e0f54158","local_time":"20210204205427","is_ascension_mode":false,"campfire_choices":[{"data":"bronze:Goto","floor":1.0,"key":"SMITH"},{"data":"bronze:Virus","floor":11.0,"key":"SMITH"},{"data":"bronze:FollowUp","floor":13.0,"key":"SMITH"},{"data":"bronze:BronzeOrb","floor":18.0,"key":"SMITH"},{"data":"bronze:DelayedGuard","floor":29.0,"key":"SMITH"},{"data":"bronze:Fortify","floor":35,"key":"SMITH"},{"data":"bronze:Frontload","floor":42,"key":"SMITH"},{"floor":44,"key":"RECALL"}],"circlet_count":0,"master_deck":["bronze:Strike","bronze:Strike","bronze:Defend","bronze:Defend","bronze:Replicate","bronze:Goto+1","bronze:DelayedGuard+1","bronze:FollowUp+1","bronze:Overload+1","bronze:Virus+1","bronze:BronzeOrb+1","bronze:Iterate+1","bronze:ChildClass","bronze:Fortify+1","bronze:ForceShield","bronze:Mutator","bronze:DelayedSlice+1","bronze:Frontload+1","bronze:WhirlingStrike+1","expansioncontent:StudyTheSpire"],"relics":["bronze:BronzeCore","Ancient Tea Set","Orichalcum","Bag of Preparation","downfall:HeartBlessingGreen","Runic Pyramid","Calipers","Mercury Hourglass","downfall:HeartBlessingBlue","Busted Crown","TheAbacus","Mummified Hand","Incense Burner","bronze:SilverBullet"],"acts_visited":["Exordium","TheCity","TheBeyond"],"potions_floor_usage":[],"damage_taken":[{"damage":1.0,"enemies":"Cultist","floor":2.0,"turns":4.0},{"damage":0.0,"enemies":"downfall:FleeingMerchant","floor":3.0,"turns":4.0},{"damage":2.0,"enemies":"Jaw Worm","floor":4.0,"turns":2.0},{"damage":0.0,"enemies":"2 Louse","floor":5.0,"turns":2.0},{"damage":7.0,"enemies":"2 Fungi Beasts","floor":6.0,"turns":4.0},{"damage":20.0,"enemies":"3 Sentries","floor":9.0,"turns":7.0},{"damage":0.0,"enemies":"Large Slime","floor":10.0,"turns":2.0},{"damage":0.0,"enemies":"Blue Slaver","floor":15.0,"turns":2.0},{"damage":0.0,"enemies":"WA_ARCHETYPE_RETAIN","floor":16.0,"turns":2.0},{"damage":0.0,"enemies":"3 Byrds","floor":20.0,"turns":3.0},{"damage":0.0,"enemies":"Cultist and Chosen","floor":21.0,"turns":4.0},{"damage":0.0,"enemies":"Colosseum Nobs","floor":22.0,"turns":3.0},{"damage":0.0,"enemies":"Centurion and Healer","floor":23.0,"turns":3.0},{"damage":0.0,"enemies":"Snecko","floor":25.0,"turns":3.0},{"damage":0.0,"enemies":"Snake Plant","floor":27.0,"turns":4.0},{"damage":2.0,"enemies":"Centurion and Healer","floor":28.0,"turns":3.0},{"damage":5.0,"enemies":"downfall:FleeingMerchant","floor":30.0,"turns":4.0},{"damage":0,"enemies":"3 Cultists","floor":31,"turns":3},{"damage":0,"enemies":"Snecko","floor":32,"turns":3},{"damage":15,"enemies":"SI_MIRROR_ARCHETYPE","floor":33,"turns":11},{"damage":0,"enemies":"3 Shapes","floor":36,"turns":2},{"damage":0,"enemies":"downfall:FleeingMerchant","floor":37,"turns":4},{"damage":0,"enemies":"Orb Walker","floor":39,"turns":3},{"damage":0,"enemies":"Maw","floor":40,"turns":6},{"damage":0,"enemies":"2 Orb Walkers","floor":43,"turns":3},{"damage":0,"enemies":"Sphere and 2 Shapes","floor":46,"turns":2},{"damage":0,"enemies":"downfall:FleeingMerchant","floor":47,"turns":1},{"damage":0,"enemies":"3 Darklings","floor":48,"turns":2},{"damage":34,"enemies":"Writhing Mass","floor":49,"turns":6},{"damage":12,"enemies":"DF_ARCHETYPE_ORBS","floor":50,"turns":18}],"seed_played":"-3769449237020883774","potions_obtained":[{"floor":4.0,"key":"GamblersBrew"},{"floor":6.0,"key":"DistilledChaos"},{"floor":9.0,"key":"CultistPotion"},{"floor":16.0,"key":"champ:CounterPotion"},{"floor":19.0,"key":"CultistPotion"},{"floor":23.0,"key":"FearPotion"},{"floor":25.0,"key":"sneckomod:MuddlingPotion"},{"floor":36,"key":"PowerPotion"}],"is_trial":false,"path_per_floor":["R","M","$","M","M","M","T","?","E","M","R","?","R","?","M","B",null,"R","?","M","M","?","M","T","M","?","M","M","R","$","M","M","B",null,"R","M","$","?","M","M","T","R","?","R","?","M","$","M","M","B",null],"character_chosen":"THE_AUTOMATON","items_purchased":["bronze:ForceShield","TheAbacus","bronze:SilverBullet","expansioncontent:StudyTheSpire"],"campfire_rested":0,"item_purchase_floors":[30,37,47,47],"current_hp_per_floor":[77,76,76,74,74,67,67,55,35,35,35,35,35,35,35,35,77,77,77,77,77,77,77,77,77,77,77,75,85,80,80,80,65,87,87,87,87,87,87,87,87,87,87,87,87,87,87,87,53,41],"gold":159,"neow_bonus":"TEN_PERCENT_HP_BONUS","is_daily":false,"chose_seed":false,"campfire_upgraded":7,"win_rate":0.0,"timestamp":1612490067,"path_taken":["R","M","$","M","?","M","T","?","E","M","R","?","R","?","M","BOSS","R","?","M","M","?","M","T","M","?","M","?","R","$","M","M","BOSS","R","M","$","?","M","M","T","R","?","R","?","M","$","M","M","BOSS"],"items_purchased_type":["Card","Relic","Relic","Card"],"build_version":"2020-12-22","purchased_purges":3,"victory":true,"max_hp_per_floor":[77,77,77,77,77,77,77,77,77,77,77,77,77,77,77,77,77,77,77,77,77,77,77,77,77,77,77,77,87,87,87,87,87,87,87,87,87,87,87,87,87,87,87,87,87,87,87,87,87,87],"card_choices":[{"not_picked":["bronze:Turbo","bronze:OilSpill"],"picked":"bronze:DelayedGuard","floor":2.0},{"not_picked":["bronze:BugBarrage","bronze:WhirlingStrike"],"picked":"bronze:FollowUp","floor":3.0},{"not_picked":["bronze:Flail","bronze:Allocate","bronze:Return"],"picked":"SKIP","floor":4.0},{"not_picked":["bronze:Frontload","bronze:Invalidate"],"picked":"bronze:Overload","floor":5.0},{"not_picked":["bronze:BronzeOrb","bronze:BitShift"],"picked":"bronze:Virus","floor":6.0},{"not_picked":["bronze:BitShift","bronze:ChildClass"],"picked":"bronze:BronzeOrb","floor":9.0},{"not_picked":["bronze:DarkDash","bronze:FineTuning","bronze:Invalidate"],"picked":"SKIP","floor":10.0},{"not_picked":["bronze:Flail","bronze:CloningBeam","bronze:Break"],"picked":"SKIP","floor":15.0},{"not_picked":["bronze:Turbo","bronze:OilSpill"],"picked":"bronze:Iterate+1","floor":20.0},{"not_picked":["bronze:Optimize+1","bronze:NullPointer+1"],"picked":"bronze:ChildClass","floor":21.0},{"not_picked":["bronze:CutThrough","bronze:BitShift"],"picked":"bronze:Fortify","floor":23.0},{"not_picked":["bronze:Overheat","bronze:CutThrough+1","bronze:FineTuning"],"picked":"SKIP","floor":25.0},{"not_picked":["bronze:MaxOutput","bronze:Frontload+1","bronze:WildBeam"],"picked":"SKIP","floor":27.0},{"not_picked":["bronze:BuggyMess","bronze:Safeguard","bronze:BitShift"],"picked":"SKIP","floor":28.0},{"not_picked":["bronze:MaxOutput","bronze:Frontload+1","bronze:SpaghettiCode"],"picked":"SKIP","floor":30.0},{"not_picked":["bronze:BuggyMess+1","bronze:Overheat","bronze:CutThrough"],"picked":"SKIP","floor":31},{"not_picked":["bronze:Branch","bronze:Philosophize","bronze:BronzeArmor+1"],"picked":"SKIP","floor":32},{"not_picked":["bronze:Virus","bronze:ShipIt"],"picked":"bronze:Mutator","floor":33},{"not_picked":[],"picked":"bronze:DelayedSlice+1","floor":36},{"not_picked":["bronze:WildBeam"],"picked":"SKIP","floor":37},{"not_picked":["bronze:Philosophize"],"picked":"SKIP","floor":39},{"not_picked":["bronze:BugBarrage"],"picked":"SKIP","floor":40},{"not_picked":[],"picked":"bronze:WhirlingStrike+1","floor":43},{"not_picked":["bronze:Shell"],"picked":"SKIP","floor":46},{"not_picked":["bronze:DelayedSlice"],"picked":"SKIP","floor":47},{"not_picked":["bronze:MaxOutput"],"picked":"SKIP","floor":48},{"not_picked":["bronze:Repulsor"],"picked":"SKIP","floor":49}],"player_experience":607751,"relics_obtained":[{"floor":7.0,"key":"Ancient Tea Set"},{"floor":9.0,"key":"Bag of Preparation"},{"floor":22.0,"key":"Calipers"},{"floor":22.0,"key":"Mercury Hourglass"},{"floor":41,"key":"Mummified Hand"},{"floor":43,"key":"Incense Burner"}],"event_choices":[{"damage_healed":0.0,"max_hp_gain":0.0,"max_hp_loss":0.0,"gold_gain":0.0,"event_name":"Scrap Ooze","player_choice":"Success","floor":8.0,"gold_loss":0.0,"damage_taken":12.0,"relics_obtained":["Orichalcum"]},{"damage_healed":0.0,"max_hp_gain":0.0,"max_hp_loss":0.0,"gold_gain":0.0,"event_name":"Living Wall","player_choice":"Grow","floor":12.0,"gold_loss":0.0,"damage_taken":0.0,"cards_upgraded":["bronze:Overload"]},{"damage_healed":0,"gold_gain":0,"player_choice":"Fight","damage_taken":0,"max_hp_gain":0,"max_hp_loss":0,"event_name":"Mysterious Sphere","floor":43,"gold_loss":0}],"is_beta":false,"boss_relics":[{"not_picked":["Philosopher\u0027s Stone","Snecko Eye"],"picked":"Runic Pyramid"},{"not_picked":["Tiny House","Sozu"],"picked":"Busted Crown"}],"items_purged_floors":[3,30,37],"is_endless":false,"potions_floor_spawned":[4,6,9,10,16,21,23,25,27,28,32,36,39,49],"ascension_level":0}}