{"host":"61y0z9o9vf3ujftj","time":1612539979,"event":{"mods":["BaseMod","Colored Map","Colored Powertips","GifTheSpireLib","HexUI Lib","Highlight Path","Minty Spire (QoL Compilation)","Permanent Neow","Relic Stats","StSLib","ojb\u0027s Info Mod"],"gold_per_floor":[118,98,112,124,141,169,180,180,207,207,240,240,254,254,254,327,327,341,341,266,283,243,243,258,286,332,73,73,103,120,153,153,228,228,239,259,278,203,214,241,241,275,275,290,345,98,108,121,121,121],"floor_reached":51,"language":"ENG","playtime":4211,"items_purged":["Defend_B+1","Defend_B+1"],"score":1622,"play_id":"556f7c40-90d8-46e2-9bae-e35e75b0dd74","local_time":"20210205094619","is_ascension_mode":true,"campfire_choices":[{"data":"Genetic Algorithm","floor":8.0,"key":"SMITH"},{"data":"Tempest","floor":10.0,"key":"SMITH"},{"data":"Reinforced Body","floor":12.0,"key":"SMITH"},{"floor":15.0,"key":"REST"},{"data":"Chaos","floor":23.0,"key":"SMITH"},{"floor":28.0,"key":"REST"},{"data":"Reinforced Body","floor":32.0,"key":"SMITH"},{"data":"Echo Form","floor":41.0,"key":"SMITH"},{"data":"Sunder","floor":49,"key":"SMITH"}],"circlet_count":0,"master_deck":["AscendersBane","Strike_B+1","Strike_B+1","Strike_B+1","Defend_B+1","Defend_B+1","Zap","Dualcast","Reinforced Body+1","Compile Driver","Sweeping Beam","Cold Snap","Tempest+1","Genetic Algorithm+1","Chaos+1","Electrodynamics","Buffer+1","Capacitor+1","Stack+1","Self Repair","Force Field","Force Field","Reinforced Body+1","Echo Form+1","Consume+1","Sunder+1","Meteor Strike","Tempest+1","Creative AI","Double Energy"],"relics":["Philosopher\u0027s Stone","Gremlin Horn","Boot","Happy Flower","Regal Pillow","Snecko Eye","Dream Catcher","DataDisk","Question Card","Bronze Scales","Darkstone Periapt","Inserter","Mummified Hand","Centennial Puzzle","Ornamental Fan","Ice Cream","Medical Kit"],"acts_visited":["Exordium","TheCity","TheBeyond"],"potions_floor_usage":[42,50],"damage_taken":[{"damage":1.0,"enemies":"Cultist","floor":1.0,"turns":4.0},{"damage":0.0,"enemies":"Small Slimes","floor":3.0,"turns":3.0},{"damage":0.0,"enemies":"2 Louse","floor":4.0,"turns":4.0},{"damage":10.0,"enemies":"Gremlin Gang","floor":5.0,"turns":5.0},{"damage":13.0,"enemies":"3 Sentries","floor":6.0,"turns":9.0},{"damage":4.0,"enemies":"2 Fungi Beasts","floor":7.0,"turns":3.0},{"damage":14.0,"enemies":"Lagavulin","floor":11.0,"turns":7.0},{"damage":0.0,"enemies":"Blue Slaver","floor":13.0,"turns":4.0},{"damage":0.0,"enemies":"Slime Boss","floor":16.0,"turns":7.0},{"damage":4.0,"enemies":"Shell Parasite","floor":18.0,"turns":5.0},{"damage":0.0,"enemies":"Chosen","floor":21.0,"turns":6.0},{"damage":16.0,"enemies":"Shelled Parasite and Fungi","floor":24.0,"turns":3.0},{"damage":20.0,"enemies":"Book of Stabbing","floor":25.0,"turns":7.0},{"damage":0.0,"enemies":"Slavers","floor":29.0,"turns":5.0},{"damage":0.0,"enemies":"3 Cultists","floor":30.0,"turns":3.0},{"damage":11.0,"enemies":"Gremlin Leader","floor":31.0,"turns":5.0},{"damage":0.0,"enemies":"Collector","floor":33.0,"turns":14.0},{"damage":0.0,"enemies":"3 Shapes","floor":35.0,"turns":5.0},{"damage":0.0,"enemies":"Orb Walker","floor":36.0,"turns":4.0},{"damage":0.0,"enemies":"3 Darklings","floor":37.0,"turns":4.0},{"damage":8.0,"enemies":"Writhing Mass","floor":39.0,"turns":6.0},{"damage":3.0,"enemies":"Giant Head","floor":40.0,"turns":9.0},{"damage":42,"enemies":"Reptomancer","floor":42,"turns":5},{"damage":0,"enemies":"Jaw Worm Horde","floor":44,"turns":3},{"damage":29,"enemies":"2 Orb Walkers","floor":45,"turns":4},{"damage":0,"enemies":"4 Shapes","floor":47,"turns":2},{"damage":0,"enemies":"Maw","floor":48,"turns":4},{"damage":0,"enemies":"Time Eater","floor":50,"turns":6}],"seed_played":"-8131231104046914429","potions_obtained":[{"floor":2.0,"key":"LiquidMemories"},{"floor":3.0,"key":"BlessingOfTheForge"},{"floor":4.0,"key":"Dexterity Potion"},{"floor":6.0,"key":"FocusPotion"},{"floor":29.0,"key":"Swift Potion"},{"floor":31.0,"key":"GamblersBrew"},{"floor":37.0,"key":"Weak Potion"},{"floor":44,"key":"DuplicationPotion"}],"is_trial":false,"path_per_floor":["M","?","M","M","M","E","M","R","T","R","E","R","M","T","R","B",null,"M","?","?","M","?","R","M","E","T","$","R","E","M","E","R","B",null,"M","M","M","$","M","E","R","E","T","M","?","$","M","M","R","B",null],"character_chosen":"DEFECT","items_purchased":["Question Card","Medical Kit"],"campfire_rested":2,"item_purchase_floors":[27,46],"current_hp_per_floor":[63,63,63,63,53,40,36,36,36,36,22,22,22,22,58,58,68,64,64,64,64,64,64,48,28,28,28,64,71,71,67,67,71,71,71,71,71,71,70,71,71,36,36,43,21,21,28,35,35,42],"gold":121,"neow_bonus":"BOSS_RELIC","is_daily":false,"chose_seed":false,"campfire_upgraded":7,"win_rate":0.0,"timestamp":1612539979,"path_taken":["M","?","M","M","M","E","M","R","T","R","E","R","M","?","R","BOSS","M","?","?","M","?","R","M","E","T","$","R","E","M","E","R","BOSS","M","M","?","$","M","E","R","E","T","M","?","$","M","M","R","BOSS"],"items_purchased_type":["Relic","Relic"],"build_version":"2020-12-22","purchased_purges":2,"victory":true,"max_hp_per_floor":[71,71,71,71,71,71,71,71,71,71,71,71,71,71,71,71,71,71,71,71,71,71,71,71,71,71,71,71,71,71,71,71,71,71,71,71,71,71,71,71,71,71,71,71,71,71,71,71,71,71],"relic_stats":{"Darkstone Periapt":0,"Regal Pillow":30,"Inserter":[26],"Gremlin Horn":[30,30],"Happy Flower":[37],"counters":[28,146],"Boot":[21],"Question Card":15,"Medical Kit":[0],"Dream Catcher":1,"Centennial Puzzle":[3],"Mummified Hand":[61],"Ornamental Fan":[20],"Bronze Scales":[198],"Snecko Eye":[169,181,178,136],"obtain_stats":[{"Darkstone Periapt":31,"Ice Cream":45,"Regal Pillow":14,"Inserter":34,"Gremlin Horn":6,"Happy Flower":11,"Boot":9,"Question Card":27,"Medical Kit":46,"Dream Catcher":25,"DataDisk":26,"Centennial Puzzle":42,"Mummified Hand":40,"Ornamental Fan":43,"Bronze Scales":29,"Snecko Eye":17,"Philosopher\u0027s Stone":0,"Cracked Core":0},{"Darkstone Periapt":16,"Ice Cream":25,"Regal Pillow":8,"Inserter":17,"Gremlin Horn":5,"Happy Flower":7,"Boot":6,"Question Card":13,"Medical Kit":25,"Dream Catcher":13,"DataDisk":13,"Centennial Puzzle":23,"Mummified Hand":22,"Ornamental Fan":23,"Bronze Scales":14,"Snecko Eye":9,"Philosopher\u0027s Stone":0,"Cracked Core":0},{"Darkstone Periapt":80,"Ice Cream":134,"Regal Pillow":39,"Inserter":94,"Gremlin Horn":25,"Happy Flower":35,"Boot":28,"Question Card":67,"Medical Kit":134,"Dream Catcher":67,"DataDisk":67,"Centennial Puzzle":127,"Mummified Hand":122,"Ornamental Fan":127,"Bronze Scales":72,"Snecko Eye":46,"Philosopher\u0027s Stone":0,"Cracked Core":0}]},"card_choices":[{"not_picked":["Barrage","Sunder"],"picked":"Reinforced Body","floor":1.0},{"not_picked":["Consume","Capacitor"],"picked":"Compile Driver","floor":3.0},{"not_picked":["Double Energy","Gash"],"picked":"Sweeping Beam","floor":4.0},{"not_picked":["Streamline","Double Energy"],"picked":"Cold Snap","floor":5.0},{"not_picked":["Chill","Sweeping Beam"],"picked":"Tempest","floor":6.0},{"not_picked":["Sweeping Beam","Stack"],"picked":"Genetic Algorithm","floor":7.0},{"not_picked":["Beam Cell","Go for the Eyes"],"picked":"Chaos","floor":11.0},{"not_picked":["Rebound","Steam"],"picked":"Electrodynamics","floor":13.0},{"not_picked":["Amplify","Reboot"],"picked":"Buffer","floor":16.0},{"not_picked":["Recycle","Reprogram"],"picked":"Capacitor+1","floor":18.0},{"not_picked":["Barrage","Beam Cell","Genetic Algorithm"],"picked":"SKIP","floor":21.0},{"not_picked":["Scrape","Beam Cell"],"picked":"Stack+1","floor":24.0},{"not_picked":["Leap","Cold Snap"],"picked":"Self Repair","floor":25.0},{"not_picked":["Tempest","Redo","Static Discharge"],"picked":"Force Field","floor":28.0},{"not_picked":["Core Surge","Barrage+1","Steam"],"picked":"Force Field","floor":29.0},{"not_picked":["Loop","Static Discharge","Turbo","Compile Driver"],"picked":"SKIP","floor":30.0},{"not_picked":["Loop","Static Discharge","Turbo","Compile Driver"],"picked":"SKIP","floor":30.0},{"not_picked":["Seek","Ball Lightning","Genetic Algorithm"],"picked":"Reinforced Body","floor":31.0},{"not_picked":["Reboot","Machine Learning","Core Surge"],"picked":"Echo Form","floor":33.0},{"not_picked":["Cold Snap","Double Energy","Chill","Hello World"],"picked":"SKIP","floor":35.0},{"not_picked":["Cold Snap","Leap","Compile Driver"],"picked":"Consume+1","floor":36.0},{"not_picked":["Go for the Eyes+1","Ball Lightning","Multi-Cast"],"picked":"Sunder","floor":37.0},{"not_picked":["Cold Snap","Heatsinks","Reprogram","Compile Driver+1"],"picked":"SKIP","floor":39.0},{"not_picked":["Scrape","Gash","Redo+1"],"picked":"Meteor Strike","floor":40.0},{"not_picked":["Stack","Coolheaded+1","Reinforced Body+1"],"picked":"Tempest+1","floor":42},{"not_picked":["Turbo","Static Discharge+1","Scrape+1"],"picked":"Creative AI","floor":44},{"not_picked":["Scrape","Coolheaded","Hologram+1","Go for the Eyes+1"],"picked":"SKIP","floor":47},{"not_picked":["Tempest","Hologram","Fusion+1"],"picked":"Double Energy","floor":48}],"player_experience":528407,"relics_obtained":[{"floor":6.0,"key":"Gremlin Horn"},{"floor":9.0,"key":"Boot"},{"floor":11.0,"key":"Happy Flower"},{"floor":14.0,"key":"Regal Pillow"},{"floor":25.0,"key":"Dream Catcher"},{"floor":26.0,"key":"DataDisk"},{"floor":29.0,"key":"Bronze Scales"},{"floor":31.0,"key":"Darkstone Periapt"},{"floor":40.0,"key":"Mummified Hand"},{"floor":42,"key":"Centennial Puzzle"},{"floor":43,"key":"Ornamental Fan"},{"floor":45,"key":"Ice Cream"}],"event_choices":[{"damage_healed":0.0,"max_hp_gain":0.0,"max_hp_loss":0.0,"gold_gain":0.0,"event_name":"The Woman in Blue","player_choice":"Bought 1 Potion","floor":2.0,"gold_loss":0.0,"damage_taken":0.0},{"damage_healed":0.0,"max_hp_gain":0.0,"max_hp_loss":0.0,"gold_gain":0.0,"event_name":"Back to Basics","player_choice":"Simplicity","floor":19.0,"gold_loss":0.0,"damage_taken":0.0,"cards_upgraded":["Strike_B","Strike_B","Strike_B","Strike_B","Defend_B","Defend_B","Defend_B","Defend_B"]},{"cards_removed":["Strike_B"],"damage_healed":0.0,"max_hp_gain":0.0,"max_hp_loss":0.0,"gold_gain":0.0,"event_name":"Beggar","player_choice":"Gave Gold","floor":20.0,"gold_loss":75.0,"damage_taken":0.0},{"damage_healed":0.0,"max_hp_gain":0.0,"max_hp_loss":0.0,"gold_gain":0.0,"event_name":"Designer","player_choice":"Upgrade","floor":22.0,"gold_loss":40.0,"damage_taken":0.0,"cards_upgraded":["Buffer"]},{"damage_healed":0,"gold_gain":0,"player_choice":"Fight","damage_taken":0,"max_hp_gain":0,"max_hp_loss":0,"event_name":"Mysterious Sphere","floor":45,"gold_loss":0}],"is_beta":false,"boss_relics":[{"not_picked":["Coffee Dripper","Black Star"],"picked":"Snecko Eye"},{"not_picked":["Empty Cage","Runic Dome"],"picked":"Inserter"}],"items_purged_floors":[38,46],"is_endless":false,"potions_floor_spawned":[3,4,5,6,16,29,30,31,37,40,44,45],"ascension_level":14}}