{"host":"6p0attdrtjqaih7v","time":1612506501,"event":{"mods":["2.2 Compatiblity","AchievementEnabler","Bard","BaseMod","Better Skull","Better Third Choice","Colored Powertips","Hermit","Highlight Path","Key Reminder","Minty Spire (QoL Compilation)","Permanent Neow","Quick Restart","Random Character Button","Relic Stats","Reliquary","Replay The Spire","Robot Space Explorer","StSLib","The Witch"],"gold_per_floor":[117,131,145,145,145,171,171,216,240,240,260,133,133,182,182,297,297,332,363,563,603,154,154,201,233,233,283,283,283,323,349,349,463,463,497,582,60,160,203,203,228,228,253,275,324,324,367,394,394,430],"floor_reached":51,"language":"ENG","playtime":2718,"items_purged":["Strike_Witch","Strike_Witch"],"score":1138,"play_id":"0631a8db-ad6d-46f6-9fff-900c89fe5142","local_time":"20210205012821","is_ascension_mode":true,"campfire_choices":[{"data":"MagicFang","floor":13,"key":"SMITH"},{"data":"SummonCatFamiliar","floor":15,"key":"SMITH"},{"data":"Schadenfreude","floor":23,"key":"SMITH"},{"data":"Schadenfreude","floor":28,"key":"SMITH"},{"data":"J.A.X.","floor":32,"key":"SMITH"},{"data":"GrimVengeance","floor":40,"key":"SMITH"},{"data":"Bewitch","floor":42,"key":"SMITH"},{"data":"KarmaDrain","floor":46,"key":"SMITH"},{"data":"ZombieSpit","floor":49,"key":"SMITH"}],"circlet_count":0,"master_deck":["Strike_Witch","Strike_Witch+1","Defend_Witch+1","Defend_Witch","Defend_Witch+1","Defend_Witch","Hexguard","ZombieSpit+1","BoneCarving","GhoulTouch","CrystalResonance","SummonCatFamiliar+1","DeliriumForm","MagicFang+1","SkullFlask","Shrooms","DoomBlade","NighInvulnerability","Schadenfreude+1","Schadenfreude+1","GhoulTouch","Harmlessness","MysticUnburial","J.A.X.+1","GrimVengeance+1","KarmaDrain+1","Bewitch+1","DeliriumForm","BoneCarving","Malady","Schadenfreude+1","KarmaDrain+1","Harmlessness"],"relics":["BlackCat","Replay:Bandana","Replay:Rubber Ducky","reliquary:PorcupineQuills","Mercury Hourglass","reliquary:SilkGlove","reliquary:WritOfMandamus","Oddly Smooth Stone","Blue Doll","Replay:Kaleidoscope","PreservedInsect","keyreminder:keyreminder","Replay:Grab Bag","Coffee Dripper","Runic Pyramid","reliquary:OuijaBoard","DollysMirror","Meat on the Bone","reliquary:Knoch","reliquary:ExpiredCoupon"],"acts_visited":["Exordium","TheCity","TheBeyond"],"potions_floor_usage":[1,6,6,8,14,16,27,33,35,36,44,47,50],"damage_taken":[{"damage":0,"enemies":"Small Slimes","floor":1,"turns":4},{"damage":0,"enemies":"2 Louse","floor":2,"turns":4},{"damage":0,"enemies":"Cultist","floor":3,"turns":2},{"damage":0,"enemies":"Lagavulin","floor":6,"turns":8},{"damage":0,"enemies":"Gremlin Nob","floor":8,"turns":4},{"damage":1,"enemies":"Red Slaver","floor":11,"turns":3},{"damage":1,"enemies":"3 Sentries","floor":14,"turns":5},{"damage":16,"enemies":"The Guardian","floor":16,"turns":9},{"damage":0,"enemies":"Shell Parasite","floor":18,"turns":3},{"damage":12,"enemies":"2 Thieves","floor":19,"turns":4},{"damage":0,"enemies":"Centurion and Healer","floor":21,"turns":5},{"damage":1,"enemies":"Book of Stabbing","floor":24,"turns":5},{"damage":0,"enemies":"Cultist and Chosen","floor":25,"turns":5},{"damage":0,"enemies":"Replay:Snechameleon","floor":27,"turns":6},{"damage":3,"enemies":"Snake Plant","floor":30,"turns":2},{"damage":3,"enemies":"Snecko","floor":31,"turns":4},{"damage":30,"enemies":"Champ","floor":33,"turns":8},{"damage":24,"enemies":"3 Shapes","floor":35,"turns":3},{"damage":28,"enemies":"2 Orb Walkers","floor":36,"turns":4},{"damage":3,"enemies":"3 Darklings","floor":39,"turns":4},{"damage":3,"enemies":"Maw","floor":41,"turns":6},{"damage":8,"enemies":"4 Shapes","floor":44,"turns":6},{"damage":3,"enemies":"Giant Head","floor":45,"turns":6},{"damage":7,"enemies":"Jaw Worm Horde","floor":47,"turns":3},{"damage":3,"enemies":"Sphere and 2 Shapes","floor":48,"turns":3},{"damage":3,"enemies":"Donu and Deca","floor":50,"turns":5}],"seed_played":"5393048489186833301","potions_obtained":[{"floor":0,"key":"Toxic Potion"},{"floor":0,"key":"Regen Potion"},{"floor":0,"key":"LiquidMemories"},{"floor":1,"key":"Fruit Juice"},{"floor":2,"key":"SpeedPotion"},{"floor":8,"key":"LiquidBronze"},{"floor":11,"key":"Swift Potion"},{"floor":21,"key":"SmokeBomb"},{"floor":24,"key":"Toxic Potion"},{"floor":27,"key":"BlessingOfTheForge"},{"floor":30,"key":"SkillPotion"},{"floor":39,"key":"Block Potion"},{"floor":44,"key":"SkillPotion"},{"floor":45,"key":"PowerPotion"},{"floor":48,"key":"Block Potion"}],"is_trial":false,"path_per_floor":["M","M","M","?","?","E","?","E","T","?","M","$","R","E","R","B",null,"M","M","?","M","$","R","E","M","T","E","R","?","M","M","R","B",null,"M","?","$","?","M","R","M","R","T","M","E","R","M","M","R","B",null],"character_chosen":"WITCH","items_purchased":["SkullFlask","GhoulTouch","Oddly Smooth Stone","DuplicationPotion","Explosive Potion","DollysMirror","Meat on the Bone","BoneCarving","Malady","Fire Potion"],"campfire_rested":0,"item_purchase_floors":[12,22,22,22,22,37,37,37,37,37],"current_hp_per_floor":[65,65,65,51,51,66,71,71,71,71,70,70,70,69,69,53,71,71,59,59,59,59,59,58,58,58,58,58,58,55,52,52,22,63,39,11,11,11,20,20,29,29,29,33,42,42,47,44,44,41],"gold":430,"neow_bonus":"THREE_SMALL_POTIONS","is_daily":false,"chose_seed":false,"campfire_upgraded":9,"win_rate":0.0,"timestamp":1612506501,"path_taken":["M","M","M","?","?","E","?","E","T","?","M","$","R","E","R","BOSS","M","M","?","?","$","R","E","M","T","E","R","?","M","M","R","BOSS","M","?","$","?","M","R","M","R","T","M","E","R","?","M","R","BOSS"],"items_purchased_type":["Card","Card","Relic","Potion","Potion","Relic","Relic","Card","Card","Potion"],"build_version":"2020-12-22","purchased_purges":2,"victory":true,"max_hp_per_floor":[72,72,72,72,72,72,77,77,77,77,77,77,77,77,77,77,77,77,77,77,77,77,77,77,77,77,77,77,77,77,77,77,77,77,77,77,77,77,77,77,77,77,77,77,77,77,77,77,77,77],"relic_stats":{"counters":[26,120],"PreservedInsect":125,"obtain_stats":[{"reliquary:OuijaBoard":36,"reliquary:SilkGlove":14,"Replay:Grab Bag":34,"Oddly Smooth Stone":22,"Blue Doll":24,"PreservedInsect":27,"Replay:Kaleidoscope":26,"BlackCat":0,"Replay:Rubber Ducky":8,"Mercury Hourglass":10,"keyreminder:keyreminder":27,"reliquary:ExpiredCoupon":45,"Replay:Bandana":6,"reliquary:PorcupineQuills":9,"DollysMirror":37,"Coffee Dripper":34,"reliquary:Knoch":43,"reliquary:WritOfMandamus":17,"Runic Pyramid":34,"Meat on the Bone":37},{"reliquary:OuijaBoard":19,"reliquary:SilkGlove":7,"Replay:Grab Bag":17,"Oddly Smooth Stone":11,"Blue Doll":12,"PreservedInsect":14,"Replay:Kaleidoscope":13,"BlackCat":0,"Replay:Rubber Ducky":5,"Mercury Hourglass":5,"keyreminder:keyreminder":14,"reliquary:ExpiredCoupon":23,"Replay:Bandana":4,"reliquary:PorcupineQuills":5,"DollysMirror":19,"Coffee Dripper":17,"reliquary:Knoch":21,"reliquary:WritOfMandamus":8,"Runic Pyramid":17,"Meat on the Bone":19},{"reliquary:OuijaBoard":88,"reliquary:SilkGlove":30,"Replay:Grab Bag":81,"Oddly Smooth Stone":51,"Blue Doll":56,"PreservedInsect":67,"Replay:Kaleidoscope":61,"BlackCat":0,"Replay:Rubber Ducky":22,"Mercury Hourglass":22,"keyreminder:keyreminder":67,"reliquary:ExpiredCoupon":109,"Replay:Bandana":18,"reliquary:PorcupineQuills":22,"DollysMirror":88,"Coffee Dripper":81,"reliquary:Knoch":97,"reliquary:WritOfMandamus":39,"Runic Pyramid":81,"Meat on the Bone":88}],"Mercury Hourglass":[360],"Meat on the Bone":60},"card_choices":[{"not_picked":["GhoulTouch","WickedThoughts"],"picked":"BoneCarving","floor":1},{"not_picked":["RiteOfSummer","CursedBlade"],"picked":"GhoulTouch","floor":2},{"not_picked":["SaltCircle","Thundercloud"],"picked":"CrystalResonance","floor":3},{"not_picked":["CorruptBlood","SummonToadFamiliar"],"picked":"SummonCatFamiliar","floor":6},{"not_picked":["SummonRavenFamiliar","Harmlessness"],"picked":"DeliriumForm","floor":8},{"not_picked":["MercuryWand","BleedOut"],"picked":"MagicFang","floor":11},{"not_picked":["SummonBatFamiliar","Demonfyre"],"picked":"Shrooms","floor":14},{"not_picked":["UnluckySeven","EternalThirst"],"picked":"DoomBlade","floor":16},{"not_picked":["GnarledBody","Demonfyre"],"picked":"NighInvulnerability","floor":18},{"not_picked":["CorruptBlood","TwistedMind+1"],"picked":"Schadenfreude","floor":19},{"not_picked":["GnarledBody","RiteOfAutumn"],"picked":"Schadenfreude","floor":21},{"not_picked":["Broomstick","WickedThoughts+1"],"picked":"Harmlessness","floor":24},{"not_picked":["Thundercloud","Malady"],"picked":"MysticUnburial","floor":25},{"not_picked":["BlackBolt+1","SaltCircle","TwistedMind"],"picked":"SKIP","floor":27},{"not_picked":["RiteOfAutumn","Pillage","Atonement"],"picked":"SKIP","floor":30},{"not_picked":["MercuryWand","BleedOut"],"picked":"GrimVengeance","floor":31},{"not_picked":["SoulBarrier+1","MercuryWand+1"],"picked":"KarmaDrain+1","floor":35},{"not_picked":["Decrepify","Thundercloud+1"],"picked":"Bewitch","floor":36},{"not_picked":["GnarledBody+1","TwistedMind"],"picked":"Schadenfreude+1","floor":39},{"not_picked":["RoilingBarrier","SaltCircle+1","TwistedMind"],"picked":"SKIP","floor":41},{"not_picked":["WickedThoughts","DarkProcession"],"picked":"KarmaDrain","floor":44},{"not_picked":["Graveburst","BlackBolt+1","BalefulWard"],"picked":"SKIP","floor":45},{"not_picked":["CorruptBlood","Shrooms+1","SummonOwlFamiliar+1"],"picked":"SKIP","floor":47},{"not_picked":["CursedBlade+1","Pillage"],"picked":"Harmlessness","floor":48}],"player_experience":1004515,"relics_obtained":[{"floor":6,"key":"Replay:Bandana"},{"floor":8,"key":"Replay:Rubber Ducky"},{"floor":9,"key":"reliquary:PorcupineQuills"},{"floor":10,"key":"Mercury Hourglass"},{"floor":14,"key":"reliquary:SilkGlove"},{"floor":24,"key":"Blue Doll"},{"floor":26,"key":"Replay:Kaleidoscope"},{"floor":27,"key":"PreservedInsect"},{"floor":36,"key":"reliquary:OuijaBoard"},{"floor":43,"key":"reliquary:Knoch"},{"floor":45,"key":"reliquary:ExpiredCoupon"}],"event_choices":[{"damage_healed":0,"gold_gain":0,"player_choice":"Entered Light","damage_taken":14,"max_hp_gain":0,"max_hp_loss":0,"event_name":"Shining Light","floor":4,"gold_loss":0,"cards_upgraded":["Defend_Witch","Defend_Witch"]},{"damage_healed":0,"gold_gain":0,"player_choice":"Donut","damage_taken":0,"max_hp_gain":5,"max_hp_loss":0,"event_name":"Big Fish","floor":7,"gold_loss":0},{"damage_healed":0,"gold_gain":0,"player_choice":"Relic","damage_taken":0,"max_hp_gain":0,"max_hp_loss":0,"event_name":"Wheel of Change","floor":10,"gold_loss":0},{"damage_healed":0,"gold_gain":200,"player_choice":"Gold","damage_taken":0,"max_hp_gain":0,"max_hp_loss":0,"event_name":"Wheel of Change","floor":20,"gold_loss":0},{"damage_healed":0,"gold_gain":0,"player_choice":"Obtain J.A.X.","damage_taken":0,"max_hp_gain":0,"max_hp_loss":0,"event_name":"Drug Dealer","floor":29,"gold_loss":0,"cards_obtained":["J.A.X."]},{"damage_healed":0,"gold_gain":0,"player_choice":"Fight","damage_taken":0,"max_hp_gain":0,"max_hp_loss":0,"event_name":"Mysterious Sphere","floor":36,"gold_loss":0},{"damage_healed":0,"gold_gain":100,"player_choice":"Pray","damage_taken":0,"max_hp_gain":0,"max_hp_loss":0,"event_name":"Golden Shrine","floor":38,"gold_loss":0}],"is_beta":false,"boss_relics":[{"not_picked":["Velvet Choker","Astrolabe"],"picked":"reliquary:WritOfMandamus"},{"not_picked":["Replay:Ancient Bell","reliquary:KinkedSpring"],"picked":"Replay:Grab Bag"},{"not_picked":["reliquary:Ember","reliquary:RedCape"],"picked":"Coffee Dripper"},{"not_picked":["Black Star","Kintsugi"],"picked":"Runic Pyramid"}],"items_purged_floors":[12,22],"is_endless":false,"potions_floor_spawned":[1,2,8,11,21,24,27,30,39,44,45,48],"ascension_level":6}}