{"host":"fvux6yoihym3ucic","time":1612488874,"event":{"mods":["BaseMod","Curses Come First","Downfall","Energized Spire","Hermit","Infinite Spire","Minty Spire (QoL Compilation)","Rare Cards Sparkle","Replay The Spire","Spire Arcade","StSLib","The Cursed"],"gold_per_floor":[15,34,48,87,47,77,97,117,117,42,59,59,72,72,72,167,167,167,167,67,77,77,106,106,106,132,132,161,173,173,173,173,173,173],"floor_reached":33,"language":"ENG","playtime":1292,"items_purged":["Defend_R","Delirium","Doubt"],"score":285,"play_id":"81a70646-0ba3-4809-b303-6da240d43646","local_time":"20210204203434","is_ascension_mode":false,"campfire_choices":[{"data":"Hemogenesis","floor":12,"key":"SMITH"},{"floor":15,"key":"REST"},{"data":"infinitespire:Menacing","floor":24,"key":"SMITH"},{"floor":30,"key":"RECALL"},{"floor":32,"key":"REST"}],"circlet_count":0,"master_deck":["Strike_R","Strike_R","Strike_R","Strike_R","Defend_R","Defend_R","Battle Trance","Clash","Hemogenesis+1","Reaper","infinitespire:Menacing+1","Reaper+1","Writhe","Immolate","Impervious","Impervious"],"relics":["Burning Blood","Another Sword","Bronze Scales","Toy Ornithopter","Replay:Ancient Bell","Replay:Baseball","Garlic","WingedGreaves","PreservedInsect","Black Blood","ReplayFunnel","Unceasing Top","Pet Ghost","Gremlin Food"],"acts_visited":["Exordium","TheCity"],"potions_floor_usage":[6,16,16,18,28,28,28,33],"damage_taken":[{"damage":6.0,"enemies":"Cultist","floor":1.0,"turns":3.0},{"damage":0,"enemies":"Small Slimes","floor":2,"turns":3},{"damage":0,"enemies":"Jaw Worm","floor":3,"turns":3},{"damage":9,"enemies":"Replay:BlueRogue","floor":6,"turns":3},{"damage":12,"enemies":"Exordium Thugs","floor":7,"turns":3},{"damage":3,"enemies":"Large Slime","floor":8,"turns":4},{"damage":6,"enemies":"Exordium Wildlife","floor":11,"turns":3},{"damage":16,"enemies":"Blue Slaver","floor":13,"turns":3},{"damage":53,"enemies":"Slime Boss","floor":16,"turns":12},{"damage":17,"enemies":"Shell Parasite","floor":18,"turns":5},{"damage":8,"enemies":"Chosen","floor":21,"turns":5},{"damage":45,"enemies":"Book of Stabbing","floor":23,"turns":6},{"damage":10,"enemies":"Replay:Snechameleon","floor":28,"turns":7},{"damage":48,"enemies":"Sentry and Sphere","floor":29,"turns":8},{"damage":66,"enemies":"Collector","floor":33,"turns":6}],"seed_played":"-822914084893099674","potions_obtained":[{"floor":3,"key":"AttackPotion"},{"floor":5,"key":"Adrenaline Potion"},{"floor":5,"key":"Reflective Coating"},{"floor":7,"key":"SmokeBomb"},{"floor":16,"key":"CultistPotion"},{"floor":21,"key":"BlessingOfTheForge"},{"floor":23,"key":"Languid Potion"},{"floor":29,"key":"Weak Potion"}],"is_trial":false,"path_per_floor":["M","M","M","?","?","E","M","M","T","$","M","R","M","?","R","B",null,"M","?","$","M","AVR","E","R","$","T","T","E","M","R","T","R","B"],"character_chosen":"IRONCLAD","items_purchased":[],"campfire_rested":2,"item_purchase_floors":[],"current_hp_per_floor":[80,80,80,60,60,57,51,54,54,54,54,54,52,31,55,37,80,74,74,74,76,76,53,53,53,53,53,80,57,57,57,80,33,33],"gold":173,"neow_bonus":"REMOVE_TWO","is_daily":false,"chose_seed":false,"campfire_upgraded":2,"win_rate":0.0,"timestamp":1612488874,"path_taken":["M","M","M","?","?","E","M","M","T","$","M","R","?","?","R","BOSS","M","?","$","M","AVR","E","R","?","T","?","E","M","R","?","R","BOSS"],"items_purchased_type":[],"build_version":"2020-12-22","purchased_purges":3,"victory":false,"max_hp_per_floor":[80,80,80,80,80,80,80,80,80,80,80,80,80,80,80,80,80,80,80,80,80,80,80,80,80,80,80,80,80,80,80,80,80,80],"card_choices":[{"not_picked":["ReplayTheSpireMod:Corrosion Curse","Headbutt"],"picked":"Battle Trance","floor":1},{"not_picked":["Reckless Charge","Dropkick"],"picked":"Clash","floor":2},{"not_picked":["Clash","Havoc"],"picked":"Hemogenesis","floor":3},{"not_picked":["Sword Boomerang","Flex","Life Link"],"picked":"SKIP","floor":6},{"not_picked":["Warcry","Armaments","Power Through"],"picked":"SKIP","floor":7},{"not_picked":["Headbutt","Anger","Rupture"],"picked":"SKIP","floor":8},{"not_picked":["Headbutt","Anger","Rupture"],"picked":"SKIP","floor":8},{"not_picked":["Metallicize","ReplayReversal","ReplayTheSpireMod:Limb From Limb"],"picked":"SKIP","floor":11},{"not_picked":["Flex","Armaments"],"picked":"Reaper","floor":13},{"not_picked":["infinitespire:Collect","infinitespire:Execution"],"picked":"infinitespire:Menacing","floor":14},{"not_picked":["Impervious","Eclipse"],"picked":"Reaper","floor":16},{"not_picked":["ReplayTheSpireMod:Restless Dread","hermit:ImpendingDoom"],"picked":"Doubt","floor":17},{"not_picked":["AbeCurse","CurseOfTheBell"],"picked":"Writhe","floor":17},{"not_picked":["downfall:Bewildered","Looming Evil"],"picked":"Delirium","floor":17},{"not_picked":["Metallicize+1","ReplayTheSpireMod:Muscle Training","ReplayTheSpireMod:LeadingStrike"],"picked":"SKIP","floor":21},{"not_picked":["Defy Death","Power Through+1"],"picked":"Impervious","floor":23},{"not_picked":["ReplayTheSpireMod:Stacked","Infernal Blade+1"],"picked":"Impervious","floor":28},{"not_picked":["Armaments","Havoc","ReplayTheSpireMod:Muscle Training"],"picked":"SKIP","floor":29}],"player_experience":35562,"relics_obtained":[{"floor":4,"key":"Another Sword"},{"floor":6,"key":"Bronze Scales"},{"floor":9,"key":"Toy Ornithopter"},{"floor":23,"key":"ReplayFunnel"},{"floor":27,"key":"Unceasing Top"},{"floor":28,"key":"Pet Ghost"},{"floor":31,"key":"Gremlin Food"}],"event_choices":[{"damage_healed":0,"gold_gain":0,"player_choice":"Bought 3 Potions","damage_taken":0,"max_hp_gain":0,"max_hp_loss":0,"event_name":"The Woman in Blue","floor":5,"gold_loss":0},{"damage_healed":0,"gold_gain":0,"cards_transformed":["Bash"],"player_choice":"Transformed","damage_taken":0,"max_hp_gain":0,"max_hp_loss":0,"event_name":"Transmorgrifier","floor":19,"gold_loss":0,"cards_obtained":["Immolate"]}],"is_beta":false,"boss_relics":[{"not_picked":["energizedSpire:MagnifyingGlass","Honey Jar"],"picked":"Replay:Ancient Bell"},{"not_picked":["infinitespire:Satchel","Red Skull"],"picked":"Replay:Baseball"},{"not_picked":["Replay:Bottled Snecko","infinitespire:Eraser"],"picked":"Garlic"},{"not_picked":["Counterbalance","Charon\u0027s Ashes"],"picked":"WingedGreaves"}],"items_purged_floors":[10,20,22],"is_endless":false,"potions_floor_spawned":[3,7,8,13,16,21,23,29],"killed_by":"Collector","ascension_level":0}}