{"host":"ELF","time":1612510645,"event":{"mods":["BaseMod","Bestiary","Minty Spire (QoL Compilation)","Relic Stats","Slay the Relics Exporter"],"gold_per_floor":[114,125,145,156,121,146,146,146,146],"floor_reached":8,"language":"ENG","playtime":426,"items_purged":[],"score":116,"play_id":"b29df379-6c50-44a7-a77d-53d5cb862636","local_time":"20210205013725","is_ascension_mode":true,"campfire_choices":[{"floor":7,"key":"REST"}],"circlet_count":0,"master_deck":["AscendersBane","Strike_G","Strike_G","Strike_G","Strike_G","Strike_G","Defend_G","Defend_G","Defend_G","Defend_G","Defend_G","Survivor","Neutralize","Skewer","Deadly Poison","Footwork","Deflect","Footwork"],"relics":["Ring of the Snake","Art of War","Sundial"],"acts_visited":["Exordium"],"potions_floor_usage":[6],"damage_taken":[{"damage":7,"enemies":"2 Louse","floor":1,"turns":5},{"damage":2,"enemies":"Jaw Worm","floor":2,"turns":5},{"damage":7,"enemies":"Cultist","floor":3,"turns":5},{"damage":0,"enemies":"Looter","floor":4,"turns":5},{"damage":36,"enemies":"Lagavulin","floor":6,"turns":9},{"damage":42,"enemies":"3 Sentries","floor":8,"turns":9}],"seed_played":"5885972512333099157","potions_obtained":[{"floor":1,"key":"Weak Potion"}],"is_trial":false,"path_per_floor":["M","M","M","M","?","E","R","E"],"character_chosen":"THE_SILENT","items_purchased":[],"campfire_rested":1,"item_purchase_floors":[],"current_hp_per_floor":[52,50,43,43,59,23,42,0,0],"gold":146,"neow_bonus":"RANDOM_COMMON_RELIC","is_daily":false,"chose_seed":false,"campfire_upgraded":0,"win_rate":0.0,"timestamp":1612510645,"path_taken":["M","M","M","M","?","E","R","E"],"items_purchased_type":[],"build_version":"2020-12-18","purchased_purges":0,"victory":false,"max_hp_per_floor":[66,66,66,66,66,66,66,66,66],"relic_stats":{"counters":[6,38],"Sundial":[0],"Art of War":[13],"obtain_stats":[{"Sundial":6,"Art of War":0,"Ring of the Snake":0},{"Sundial":5,"Art of War":0,"Ring of the Snake":0},{"Sundial":29,"Art of War":0,"Ring of the Snake":0}],"Ring of the Snake":[12]},"card_choices":[{"not_picked":["Calculated Gamble","Acrobatics"],"picked":"Skewer","floor":1},{"not_picked":["Bane","Infinite Blades"],"picked":"Deadly Poison","floor":2},{"not_picked":["Underhanded Strike","Prepared"],"picked":"Footwork","floor":3},{"not_picked":["Bane","Prepared"],"picked":"Deflect","floor":4},{"not_picked":["Underhanded Strike","Blade Dance"],"picked":"Footwork","floor":6}],"player_experience":3402843,"relics_obtained":[{"floor":6,"key":"Sundial"}],"event_choices":[{"damage_healed":16,"gold_gain":0,"player_choice":"Healed","damage_taken":0,"max_hp_gain":0,"max_hp_loss":0,"event_name":"The Cleric","floor":5,"gold_loss":35}],"is_beta":true,"boss_relics":[],"items_purged_floors":[],"is_endless":false,"potions_floor_spawned":[1],"killed_by":"3 Sentries","ascension_level":20}}