{"host":"njo8qgvy2a57fcny","time":1612498507,"event":{"mods":["Aspiration","BaseMod","BetterRewards","CCEM2","Colored Map","Colored Powertips","Conspire","Custom Start","Downfall","Energized Spire","GifTheSpireLib","Halation","Hermit","Hubris","Infinite Spire","Jedi Mod","Jorbs\u0027s Wanderer Trilogy","Mimic Mod","Minty Spire (QoL Compilation)","Quick Restart","Random Character Button","Random Character Mod","Rare Cards Sparkle","Relic Sorter","Reliquary","Replay The Spire","Shop Mod","StSLib","Stuff the Spire","The Animator","The Jungle","The Runesmith","The Servant 0.9.4","Unceasing Turn Reminder","thorton"],"gold_per_floor":[99,117,134,150,161,161,161,178,194,204,224,224,275,275,287,287,287,287],"floor_reached":16,"language":"ENG","playtime":885,"items_purged":[],"score":103,"play_id":"72bf933a-a05d-4875-b17d-220329e5b75f","local_time":"20210205151507","is_ascension_mode":true,"campfire_choices":[{"floor":1.0,"key":"DIG"},{"data":"champ:PerfectedStrike","floor":6.0,"key":"SMITH"},{"data":"champ:HeavySlash","floor":12,"key":"SMITH"}],"circlet_count":0,"master_deck":["champ:Strike","champ:Strike","champ:Defend+1","champ:Defend+1","champ:Defend+1","champ:Execute","champ:Taunt","champ:PerfectedStrike+1","champ:RisingSlash","champ:PreemptiveStrike","champ:GutPunch","champ:TornadoPunch","champ:HeavySlash+1","champ:FlashCut","champ:IronFortress","champ:BringItOn","champ:SwordThrow","hubris:Sloth","champ:SkillfulDodge","champ:ViciousMockery"],"relics":["champ:ChampionCrown","Replay:Bottled Eggs","Pen Nib"],"acts_visited":["Exordium"],"potions_floor_usage":[16,16,16],"damage_taken":[{"damage":10.0,"enemies":"Cultist","floor":2.0,"turns":3.0},{"damage":10.0,"enemies":"2 Louse","floor":3.0,"turns":3.0},{"damage":0.0,"enemies":"Jaw Worm","floor":4.0,"turns":3.0},{"damage":29.0,"enemies":"Red Slaver","floor":5.0,"turns":3.0},{"damage":37.0,"enemies":"3 Louse","floor":7.0,"turns":6.0},{"damage":10,"enemies":"3 Louse","floor":8,"turns":3},{"damage":10,"enemies":"Lots of Slimes","floor":9,"turns":4},{"damage":7,"enemies":"Blue Slaver","floor":10,"turns":3},{"damage":10,"enemies":"3 Louse","floor":11,"turns":2},{"damage":34,"enemies":"Exordium Wildlife","floor":15,"turns":4},{"damage":33,"enemies":"IC_STATUS_ARCHETYPE","floor":16,"turns":4}],"seed_played":"-2840186796679538994","potions_obtained":[{"floor":3.0,"key":"DuplicationPotion"},{"floor":9,"key":"PowerPotion"},{"floor":10,"key":"SneckoOil"},{"floor":11,"key":"AttackPotion"},{"floor":15,"key":"PowerPotion"}],"is_trial":false,"path_per_floor":["R_BF","M","M","M","M","R","MIM","M","M","M","M","R","T","?","M","B"],"character_chosen":"THE_CHAMP","items_purchased":[],"campfire_rested":0,"item_purchase_floors":[],"current_hp_per_floor":[99,99,99,99,90,90,73,73,63,56,51,51,51,51,27,0,0,0],"gold":287,"neow_bonus":"TEN_PERCENT_HP_BONUS","is_daily":false,"chose_seed":false,"campfire_upgraded":2,"win_rate":0.0,"timestamp":1612498507,"path_taken":["R_BF","M","M","?","M","R","MIM","M","M","M","M","R","?","?","M","BOSS"],"items_purchased_type":[],"build_version":"2020-12-22","purchased_purges":0,"victory":false,"max_hp_per_floor":[99,99,99,99,99,99,99,99,99,99,99,99,99,99,99,99,99,99],"card_choices":[{"not_picked":["champ:BerserkersShout","champ:Shatter"],"picked":"champ:PerfectedStrike","floor":2.0},{"not_picked":["champ:StanceDance","champ:SetATrap"],"picked":"champ:RisingSlash","floor":3.0},{"not_picked":["champ:TornadoPunch","champ:FancyFootwork"],"picked":"champ:PreemptiveStrike","floor":4.0},{"not_picked":["champ:BringItOn","champ:Shatter"],"picked":"champ:GutPunch","floor":5.0},{"not_picked":["champ:Duel","champ:GutPunch"],"picked":"champ:TornadoPunch","floor":8},{"not_picked":["champ:IronFortress","champ:CrownThrow"],"picked":"champ:HeavySlash","floor":9},{"not_picked":["champ:Haymaker","champ:FalseCounter"],"picked":"champ:FlashCut","floor":10},{"not_picked":["champ:SkillfulDodge","champ:EndlessRage"],"picked":"champ:IronFortress","floor":11},{"not_picked":["champ:PreciseThrust","champ:FocusedDefense"],"picked":"champ:ViciousMockery","floor":15}],"player_experience":768117,"relics_obtained":[{"floor":1.0,"key":"Replay:Bottled Eggs"},{"floor":13,"key":"Pen Nib"}],"event_choices":[],"is_beta":false,"boss_relics":[],"items_purged_floors":[],"is_endless":false,"potions_floor_spawned":[3,9,10,11,15],"killed_by":"IC_STATUS_ARCHETYPE","ascension_level":1}}