{"host":"3tyeyqdkopu0dn2g","time":1612494050,"event":{"mods":["AchievementEnabler","BaseMod","BetterRewards","Minty Spire (QoL Compilation)","Quick Restart","Remove Card Discount Mod","Shop Mod"],"gold_per_floor":[119,119,119,132,147,147,141,177,177,177,213,227,71,95,95,226,226,251,71,87,101,124,158,158,158,208,208,208,56,156,176,176,273,273,288,299,299,314,333,364,362,362,362,412,442,442,442,469,469,469,469,469,68,97,97],"floor_reached":56,"language":"ZHS","playtime":3134,"items_purged":["Strike_R","Strike_R","Defend_R","Strike_R","Strike_R","Strike_R","Defend_R","Defend_R","Defend_R","Bash","Rampage","True Grit+1"],"score":1543,"play_id":"d120ac4e-73c7-40fd-810c-72b4e18da4c2","local_time":"20210205110050","is_ascension_mode":true,"campfire_choices":[{"data":"True Grit","floor":6.0,"key":"SMITH"},{"data":"Body Slam","floor":10.0,"key":"SMITH"},{"floor":15.0,"key":"REST"},{"data":"Dark Embrace","floor":24.0,"key":"SMITH"},{"data":"Body Slam","floor":27.0,"key":"SMITH"},{"data":"Power Through","floor":32,"key":"SMITH"},{"data":"Second Wind","floor":42,"key":"SMITH"},{"floor":46,"key":"RECALL"},{"data":"Impervious","floor":49,"key":"SMITH"},{"data":"Evolve","floor":52,"key":"SMITH"}],"circlet_count":0,"master_deck":["Evolve+1","Body Slam+1","Power Through+1","Impervious+1","Feel No Pain+1","Second Wind+1","Dark Embrace+1","Body Slam+1"],"relics":["Burning Blood","Bird Faced Urn","Bloody Idol","Bronze Scales","Pantograph","Odd Mushroom","Red Skull","Coffee Dripper","Mummified Hand","Medical Kit","Torii","Sundial","Runic Pyramid","StoneCalendar","Letter Opener","Peace Pipe","Mercury Hourglass","Potion Belt","MerchantsRug","Vajra","White Beast Statue"],"acts_visited":["Exordium","TheCity","TheBeyond","TheEnding"],"potions_floor_usage":[38,39,55,55,55],"damage_taken":[{"damage":10.0,"enemies":"Small Slimes","floor":1.0,"turns":6.0},{"damage":4.0,"enemies":"2 Louse","floor":4.0,"turns":3.0},{"damage":7.0,"enemies":"Jaw Worm","floor":5.0,"turns":4.0},{"damage":37.0,"enemies":"Lagavulin","floor":8.0,"turns":10.0},{"damage":18.0,"enemies":"The Mushroom Lair","floor":11.0,"turns":4.0},{"damage":11.0,"enemies":"Large Slime","floor":12.0,"turns":4.0},{"damage":0.0,"enemies":"Blue Slaver","floor":14.0,"turns":2.0},{"damage":37.0,"enemies":"The Guardian","floor":16.0,"turns":12.0},{"damage":8.0,"enemies":"Shell Parasite","floor":18.0,"turns":7.0},{"damage":5.0,"enemies":"3 Byrds","floor":20.0,"turns":4.0},{"damage":8.0,"enemies":"Shelled Parasite and Fungi","floor":21.0,"turns":4.0},{"damage":3.0,"enemies":"Snake Plant","floor":22.0,"turns":4.0},{"damage":46.0,"enemies":"Gremlin Leader","floor":23.0,"turns":8.0},{"damage":0,"enemies":"Colosseum Slavers","floor":30,"turns":2},{"damage":0,"enemies":"Colosseum Nobs","floor":30,"turns":3},{"damage":18,"enemies":"Centurion and Healer","floor":31,"turns":3},{"damage":1,"enemies":"Collector","floor":33,"turns":3},{"damage":0,"enemies":"3 Darklings","floor":35,"turns":4},{"damage":0,"enemies":"Orb Walker","floor":36,"turns":3},{"damage":20,"enemies":"4 Shapes","floor":38,"turns":3},{"damage":0,"enemies":"Transient","floor":39,"turns":4},{"damage":0,"enemies":"Reptomancer","floor":40,"turns":2},{"damage":0,"enemies":"2 Orb Walkers","floor":44,"turns":2},{"damage":0,"enemies":"Giant Head","floor":45,"turns":4},{"damage":0,"enemies":"Nemesis","floor":48,"turns":3},{"damage":0,"enemies":"Time Eater","floor":50,"turns":3},{"damage":0,"enemies":"Shield and Spear","floor":54,"turns":2},{"damage":1,"enemies":"The Heart","floor":55,"turns":3}],"seed_played":"-701163383247550736","potions_obtained":[{"floor":5.0,"key":"ColorlessPotion"},{"floor":8.0,"key":"LiquidMemories"},{"floor":11.0,"key":"FearPotion"},{"floor":16.0,"key":"Weak Potion"},{"floor":18.0,"key":"Energy Potion"},{"floor":22.0,"key":"Fruit Juice"},{"floor":38,"key":"Fruit Juice"},{"floor":44,"key":"GamblersBrew"},{"floor":54,"key":"DistilledChaos"}],"is_trial":false,"path_per_floor":["M","?","?","M","M","R","$","E","T","R","?","M","$","M","R","B",null,"M","$","M","M","M","E","R","?","T","R","?","$","?","M","R","B",null,"M","M","?","M","M","E","$","R","T","?","E","R","$","E","R","B",null,"R","$","E","B",null],"character_chosen":"IRONCLAD","items_purchased":["Red Skull","Second Wind","Dark Embrace","Body Slam","Medical Kit","MerchantsRug","Vajra","CultistPotion"],"campfire_rested":1,"item_purchase_floors":[13,19,19,19,29,53,53,53],"current_hp_per_floor":[68,50,50,52,51,51,51,24,24,24,12,7,7,13,34,30,72,70,70,72,72,72,32,32,56,56,56,56,56,72,67,67,72,72,72,72,72,68,77,77,77,77,77,77,77,77,77,77,77,77,77,77,77,77,77],"gold":97,"neow_bonus":"ONE_RARE_RELIC","is_daily":false,"chose_seed":false,"campfire_upgraded":8,"win_rate":0.0,"timestamp":1612494050,"path_taken":["M","?","?","M","M","R","$","E","T","R","?","M","$","M","R","BOSS","M","$","M","M","M","E","R","?","T","R","?","$","?","M","R","BOSS","M","M","?","M","M","E","$","R","T","?","E","R","$","E","R","BOSS","R","$","E","BOSS"],"items_purchased_type":["Relic","Card","Card","Card","Relic","Relic","Relic","Potion"],"build_version":"2020-12-22","purchased_purges":12,"victory":true,"max_hp_per_floor":[72,72,72,72,72,72,72,72,72,72,72,72,72,72,72,72,72,72,72,72,72,72,72,72,72,72,72,72,72,72,72,72,72,72,72,72,72,77,77,77,77,77,77,77,77,77,77,77,77,77,77,77,77,77,77],"card_choices":[{"not_picked":["Disarm","Cleave"],"picked":"True Grit","floor":1.0},{"not_picked":["Bloodletting","Clash"],"picked":"Evolve","floor":4.0},{"not_picked":["Anger","Sword Boomerang"],"picked":"Body Slam","floor":5.0},{"not_picked":["Reaper","Anger"],"picked":"Pommel Strike","floor":8.0},{"not_picked":["Warcry","Reckless Charge"],"picked":"Rampage","floor":11.0},{"not_picked":["Sever Soul","Heavy Blade"],"picked":"Power Through","floor":12.0},{"not_picked":["Reckless Charge","Sword Boomerang","Headbutt"],"picked":"SKIP","floor":14.0},{"not_picked":["Immolate","Limit Break"],"picked":"Impervious","floor":16.0},{"not_picked":["Ghostly Armor+1","Pommel Strike"],"picked":"Feel No Pain+1","floor":18.0},{"not_picked":["Wild Strike","Havoc","Reaper"],"picked":"SKIP","floor":20.0},{"not_picked":["Anger","Dropkick","Armaments"],"picked":"SKIP","floor":21.0},{"not_picked":["Whirlwind","Headbutt","Warcry"],"picked":"SKIP","floor":22.0},{"not_picked":["Offering","True Grit","Searing Blow+1"],"picked":"SKIP","floor":23.0},{"not_picked":["Cleave","Seeing Red","Headbutt"],"picked":"SKIP","floor":31},{"not_picked":["Second Wind","Body Slam+1","Inflame+1"],"picked":"SKIP","floor":35},{"not_picked":["Havoc+1","Thunderclap","Sever Soul+1"],"picked":"SKIP","floor":36},{"not_picked":["Ghostly Armor+1","Clothesline","Flex+1"],"picked":"SKIP","floor":38},{"not_picked":["Dropkick+1","Body Slam","Cleave"],"picked":"SKIP","floor":39},{"not_picked":["Dropkick+1","Body Slam","Cleave"],"picked":"SKIP","floor":39},{"not_picked":["Power Through","Pummel+1","Perfected Strike+1"],"picked":"SKIP","floor":40},{"not_picked":["Juggernaut","Anger","Reaper"],"picked":"SKIP","floor":45},{"not_picked":["Heavy Blade","Infernal Blade","Pommel Strike+1"],"picked":"SKIP","floor":48},{"not_picked":["Iron Wave+1","Hemokinesis+1","Shockwave+1"],"picked":"SKIP","floor":54}],"player_experience":193570,"relics_obtained":[{"floor":8.0,"key":"Bronze Scales"},{"floor":9.0,"key":"Pantograph"},{"floor":11.0,"key":"Odd Mushroom"},{"floor":23.0,"key":"Mummified Hand"},{"floor":30,"key":"Torii"},{"floor":30,"key":"Sundial"},{"floor":40,"key":"StoneCalendar"},{"floor":43,"key":"Letter Opener"},{"floor":44,"key":"Peace Pipe"},{"floor":45,"key":"Mercury Hourglass"},{"floor":48,"key":"Potion Belt"},{"floor":54,"key":"White Beast Statue"}],"event_choices":[{"damage_healed":0.0,"max_hp_gain":0.0,"max_hp_loss":0.0,"gold_gain":0.0,"event_name":"Golden Idol","player_choice":"Take Damage","floor":2.0,"gold_loss":0.0,"damage_taken":18.0,"relics_obtained":["Golden Idol"]},{"damage_healed":0.0,"max_hp_gain":0.0,"max_hp_loss":0.0,"gold_gain":0.0,"event_name":"Liars Game","player_choice":"Ignored","floor":3.0,"gold_loss":0.0,"damage_taken":0.0},{"damage_healed":0.0,"max_hp_gain":0.0,"max_hp_loss":0.0,"gold_gain":0.0,"event_name":"Mushrooms","player_choice":"Fought Mushrooms","floor":11.0,"gold_loss":0.0,"damage_taken":0.0},{"damage_healed":24.0,"max_hp_gain":0.0,"max_hp_loss":0.0,"gold_gain":0.0,"event_name":"The Library","player_choice":"Heal","floor":25.0,"gold_loss":0.0,"damage_taken":0.0},{"damage_healed":0.0,"max_hp_gain":0.0,"max_hp_loss":0.0,"gold_gain":0.0,"event_name":"Forgotten Altar","player_choice":"Gave Idol","floor":28.0,"relics_lost":["Golden Idol"],"gold_loss":0.0,"damage_taken":0.0,"relics_obtained":["Bloody Idol"]},{"damage_healed":0,"gold_gain":0,"player_choice":"Fight","damage_taken":0,"max_hp_gain":0,"max_hp_loss":0,"event_name":"Colosseum","floor":30,"gold_loss":0},{"damage_healed":0,"gold_gain":0,"player_choice":"Fought Nobs","damage_taken":0,"max_hp_gain":0,"max_hp_loss":0,"event_name":"Colosseum","floor":30,"gold_loss":0},{"cards_removed":["Pommel Strike"],"damage_healed":0,"gold_gain":0,"player_choice":"Removed Attack","damage_taken":0,"max_hp_gain":0,"max_hp_loss":0,"event_name":"Falling","floor":37,"gold_loss":0},{"damage_healed":0,"gold_gain":0,"player_choice":"Fight","damage_taken":0,"max_hp_gain":0,"max_hp_loss":0,"event_name":"Mysterious Sphere","floor":44,"gold_loss":0}],"is_beta":false,"boss_relics":[{"not_picked":["Snecko Eye","Empty Cage"],"picked":"Coffee Dripper"},{"not_picked":["Sozu","Tiny House"],"picked":"Runic Pyramid"}],"items_purged_floors":[7,7,7,19,19,19,19,29,29,29,29,41],"is_endless":false,"potions_floor_spawned":[5,8,11,16,18,22,23,33,35,38,44,54],"ascension_level":3}}