{"host":"1vzdexsn8vtq5lt7","time":1612495620,"event":{"mods":["Act Like it!","BaseMod","Colored Map","Colored Powertips","Conspire","Downfall","Easy Mod","Energized Spire","Minty Spire (QoL Compilation)","Quick Restart","Relic Stats","Replay The Spire","StSLib","SuperFastMode","TestMod","【功能Mod】Neow奖励","【功能Mod】混沌之环修复补丁","【功能Mod】精心准备","【遗物卡牌】REMEMod","没有小屋子和绿帽子啦"],"gold_per_floor":[116,218,232,3,3,3,30,30,30,49,79,117,149,161,161,265,265,277,70,70,84,128,163,181,214,250,291,303,315,327,142,142,242,342,357,357,380,395,405,432,432,452,479,511,461,19,19,51,51,51],"floor_reached":51,"language":"ZHS","playtime":815,"items_purged":["Defend_P","Strike_P","Defend_P","Strike_P","Defend_P"],"score":1806,"play_id":"d34b091c-e0c9-4e6d-9773-e96e5245ea2c","local_time":"20210205112700","is_ascension_mode":true,"campfire_choices":[{"data":"Immolate","floor":6,"key":"SMITH"},{"data":"DeceiveReality","floor":8,"key":"SMITH"},{"data":"Adaptation","floor":15,"key":"SMITH"},{"data":"Tantrum","floor":28,"key":"SMITH"},{"data":"TalkToTheHand","floor":30,"key":"SMITH"},{"data":"MentalFortress","floor":32,"key":"SMITH"},{"data":"Scrawl","floor":41,"key":"SMITH"},{"data":"Blasphemy","floor":47,"key":"SMITH"},{"data":"SandsOfTime","floor":49,"key":"SMITH"}],"circlet_count":0,"master_deck":["EasyMod:card_1","Strike_P","Strike_P","Defend_P","Eruption","Vigilance","Immolate+1","MentalFortress+1","FearNoEvil","EmptyBody","DeceiveReality+1","TalkToTheHand+1","Protect","Adaptation+1","Tantrum+1","FlyingSleeves","Scrawl+1","BowlingBash+1","FlurryOfBlows","FlurryOfBlows+1","SandsOfTime+1","Blasphemy+1","Fasting2+1","Halt+1","ClearTheMind+1","LessonLearned","WheelKick+1"],"relics":["REME_ComplimentaryCards","testmod-CrystalShield","HolyWater","Replay:Bronze Core","EasyMod:Easy_9","EasyMod:Easy_5","ReplayTheSpireMod:Lightbulb","Garlic","Onion Ring","testmod-Brilliant","Smiling Mask","testmod-SaigiyounoYou","Whetstone","Simple Rune","MawBank","Akabeko","Tiny Chest","Replay:Baseball","Replay:Wanted Poster","testmod-TurbochargingSystem","Replay:Bottled Snecko","Omamori","testmod-IndustrialRevolution","Yang","Sling","Damaru"],"acts_visited":["Exordium","TheCity","TheBeyond"],"potions_floor_usage":[22,50,50,50],"damage_taken":[{"damage":0,"enemies":"Cultist","floor":1,"turns":2},{"damage":0,"enemies":"2 Louse","floor":3,"turns":1},{"damage":5,"enemies":"Gremlin Nob","floor":7,"turns":3},{"damage":0,"enemies":"Small Slimes","floor":10,"turns":2},{"damage":0,"enemies":"3 Sentries","floor":11,"turns":7},{"damage":0,"enemies":"conspire:MimicChest","floor":12,"turns":5},{"damage":0,"enemies":"Lagavulin","floor":13,"turns":2},{"damage":0,"enemies":"Exordium Wildlife","floor":14,"turns":1},{"damage":0,"enemies":"The Guardian","floor":16,"turns":2},{"damage":0,"enemies":"3 Byrds","floor":18,"turns":1},{"damage":0,"enemies":"Spheric Guardian","floor":21,"turns":1},{"damage":0,"enemies":"Snecko","floor":22,"turns":2},{"damage":0,"enemies":"conspire:SneckoGhost","floor":23,"turns":1},{"damage":0,"enemies":"Centurion and Healer","floor":24,"turns":1},{"damage":0,"enemies":"Gremlin Leader","floor":25,"turns":1},{"damage":0,"enemies":"Replay:Snechameleon","floor":27,"turns":2},{"damage":0,"enemies":"Champ","floor":33,"turns":2},{"damage":1,"enemies":"3 Darklings","floor":35,"turns":1},{"damage":8,"enemies":"3 Shapes","floor":38,"turns":1},{"damage":0,"enemies":"3 Darklings","floor":39,"turns":1},{"damage":0,"enemies":"Nemesis","floor":40,"turns":1},{"damage":0,"enemies":"Spire Growth","floor":42,"turns":1},{"damage":0,"enemies":"Reptomancer","floor":44,"turns":1},{"damage":11,"enemies":"Giant Head","floor":48,"turns":2},{"damage":0,"enemies":"conspire:OrnateMirror","floor":50,"turns":1}],"seed_played":"-1974161138432760966","potions_obtained":[{"floor":7,"key":"ColorlessPotion"},{"floor":10,"key":"SmokeBomb"},{"floor":11,"key":"SteroidPotion"},{"floor":18,"key":"REME_GoldPotion"},{"floor":24,"key":"ColorlessPotion"},{"floor":44,"key":"Strength Potion"},{"floor":48,"key":"SteroidPotion"}],"is_trial":false,"path_per_floor":["M","?","M","$","?","R","E","R","T","M","E","?","E","M","R","B",null,"M","$","?","M","M","E","M","E","T","E","R","?","R","$","R","B",null,"M","?","T","M","M","E","R","M","T","E","$","$","R","E","R","B",null],"character_chosen":"WATCHER","items_purchased":["EasyMod:Easy_5","Whetstone","Replay:Baseball","Yang","Sling"],"campfire_rested":0,"item_purchase_floors":[4,19,31,46,46],"current_hp_per_floor":[65,47,47,47,47,47,44,44,44,44,44,44,44,44,44,44,65,66,66,66,68,72,72,72,72,72,72,72,72,72,72,72,72,72,72,72,72,64,65,70,70,72,72,72,72,72,72,71,71,72],"gold":51,"neow_bonus":"BOSS_RELIC","is_daily":false,"chose_seed":false,"campfire_upgraded":9,"win_rate":0.0,"timestamp":1612495620,"path_taken":["M","?","M","?","?","R","E","R","T","M","E","?","E","M","R","BOSS","M","$","?","M","M","E","M","E","T","E","R","?","R","?","R","BOSS","M","?","?","M","?","E","R","M","T","E","?","$","R","E","R","BOSS"],"items_purchased_type":["Relic","Relic","Relic","Relic","Relic"],"build_version":"2020-12-22","purchased_purges":5,"victory":true,"max_hp_per_floor":[72,72,72,72,72,72,72,72,72,72,72,72,72,72,72,72,72,72,72,72,72,72,72,72,72,72,72,72,72,72,72,72,72,72,72,72,72,72,72,72,72,72,72,72,72,72,72,72,72,72],"relic_stats":{"counters":[25,45],"Tiny Chest":1,"Yang":[8],"Whetstone":["BowlingBash","Strike_P"],"Smiling Mask":350,"MawBank":72,"obtain_stats":[{"Yang":46,"Whetstone":19,"Smiling Mask":13,"Sling":46,"Replay:Wanted Poster":34,"testmod-Brilliant":12,"testmod-CrystalShield":0,"EasyMod:Easy_5":4,"Replay:Bronze Core":0,"EasyMod:Easy_9":2,"Tiny Chest":27,"Replay:Bottled Snecko":40,"testmod-TestBox":0,"Damaru":48,"Omamori":43,"testmod-TurbochargingSystem":37,"testmod-SaigiyounoYou":17,"MawBank":25,"testmod-IndustrialRevolution":44,"Akabeko":26,"Replay:Baseball":31,"HolyWater":0,"Onion Ring":11,"Simple Rune":23,"Garlic":9,"PureWater":0,"ReplayTheSpireMod:Lightbulb":7,"REME_ComplimentaryCards":0},{"Yang":23,"Whetstone":10,"Smiling Mask":7,"Sling":23,"Replay:Wanted Poster":17,"testmod-Brilliant":6,"testmod-CrystalShield":0,"EasyMod:Easy_5":2,"Replay:Bronze Core":0,"EasyMod:Easy_9":1,"Tiny Chest":16,"Replay:Bottled Snecko":21,"testmod-TestBox":0,"Damaru":24,"Omamori":22,"testmod-TurbochargingSystem":18,"testmod-SaigiyounoYou":9,"MawBank":15,"testmod-IndustrialRevolution":23,"Akabeko":15,"Replay:Baseball":16,"HolyWater":0,"Onion Ring":5,"Simple Rune":13,"Garlic":3,"PureWater":0,"ReplayTheSpireMod:Lightbulb":3,"REME_ComplimentaryCards":0},{"Yang":42,"Whetstone":26,"Smiling Mask":22,"Sling":42,"Replay:Wanted Poster":36,"testmod-Brilliant":20,"testmod-CrystalShield":0,"EasyMod:Easy_5":3,"Replay:Bronze Core":0,"EasyMod:Easy_9":2,"Tiny Chest":34,"Replay:Bottled Snecko":40,"testmod-TestBox":0,"Damaru":44,"Omamori":41,"testmod-TurbochargingSystem":37,"testmod-SaigiyounoYou":25,"MawBank":32,"testmod-IndustrialRevolution":42,"Akabeko":32,"Replay:Baseball":34,"HolyWater":0,"Onion Ring":15,"Simple Rune":30,"Garlic":6,"PureWater":0,"ReplayTheSpireMod:Lightbulb":6,"REME_ComplimentaryCards":0}]},"card_choices":[{"not_picked":["Replay:Battleflow","Conclude"],"picked":"MentalFortress","floor":1},{"not_picked":["EmptyBody","EmptyFist"],"picked":"FearNoEvil","floor":2},{"not_picked":["Collect","Swivel"],"picked":"EmptyBody","floor":2},{"not_picked":["Weave","WindmillStrike"],"picked":"DeceiveReality","floor":3},{"not_picked":["WindmillStrike","PathToVictory"],"picked":"TalkToTheHand","floor":7},{"not_picked":["Replay:AtTheReady","REME_Repentance"],"picked":"Protect","floor":10},{"not_picked":["Nirvana","CutThroughFate"],"picked":"Adaptation","floor":11},{"not_picked":["WreathOfFlame","Replay:ManipulateFuture"],"picked":"Tantrum","floor":12},{"not_picked":["CutThroughFate","ThirdEye"],"picked":"FlyingSleeves","floor":13},{"not_picked":["Worship","EmptyFist","CutThroughFate"],"picked":"SKIP","floor":14},{"not_picked":["Alpha","Brilliance"],"picked":"Scrawl","floor":16},{"not_picked":["Replay:AtTheReady","EmptyFist"],"picked":"BowlingBash","floor":18},{"not_picked":["CarveReality","Replay:ManipulateFuture"],"picked":"FlurryOfBlows","floor":21},{"not_picked":["Replay:Cycle","Prostrate+1","JustLucky"],"picked":"SKIP","floor":22},{"not_picked":["Wallop","Crescendo"],"picked":"FlurryOfBlows+1","floor":23},{"not_picked":["Alpha","WindmillStrike+1"],"picked":"SandsOfTime","floor":24},{"not_picked":["EmptyFist+1","FearNoEvil","Nirvana"],"picked":"SKIP","floor":25},{"not_picked":["CarveReality","Protect","REME_MusicOfDeath"],"picked":"SKIP","floor":27},{"not_picked":["Judgement","Devotion"],"picked":"Blasphemy","floor":33},{"not_picked":["Replay:AtTheReady+1","Vengeance"],"picked":"Fasting2+1","floor":35},{"not_picked":["WreathOfFlame+1","Fasting2+1"],"picked":"Halt+1","floor":38},{"not_picked":["EmptyBody+1","PathToVictory+1"],"picked":"ClearTheMind+1","floor":39},{"not_picked":["ThirdEye","REME_Repentance","BowlingBash+1"],"picked":"SKIP","floor":40},{"not_picked":["CutThroughFate+1","JustLucky+1"],"picked":"LessonLearned","floor":42},{"not_picked":["DeceiveReality","ThirdEye+1"],"picked":"WheelKick+1","floor":44},{"not_picked":["ClearTheMind+1","EmptyMind","Replay:Battleflow"],"picked":"SKIP","floor":48}],"player_experience":254335,"relics_obtained":[{"floor":2,"key":"EasyMod:Easy_9"},{"floor":7,"key":"ReplayTheSpireMod:Lightbulb"},{"floor":9,"key":"Garlic"},{"floor":11,"key":"Onion Ring"},{"floor":12,"key":"testmod-Brilliant"},{"floor":13,"key":"Smiling Mask"},{"floor":23,"key":"Simple Rune"},{"floor":25,"key":"MawBank"},{"floor":26,"key":"Akabeko"},{"floor":27,"key":"Tiny Chest"},{"floor":37,"key":"testmod-TurbochargingSystem"},{"floor":40,"key":"Replay:Bottled Snecko"},{"floor":43,"key":"Omamori"},{"floor":44,"key":"testmod-IndustrialRevolution"},{"floor":48,"key":"Damaru"}],"event_choices":[{"damage_healed":0,"gold_gain":0,"player_choice":"Ignored","damage_taken":0,"max_hp_gain":0,"max_hp_loss":0,"event_name":"Liars Game","floor":5,"gold_loss":0}],"is_beta":false,"boss_relics":[{"not_picked":["SacredBark","Cursed Key"],"picked":"testmod-SaigiyounoYou"},{"not_picked":["energizedSpire:SpiderWeb","testmod-StringDisintegrator"],"picked":"Replay:Wanted Poster"}],"items_purged_floors":[4,19,31,45,46],"is_endless":false,"potions_floor_spawned":[7,10,11,13,18,24,27,35,38,44,48],"ascension_level":9}}