{"host":"g907ck67u7c3hrs6","time":1612490636,"event":{"mods":["BaseMod","Colored Map","DeckTracker","Highlight Path","Keyboard Shortcuts","Minty Spire (QoL Compilation)","Permanent Neow","Say the Spire","SuperFastMode"],"gold_per_floor":[114,289,289,304,329,359,359,389,414,444,404,404,404],"floor_reached":12,"language":"KOR","playtime":258,"items_purged":[],"score":119,"play_id":"e2a6cfc8-8c51-455c-b23a-aee774951088","local_time":"20210205110356","daily_mods":["Specialized","ControlledChaos","Elite Swarm"],"is_ascension_mode":false,"campfire_choices":[{"data":"Devotion","floor":7,"key":"SMITH"}],"circlet_count":0,"master_deck":["Strike_P","Strike_P","Strike_P","Strike_P","Defend_P","Defend_P","Defend_P","Defend_P","Eruption+1","Vigilance","FlyingSleeves","FlyingSleeves","FlyingSleeves","FlyingSleeves","FlyingSleeves","Conclude","Doubt","Devotion+1","Scrawl","Vault"],"relics":["PureWater","Frozen Eye","Centennial Puzzle","Art of War","Omamori","Potion Belt","Torii"],"acts_visited":["Exordium"],"potions_floor_usage":[12],"damage_taken":[{"damage":0,"enemies":"2 Louse","floor":1,"turns":2},{"damage":0,"enemies":"Small Slimes","floor":4,"turns":2},{"damage":18,"enemies":"3 Sentries","floor":6,"turns":4},{"damage":14,"enemies":"Gremlin Nob","floor":8,"turns":3},{"damage":26,"enemies":"Lagavulin","floor":10,"turns":8},{"damage":12,"enemies":"Gremlin Nob","floor":12,"turns":3}],"seed_played":"-8643747277835071688","potions_obtained":[{"floor":1,"key":"BottledMiracle"},{"floor":6,"key":"ColorlessPotion"},{"floor":11,"key":"CultistPotion"},{"floor":11,"key":"SteroidPotion"},{"floor":11,"key":"EntropicBrew"}],"is_trial":false,"path_per_floor":["M","?","?","M","T","E","R","E","T","E","?","E"],"character_chosen":"WATCHER","items_purchased":[],"campfire_rested":0,"item_purchase_floors":[],"current_hp_per_floor":[72,72,72,72,72,54,54,40,40,14,14,2,2],"gold":404,"neow_bonus":"","is_daily":true,"chose_seed":false,"campfire_upgraded":1,"win_rate":0.0,"timestamp":1612490636,"path_taken":["M","?","?","?","?","E","R","E","T","E","?","E"],"items_purchased_type":[],"build_version":"2020-12-22","purchased_purges":0,"victory":false,"max_hp_per_floor":[72,72,72,72,72,72,72,72,72,72,72,72,72],"card_choices":[{"not_picked":["Sanctity","BowlingBash"],"picked":"Conclude","floor":1},{"not_picked":["CrushJoints","Consecrate","CutThroughFate"],"picked":"SKIP","floor":4},{"not_picked":["Vault","Scrawl"],"picked":"Devotion","floor":6},{"not_picked":["Alpha","MasterReality"],"picked":"Scrawl","floor":8},{"not_picked":["Scrawl","ConjureBlade"],"picked":"Vault","floor":10}],"player_experience":258685,"relics_obtained":[{"floor":5,"key":"Centennial Puzzle"},{"floor":6,"key":"Art of War"},{"floor":8,"key":"Omamori"},{"floor":9,"key":"Potion Belt"},{"floor":10,"key":"Torii"}],"event_choices":[{"damage_healed":0,"gold_gain":175,"player_choice":"AGREE","damage_taken":0,"max_hp_gain":0,"max_hp_loss":0,"event_name":"Liars Game","floor":2,"gold_loss":0,"cards_obtained":["Doubt"]},{"damage_healed":0,"gold_gain":0,"player_choice":"Upgraded","damage_taken":0,"max_hp_gain":0,"max_hp_loss":0,"event_name":"Upgrade Shrine","floor":3,"gold_loss":0,"cards_upgraded":["Eruption"]},{"damage_healed":0,"gold_gain":0,"player_choice":"Bought 3 Potions","damage_taken":0,"max_hp_gain":0,"max_hp_loss":0,"event_name":"The Woman in Blue","floor":11,"gold_loss":0}],"is_beta":false,"boss_relics":[],"items_purged_floors":[],"is_endless":false,"potions_floor_spawned":[1,6],"killed_by":"Gremlin Nob","ascension_level":0}}