{"host":"usru02jcpe2a942d","time":1612508223,"event":{"mods":["ATMod(°¢èªMod)","Act Like it!","BaseMod","Better Note","Better Vampires","Challenge The Spire","Colored Powertips","Friendly Minions","GifTheSpireLib","Highlight Path","Hubris","Infinite Spire","Jedi Mod","Minty Spire (QoL Compilation)","MostiFishMod","Pale of the Ancients","Quick Restart","Relic Stats","RumiaBox-Â¶Ã×æ«µÄÉñÃØºÐ×Ó","StSLib","Warlord Emblem","[IsaacMod]ÒÔÈö¼âËþ","noobMod","¡¾ÒÅÎï¿¨ÅÆ¡¿REMEMod","óô»ðÖ¸ÄÏ"],"gold_per_floor":[112,187,219,309,319,319,331,6,6,37,71,71,102,112,112,211,211,230,241,241,253,322,322,341,374,374,374,401,416,447,466,74,177,177,191,211,211,223,273,273,292,320,392,392,392,419,419,453,60,60,140],"floor_reached":52,"language":"ZHS","playtime":3844,"items_purged":["Strike_B","Strike_B","MostiFishMod:Exploitation+1"],"score":1337,"play_id":"afa7ddac-7f9a-4d51-8a60-94a659764551","local_time":"20210205145703","is_ascension_mode":false,"campfire_choices":[{"data":"AT_FamilyPortrait","floor":6.0,"key":"SMITH"},{"data":"MostiFishMod:Exploitation","floor":15,"key":"SMITH"},{"data":"Reboot","floor":23,"key":"SMITH"},{"data":"AT_WarpDrive","floor":27,"key":"SMITH"},{"data":"Double Energy","floor":40,"key":"SMITH"}],"circlet_count":0,"master_deck":["Strike_B","Defend_B","Defend_B","Defend_B","Defend_B","Zap","Cold Snap","Darkness","Chaos","AT_FamilyPortrait+1","Hologram","Zap","Conserve Battery","AT_DarkMatter","Skim","Reboot+1","BootSequence+1","Double Energy+1","AT_WarpDrive+1","Distribution","Rebound","Reboot","Coolheaded+1","MostiFishMod:SupremeArchaeology+1","REME_WheelOfFate","Chrysalis","Panacea","REME_TheoryOfElimination"],"relics":["WarlordEmblem:SoulOfKael","DaveBox","ice","REME_ComplimentaryCards","AT_ATBox","HushsDoor","OriginationStaff","GuppysTail","SynthV:TestCard","AT_GreenNoBalance","InkBottle","AT_ArcaneBoots","SatanicBible","SynthV:C4","jedi:paperlyon","Tiny Chest","jedi:heavyjacket","MealTicket","infinitespire:WardingShard","Letter Opener","infinitespire:PuzzleCube","Juzu Bracelet","Chaos","REME_LowDesire","ThornShield","Centennial Puzzle","GodSword4","infinitespire:Lucky Rock","White Beast Statue","PokeGo","hubris:HerbalPaste","ChampionBelt","hubris:EmptyBottle","hubris:BottledRain","jedi:archwizardhat"],"acts_visited":["Exordium","TheCity","TheBeyond"],"potions_floor_usage":[16,25,25,42,46],"damage_taken":[{"damage":0.0,"enemies":"Jaw Worm","floor":1.0,"turns":3.0},{"damage":0.0,"enemies":"2 Louse","floor":3.0,"turns":3.0},{"damage":4.0,"enemies":"infinitespire:Voidling","floor":5.0,"turns":4.0},{"damage":4.0,"enemies":"2 Fungi Beasts","floor":7.0,"turns":5.0},{"damage":13.0,"enemies":"Gremlin Nob","floor":10.0,"turns":4.0},{"damage":0,"enemies":"Looter","floor":11,"turns":4},{"damage":0,"enemies":"Lagavulin","floor":13,"turns":4},{"damage":10,"enemies":"3 Louse","floor":14,"turns":3},{"damage":35,"enemies":"The Guardian","floor":16,"turns":8},{"damage":10,"enemies":"Chosen","floor":18,"turns":4},{"damage":12,"enemies":"Shell Parasite","floor":19,"turns":4},{"damage":10,"enemies":"Snecko","floor":21,"turns":6},{"damage":3,"enemies":"Centurion and Healer","floor":24,"turns":3},{"damage":30,"enemies":"REME_1_Revenger","floor":25,"turns":3},{"damage":13,"enemies":"Slavers","floor":28,"turns":4},{"damage":18,"enemies":"3 Cultists","floor":29,"turns":4},{"damage":2,"enemies":"Nightmare","floor":30,"turns":7},{"damage":0,"enemies":"Shelled Parasite and Fungi","floor":31,"turns":4},{"damage":32,"enemies":"Collector","floor":33,"turns":8},{"damage":16,"enemies":"Orb Walker","floor":35,"turns":4},{"damage":0,"enemies":"3 Shapes","floor":36,"turns":2},{"damage":7,"enemies":"Maw","floor":38,"turns":6},{"damage":2,"enemies":"2 Orb Walkers","floor":39,"turns":4},{"damage":0,"enemies":"Jaw Worm Horde","floor":41,"turns":2},{"damage":0,"enemies":"Nightmare","floor":42,"turns":7},{"damage":0,"enemies":"Nemesis","floor":46,"turns":4},{"damage":0,"enemies":"Giant Head","floor":48,"turns":3},{"damage":0,"enemies":"Donu and Deca","floor":50,"turns":6},{"damage":0,"enemies":"Awakened One","floor":51,"turns":7}],"seed_played":"-7667582156135866958","potions_obtained":[{"floor":7.0,"key":"REME_GoldPotion"},{"floor":10.0,"key":"jedi:StrikingPotion"},{"floor":14,"key":"Explosive Potion"},{"floor":16,"key":"jedi:StrikingPotion"},{"floor":31,"key":"Energy Potion"},{"floor":35,"key":"LiquidMemories"},{"floor":42,"key":"SkillPotion"},{"floor":46,"key":"jedi:tentaclejuice"},{"floor":48,"key":"jedi:wingpotion"}],"is_trial":false,"path_per_floor":["M","?","M","?","M","R","M","R","T","E","M","?","E","M","R","B",null,"M","M","?","M","T","R","M","E","T","R","E","M","NM","M","R","B",null,"M","M","T","M","?","R","M","NM","T","T","?","M","?","M","R","B","B",null],"character_chosen":"Kael","items_purchased":["AT_SilverBalance","Juzu Bracelet","Chaos","jedi:archwizardhat"],"campfire_rested":0,"item_purchase_floors":[8,32,32,49],"current_hp_per_floor":[82,71,71,56,52,52,48,48,48,28,41,38,41,31,31,6,82,31,29,14,31,31,31,38,11,11,11,28,10,80,80,80,48,106,90,90,90,83,81,81,81,81,81,81,81,91,81,86,86,92,98],"gold":140,"neow_bonus":"TEN_PERCENT_HP_BONUS","is_daily":false,"chose_seed":false,"campfire_upgraded":5,"win_rate":0.0,"timestamp":1612508223,"path_taken":["M","?","M","?","?","R","?","R","T","E","?","?","E","M","R","BOSS","M","M","?","M","?","R","M","E","T","R","E","M","NM","M","R","BOSS","M","M","?","M","?","R","M","NM","T","?","?","M","?","M","R","BOSS","BOSS"],"items_purchased_type":["Relic","Relic","Card","Relic"],"build_version":"2020-12-22","purchased_purges":3,"victory":true,"max_hp_per_floor":[82,82,82,82,82,82,82,82,82,82,82,82,82,82,82,82,82,82,82,82,82,82,82,82,82,82,82,82,82,93,97,97,106,106,109,111,111,117,124,124,125,133,133,133,133,137,137,137,137,137,137],"relic_stats":{"Centennial Puzzle":[15],"counters":[29,130],"Tiny Chest":1,"MealTicket":0,"Juzu Bracelet":1,"Letter Opener":[837],"obtain_stats":[{"Chaos":32,"GuppysTail":0,"AT_ATBox":0,"DaveBox":0,"AT_ArcaneBoots":21,"ice":0,"Juzu Bracelet":32,"hubris:EmptyBottle":46,"jedi:archwizardhat":49,"SynthV:C4":13,"SatanicBible":12,"Centennial Puzzle":34,"PokeGo":42,"hubris:HerbalPaste":43,"ChampionBelt":44,"WarlordEmblem:SoulOfKael":0,"jedi:paperlyon":17,"Tiny Chest":20,"MealTicket":25,"REME_LowDesire":34,"InkBottle":9,"KeepersGift":0,"AT_GreenNoBalance":28,"AT_SilverBalance":8,"Letter Opener":28,"infinitespire:Lucky Rock":39,"ThornShield":34,"White Beast Statue":42,"jedi:heavyjacket":22,"AT_SpeedBoots":10,"SynthV:TestCard":1,"infinitespire:WardingShard":26,"OriginationStaff":0,"GodSword4":37,"HushsDoor":0,"infinitespire:PuzzleCube":30,"REME_ComplimentaryCards":0,"hubris:BottledRain":48},{"Chaos":18,"GuppysTail":0,"AT_ATBox":0,"DaveBox":0,"AT_ArcaneBoots":12,"ice":0,"Juzu Bracelet":18,"hubris:EmptyBottle":26,"jedi:archwizardhat":27,"SynthV:C4":7,"SatanicBible":6,"Centennial Puzzle":19,"PokeGo":25,"hubris:HerbalPaste":25,"ChampionBelt":25,"WarlordEmblem:SoulOfKael":0,"jedi:paperlyon":9,"Tiny Chest":11,"MealTicket":14,"REME_LowDesire":19,"InkBottle":4,"KeepersGift":0,"AT_GreenNoBalance":15,"AT_SilverBalance":4,"Letter Opener":15,"infinitespire:Lucky Rock":23,"ThornShield":19,"White Beast Statue":25,"jedi:heavyjacket":12,"AT_SpeedBoots":5,"SynthV:TestCard":1,"infinitespire:WardingShard":14,"OriginationStaff":0,"GodSword4":21,"HushsDoor":0,"infinitespire:PuzzleCube":17,"REME_ComplimentaryCards":0,"hubris:BottledRain":27},{"Chaos":77,"GuppysTail":0,"AT_ATBox":0,"DaveBox":0,"AT_ArcaneBoots":49,"ice":0,"Juzu Bracelet":77,"hubris:EmptyBottle":114,"jedi:archwizardhat":117,"SynthV:C4":27,"SatanicBible":23,"Centennial Puzzle":85,"PokeGo":110,"hubris:HerbalPaste":110,"ChampionBelt":110,"WarlordEmblem:SoulOfKael":0,"jedi:paperlyon":38,"Tiny Chest":46,"MealTicket":58,"REME_LowDesire":85,"InkBottle":15,"KeepersGift":0,"AT_GreenNoBalance":58,"AT_SilverBalance":15,"Letter Opener":62,"infinitespire:Lucky Rock":101,"ThornShield":85,"White Beast Statue":106,"jedi:heavyjacket":52,"AT_SpeedBoots":19,"SynthV:TestCard":3,"infinitespire:WardingShard":58,"OriginationStaff":0,"GodSword4":91,"HushsDoor":0,"infinitespire:PuzzleCube":73,"REME_ComplimentaryCards":0,"hubris:BottledRain":117}],"InkBottle":[74]},"card_choices":[{"not_picked":["Stack","AT_StudyProgram"],"picked":"Hologram","floor":1.0},{"not_picked":["Beam Cell","jedi:BurstFrost","Gash","AT_HeatAcrobatics"],"picked":"Conserve Battery","floor":3.0},{"not_picked":["AT_HeatAcrobatics","Beam Cell","REME_SelfUpgrade","Fan","Distribution"],"picked":"SKIP","floor":5.0},{"not_picked":["MostiFishMod:PushDownKick","MostiFishMod:LinkProtocol","jedi:locknload","Storm"],"picked":"AT_DarkMatter","floor":7.0},{"not_picked":["Undo","AT_RobotInSpace","AT_StudyProgram","Coolheaded"],"picked":"Skim","floor":10.0},{"not_picked":["Leap","Rip and Tear","jedi:meditation","Go for the Eyes","Compile Driver"],"picked":"SKIP","floor":11},{"not_picked":["MostiFishMod:Impulse","Barrage","AT_DarkMatter","White Noise"],"picked":"MostiFishMod:Exploitation","floor":13},{"not_picked":["AT_HeatAcrobatics","Sweeping Beam","Chill","Gash","Hello World"],"picked":"SKIP","floor":14},{"not_picked":["MostiFishMod:IntelligentEquipment","jedi:BurstDark","Echo Form","Buffer"],"picked":"Reboot","floor":16},{"not_picked":["jedi:BurstLightning","Stack+1","Storm","Steam","jedi:BurstFrost"],"picked":"SKIP","floor":18},{"not_picked":["Multi-Cast","jedi:BurstLightning+1","Steam","jedi:blockon"],"picked":"BootSequence+1","floor":19},{"not_picked":["Redo","Streamline","Go for the Eyes","Glacier","jedi:BurstFrost"],"picked":"SKIP","floor":21},{"not_picked":["AT_HeatAcrobatics+1","Steam","Stack","Ball Lightning+1"],"picked":"Double Energy","floor":24},{"not_picked":["Turbo","Cold Snap","AT_HeatAcrobatics","Darkness"],"picked":"AT_WarpDrive","floor":25},{"not_picked":["REME_SelfUpgrade","Conserve Battery+1","AT_HeatAcrobatics","jedi:markofdeath","Genetic Algorithm"],"picked":"SKIP","floor":28},{"not_picked":["Rebound","jedi:BurstFrost+1","Redo","Sweeping Beam","Compile Driver"],"picked":"SKIP","floor":29},{"not_picked":["MostiFishMod:ATRI","Leap","Self Repair","Cold Snap"],"picked":"Distribution","floor":30},{"not_picked":["Go for the Eyes","jedi:BurstFrost","Compile Driver","MostiFishMod:PushDownKick"],"picked":"Rebound","floor":31},{"not_picked":["jedi:darknesscall","hubris:Prefetch","Buffer","MostiFishMod:DawningShadow"],"picked":"Reboot","floor":33},{"not_picked":["Steam","BootSequence","Steam Power","Gash","MostiFishMod:PushDownKick","Enlightenment"],"picked":"SKIP","floor":35},{"not_picked":["Gash","Loop","Rebound","Steam","Beam Cell","Transmutation"],"picked":"SKIP","floor":36},{"not_picked":["Fusion","MostiFishMod:LinkProtocol","Auto Shields+1","hubris:PowerSurge+1","AT_TearsDenial"],"picked":"Coolheaded+1","floor":38},{"not_picked":["Auto Shields+1","Redo","Glacier","jedi:BurstFrost+1","Gash"],"picked":"MostiFishMod:SupremeArchaeology+1","floor":39},{"not_picked":["Steam","MostiFishMod:PushDownKick","Beam Cell","Compile Driver","Leap"],"picked":"REME_WheelOfFate","floor":41},{"not_picked":["jedi:blockon+1","Rebound+1","hubris:PowerSurge+1","Stack+1","AT_HeatAcrobatics","Chrysalis"],"picked":"SKIP","floor":42},{"not_picked":["Fan+1","Conserve Battery+1","hubris:SpecializedCircuitry","All For One","Redo","Sadistic Nature"],"picked":"SKIP","floor":46},{"not_picked":["jedi:forcepull","MostiFishMod:OneDayCity","Enlightenment","Good Instincts"],"picked":"Chrysalis","floor":47},{"not_picked":["hubris:Ssssneak","REME_Flogging","Sadistic Nature","Finesse"],"picked":"Panacea","floor":47},{"not_picked":["MostiFishMod:SupremeArchaeology","Violence","jedi:forcepull","Mayhem"],"picked":"REME_TheoryOfElimination","floor":47},{"not_picked":["jedi:blockon+1","Multi-Cast","Redo+1","Consume+1","MostiFishMod:Impulse","Impatience"],"picked":"SKIP","floor":48}],"player_experience":238424,"relics_obtained":[{"floor":1.0,"key":"SynthV:TestCard"},{"floor":9.0,"key":"InkBottle"},{"floor":10.0,"key":"AT_SpeedBoots"},{"floor":13,"key":"SynthV:C4"},{"floor":22,"key":"jedi:heavyjacket"},{"floor":25,"key":"MealTicket"},{"floor":26,"key":"infinitespire:WardingShard"},{"floor":28,"key":"Letter Opener"},{"floor":30,"key":"infinitespire:PuzzleCube"},{"floor":34,"key":"ThornShield"},{"floor":34,"key":"Centennial Puzzle"},{"floor":37,"key":"GodSword4"},{"floor":39,"key":"infinitespire:Lucky Rock"},{"floor":42,"key":"PokeGo"},{"floor":43,"key":"hubris:HerbalPaste"},{"floor":44,"key":"ChampionBelt"},{"floor":46,"key":"hubris:EmptyBottle"},{"floor":48,"key":"hubris:BottledRain"}],"event_choices":[{"damage_healed":0.0,"max_hp_gain":0.0,"max_hp_loss":0.0,"gold_gain":75.0,"event_name":"World of Goop","player_choice":"Gather Gold","floor":2.0,"gold_loss":0.0,"damage_taken":11.0},{"damage_healed":0,"gold_gain":0,"player_choice":"Success","damage_taken":3,"relics_obtained":["SatanicBible"],"max_hp_gain":0,"max_hp_loss":0,"event_name":"Scrap Ooze","floor":12,"gold_loss":0},{"damage_healed":0,"gold_gain":0,"player_choice":"Fight","damage_taken":0,"max_hp_gain":0,"max_hp_loss":0,"event_name":"Mysterious Sphere","floor":39,"gold_loss":0},{"cards_removed":["Strike_B"],"damage_healed":0,"gold_gain":0,"player_choice":"Removed Attack","damage_taken":0,"max_hp_gain":0,"max_hp_loss":0,"event_name":"Falling","floor":45,"gold_loss":0},{"damage_healed":0,"gold_gain":0,"player_choice":"Memory 3","damage_taken":10,"max_hp_gain":0,"max_hp_loss":0,"event_name":"SensoryStone","floor":47,"gold_loss":0}],"is_beta":false,"boss_relics":[{"not_picked":["Philosopher\u0027s Stone","EasyGame_NEW"],"picked":"jedi:paperlyon"},{"not_picked":[]},{"not_picked":["Sling","jedi:Pinwheel"],"picked":"REME_LowDesire"},{"not_picked":[]}],"items_purged_floors":[8,32,49],"is_endless":true,"potions_floor_spawned":[7,10,14,16,18,19,24,31,35,42,46,48],"ascension_level":20}}