{"host":"xkmvu47k9fdstweo","time":1612556191,"event":{"mods":["BaseMod","Colored Map","Conspire","HololiveMod","Hubris","Minty Spire (QoL Compilation)","Quick Restart","Shop Mod","StSLib"],"gold_per_floor":[100,100,130,48,48,48,84,104,180,180,225,225,244,267,267,352,352,372,397,96,11,39,39,83,105,132,57,72,86,127,147,147,236,236,258,63,63,77,77,77,112,141,141,141,162,162,162,52,52,68],"floor_reached":51,"language":"ENG","playtime":1647,"items_purged":[],"score":1613,"play_id":"2f2c8439-f6d7-4b0c-bd64-cb59073bdd1d","local_time":"20210205151631","is_ascension_mode":true,"campfire_choices":[{"data":"Hololive_CallSpadeEcho","floor":6.0,"key":"SMITH"},{"data":"Hololive_CallSpadeEcho","floor":10.0,"key":"SMITH"},{"data":"Hololive_DDD","floor":12.0,"key":"SMITH"},{"data":"Hololive_CallUsadaPekora","floor":15.0,"key":"SMITH"},{"data":"Hololive_CallHoshimachiSuisei","floor":23.0,"key":"SMITH"},{"data":"Hololive_StarCraft","floor":32.0,"key":"SMITH"},{"data":"Hololive_CallNakiriAyame","floor":40.0,"key":"SMITH"},{"data":"Hololive_CallAmaneKanata","floor":44.0,"key":"SMITH"},{"data":"Hololive_CocoNews","floor":47.0,"key":"SMITH"},{"data":"Hololive_CallMinatoAqua","floor":49.0,"key":"SMITH"}],"circlet_count":0,"master_deck":["AscendersBane","Hololive_Defend","Hololive_ManjiGathering+1","Hololive_CallCivia","Hololive_CallShiranuiFlare","Hololive_CallSpadeEcho+1","Hololive_CallSpadeEcho+1","Hololive_CallNatsuiroMatsuri","Hololive_FlyingPonyTail","Hololive_CallUsadaPekora+1","Hololive_CallHoshimachiSuisei+1","Hololive_CallShirakamiFubuki","Hololive_CallNakiriAyame+1","Hololive_CallAkaiHaato","Hololive_DDD+1","Hololive_CallMinatoAqua","Hololive_StrengthChampion","Hololive_DurableLive","Hololive_SoulCatcher+1","Hololive_Drill","Hololive_CallHimemoriLuna","Hololive_FlyingPonyTail","Hololive_Spy+1","Hololive_CallYuzukiChoco","Hololive_CallAkiRosenthal+1","Hololive_ManjiGathering","Hololive_StarCraft+1","Hololive_CocoNews+1","Hololive_AWSL","Hololive_CallAmaneKanata+1","Hololive_AWSL","Hololive_ManjiGathering","Hololive_Sequa","Hololive_CallMinatoAqua+1","Hololive_ManjiGathering","Hololive_Spy"],"relics":["Hololive_TheStar","Mango","Blue Candle","Mercury Hourglass","hubris:RunicObelisk","hubris:BottledRain","Art of War","Calipers","Potion Belt","Whetstone","Runic Dome","DollysMirror","Toy Ornithopter","Boot","hubris:SlimyHat","hubris:Icosahedron"],"acts_visited":["Exordium","TheCity","TheBeyond"],"potions_floor_usage":[50,50],"damage_taken":[{"damage":0.0,"enemies":"conspire:RoseBush","floor":1.0,"turns":5.0},{"damage":0.0,"enemies":"Cultist","floor":3.0,"turns":4.0},{"damage":0.0,"enemies":"Lagavulin","floor":7.0,"turns":3.0},{"damage":0.0,"enemies":"Small Slimes","floor":8.0,"turns":2.0},{"damage":0.0,"enemies":"3 Sentries","floor":11.0,"turns":4.0},{"damage":0.0,"enemies":"2 Fungi Beasts","floor":13.0,"turns":2.0},{"damage":0.0,"enemies":"3 Louse","floor":14.0,"turns":1.0},{"damage":0.0,"enemies":"Hexaghost","floor":16.0,"turns":6.0},{"damage":0.0,"enemies":"2 Thieves","floor":18.0,"turns":3.0},{"damage":0.0,"enemies":"Chosen","floor":19.0,"turns":3.0},{"damage":0.0,"enemies":"Centurion and Healer","floor":22.0,"turns":5.0},{"damage":0.0,"enemies":"Gremlin Leader","floor":24.0,"turns":4.0},{"damage":0.0,"enemies":"Snake Plant","floor":25.0,"turns":2.0},{"damage":0.0,"enemies":"Shelled Parasite and Fungi","floor":28.0,"turns":3.0},{"damage":0.0,"enemies":"3 Cultists","floor":29.0,"turns":3.0},{"damage":0.0,"enemies":"conspire:Head Lice","floor":30.0,"turns":5.0},{"damage":0.0,"enemies":"Cultist and Chosen","floor":31.0,"turns":4.0},{"damage":0.0,"enemies":"conspire:MysteriousRune","floor":33.0,"turns":7.0},{"damage":0.0,"enemies":"Orb Walker","floor":35.0,"turns":3.0},{"damage":0.0,"enemies":"3 Shapes","floor":38.0,"turns":3.0},{"damage":0.0,"enemies":"Reptomancer","floor":41.0,"turns":6.0},{"damage":0.0,"enemies":"Maw","floor":42.0,"turns":5.0},{"damage":0.0,"enemies":"3 Darklings","floor":45.0,"turns":3.0},{"damage":49,"enemies":"Donu and Deca","floor":50,"turns":11}],"seed_played":"8456583985619746402","potions_obtained":[{"floor":3.0,"key":"PowerPotion"},{"floor":7.0,"key":"SkillPotion"},{"floor":22.0,"key":"conspire:TimeTravelPotion"},{"floor":24.0,"key":"Dexterity Potion"},{"floor":28.0,"key":"SpeedPotion"},{"floor":29.0,"key":"Fire Potion"},{"floor":33.0,"key":"Energy Potion"},{"floor":41.0,"key":"AttackPotion"}],"is_trial":false,"path_per_floor":["M","?","M","$","?","R","E","M","T","R","E","R","M","M","R","B",null,"M","M","$","?","M","R","E","M","T","?","M","M","E","M","R","B",null,"M","$","?","M","?","R","E","M","T","R","M","?","R","$","R","B",null],"character_chosen":"Hololive_HololiveCharacter","items_purchased":["Hololive_CallShirakamiFubuki","Hololive_CallHimemoriLuna","hubris:BottledRain","DollysMirror","Hololive_ManjiGathering","Hololive_ManjiGathering","Hololive_Spy"],"campfire_rested":0,"item_purchase_floors":[4,20,20,36,36,48,48],"current_hp_per_floor":[32,32,32,32,32,32,46,46,46,46,46,46,46,46,46,46,46,46,46,46,46,46,46,46,46,46,46,46,46,46,46,46,46,46,47,47,47,49,49,49,51,53,53,53,55,55,55,55,55,49],"gold":68,"neow_bonus":"REMOVE_TWO","is_daily":false,"chose_seed":false,"campfire_upgraded":10,"win_rate":0.0,"timestamp":1612556191,"path_taken":["M","?","?","$","?","R","E","M","T","R","E","R","M","M","R","BOSS","M","M","$","?","M","R","E","M","T","?","M","M","E","M","R","BOSS","M","$","?","M","?","R","E","M","T","R","?","?","R","$","R","BOSS"],"items_purchased_type":["Card","Card","Relic","Relic","Card","Card","Card"],"build_version":"2020-12-22","purchased_purges":0,"victory":true,"max_hp_per_floor":[32,32,32,32,32,32,46,46,46,46,46,46,46,46,46,46,46,46,46,46,46,46,46,46,46,46,46,46,46,46,46,46,46,46,47,47,47,49,49,49,51,53,53,53,55,55,55,55,55,55],"card_choices":[{"not_picked":["Hololive_Breathe","Hololive_LuckPotion","Hololive_OvertimeWork"],"picked":"Hololive_FlyingPonyTail","floor":1.0},{"not_picked":["Hololive_CallArtia","Hololive_DevilCharm","Hololive_Breathe"],"picked":"Hololive_CallHoshimachiSuisei","floor":3.0},{"not_picked":["Hololive_CallShiranuiFlare","Hololive_RevenueBasedLive","Hololive_MaximGun"],"picked":"Hololive_CallNakiriAyame","floor":7.0},{"not_picked":["Hololive_FlyingPonyTail","Hololive_DevilCharm","Hololive_Drill"],"picked":"Hololive_CallAkaiHaato","floor":8.0},{"not_picked":["Hololive_OvertimeWork","Hololive_ILoveYou","Hololive_StrengthChampion"],"picked":"Hololive_DDD","floor":11.0},{"not_picked":["Hololive_FlyingPonyTail","Hololive_CallAZKi","Hololive_CallTokinoSora"],"picked":"Hololive_CallMinatoAqua","floor":13.0},{"not_picked":["Hololive_RevenueBasedLive","Hololive_CallAyundaRisu","Hololive_BringToTrial"],"picked":"Hololive_StrengthChampion","floor":14.0},{"not_picked":["Hololive_Rebirth","Hololive_BeCareful","Hololive_DiamondStrike"],"picked":"Hololive_DurableLive","floor":16.0},{"not_picked":["Hololive_Sequa","Hololive_Psychosis","Hololive_OvertimeWork"],"picked":"Hololive_SoulCatcher","floor":18.0},{"not_picked":["Hololive_Sequa","Hololive_StrengthChampion","Hololive_OvertimeWork+1"],"picked":"Hololive_Drill","floor":19.0},{"not_picked":["Hololive_CallManoAloe","Hololive_Breathe","Hololive_Rebound"],"picked":"Hololive_FlyingPonyTail","floor":22.0},{"not_picked":["Hololive_Sequa","Hololive_CallYogiri","Hololive_Psychosis+1"],"picked":"Hololive_Spy","floor":24.0},{"not_picked":["Hololive_LuckPotion","Hololive_CallHimemoriLuna","Hololive_Drill"],"picked":"Hololive_CallYuzukiChoco","floor":25.0},{"not_picked":["Hololive_CallShiranuiFlare","Hololive_StrengthChampion","Hololive_Trident"],"picked":"Hololive_CallAkiRosenthal+1","floor":28.0},{"not_picked":["Hololive_OvertimeWork","Hololive_RevenueBasedLive","Hololive_Rebound"],"picked":"Hololive_ManjiGathering","floor":29.0},{"not_picked":["Hololive_CallNatsuiroMatsuri","Hololive_HuntDinosaur","Hololive_OvertimeWork"],"picked":"Hololive_StarCraft","floor":30.0},{"not_picked":["Hololive_Psychosis","Hololive_LuckPotion","Hololive_Breathe"],"picked":"Hololive_CocoNews","floor":31.0},{"not_picked":["Hololive_StarCraft","Hololive_ScarfAndHalo","Hololive_FlareMind"],"picked":"Hololive_AWSL","floor":33.0},{"not_picked":["Hololive_CallUsadaPekora","Hololive_LuckPotion","Hololive_StrengthChampion"],"picked":"Hololive_CallAmaneKanata","floor":35.0},{"not_picked":["Hololive_FlyingPonyTail+1","Hololive_HuntDinosaur","Hololive_CallAyundaRisu"],"picked":"Hololive_Sequa","floor":38.0},{"not_picked":["Hololive_OvertimeWork","Hololive_BeCareful","Hololive_FlyingPonyTail"],"picked":"Hololive_CallMinatoAqua","floor":41.0},{"not_picked":["Hololive_FlyingPonyTail","Hololive_CallRosalyn","Hololive_RevenueBasedLive","Hololive_CallAkiRosenthal"],"picked":"SKIP","floor":42.0},{"not_picked":["Hololive_Trident+1","Hololive_FlyingPonyTail","Hololive_HuntDinosaur+1","Hololive_LuckPotion+1"],"picked":"SKIP","floor":45.0}],"player_experience":339132,"relics_obtained":[{"floor":7.0,"key":"Mango"},{"floor":9.0,"key":"Blue Candle"},{"floor":11.0,"key":"Mercury Hourglass"},{"floor":24.0,"key":"Calipers"},{"floor":26.0,"key":"Potion Belt"},{"floor":30.0,"key":"Whetstone"},{"floor":41.0,"key":"Boot"},{"floor":43.0,"key":"hubris:SlimyHat"}],"event_choices":[{"damage_healed":0.0,"max_hp_gain":0.0,"max_hp_loss":0.0,"gold_gain":0.0,"event_name":"Match and Keep!","player_choice":"1 cards matched","floor":2.0,"gold_loss":0.0,"damage_taken":0.0,"cards_obtained":["Hololive_CallUsadaPekora"]},{"damage_healed":0.0,"max_hp_gain":0.0,"max_hp_loss":0.0,"gold_gain":0.0,"event_name":"conspire:LoneGhost","player_choice":"Disagree","floor":5.0,"gold_loss":0.0,"damage_taken":0.0},{"damage_healed":0.0,"max_hp_gain":0.0,"max_hp_loss":0.0,"gold_gain":0.0,"event_name":"Addict","player_choice":"Obtained Relic","floor":21.0,"gold_loss":85.0,"damage_taken":0.0,"relics_obtained":["Art of War"]},{"cards_removed":["Hololive_Defend"],"damage_healed":0.0,"max_hp_gain":0.0,"max_hp_loss":0.0,"gold_gain":0.0,"event_name":"Beggar","player_choice":"Gave Gold","floor":27.0,"gold_loss":75.0,"damage_taken":0.0},{"damage_healed":0.0,"max_hp_gain":0.0,"max_hp_loss":0.0,"gold_gain":0.0,"event_name":"WeMeetAgain","player_choice":"Gave Potion","floor":39.0,"gold_loss":0.0,"damage_taken":0.0,"relics_obtained":["Toy Ornithopter"]}],"is_beta":false,"boss_relics":[{"not_picked":["hubris:VirtuousBlindfold","Fusion Hammer"],"picked":"hubris:RunicObelisk"},{"not_picked":["Calling Bell","Astrolabe"],"picked":"Runic Dome"}],"items_purged_floors":[],"is_endless":false,"potions_floor_spawned":[3,7,14,22,24,28,29,33,41,42],"ascension_level":13}}