{"host":"gknpnudn4hog7rzv","time":1612564064,"event":{"mods":["BaseMod","BetterRewards","Downfall","Hermit","Minty Spire (QoL Compilation)","Robot Space Explorer","StSLib","The Bug Knight"],"gold_per_floor":[115,115,115,115,126,159,5,34,34,34,68,79,103,116,116,211,211,221,221,30,43,43,78,91,91,91],"floor_reached":25,"language":"ENG","playtime":806,"items_purged":[],"score":304,"play_id":"f33784a0-a3ca-4ea5-92cb-dae1c5a15239","local_time":"20210205152744","is_ascension_mode":true,"campfire_choices":[{"floor":10,"key":"REST"},{"floor":15,"key":"REST"}],"circlet_count":0,"master_deck":["RobotSpaceExplorer:Strike","RobotSpaceExplorer:Defend+1","RobotSpaceExplorer:Defend","RobotSpaceExplorer:Defend+1","RobotSpaceExplorer:Defend","RobotSpaceExplorer:Scan","RobotSpaceExplorer:MiniLasers","RobotSpaceExplorer:Pulsar+1","RobotSpaceExplorer:BigMissile+1","RobotSpaceExplorer:FrostMissile+1","RobotSpaceExplorer:ScrapToss+1","RobotSpaceExplorer:Probe+1","RobotSpaceExplorer:StunGrenade+1","RobotSpaceExplorer:ChargingLaser+1","RobotSpaceExplorer:SelfCleaning+1","RobotSpaceExplorer:Smokescreen+1","RobotSpaceExplorer:StunGrenade+1","RobotSpaceExplorer:StarDust","RobotSpaceExplorer:PowerGlove+1","RobotSpaceExplorer:Pulsar+1"],"relics":["RobotSpaceExplorer:RoboCore","NeowsBlessing","Molten Egg 2","Ornamental Fan","Matryoshka","StrikeDummy","Odd Mushroom","Astrolabe","RobotSpaceExplorer:FoglandsKnife","Pantograph"],"acts_visited":["Exordium","TheCity"],"potions_floor_usage":[6,7,8,8,13,25],"damage_taken":[{"damage":0,"enemies":"2 Louse","floor":1,"turns":1},{"damage":0,"enemies":"Jaw Worm","floor":5,"turns":1},{"damage":0,"enemies":"3 Sentries","floor":6,"turns":1},{"damage":17,"enemies":"Lagavulin","floor":8,"turns":8},{"damage":20,"enemies":"Gremlin Nob","floor":11,"turns":5},{"damage":6,"enemies":"Small Slimes","floor":12,"turns":2},{"damage":12,"enemies":"The Mushroom Lair","floor":13,"turns":4},{"damage":7,"enemies":"Gremlin Gang","floor":14,"turns":4},{"damage":20,"enemies":"The Guardian","floor":16,"turns":13},{"damage":0,"enemies":"3 Byrds","floor":18,"turns":6},{"damage":9,"enemies":"Chosen","floor":21,"turns":5},{"damage":41,"enemies":"Slavers","floor":23,"turns":6},{"damage":26,"enemies":"Centurion and Healer","floor":24,"turns":8},{"damage":6,"enemies":"Snake Plant","floor":25,"turns":3}],"seed_played":"-7979385889653144384","potions_obtained":[{"floor":1,"key":"BlessingOfTheForge"},{"floor":5,"key":"SneckoOil"},{"floor":6,"key":"SpeedPotion"},{"floor":11,"key":"RobotSpaceExplorer:RecyclePotion"},{"floor":23,"key":"CultistPotion"}],"is_trial":false,"path_per_floor":["M","?","?","?","M","E","$","E","T","R","E","M","?","M","R","B",null,"M","?","$","M","?","E","M","M"],"character_chosen":"RobotSpaceExplorer","items_purchased":["Fruit Juice","RobotSpaceExplorer:FrostMissile+1","RobotSpaceExplorer:StarDust","RobotSpaceExplorer:FoglandsKnife"],"campfire_rested":2,"item_purchase_floors":[7,7,20,20],"current_hp_per_floor":[75,75,75,60,60,60,65,48,48,72,52,46,34,27,51,31,80,80,80,80,71,71,30,4,0,0],"gold":91,"neow_bonus":"THREE_ENEMY_KILL","is_daily":false,"chose_seed":false,"campfire_upgraded":0,"win_rate":0.0,"timestamp":1612564064,"path_taken":["M","?","?","?","?","E","$","E","T","R","E","M","?","M","R","BOSS","M","?","$","M","?","E","M","?"],"items_purchased_type":["Potion","Card","Card","Relic"],"build_version":"2020-12-22","purchased_purges":0,"victory":false,"max_hp_per_floor":[75,75,75,75,75,75,80,80,80,80,80,80,80,80,80,80,80,80,80,80,80,80,80,80,80,80],"card_choices":[{"not_picked":["RobotSpaceExplorer:MakeshiftVolley","RobotSpaceExplorer:MetalStrike"],"picked":"RobotSpaceExplorer:Pulsar","floor":1},{"not_picked":["RobotSpaceExplorer:Reload","RobotSpaceExplorer:SurgingStrike","RobotSpaceExplorer:GlueShot"],"picked":"SKIP","floor":5},{"not_picked":["RobotSpaceExplorer:StunGrenade+1","RobotSpaceExplorer:SurgingStrike+1"],"picked":"RobotSpaceExplorer:BigMissile+1","floor":6},{"not_picked":["RobotSpaceExplorer:SurgingShield","RobotSpaceExplorer:SlimeMissile+1"],"picked":"RobotSpaceExplorer:ScrapToss+1","floor":8},{"not_picked":["RobotSpaceExplorer:SelfCleaning","RobotSpaceExplorer:Blitz+1","RobotSpaceExplorer:SurgingShield"],"picked":"SKIP","floor":11},{"not_picked":["RobotSpaceExplorer:IronShell","RobotSpaceExplorer:Smokescreen"],"picked":"RobotSpaceExplorer:Probe+1","floor":12},{"not_picked":["RobotSpaceExplorer:ToxicBomb","RobotSpaceExplorer:ShovelStrike+1"],"picked":"RobotSpaceExplorer:StunGrenade+1","floor":14},{"not_picked":["RobotSpaceExplorer:Arsenal","RobotSpaceExplorer:Asteroid+1"],"picked":"RobotSpaceExplorer:ChargingLaser+1","floor":16},{"not_picked":["RobotSpaceExplorer:FranticSearch","RobotSpaceExplorer:Calculate","RobotSpaceExplorer:Ammunition"],"picked":"SKIP","floor":18},{"not_picked":["RobotSpaceExplorer:ScrapMissile+1","RobotSpaceExplorer:Probe+1"],"picked":"RobotSpaceExplorer:PowerGlove+1","floor":21},{"not_picked":["RobotSpaceExplorer:ShockKick+1","RobotSpaceExplorer:IronShell","RobotSpaceExplorer:SurgingStrike+1"],"picked":"SKIP","floor":23},{"not_picked":["RobotSpaceExplorer:SelfCleaning","RobotSpaceExplorer:ScrapShield","RobotSpaceExplorer:ToxicBomb"],"picked":"SKIP","floor":24}],"player_experience":387622,"relics_obtained":[{"floor":6,"key":"Molten Egg 2"},{"floor":8,"key":"Ornamental Fan"},{"floor":9,"key":"Matryoshka"},{"floor":11,"key":"StrikeDummy"},{"floor":13,"key":"Odd Mushroom"},{"floor":23,"key":"Pantograph"}],"event_choices":[{"damage_healed":0,"gold_gain":0,"player_choice":"Leave","damage_taken":0,"max_hp_gain":0,"max_hp_loss":0,"event_name":"The Cleric","floor":2,"gold_loss":0},{"damage_healed":0,"gold_gain":0,"player_choice":"Grow","damage_taken":0,"max_hp_gain":0,"max_hp_loss":0,"event_name":"Living Wall","floor":3,"gold_loss":0,"cards_upgraded":["RobotSpaceExplorer:Pulsar"]},{"damage_healed":0,"gold_gain":0,"player_choice":"Entered Light","damage_taken":15,"max_hp_gain":0,"max_hp_loss":0,"event_name":"Shining Light","floor":4,"gold_loss":0,"cards_upgraded":["RobotSpaceExplorer:Defend","RobotSpaceExplorer:Defend"]},{"damage_healed":0,"gold_gain":0,"player_choice":"Fought Mushrooms","damage_taken":0,"max_hp_gain":0,"max_hp_loss":0,"event_name":"Mushrooms","floor":13,"gold_loss":0},{"damage_healed":0,"gold_gain":0,"player_choice":"Ignored","damage_taken":0,"max_hp_gain":0,"max_hp_loss":0,"event_name":"Cursed Tome","floor":19,"gold_loss":0},{"damage_healed":0,"gold_gain":0,"player_choice":"Copied","damage_taken":0,"max_hp_gain":0,"max_hp_loss":0,"event_name":"Duplicator","floor":22,"gold_loss":0,"cards_obtained":["RobotSpaceExplorer:Pulsar"]}],"is_beta":false,"boss_relics":[{"not_picked":["Pandora\u0027s Box","Velvet Choker"],"picked":"Astrolabe"}],"items_purged_floors":[],"is_endless":false,"potions_floor_spawned":[1,5,6,11,23],"killed_by":"Snake Plant","ascension_level":3}}