{"host":"df48i9djcn92c5sx","time":1612531541,"event":{"mods":["Act Like it!","Arknights","BaseMod","Decade(王小明)","Downfall","Gensokyo","Marisa（F雨　魔理沙）","Minty Spire (QoL Compilation)","READ ME - Guardian Mod","READ ME - Snecko Mod","Reimu（博丽灵梦）","Remilia（蕾米莉亚）","Shop Mod","StSLib","The Jungle","The Servant 0.9.4"],"gold_per_floor":[119,129,56,44,44,74,74,85,109,336,336,363,363,363,363,463,463,463,463],"floor_reached":18,"language":"ZHS","playtime":615,"items_purged":[],"score":328,"play_id":"5867bdfe-c20c-46e2-aebd-79bdff56bd25","local_time":"20210205212541","is_ascension_mode":true,"campfire_choices":[{"data":"KidneyShot","floor":7.0,"key":"SMITH"},{"data":"Barrier","floor":11.0,"key":"SMITH"},{"data":"LightFlow","floor":13.0,"key":"SMITH"},{"data":"KillingDoll","floor":15,"key":"SMITH"}],"circlet_count":0,"master_deck":["Strike_S","Strike_S","Strike_S","Strike_S","Defend_S","Defend_S","Defend_S","Defend_S","KidneyShot+1","Exchange","Rearm","Gensokyo:CrescentMoonSlash","Barrier+1","KillingDoll+1","LightFlow+1","Duplication"],"relics":["Uniform","NeowsBlessing","Omamori","Nunchaku","WingedGreaves","PaperSwan","Calling Bell","Mastiff:ReiMu","CrazyTorch:ReiMu","Dead Branch"],"acts_visited":["Exordium","Gensokyo:Gensokyo"],"potions_floor_usage":[16],"damage_taken":[{"damage":0.0,"enemies":"Gensokyo:Gryphon","floor":1.0,"turns":1.0},{"damage":0.0,"enemies":"Gensokyo:Python","floor":2.0,"turns":1.0},{"damage":0.0,"enemies":"Gensokyo:Aya","floor":6.0,"turns":2.0},{"damage":0.0,"enemies":"Gensokyo:3_Fairies","floor":8.0,"turns":4.0},{"damage":6.0,"enemies":"Gensokyo:Mamizou","floor":10.0,"turns":12.0},{"damage":1.0,"enemies":"Gensokyo:Cirno","floor":12.0,"turns":5.0},{"damage":0,"enemies":"Gensokyo:Kokoro","floor":16,"turns":12},{"damage":0,"enemies":"Gensokyo:CosmicMonolith","floor":18,"turns":2}],"seed_played":"3558219688610314402","potions_obtained":[{"floor":6.0,"key":"AttackPotion"},{"floor":8.0,"key":"Energy Potion"},{"floor":12.0,"key":"SteroidPotion"}],"is_trial":false,"path_per_floor":["M","M","COS","?","?","E","R","M","T","E","R","E","R","?","R","B",null,"M"],"character_chosen":"THE_SERVANT","items_purchased":[],"campfire_rested":0,"item_purchase_floors":[],"current_hp_per_floor":[59,59,59,65,56,56,56,56,56,50,50,49,49,65,65,65,65,65,65],"gold":463,"neow_bonus":"THREE_ENEMY_KILL","is_daily":false,"chose_seed":false,"campfire_upgraded":4,"win_rate":0.0,"timestamp":1612531541,"path_taken":["M","?","COS","?","?","E","R","M","T","E","R","E","R","?","R","BOSS","M"],"items_purchased_type":[],"build_version":"2020-12-22","purchased_purges":0,"victory":false,"max_hp_per_floor":[65,65,65,65,65,65,65,65,65,65,65,65,65,65,65,65,65,65,65],"card_choices":[{"not_picked":["Rewind","Shuttle","Deadline"],"picked":"SKIP","floor":1.0},{"not_picked":["Defy","Manipulate"],"picked":"Rearm","floor":2.0},{"not_picked":["Desolation","Shuttle"],"picked":"Barrier","floor":6.0},{"not_picked":["FloweringNight","TrueSight"],"picked":"KillingDoll","floor":8.0},{"not_picked":["Potential","DoubleEdge","Alleviate"],"picked":"SKIP","floor":8.0},{"not_picked":["Potential","DoubleEdge","Alleviate"],"picked":"SKIP","floor":8.0},{"not_picked":["Snipe","Rearm","Potential"],"picked":"SKIP","floor":10.0},{"not_picked":["Snipe","Rearm","Potential"],"picked":"SKIP","floor":10.0},{"not_picked":["Rearm","Foresight"],"picked":"LightFlow","floor":12.0},{"not_picked":["LightFlow","KillingDoll"],"picked":"Duplication","floor":16}],"player_experience":1516746,"relics_obtained":[{"floor":6.0,"key":"Omamori"},{"floor":9.0,"key":"Nunchaku"},{"floor":10.0,"key":"WingedGreaves"},{"floor":12.0,"key":"PaperSwan"},{"floor":17,"key":"Mastiff:ReiMu"},{"floor":17,"key":"CrazyTorch:ReiMu"},{"floor":17,"key":"Dead Branch"}],"event_choices":[],"is_beta":false,"boss_relics":[{"not_picked":["SacredBark","Runic Pyramid"],"picked":"Calling Bell"}],"items_purged_floors":[],"is_endless":false,"potions_floor_spawned":[6,8,12],"killed_by":"Gensokyo:CosmicMonolith","ascension_level":7}}