{"host":"5ffrjkuvgrxgllwx","time":1612488257,"event":{"mods":["AchievementEnabler","BaseMod","Colored Map","Colored Powertips","Downfall","Minty Spire (QoL Compilation)","Quick Restart","Rare Cards Sparkle","StSLib","everything is the same but u backflip on backflip"],"gold_per_floor":[99,274,289,289,289,321,370,370,393,393,412,17,32,132,161,272,272,281,311,331,485,494,494,545,565,586,7,31,31,31,56,81,190,217,226,259,259,332,370,419,473,44,79,102,111,111,131,143,143,143],"floor_reached":51,"language":"ENG","playtime":3315,"items_purged":["Parasite"],"score":804,"play_id":"49acc1ac-9d40-4493-9a33-3ebb2395f72d","local_time":"20210204202417","is_ascension_mode":false,"campfire_choices":[{"data":"sneckomod:SnekBite","floor":1.0,"key":"SMITH"},{"data":"sneckomod:SnakeSap","floor":8.0,"key":"SMITH"},{"floor":10.0,"key":"REST"},{"floor":29,"key":"REST"},{"floor":46,"key":"REST"},{"data":"1","floor":49,"key":"LIFT"}],"circlet_count":0,"master_deck":["sneckomod:Strike+1","sneckomod:Defend+1","sneckomod:Defend","sneckomod:Defend","sneckomod:TailWhip","sneckomod:SnekBite+1","sneckomod:Mudshield","sneckomod:QuickMove","sneckomod:SnakeSap+1","sneckomod:SlitherStrike","sneckomod:UnknownUncommonAttack+1","sneckomod:Cheat","expansioncontent:YouAreMine+1","sneckomod:WideSting","sneckomod:UnknownRarePower+1","sneckomod:QuickBite","sneckomod:UnknownRareSkill","hexamod:TimeOfNeed","Guardian:Gem_Green","sneckomod:UnknownWeak+1","sneckomod:UnknownStrike+1","CurseOfTheBell","CurseOfTheBell","downfall:Haunted","sneckomod:DangerNoodle","downfall:Haunted","RitualDagger","hexamod:SixthSeal","sneckomod:SnakeSap","sneckomod:DiceBlock+1","expansioncontent:Chronoboost","Guardian:Gem_Lightblue","sneckomod:RainOfDice+1","sneckomod:Cheat","sneckomod:MorePower","sneckomod:SnakeSap+1","sneckomod:UnknownExhaust+1","sneckomod:MorePower+1","expansioncontent:InvincibleStrength","sneckomod:UnknownBoss+1","sneckomod:MasterEye","sneckomod:UnknownX+1","sneckomod:Unknown2Cost+1","sneckomod:Unknown0Cost+1","sneckomod:SnekBeam","sneckomod:UnknownUncommonPower+1","sneckomod:UnknownRarePower+1","Guardian:Gem_Red","sneckomod:UnknownRarePower+1","sneckomod:UnknownExhaust","expansioncontent:StudyTheSpire","sneckomod:DiceCrush","sneckomod:UnknownRarePower+1","hexamod:FirstSeal","expansioncontent:PrepareCrush"],"relics":["sneckomod:SneckoSoul","Bird Faced Urn","Bag of Marbles","CeramicFish","OrangePellets","Fusion Hammer","downfall:ExtraCursedBell","Oddly Smooth Stone","Meat on the Bone","Dead Branch","Ancient Tea Set","Torii","Astrolabe","Girya","Akabeko","Vajra","Du-Vu Doll","Anchor","Smiling Mask"],"acts_visited":["Exordium","TheCity","TheBeyond"],"potions_floor_usage":[25,26,33,39,40,42,50],"damage_taken":[{"damage":11.0,"enemies":"2 Louse","floor":3.0,"turns":3.0},{"damage":19.0,"enemies":"3 Sentries","floor":6.0,"turns":8.0},{"damage":0.0,"enemies":"Small Slimes","floor":9.0,"turns":3.0},{"damage":11.0,"enemies":"Jaw Worm","floor":11.0,"turns":2.0},{"damage":5.0,"enemies":"downfall:FleeingMerchant","floor":12.0,"turns":4.0},{"damage":14.0,"enemies":"Blue Slaver","floor":13.0,"turns":5.0},{"damage":14.0,"enemies":"2 Fungi Beasts","floor":15.0,"turns":3.0},{"damage":15.0,"enemies":"SI_SHIV_ARCHETYPE","floor":16.0,"turns":5.0},{"damage":20,"enemies":"Spheric Guardian","floor":19,"turns":4},{"damage":19,"enemies":"Shell Parasite","floor":20,"turns":7},{"damage":32,"enemies":"Centurion and Healer","floor":25,"turns":4},{"damage":21,"enemies":"Sentry and Sphere","floor":26,"turns":5},{"damage":10,"enemies":"downfall:FleeingMerchant","floor":27,"turns":4},{"damage":1,"enemies":"Snake Plant","floor":28,"turns":3},{"damage":20,"enemies":"3 Cultists","floor":31,"turns":5},{"damage":2,"enemies":"Chosen and Byrds","floor":32,"turns":4},{"damage":4,"enemies":"WA_ARCHETYPE_CALM","floor":33,"turns":11},{"damage":35,"enemies":"3 Shapes","floor":36,"turns":5},{"damage":31,"enemies":"2 Orb Walkers","floor":38,"turns":6},{"damage":18,"enemies":"3 Darklings","floor":39,"turns":4},{"damage":20,"enemies":"Giant Head","floor":40,"turns":7},{"damage":8,"enemies":"downfall:FleeingMerchant","floor":42,"turns":3},{"damage":20,"enemies":"Transient","floor":43,"turns":5},{"damage":0,"enemies":"Maw","floor":47,"turns":3},{"damage":6,"enemies":"Sphere and 2 Shapes","floor":48,"turns":4},{"damage":69,"enemies":"DF_ARCHETYPE_ORBS","floor":50,"turns":6}],"seed_played":"-7904089610109454869","potions_obtained":[{"floor":11.0,"key":"FairyPotion"},{"floor":13.0,"key":"SmokeBomb"},{"floor":15.0,"key":"ColorlessPotion"},{"floor":20,"key":"Weak Potion"},{"floor":25,"key":"ColorlessPotion"},{"floor":31,"key":"Explosive Potion"},{"floor":36,"key":"FearPotion"},{"floor":39,"key":"PowerPotion"}],"is_trial":false,"path_per_floor":["R","?","M","?","?","E","T","R","M","R","M","$","M","?","M","B",null,"R","M","M","?","?","?","T","M","M","$","M","R","?","M","M","B",null,"R","M","?","?","M","E","T","$","M","T","?","R","M","M","R","B",null],"character_chosen":"THE_SNECKO","items_purchased":["expansioncontent:YouAreMine","sneckomod:WideSting","sneckomod:UnknownRarePower","OrangePellets","Torii","sneckomod:UnknownBoss","expansioncontent:Chronoboost","Du-Vu Doll","Fruit Juice","expansioncontent:StudyTheSpire","Anchor","Energy Potion","sneckomod:DiceCrush"],"campfire_rested":3,"item_purchase_floors":[12,12,12,12,27,27,27,42,42,42,42,42,42],"current_hp_per_floor":[90,90,79,79,79,62,62,62,64,90,79,78,68,68,56,47,90,90,72,57,62,56,87,87,59,58,52,57,84,84,74,80,92,92,92,63,63,52,54,60,60,71,63,63,63,92,97,91,91,52],"gold":143,"neow_bonus":"ONE_RANDOM_RARE_CARD","is_daily":false,"chose_seed":false,"campfire_upgraded":2,"win_rate":0.0,"timestamp":1612488257,"path_taken":["R","?","M","?","?","E","T","R","M","R","M","$","M","?","M","BOSS","R","M","M","?","?","?","T","M","M","$","M","R","?","M","M","BOSS","R","M","?","?","?","E","T","$","M","?","?","R","M","M","R","BOSS"],"items_purchased_type":["Card","Card","Card","Relic","Relic","Card","Card","Relic","Potion","Card","Relic","Potion","Card"],"build_version":"2020-12-22","purchased_purges":1,"victory":true,"max_hp_per_floor":[90,90,90,90,90,90,90,90,90,90,90,90,90,90,90,90,90,90,90,90,95,95,95,95,95,95,92,92,92,92,92,92,92,92,92,92,92,92,92,92,92,97,97,97,97,97,97,97,97,97],"card_choices":[{"not_picked":["sneckomod:UnknownCommonAttack","sneckomod:SoulCleanse"],"picked":"sneckomod:QuickMove","floor":3.0},{"not_picked":["sneckomod:Unknown1Cost","sneckomod:UnknownCommonSkill"],"picked":"sneckomod:SnakeSap","floor":6.0},{"not_picked":["sneckomod:UnknownUncommonAttack","sneckomod:QuickMove"],"picked":"sneckomod:SlitherStrike","floor":9.0},{"not_picked":["sneckomod:UnknownDraw","sneckomod:UnknownExhaust"],"picked":"sneckomod:UnknownUncommonAttack","floor":11.0},{"not_picked":["sneckomod:UnknownWeak","sneckomod:IronFang"],"picked":"sneckomod:Cheat","floor":12.0},{"not_picked":["sneckomod:Nope","sneckomod:Unknown1Cost","sneckomod:UnknownExhaust"],"picked":"SKIP","floor":13.0},{"not_picked":["sneckomod:UnknownCommonSkill","sneckomod:SoulDraw"],"picked":"sneckomod:QuickBite","floor":15.0},{"not_picked":["sneckomod:DangerNoodle","sneckomod:UnknownRarePower"],"picked":"sneckomod:UnknownRareSkill","floor":16.0},{"not_picked":["Guardian:Gem_Red","Guardian:Gem_Cyan"],"picked":"Guardian:Gem_Green","floor":19},{"not_picked":["sneckomod:Unknown1Cost","sneckomod:QuickBite"],"picked":"sneckomod:UnknownWeak","floor":19},{"not_picked":["sneckomod:DiceBoulder","sneckomod:SlitherStrike"],"picked":"sneckomod:UnknownStrike+1","floor":20},{"not_picked":["hexamod:ThirdSeal","hexamod:FourthSeal"],"picked":"hexamod:SixthSeal","floor":25},{"not_picked":["sneckomod:UnknownUncommonPower","sneckomod:QuickBite","sneckomod:UnknownDraw+1"],"picked":"SKIP","floor":25},{"not_picked":["sneckomod:UnknownCommonSkill","sneckomod:UnknownUncommonSkill"],"picked":"sneckomod:SnakeSap","floor":26},{"not_picked":["sneckomod:UnknownStrike","sneckomod:UnknownCommonAttack"],"picked":"sneckomod:DiceBlock+1","floor":27},{"not_picked":["Guardian:Gem_Green","Guardian:Gem_Red"],"picked":"Guardian:Gem_Lightblue","floor":28},{"not_picked":["sneckomod:WideSting","sneckomod:UnknownStrike+1","sneckomod:SoulRoll"],"picked":"SKIP","floor":28},{"not_picked":["sneckomod:UnknownStrike","sneckomod:Unknown0Cost"],"picked":"sneckomod:RainOfDice+1","floor":31},{"not_picked":["sneckomod:UnknownBlock+1","sneckomod:QuickBite+1"],"picked":"sneckomod:Cheat","floor":32},{"not_picked":["sneckomod:UnknownRarePower","sneckomod:Unknown3Cost"],"picked":"sneckomod:MorePower","floor":33},{"not_picked":["sneckomod:UnknownUncommonAttack+1","sneckomod:UnknownClassHEXA_GHOST_PURPLE+1"],"picked":"sneckomod:UnknownBoss+1","floor":36},{"not_picked":["sneckomod:UnknownBlock","sneckomod:UnknownUncommonAttack"],"picked":"sneckomod:MasterEye","floor":36},{"not_picked":["sneckomod:UnknownUncommonSkill+1","sneckomod:UnknownWeak+1"],"picked":"sneckomod:UnknownX+1","floor":38},{"not_picked":["sneckomod:DiceCrush","sneckomod:ImprovisedGuard+1"],"picked":"sneckomod:Unknown2Cost+1","floor":38},{"not_picked":["sneckomod:UnknownWeak+1","sneckomod:UnknownExhaust+1"],"picked":"sneckomod:Unknown0Cost+1","floor":39},{"not_picked":["sneckomod:UnknownUncommonSkill+1","sneckomod:WideSting"],"picked":"sneckomod:SnekBeam","floor":39},{"not_picked":["sneckomod:UnknownDraw+1","sneckomod:UnknownClassGUARDIAN+1"],"picked":"sneckomod:UnknownUncommonPower+1","floor":40},{"not_picked":["sneckomod:UnknownBlock+1","sneckomod:UnknownCommonSkill+1"],"picked":"sneckomod:UnknownRarePower+1","floor":40},{"not_picked":["sneckomod:QuickMove+1","sneckomod:UnknownClassRED","sneckomod:Nope+1"],"picked":"SKIP","floor":40},{"not_picked":["Guardian:Gem_Cyan","Guardian:Gem_Green"],"picked":"Guardian:Gem_Red","floor":42},{"not_picked":["sneckomod:UnknownClassHEXA_GHOST_PURPLE+1","sneckomod:UnknownVulnerable+1"],"picked":"sneckomod:UnknownRarePower+1","floor":42},{"not_picked":["sneckomod:UnknownClassRED+1","sneckomod:UnknownCommonAttack"],"picked":"sneckomod:UnknownExhaust","floor":42},{"not_picked":["sneckomod:UnknownDraw+1","sneckomod:UnknownClassRED+1"],"picked":"sneckomod:UnknownRarePower+1","floor":43},{"not_picked":["hexamod:FourthSeal","hexamod:ThirdSeal"],"picked":"hexamod:FirstSeal","floor":43},{"not_picked":["sneckomod:CheapStock","sneckomod:SoulDraw+1","sneckomod:SnekBeam+1"],"picked":"SKIP","floor":43},{"not_picked":["expansioncontent:GuardianWhirl","expansioncontent:PolyBeam"],"picked":"expansioncontent:PrepareCrush","floor":45},{"not_picked":["sneckomod:QuickBite","sneckomod:Nope+1","sneckomod:SlitherStrike+1"],"picked":"SKIP","floor":47},{"not_picked":["sneckomod:DiceCrush","sneckomod:UnknownClassRED+1","sneckomod:DiceBlock+1"],"picked":"SKIP","floor":48}],"player_experience":1402115,"relics_obtained":[{"floor":6.0,"key":"Bag of Marbles"},{"floor":7.0,"key":"CeramicFish"},{"floor":21,"key":"Oddly Smooth Stone"},{"floor":21,"key":"Meat on the Bone"},{"floor":21,"key":"Dead Branch"},{"floor":24,"key":"Ancient Tea Set"},{"floor":38,"key":"Girya"},{"floor":40,"key":"Akabeko"},{"floor":41,"key":"Vajra"},{"floor":44,"key":"Smiling Mask"}],"event_choices":[{"cards_removed":["Doubt"],"damage_healed":0.0,"max_hp_gain":0.0,"max_hp_loss":0.0,"gold_gain":0.0,"event_name":"The Cleric","player_choice":"Card Removal","floor":4.0,"gold_loss":0.0,"damage_taken":0.0},{"damage_healed":31,"gold_gain":0,"player_choice":"Heal","damage_taken":0,"max_hp_gain":0,"max_hp_loss":0,"event_name":"The Library","floor":23,"gold_loss":0},{"damage_healed":0,"gold_gain":0,"player_choice":"Fight","damage_taken":0,"max_hp_gain":0,"max_hp_loss":0,"event_name":"Mysterious Sphere","floor":38,"gold_loss":0}],"is_beta":false,"boss_relics":[{"not_picked":["Runic Dome","Runic Pyramid"],"picked":"Fusion Hammer"},{"not_picked":["Velvet Choker","Empty Cage"],"picked":"Astrolabe"}],"items_purged_floors":[27],"is_endless":false,"potions_floor_spawned":[11,13,15,20,25,31,32,36,39,43,47],"ascension_level":0}}