{"host":"uhnh33uh34qot0et","time":1612561781,"event":{"mods":["BaseMod","Colored Map","Downfall","Hermit","Marisa????????","Minty Spire (QoL Compilation)","StSLib","The Bug Knight","The Cursed","The Servant 0.9.4"],"gold_per_floor":[199,213,227,227,241,301,326,226,238,238,250,150,168,194,212,313,313,313,333,333,344,344,370,451,464,464,464,476,224,224,224,224,224,224],"floor_reached":32,"language":"ENG","playtime":1257,"items_purged":[],"score":287,"play_id":"9b2b1540-ffb5-43d8-8137-0d53aa78cb67","local_time":"20210205224941","is_ascension_mode":false,"campfire_choices":[{"data":"hexamod:Sear","floor":1,"key":"SMITH"},{"floor":8,"key":"REST"},{"floor":10,"key":"RECALL"},{"data":"hexamod:RadiantFlame","floor":12,"key":"SMITH"},{"data":"hexamod:DynamicBlow","floor":18,"key":"SMITH"},{"floor":26,"key":"REST"}],"circlet_count":0,"master_deck":["hexamod:Sear+1","hexamod:Float","hexamod:RadiantFlame+1","hexamod:FlamesFromBeyond","hexamod:ForkedFlame","hexamod:DynamicBlow+1","hexamod:FlamesFromBeyond","hexamod:InspiringFlames","hexamod:TimeOfNeed","hexamod:FirstSeal","hexamod:CouncilsJustice","hexamod:CouncilsJustice","hexamod:CouncilsJustice","Ghostly","Ghostly","Ghostly","hexamod:FlamesFromBeyond+1","hexamod:FifthSeal","hexamod:HeatCrush","hexamod:Incineration","hexamod:FirstSeal","hexamod:Firestarter","hexamod:SixthSeal","hexamod:ThermalTransfer+1","hexamod:Sear+1","expansioncontent:InvincibleStrength"],"relics":["hexamod:SpiritBrand","Bag of Preparation","downfall:HeartBlessingBlue","downfall:HeartBlessingRed","Happy Flower","Philosopher\u0027s Stone","HollowMod:LifeEnderRelic","Juzu Bracelet","Darkstone Periapt","DollysMirror"],"acts_visited":["Exordium","TheCity"],"potions_floor_usage":[14,16,16,16,16,25],"damage_taken":[{"damage":0,"enemies":"Cultist","floor":2,"turns":3},{"damage":9,"enemies":"2 Louse","floor":3,"turns":3},{"damage":1,"enemies":"Jaw Worm","floor":5,"turns":3},{"damage":21,"enemies":"3 Sentries","floor":6,"turns":8},{"damage":5,"enemies":"Exordium Thugs","floor":9,"turns":4},{"damage":2,"enemies":"Blue Slaver","floor":11,"turns":3},{"damage":3,"enemies":"Red Slaver","floor":13,"turns":3},{"damage":10,"enemies":"HollowMod:MossKnight","floor":14,"turns":3},{"damage":0,"enemies":"Large Slime","floor":15,"turns":3},{"damage":48,"enemies":"WA_ARCHETYPE_RETAIN","floor":16,"turns":9},{"damage":3,"enemies":"Chosen","floor":19,"turns":4},{"damage":1,"enemies":"Shell Parasite","floor":21,"turns":3},{"damage":5,"enemies":"HollowMod:Nosk","floor":23,"turns":6},{"damage":10,"enemies":"3 Cultists","floor":25,"turns":4},{"damage":24,"enemies":"Snake Plant","floor":28,"turns":3},{"damage":10,"enemies":"downfall:FleeingMerchant","floor":29,"turns":4},{"damage":22,"enemies":"Shelled Parasite and Fungi","floor":32,"turns":2}],"seed_played":"186089052789238871","potions_obtained":[{"floor":3,"key":"hexamod:SoulburnPotion"},{"floor":5,"key":"Swift Potion"},{"floor":13,"key":"Explosive Potion"},{"floor":14,"key":"Dexterity Potion"},{"floor":16,"key":"Fruit Juice"},{"floor":23,"key":"Fire Potion"}],"is_trial":false,"path_per_floor":["R","M","M","?","M","?","T","R","M","R","M","R","M","E","M","B",null,"R","M","?","M","T","E","T","M","R","?","M","$","?","?","M"],"character_chosen":"THE_SPIRIT","items_purchased":["DollysMirror","expansioncontent:InvincibleStrength"],"campfire_rested":2,"item_purchase_floors":[29,29],"current_hp_per_floor":[70,70,61,61,60,39,39,73,68,68,66,66,63,53,53,10,85,85,82,42,42,42,42,42,39,42,42,18,22,22,22,0,0,0],"gold":224,"neow_bonus":"HUNDRED_GOLD","is_daily":false,"chose_seed":false,"campfire_upgraded":3,"win_rate":0.0,"timestamp":1612561781,"path_taken":["R","M","?","?","M","?","T","R","M","R","M","R","M","E","M","BOSS","R","M","?","M","?","E","T","M","R","?","M","$","?","?","M"],"items_purchased_type":["Relic","Card"],"build_version":"2020-12-22","purchased_purges":0,"victory":false,"max_hp_per_floor":[70,70,70,70,70,70,70,80,80,80,80,80,80,80,80,85,85,85,85,42,42,42,42,42,42,42,42,42,42,42,42,42,42,42],"card_choices":[{"not_picked":["hexamod:GhostLash","hexamod:GhostOfSpireFuture","hexamod:GhostOfSpirePast"],"picked":"SKIP","floor":2},{"not_picked":["hexamod:SwordOfDarkness","hexamod:NightmareGuise"],"picked":"hexamod:RadiantFlame","floor":3},{"not_picked":["hexamod:PowerFromBeyond","hexamod:InspiringFlames"],"picked":"hexamod:FlamesFromBeyond","floor":5},{"not_picked":["hexamod:Hexaguard","hexamod:InspiringFlames"],"picked":"hexamod:ForkedFlame","floor":6},{"not_picked":["hexamod:Firestarter","hexamod:GhostLash"],"picked":"hexamod:DynamicBlow","floor":9},{"not_picked":["hexamod:SpectersWail","hexamod:CatchUp"],"picked":"hexamod:FlamesFromBeyond","floor":11},{"not_picked":["hexamod:HeatMetal","hexamod:DynamicBlow","hexamod:Hexaguard"],"picked":"SKIP","floor":13},{"not_picked":["hexamod:FastForward","hexamod:HeatMetal","hexamod:BacktrackSmack"],"picked":"SKIP","floor":14},{"not_picked":["hexamod:GhostShield","hexamod:FastForward"],"picked":"hexamod:InspiringFlames","floor":15},{"not_picked":["hexamod:ParanormalForm","hexamod:TimeWarp"],"picked":"hexamod:TimeOfNeed","floor":16},{"not_picked":["hexamod:FastForward","hexamod:RetreatToShadows"],"picked":"hexamod:FirstSeal","floor":19},{"not_picked":["hexamod:NightmareGuise+1","hexamod:RetreatToShadows"],"picked":"hexamod:FlamesFromBeyond+1","floor":21},{"not_picked":["hexamod:ThirdSeal","hexamod:Hexaguard"],"picked":"hexamod:FifthSeal","floor":23},{"not_picked":["hexamod:SwordOfDarkness","hexamod:GhostShield"],"picked":"hexamod:HeatCrush","floor":25},{"not_picked":["hexamod:FourthSeal","hexamod:SecondSeal"],"picked":"hexamod:FirstSeal","floor":28},{"not_picked":["hexamod:GhostLash+1","hexamod:ParanormalForm"],"picked":"hexamod:Firestarter","floor":28},{"not_picked":["hexamod:SecondSeal","hexamod:FirstSeal"],"picked":"hexamod:SixthSeal","floor":29},{"not_picked":["hexamod:GhostShield+1","hexamod:InspiringFlames"],"picked":"hexamod:ThermalTransfer+1","floor":29}],"player_experience":11494,"relics_obtained":[{"floor":6,"key":"Bag of Preparation"},{"floor":14,"key":"Happy Flower"},{"floor":22,"key":"HollowMod:LifeEnderRelic"},{"floor":23,"key":"Juzu Bracelet"},{"floor":24,"key":"Darkstone Periapt"}],"event_choices":[{"damage_healed":0,"gold_gain":0,"player_choice":"Read","damage_taken":0,"max_hp_gain":0,"max_hp_loss":0,"event_name":"The Library","floor":27,"gold_loss":0,"cards_obtained":["hexamod:Incineration"]},{"damage_healed":0,"gold_gain":0,"player_choice":"Ignored","damage_taken":0,"max_hp_gain":0,"max_hp_loss":0,"event_name":"NoteForYourself","floor":30,"gold_loss":0}],"is_beta":false,"boss_relics":[{"not_picked":["Cursed Key","Astrolabe"],"picked":"Philosopher\u0027s Stone"}],"items_purged_floors":[],"is_endless":false,"potions_floor_spawned":[3,5,13,14,16,23],"killed_by":"Shelled Parasite and Fungi","ascension_level":0}}