{"host":"l8n3qytufxtuz5eu","time":1612494114,"event":{"mods":["BaseMod","Colored Map","Minty Spire (QoL Compilation)","Relic Stats"],"gold_per_floor":[110,124,136,156,171,171,171,171,171,196,214,239,48,48,48,150,150,161,236,255,205,51,51,51],"floor_reached":23,"language":"ENG","playtime":1045,"items_purged":["Strike_G","Strike_G"],"score":302,"play_id":"d403c8da-a2db-4354-aa81-c37edf717560","local_time":"20210204190154","is_ascension_mode":true,"campfire_choices":[{"data":"Flechettes","floor":6.0,"key":"SMITH"},{"data":"Noxious Fumes","floor":8.0,"key":"SMITH"},{"floor":15.0,"key":"REST"}],"circlet_count":0,"master_deck":["AscendersBane","Strike_G","Strike_G","Strike_G","Defend_G","Defend_G","Defend_G","Defend_G","Defend_G","Survivor","Neutralize","Flechettes+1","Blur","Acrobatics","Noxious Fumes+1","A Thousand Cuts","Caltrops","Footwork","Deadly Poison","PiercingWail","Night Terror","Backflip+1","Dash","Catalyst","Caltrops+1","Burst","Unload"],"relics":["Ring of the Snake","NeowsBlessing","Smiling Mask","Bronze Scales","Pantograph","Letter Opener","Sozu","Orrery"],"acts_visited":["Exordium","TheCity"],"potions_floor_usage":[23],"damage_taken":[{"damage":0.0,"enemies":"Cultist","floor":1.0,"turns":1.0},{"damage":0.0,"enemies":"Jaw Worm","floor":2.0,"turns":1.0},{"damage":0.0,"enemies":"2 Louse","floor":3.0,"turns":1.0},{"damage":0.0,"enemies":"2 Fungi Beasts","floor":4.0,"turns":6.0},{"damage":17.0,"enemies":"Looter","floor":5.0,"turns":4.0},{"damage":25.0,"enemies":"Gremlin Nob","floor":10.0,"turns":4.0},{"damage":8.0,"enemies":"3 Louse","floor":11.0,"turns":3.0},{"damage":10.0,"enemies":"3 Sentries","floor":12.0,"turns":6.0},{"damage":30.0,"enemies":"Hexaghost","floor":16.0,"turns":9.0},{"damage":27.0,"enemies":"Spheric Guardian","floor":18.0,"turns":5.0},{"damage":7,"enemies":"Shell Parasite","floor":20,"turns":6},{"damage":21,"enemies":"Gremlin Leader","floor":23,"turns":3}],"seed_played":"4514102564496620653","potions_obtained":[{"floor":1.0,"key":"Ancient Potion"},{"floor":3.0,"key":"GamblersBrew"},{"floor":4.0,"key":"CunningPotion"}],"is_trial":false,"path_per_floor":["M","M","M","M","M","R","?","R","T","E","M","E","$","T","R","B",null,"M","?","M","$","$","E"],"character_chosen":"THE_SILENT","items_purchased":["Footwork","Deadly Poison","PiercingWail","Orrery"],"campfire_rested":1,"item_purchase_floors":[13,13,13,22],"current_hp_per_floor":[63,63,63,63,46,46,46,46,46,21,13,3,3,3,24,19,57,30,23,16,16,16,0,0],"gold":51,"neow_bonus":"THREE_ENEMY_KILL","is_daily":false,"chose_seed":false,"campfire_upgraded":2,"win_rate":0.0,"timestamp":1612494114,"path_taken":["M","M","?","M","M","R","?","R","T","E","M","E","$","?","R","BOSS","M","?","M","?","$","E"],"items_purchased_type":["Card","Card","Card","Relic"],"build_version":"2020-12-22","purchased_purges":2,"victory":false,"max_hp_per_floor":[70,70,70,70,70,70,70,70,70,70,70,70,70,70,70,70,70,70,70,70,70,70,70,70],"relic_stats":{"Sozu":0,"counters":[12,49],"Bronze Scales":[105],"Pantograph":25,"Letter Opener":[15],"Smiling Mask":75,"obtain_stats":[{"Sozu":17,"NeowsBlessing":0,"Bronze Scales":10,"Pantograph":12,"Orrery":22,"Letter Opener":14,"Smiling Mask":9,"Ring of the Snake":0},{"Sozu":9,"NeowsBlessing":0,"Bronze Scales":6,"Pantograph":8,"Orrery":11,"Letter Opener":8,"Smiling Mask":5,"Ring of the Snake":0},{"Sozu":35,"NeowsBlessing":0,"Bronze Scales":17,"Pantograph":26,"Orrery":46,"Letter Opener":26,"Smiling Mask":13,"Ring of the Snake":0}],"Ring of the Snake":[24]},"card_choices":[{"not_picked":["Predator","Reflex"],"picked":"Flechettes","floor":1.0},{"not_picked":["Prepared","Sucker Punch","Underhanded Strike"],"picked":"SKIP","floor":2.0},{"not_picked":["Outmaneuver","Sucker Punch"],"picked":"Blur","floor":3.0},{"not_picked":["Catalyst","Sucker Punch"],"picked":"Acrobatics","floor":4.0},{"not_picked":["Concentrate","Dodge and Roll"],"picked":"Noxious Fumes","floor":5.0},{"not_picked":["Expertise","Poisoned Stab"],"picked":"A Thousand Cuts","floor":10.0},{"not_picked":["Noxious Fumes","Backflip"],"picked":"Caltrops","floor":11.0},{"not_picked":["Distraction","Sucker Punch","Prepared"],"picked":"SKIP","floor":12.0},{"not_picked":["A Thousand Cuts","Doppelganger"],"picked":"Night Terror","floor":16.0},{"not_picked":["Quick Slash","Tactician"],"picked":"Backflip+1","floor":18.0},{"not_picked":["Prepared+1","Calculated Gamble"],"picked":"Dash","floor":20},{"not_picked":["Deflect+1","Flying Knee"],"picked":"Catalyst","floor":22},{"not_picked":["Deadly Poison","Bane"],"picked":"Caltrops+1","floor":22},{"not_picked":["Blur","Deadly Poison"],"picked":"Burst","floor":22},{"not_picked":["Poisoned Stab+1","Choke"],"picked":"Unload","floor":22}],"player_experience":1471901,"relics_obtained":[{"floor":9.0,"key":"Smiling Mask"},{"floor":10.0,"key":"Bronze Scales"},{"floor":12.0,"key":"Pantograph"},{"floor":14.0,"key":"Letter Opener"}],"event_choices":[{"damage_healed":0.0,"max_hp_gain":0.0,"max_hp_loss":0.0,"gold_gain":0.0,"event_name":"The Woman in Blue","player_choice":"Bought 0 Potions","floor":7.0,"gold_loss":0.0,"damage_taken":0.0},{"damage_healed":0,"gold_gain":75,"player_choice":"Touch","damage_taken":7,"max_hp_gain":0,"max_hp_loss":0,"event_name":"FaceTrader","floor":19,"gold_loss":0}],"is_beta":false,"boss_relics":[{"not_picked":["Ectoplasm","Cursed Key"],"picked":"Sozu"}],"items_purged_floors":[13,21],"is_endless":false,"potions_floor_spawned":[1,3,4],"killed_by":"Gremlin Leader","ascension_level":10}}