{"host":"0awa854l6bexpjrv","time":1612502903,"event":{"mods":["BaseMod","Block Reminder","Colored Map","Colored Powertips","Downfall","Highlight Path","Minty Spire (QoL Compilation)","Quick Restart","Rare Cards Sparkle","StSLib","SuperFastMode"],"gold_per_floor":[111,13,188,188,207,207,225,252,252,252,99,99,116,133,133,236,236,253,35,104,104,104],"floor_reached":21,"language":"ENG","playtime":3965,"items_purged":["Strike_P","Doubt","Defend_P"],"score":177,"play_id":"ea457b6a-261f-4b55-8118-f9ade1997258","local_time":"20210204212823","is_ascension_mode":true,"campfire_choices":[{"data":"Crescendo","floor":6.0,"key":"SMITH"},{"data":"EmptyFist","floor":10.0,"key":"SMITH"},{"data":"SashWhip","floor":15.0,"key":"SMITH"}],"circlet_count":0,"master_deck":["Strike_P","Strike_P","Strike_P","Defend_P","Defend_P","Defend_P","Eruption+1","Vigilance","Dramatic Entrance","FlurryOfBlows","Crescendo+1","LikeWater","EmptyFist+1","SashWhip+1","Protect","EmptyMind","BowlingBash","DevaForm","FlyingSleeves+1","Dark Shackles","Protect"],"relics":["PureWater","Odd Mushroom","Eternal Feather","SsserpentHead","SlaversCollar"],"acts_visited":["Exordium","TheCity"],"potions_floor_usage":[],"damage_taken":[{"damage":0.0,"enemies":"Jaw Worm","floor":1.0,"turns":3.0},{"damage":0.0,"enemies":"2 Louse","floor":5.0,"turns":2.0},{"damage":0.0,"enemies":"Cultist","floor":7.0,"turns":2.0},{"damage":0.0,"enemies":"The Mushroom Lair","floor":8.0,"turns":2.0},{"damage":6.0,"enemies":"Large Slime","floor":13.0,"turns":3.0},{"damage":11.0,"enemies":"Exordium Wildlife","floor":14.0,"turns":2.0},{"damage":41.0,"enemies":"Slime Boss","floor":16.0,"turns":13.0},{"damage":20.0,"enemies":"2 Thieves","floor":18.0,"turns":4.0},{"damage":2,"enemies":"Chosen","floor":20,"turns":4},{"damage":53,"enemies":"3 Cultists","floor":21,"turns":5}],"seed_played":"2480672717384305328","potions_obtained":[{"floor":5.0,"key":"DistilledChaos"},{"floor":8.0,"key":"bronze:BurnAndBuffPotion"},{"floor":16.0,"key":"StancePotion"},{"floor":18.0,"key":"sneckomod:MuddlingPotion"}],"is_trial":false,"path_per_floor":["M","$","?","?","M","R","M","?","T","R","$","?","M","M","R","B",null,"M","$","M","M"],"character_chosen":"WATCHER","items_purchased":["Crescendo","Protect","Dark Shackles"],"campfire_rested":0,"item_purchase_floors":[2,11,19],"current_hp_per_floor":[72,72,72,72,72,72,72,72,72,72,72,72,66,55,64,23,72,52,52,50,0,0],"gold":104,"neow_bonus":"RANDOM_COLORLESS","is_daily":false,"chose_seed":false,"campfire_upgraded":3,"win_rate":0.0,"timestamp":1612502903,"path_taken":["M","$","?","?","?","R","M","?","T","R","?","?","M","M","R","BOSS","M","$","?","M"],"items_purchased_type":["Card","Card","Card"],"build_version":"2020-12-22","purchased_purges":3,"victory":false,"max_hp_per_floor":[72,72,72,72,72,72,72,72,72,72,72,72,72,72,72,72,72,72,72,72,72,72],"card_choices":[{"not_picked":["Dark Shackles","Discovery"],"picked":"Dramatic Entrance","floor":0.0},{"not_picked":["Consecrate","Nirvana"],"picked":"FlurryOfBlows","floor":1.0},{"not_picked":["CutThroughFate","Crescendo"],"picked":"LikeWater","floor":5.0},{"not_picked":["FlyingSleeves","Vengeance"],"picked":"EmptyFist","floor":7.0},{"not_picked":["Vengeance","MentalFortress"],"picked":"SashWhip","floor":8.0},{"not_picked":["Wireheading","FlyingSleeves"],"picked":"EmptyMind","floor":13.0},{"not_picked":["DeusExMachina","Evaluate"],"picked":"BowlingBash","floor":14.0},{"not_picked":["MasterReality","Alpha"],"picked":"DevaForm","floor":16.0},{"not_picked":["EmptyFist","FlurryOfBlows"],"picked":"FlyingSleeves+1","floor":18.0},{"not_picked":["Pray","Prostrate"],"picked":"Protect","floor":20}],"player_experience":712550,"relics_obtained":[{"floor":8.0,"key":"Odd Mushroom"},{"floor":9.0,"key":"Eternal Feather"}],"event_choices":[{"damage_healed":0.0,"max_hp_gain":0.0,"max_hp_loss":0.0,"gold_gain":175.0,"event_name":"Liars Game","player_choice":"AGREE","floor":3.0,"gold_loss":0.0,"damage_taken":0.0,"cards_obtained":["Doubt"]},{"damage_healed":0.0,"max_hp_gain":0.0,"max_hp_loss":0.0,"gold_gain":0.0,"event_name":"Accursed Blacksmith","player_choice":"Forge","floor":4.0,"gold_loss":0.0,"damage_taken":0.0,"cards_upgraded":["Eruption"]},{"damage_healed":0.0,"max_hp_gain":0.0,"max_hp_loss":0.0,"gold_gain":0.0,"event_name":"Mushrooms","player_choice":"Fought Mushrooms","floor":8.0,"gold_loss":0.0,"damage_taken":0.0},{"damage_healed":0.0,"max_hp_gain":0.0,"max_hp_loss":0.0,"gold_gain":0.0,"event_name":"FaceTrader","player_choice":"Trade","floor":12.0,"gold_loss":0.0,"damage_taken":0.0,"relics_obtained":["SsserpentHead"]}],"is_beta":false,"boss_relics":[{"not_picked":["Ectoplasm","Fusion Hammer"],"picked":"SlaversCollar"}],"items_purged_floors":[2,11,19],"is_endless":false,"potions_floor_spawned":[5,8,16,18],"killed_by":"3 Cultists","ascension_level":1}}