{"host":"36t3qd3wjvajtu1z","time":1612497714,"event":{"mods":["2.2 Compatiblity","AchievementEnabler","BaseMod","Block Reminder","Colored Map","Colored Powertips","Minty Spire (QoL Compilation)","Permanent Neow","Quick Restart","Random Character Button","Rare Cards Sparkle","Relic Stats","Slay-I","StSLib"],"gold_per_floor":[110,110,210,228,244,273,292,292,292,292,309,309,29,56,56,156,156,176,176,187,36,56,56,72,103,158,158,173,98,133,133,133,233,233,243,243,0,20,36,36,51,62,62,62,22,50,63,77,77,77],"floor_reached":51,"language":"ENG","playtime":1008,"items_purged":["Strike_R","Strike_R"],"score":804,"play_id":"5020bcae-1ab8-40dc-a0fe-0425b07a59cc","local_time":"20210204200154","is_ascension_mode":false,"campfire_choices":[{"data":"Whirlwind","floor":8,"key":"SMITH"},{"data":"Rampage","floor":10,"key":"SMITH"},{"data":"Immolate","floor":12,"key":"SMITH"},{"data":"Anger","floor":15,"key":"SMITH"},{"floor":23,"key":"REST"},{"floor":27,"key":"RECALL"},{"floor":32,"key":"REST"},{"floor":40,"key":"REST"},{"floor":44,"key":"REST"},{"floor":49,"key":"REST"}],"circlet_count":0,"master_deck":["Strike_R","Strike_R","Defend_R","Defend_R","Defend_R","Defend_R","Bash+1","Rampage+1","Reckless Charge","Whirlwind+1","Anger+1","Immolate+1","Disarm","Reaper","Trip","Anger","Sadistic Nature","Rampage","Entrench+1","Flex+1","Impervious","Blood for Blood+1"],"relics":["Burning Blood","Potion Belt","Singing Bowl","Bronze Scales","Akabeko","Regal Pillow","Fusion Hammer","Membership Card","Shuriken","Lantern","Letter Opener","SlaversCollar","Vajra","Dream Catcher","Art of War"],"acts_visited":["Exordium","TheCity","TheBeyond"],"potions_floor_usage":[6,14,16,33,33,33,33,41,42,50,50,50],"damage_taken":[{"damage":6,"enemies":"2 Louse","floor":1,"turns":3},{"damage":7,"enemies":"Small Slimes","floor":4,"turns":3},{"damage":1,"enemies":"Cultist","floor":5,"turns":3},{"damage":16,"enemies":"Gremlin Nob","floor":6,"turns":4},{"damage":8,"enemies":"Large Slime","floor":7,"turns":5},{"damage":8,"enemies":"Red Slaver","floor":11,"turns":2},{"damage":31,"enemies":"Lagavulin","floor":14,"turns":4},{"damage":43,"enemies":"Hexaghost","floor":16,"turns":6},{"damage":5,"enemies":"Spheric Guardian","floor":18,"turns":3},{"damage":10,"enemies":"Chosen","floor":20,"turns":3},{"damage":8,"enemies":"Centurion and Healer","floor":22,"turns":3},{"damage":12,"enemies":"3 Cultists","floor":24,"turns":3},{"damage":0,"enemies":"Slavers","floor":25,"turns":1},{"damage":0,"enemies":"Snake Plant","floor":28,"turns":1},{"damage":18,"enemies":"Book of Stabbing","floor":30,"turns":3},{"damage":61,"enemies":"Champ","floor":33,"turns":9},{"damage":15,"enemies":"Orb Walker","floor":35,"turns":2},{"damage":5,"enemies":"3 Darklings","floor":38,"turns":2},{"damage":42,"enemies":"Spire Growth","floor":39,"turns":4},{"damage":47,"enemies":"Maw","floor":41,"turns":6},{"damage":0,"enemies":"Sphere and 2 Shapes","floor":42,"turns":1},{"damage":50,"enemies":"Nemesis","floor":46,"turns":5},{"damage":28,"enemies":"Jaw Worm Horde","floor":47,"turns":4},{"damage":19,"enemies":"3 Darklings","floor":48,"turns":2},{"damage":147,"enemies":"Awakened One","floor":50,"turns":11}],"seed_played":"4578480127706110353","potions_obtained":[{"floor":4,"key":"ColorlessPotion"},{"floor":5,"key":"Block Potion"},{"floor":14,"key":"BloodPotion"},{"floor":16,"key":"CultistPotion"},{"floor":18,"key":"PowerPotion"},{"floor":28,"key":"EssenceOfSteel"},{"floor":33,"key":"Regen Potion"},{"floor":38,"key":"ElixirPotion"},{"floor":39,"key":"Fire Potion"},{"floor":42,"key":"Strength Potion"},{"floor":45,"key":"FairyPotion"},{"floor":45,"key":"Block Potion"},{"floor":45,"key":"Strength Potion"}],"is_trial":false,"path_per_floor":["M","?","?","M","M","E","M","R","T","R","M","R","$","E","R","B",null,"M","?","M","$","M","R","M","E","T","R","M","?","E","?","R","B",null,"M","?","$","M","M","R","M","M","T","R","?","E","M","M","R","B",null],"character_chosen":"IRONCLAD","items_purchased":["Akabeko","Explosive Potion","Membership Card","Sadistic Nature","Rampage","Vajra"],"campfire_rested":5,"item_purchase_floors":[13,13,21,37,37,37],"current_hp_per_floor":[80,73,73,72,77,67,67,67,67,67,65,65,65,42,42,23,86,88,88,86,86,86,92,88,96,96,96,96,96,86,86,98,43,98,91,91,91,94,62,104,65,71,71,106,106,72,52,80,110,29],"gold":77,"neow_bonus":"UPGRADE_CARD","is_daily":false,"chose_seed":false,"campfire_upgraded":4,"win_rate":0.0,"timestamp":1612497714,"path_taken":["M","?","?","M","M","E","M","R","T","R","?","R","$","E","R","BOSS","M","?","M","$","M","R","M","E","T","R","?","?","E","?","R","BOSS","M","?","$","?","M","R","M","M","T","R","?","E","?","M","R","BOSS"],"items_purchased_type":["Relic","Potion","Relic","Card","Card","Relic"],"build_version":"2020-12-22","purchased_purges":2,"victory":true,"max_hp_per_floor":[80,80,80,80,80,80,82,82,82,82,82,82,82,84,84,86,86,88,88,90,90,92,92,94,96,96,96,96,96,98,98,98,98,98,100,100,100,102,104,104,106,106,106,106,106,106,108,110,110,110],"relic_stats":{"Regal Pillow":15,"Dream Catcher":2,"Singing Bowl":30,"counters":[25,93],"Shuriken":[17],"Bronze Scales":[181],"Art of War":[0],"Letter Opener":[35],"obtain_stats":[{"Potion Belt":2,"Regal Pillow":14,"Lantern":26,"Singing Bowl":6,"Vajra":37,"Letter Opener":30,"Burning Blood":0,"Akabeko":13,"SlaversCollar":34,"Dream Catcher":43,"Shuriken":25,"Bronze Scales":9,"Fusion Hammer":17,"Art of War":46,"Membership Card":21},{"Potion Belt":1,"Regal Pillow":7,"Lantern":13,"Singing Bowl":4,"Vajra":17,"Letter Opener":15,"Burning Blood":0,"Akabeko":6,"SlaversCollar":16,"Dream Catcher":21,"Shuriken":13,"Bronze Scales":5,"Fusion Hammer":8,"Art of War":22,"Membership Card":10},{"Potion Belt":3,"Regal Pillow":24,"Lantern":43,"Singing Bowl":13,"Vajra":58,"Letter Opener":47,"Burning Blood":0,"Akabeko":20,"SlaversCollar":56,"Dream Catcher":71,"Shuriken":43,"Bronze Scales":18,"Fusion Hammer":30,"Art of War":76,"Membership Card":36}],"Burning Blood":143},"card_choices":[{"not_picked":["Body Slam","Flex"],"picked":"Rampage","floor":1},{"not_picked":["Iron Wave","Sword Boomerang"],"picked":"Reckless Charge","floor":4},{"not_picked":["Body Slam","Clothesline"],"picked":"Whirlwind","floor":5},{"not_picked":["Ghostly Armor","Sentinel"],"picked":"Anger","floor":6},{"not_picked":["Sword Boomerang","Dual Wield","Clothesline"],"picked":"Singing Bowl","floor":7},{"not_picked":["Body Slam","Disarm"],"picked":"Immolate","floor":11},{"not_picked":["Cleave","Clash","Clothesline"],"picked":"Singing Bowl","floor":14},{"not_picked":["Immolate","Brutality","Limit Break"],"picked":"Singing Bowl","floor":16},{"not_picked":["Heavy Blade+1","Sever Soul","Cleave"],"picked":"Singing Bowl","floor":18},{"not_picked":["Cleave","Pummel","Perfected Strike+1"],"picked":"Singing Bowl","floor":20},{"not_picked":["Wild Strike","Whirlwind","Anger+1"],"picked":"Singing Bowl","floor":22},{"not_picked":["Wild Strike+1","Dark Embrace","Uppercut"],"picked":"Singing Bowl","floor":24},{"not_picked":["True Grit","Perfected Strike+1","Wild Strike"],"picked":"Singing Bowl","floor":25},{"not_picked":["Thunderclap","Blood for Blood"],"picked":"Disarm","floor":28},{"not_picked":["Body Slam+1","Rampage","Pommel Strike"],"picked":"Singing Bowl","floor":30},{"not_picked":["Feed","Demon Form"],"picked":"Reaper","floor":33},{"not_picked":["Heavy Blade","Disarm","Warcry"],"picked":"Singing Bowl","floor":35},{"not_picked":["Reckless Charge","Sever Soul","Wild Strike"],"picked":"Singing Bowl","floor":38},{"not_picked":["Heavy Blade+1","Headbutt","Whirlwind+1"],"picked":"Singing Bowl","floor":39},{"not_picked":["Carnage","Clothesline+1","Clash+1"],"picked":"Singing Bowl","floor":41},{"not_picked":["Shrug It Off","Cleave"],"picked":"Entrench+1","floor":42},{"not_picked":["Havoc+1","Clothesline"],"picked":"Flex+1","floor":44},{"not_picked":["Rage+1","Shockwave+1"],"picked":"Impervious","floor":46},{"not_picked":["Pummel+1","Clothesline","Dropkick"],"picked":"Singing Bowl","floor":47},{"not_picked":["Uppercut","Combust+1","True Grit"],"picked":"Singing Bowl","floor":48},{"not_picked":["Wild Strike+1","True Grit+1"],"picked":"Blood for Blood+1","floor":49}],"player_experience":394174,"relics_obtained":[{"floor":6,"key":"Singing Bowl"},{"floor":9,"key":"Bronze Scales"},{"floor":14,"key":"Regal Pillow"},{"floor":25,"key":"Shuriken"},{"floor":26,"key":"Lantern"},{"floor":30,"key":"Letter Opener"},{"floor":43,"key":"Dream Catcher"},{"floor":46,"key":"Art of War"}],"event_choices":[{"damage_healed":0,"gold_gain":0,"player_choice":"Success","damage_taken":7,"relics_obtained":["Potion Belt"],"max_hp_gain":0,"max_hp_loss":0,"event_name":"Scrap Ooze","floor":2,"gold_loss":0},{"damage_healed":0,"gold_gain":100,"player_choice":"Pray","damage_taken":0,"max_hp_gain":0,"max_hp_loss":0,"event_name":"Golden Shrine","floor":3,"gold_loss":0},{"damage_healed":0,"gold_gain":0,"player_choice":"Ignored","damage_taken":0,"max_hp_gain":0,"max_hp_loss":0,"event_name":"NoteForYourself","floor":19,"gold_loss":0},{"cards_removed":["Strike_R"],"damage_healed":0,"gold_gain":0,"player_choice":"Gave Gold","damage_taken":0,"max_hp_gain":0,"max_hp_loss":0,"event_name":"Beggar","floor":29,"gold_loss":75},{"damage_healed":0,"gold_gain":0,"player_choice":"Ignored","damage_taken":0,"max_hp_gain":0,"max_hp_loss":0,"event_name":"Ghosts","floor":31,"gold_loss":0},{"damage_healed":0,"gold_gain":0,"player_choice":"2 cards matched","damage_taken":0,"max_hp_gain":0,"max_hp_loss":0,"event_name":"Match and Keep!","floor":36,"gold_loss":0,"cards_obtained":["Trip","Anger"]},{"damage_healed":0,"gold_gain":0,"player_choice":"Bought 3 Potions","damage_taken":0,"max_hp_gain":0,"max_hp_loss":0,"event_name":"The Woman in Blue","floor":45,"gold_loss":0}],"is_beta":false,"boss_relics":[{"not_picked":["SacredBark","Philosopher\u0027s Stone"],"picked":"Fusion Hammer"},{"not_picked":["Runic Cube","Black Blood"],"picked":"SlaversCollar"}],"items_purged_floors":[13,37],"is_endless":false,"potions_floor_spawned":[4,5,14,16,18,28,33,38,39,42,47],"ascension_level":0}}