{"host":"agdto6ifbg57aw9m","time":1612493451,"event":{"mods":["2.2 Compatiblity","Aspiration","BaseMod","BetterRewards","Duelist Mod","Friendly Minions","GifTheSpireLib","Halation","Infinite Spire","Minty Spire (QoL Compilation)","Replay The Spire","Spikes Relics","StSLib","Stuff the Spire","The Spell Scribe"],"gold_per_floor":[143,155,172,172,185,185,212,212,236,269,269,284,298,308,308,410,410,427,442,462,474,491,491,524,524,524,524,42,59,93,109,109,207,207,221,239,258,172,172,172,190,206,206,206,206],"floor_reached":44,"language":"ENG","playtime":3075,"items_purged":["theDuelist:Sparks"],"score":974,"play_id":"729d2a25-ded6-401d-8060-1eff6016d2bb","local_time":"20210204215051","is_ascension_mode":true,"campfire_choices":[{"data":"theDuelist:PutridPudding","floor":6,"key":"SMITH"},{"data":"theDuelist:ArchfiendInterceptor","floor":8,"key":"SMITH"},{"data":"theDuelist:DarkFusion","floor":15,"key":"SMITH"},{"floor":23,"key":"REST"},{"data":"theDuelist:CallGrave","floor":25,"key":"SMITH"},{"data":"theDuelist:GarbageLord","floor":27,"key":"SMITH"},{"data":"theDuelist:SkullArchfiend","floor":32,"key":"SMITH"},{"floor":40,"key":"REST"}],"circlet_count":0,"master_deck":["theDuelist:ArchfiendSoldier","theDuelist:ArchfiendSoldier","theDuelist:ArchfiendSoldier","AscendersBane","theDuelist:CastleWalls","theDuelist:CastleWalls","theDuelist:CastleWalls","theDuelist:FiendMegacyber","theDuelist:Sparks","theDuelist:SummonedSkull","theDuelist:GarbageLord+1","theDuelist:PutridPudding+1","theDuelist:Relinkuriboh","theDuelist:CheerfulCoffin","theDuelist:ArchfiendInterceptor+1","theDuelist:DarkFusion+1","theDuelist:KingYami","theDuelist:BeastTalwar","theDuelist:SlateWarrior","theDuelist:CallGrave+1","theDuelist:RedMirror+1","theDuelist:FabledGallabas+1","theDuelist:UmbralHorrorUniform","theDuelist:ArchfiendCommander+1","theDuelist:UmbralHorrorWilloWisp","Secret Weapon","theDuelist:EvilswarmNightmare","theDuelist:ArchfiendCommander","theDuelist:SkullArchfiend+1","theDuelist:CallGrave","theDuelist:AmbitiousGofer+1","theDuelist:SlateWarrior","theDuelist:DarklordMarie+1","theDuelist:PotDuality","theDuelist:RedMirror","theDuelist:ArchfiendInterceptor"],"relics":["theDuelist:MillenniumPuzzle","theDuelist:CardPoolRelic","theDuelist:CardPoolBasicRelic","theDuelist:BoosterPackPoolRelic","theDuelist:CardPoolAddRelic","theDuelist:CardPoolMinusRelic","theDuelist:CardPoolSaveRelic","theDuelist:CardPoolOptionsRelic","NeowsBlessing","Paper Crane","Lantern","Centennial Puzzle","Replay:Bottled Snecko","Mark of Pain","StuffTheSpire:Barrel","Snake Skull","Replay:Rubber Ducky","StuffTheSpire:HeavyRock","ChewingGum","halation:PinkSoulGem","halation:LettersToHer"],"acts_visited":["Exordium","TheCity","TheBeyond"],"potions_floor_usage":[7,7,10,18,33,33],"damage_taken":[{"damage":0,"enemies":"Jaw Worm","floor":1,"turns":1},{"damage":0,"enemies":"Small Slimes","floor":2,"turns":1},{"damage":0,"enemies":"Cultist","floor":3,"turns":1},{"damage":4,"enemies":"2 Fungi Beasts","floor":5,"turns":3},{"damage":9,"enemies":"Lagavulin","floor":7,"turns":5},{"damage":2,"enemies":"Gremlin Nob","floor":10,"turns":3},{"damage":8,"enemies":"Blue Slaver","floor":12,"turns":2},{"damage":6,"enemies":"Looter","floor":13,"turns":2},{"damage":10,"enemies":"Exordium Wildlife","floor":14,"turns":3},{"damage":0,"enemies":"Slime Boss","floor":16,"turns":3},{"damage":21,"enemies":"3 Byrds","floor":18,"turns":3},{"damage":2,"enemies":"Chosen","floor":19,"turns":3},{"damage":0,"enemies":"3 Cultists","floor":20,"turns":4},{"damage":2,"enemies":"Cultist and Chosen","floor":21,"turns":3},{"damage":12,"enemies":"Snake Plant","floor":22,"turns":2},{"damage":8,"enemies":"theDuelist:KaibaA2","floor":24,"turns":6},{"damage":0,"enemies":"3 Cultists","floor":29,"turns":2},{"damage":0,"enemies":"Gremlin Leader","floor":30,"turns":3},{"damage":0,"enemies":"Cultist and Chosen","floor":31,"turns":3},{"damage":16,"enemies":"Champ","floor":33,"turns":4},{"damage":13,"enemies":"3 Shapes","floor":35,"turns":2},{"damage":0,"enemies":"Orb Walker","floor":36,"turns":2},{"damage":37,"enemies":"4 Shapes","floor":37,"turns":4},{"damage":9,"enemies":"Writhing Mass","floor":41,"turns":2},{"damage":15,"enemies":"Transient","floor":42,"turns":3},{"damage":29,"enemies":"Reptomancer","floor":44,"turns":2}],"seed_played":"-7470374936174149067","potions_obtained":[{"floor":1,"key":"theDuelist:SealedPackD"},{"floor":2,"key":"LiquidMemories"},{"floor":7,"key":"theDuelist:CoolBottle"},{"floor":16,"key":"Adrenaline Potion"},{"floor":21,"key":"FearPotion"},{"floor":24,"key":"theDuelist:BigTributeBottle"},{"floor":37,"key":"Weak Potion"}],"is_trial":false,"path_per_floor":["M","M","M","?","M","R","E","R","T","E","?","M","M","M","R","B",null,"M","M","M","M","M","R","E","R","T","R","$","M","E","M","R","B",null,"M","M","M","?","?","R","M","M","T","E"],"character_chosen":"THE_DUELIST","items_purchased":["Replay:Rubber Ducky","theDuelist:UmbralHorrorWilloWisp","Secret Weapon"],"campfire_rested":2,"item_purchase_floors":[28,28,28],"current_hp_per_floor":[72,72,72,72,68,68,59,59,59,57,57,49,43,33,33,33,68,47,45,45,43,31,55,47,47,47,47,47,55,55,55,55,39,70,57,57,20,20,20,44,35,20,20,0,0],"gold":206,"neow_bonus":"THREE_ENEMY_KILL","is_daily":false,"chose_seed":false,"campfire_upgraded":6,"win_rate":0.0,"timestamp":1612493451,"path_taken":["M","M","M","?","M","R","E","R","T","E","?","M","M","M","R","BOSS","M","M","M","M","M","R","E","R","T","R","?","M","E","M","R","BOSS","M","M","M","?","?","R","M","M","T","E"],"items_purchased_type":["Relic","Card","Card"],"build_version":"2020-12-22","purchased_purges":1,"victory":false,"max_hp_per_floor":[80,80,80,80,80,80,80,80,80,80,80,80,80,80,80,80,80,80,80,80,80,80,80,80,80,80,80,80,80,80,80,80,80,80,80,80,80,80,80,80,80,80,80,80,80],"card_choices":[{"not_picked":["theDuelist:CosmicHorrorGangiel","theDuelist:AmbitiousGofer","theDuelist:GrossGhost","theDuelist:GracefulCharity"],"picked":"theDuelist:GarbageLord","floor":1},{"not_picked":["theDuelist:DarkCubicLord","theDuelist:ArchfiendCommander"],"picked":"theDuelist:PutridPudding","floor":2},{"not_picked":["theDuelist:PortraitSecret","theDuelist:TerraTerrible","theDuelist:FlyingSaucer","theDuelist:DarkEnergy"],"picked":"theDuelist:Relinkuriboh","floor":3},{"not_picked":["theDuelist:Pumpking","theDuelist:Relinkuriboh","theDuelist:DarkTinker","theDuelist:GrossGhost"],"picked":"theDuelist:CheerfulCoffin","floor":5},{"not_picked":["theDuelist:CyberArchfiend","theDuelist:UmbralHorrorUniform","theDuelist:AmbitiousGofer","theDuelist:FiendMegacyber"],"picked":"theDuelist:ArchfiendInterceptor","floor":7},{"not_picked":["theDuelist:TerraTerrible","theDuelist:UmbralHorrorUniform","theDuelist:SummonedSkull","theDuelist:FiendMegacyber"],"picked":"theDuelist:DarkFusion","floor":10},{"not_picked":["theDuelist:TerraTerrible","theDuelist:FiendMegacyber","theDuelist:DarkFusion","theDuelist:DarkTinker"],"picked":"theDuelist:KingYami","floor":12},{"not_picked":["theDuelist:UmbralHorrorGhost","theDuelist:DarklordMarie","theDuelist:DrivenDaredevil","theDuelist:Lajinn"],"picked":"theDuelist:BeastTalwar","floor":13},{"not_picked":["theDuelist:Wildfire","theDuelist:WanderingKing"],"picked":"theDuelist:SlateWarrior","floor":14},{"not_picked":["theDuelist:Wildfire","theDuelist:ArchfiendGeneral","theDuelist:Tierra","theDuelist:DarkMasterZorc"],"picked":"theDuelist:CallGrave","floor":16},{"not_picked":["theDuelist:GiantOrc","theDuelist:Zombyra","theDuelist:UmbralHorrorUniform+1","theDuelist:AmbitiousGofer","theDuelist:Pumpking"],"picked":"SKIP","floor":18},{"not_picked":["theDuelist:BattleOx","theDuelist:EarthquakeGiant","theDuelist:GilfordLegend","theDuelist:MillenniumGolem+1","theDuelist:EvilswarmHeliotrope"],"picked":"SKIP","floor":19},{"not_picked":["theDuelist:DoomDonuts","theDuelist:DarknessNeosphere","theDuelist:Doomdog"],"picked":"theDuelist:RedMirror+1","floor":20},{"not_picked":["theDuelist:DarkCubicLord","theDuelist:FeatherShot"],"picked":"theDuelist:FabledGallabas+1","floor":21},{"not_picked":["theDuelist:UmbralHorrorGhost","theDuelist:GiantOrc","theDuelist:PortraitSecret","theDuelist:GarbageLord+1"],"picked":"theDuelist:UmbralHorrorUniform","floor":22},{"not_picked":["theDuelist:DarkCubicLord","theDuelist:CallGrave","theDuelist:Tierra","theDuelist:FabledGallabas"],"picked":"theDuelist:ArchfiendCommander+1","floor":24},{"not_picked":["theDuelist:DarkTinker","theDuelist:Lajinn+1","theDuelist:FlyingSaucer","theDuelist:PortraitSecret"],"picked":"theDuelist:EvilswarmNightmare","floor":29},{"not_picked":["theDuelist:Wildfire","theDuelist:PutridPudding+1","theDuelist:FabledGallabas+1","theDuelist:DarkMasterZorc"],"picked":"theDuelist:ArchfiendCommander","floor":30},{"not_picked":["theDuelist:ArchfiendInterceptor+1","theDuelist:DarkEnergy","theDuelist:DarkBlade+1","theDuelist:FeatherShot"],"picked":"theDuelist:SkullArchfiend","floor":31},{"not_picked":["theDuelist:Wildfire","theDuelist:ArchfiendGeneral","theDuelist:ArchfiendCommander","theDuelist:DarkMasterZorc"],"picked":"theDuelist:CallGrave","floor":33},{"not_picked":["theDuelist:DoomcaliberKnight","theDuelist:RedSprinter","theDuelist:MsJudge","theDuelist:UmbralHorrorGhost+1"],"picked":"theDuelist:AmbitiousGofer+1","floor":35},{"not_picked":["theDuelist:DarkTinker","theDuelist:FlyingSaucer","theDuelist:Pumpking+1","theDuelist:ArchfiendSoldier"],"picked":"theDuelist:SlateWarrior","floor":36},{"not_picked":["theDuelist:FlyingSaucer","theDuelist:ArchfiendSoldier","theDuelist:DrivenDaredevil+1","theDuelist:UmbralHorrorWilloWisp+1"],"picked":"theDuelist:DarklordMarie+1","floor":37},{"not_picked":["theDuelist:DarklordMarie","theDuelist:CheerfulCoffin+1","theDuelist:UmbralHorrorUniform","theDuelist:FlyingSaucer+1"],"picked":"theDuelist:RedMirror","floor":41},{"not_picked":["theDuelist:ArchfiendCommander","theDuelist:AlienTelepath","theDuelist:MsJudge","theDuelist:DarkMasterZorc+1"],"picked":"theDuelist:ArchfiendInterceptor","floor":42}],"player_experience":585900,"relics_obtained":[{"floor":7,"key":"Lantern"},{"floor":9,"key":"Centennial Puzzle"},{"floor":10,"key":"Replay:Bottled Snecko"},{"floor":24,"key":"StuffTheSpire:Barrel"},{"floor":26,"key":"Snake Skull"},{"floor":30,"key":"StuffTheSpire:HeavyRock"},{"floor":43,"key":"halation:LettersToHer"}],"event_choices":[{"damage_healed":0,"gold_gain":0,"player_choice":"Box","damage_taken":0,"relics_obtained":["Paper Crane"],"max_hp_gain":0,"max_hp_loss":0,"event_name":"Big Fish","floor":4,"gold_loss":0,"cards_obtained":["Regret"]},{"cards_removed":["Regret"],"damage_healed":0,"gold_gain":0,"player_choice":"Purged","damage_taken":0,"max_hp_gain":0,"max_hp_loss":0,"event_name":"Purifier","floor":11,"gold_loss":0},{"damage_healed":0,"gold_gain":0,"player_choice":"Purchased Pot of Duality for 86 Gold.","duelist":true,"damage_taken":0,"max_hp_gain":0,"max_hp_loss":0,"event_name":"Card Trader","floor":38,"gold_loss":0}],"is_beta":false,"boss_relics":[{"not_picked":["infinitespire:Cupcake","Runic Dome"],"picked":"Mark of Pain"},{"not_picked":["Kintsugi","Busted Crown"],"picked":"ChewingGum"}],"items_purged_floors":[28],"is_endless":false,"potions_floor_spawned":[1,2,7,16,21,24,31,37],"killed_by":"Reptomancer","ascension_level":12}}