{"host":"t4ahr8360jjehcuv","time":1612484456,"event":{"mods":["BaseMod","Colored Map","DeckTracker","Highlight Path","Keyboard Shortcuts","Minty Spire (QoL Compilation)","Permanent Neow","Quick Restart","SuperFastMode","everything is the same but u backflip on backflip"],"gold_per_floor":[109,184,184,198,210,15,15,31,31,58,58,75,100,110,126,126,228,228,228,228],"floor_reached":19,"language":"KOR","playtime":718,"items_purged":[],"score":169,"play_id":"ff945a3e-1b36-42bd-ba0e-ca15855017ce","local_time":"20210205092056","is_ascension_mode":false,"campfire_choices":[{"data":"Well Laid Plans","floor":7.0,"key":"SMITH"},{"floor":11,"key":"REST"},{"data":"Calculated Gamble","floor":16,"key":"SMITH"}],"circlet_count":0,"master_deck":["Survivor","Neutralize+1","Well Laid Plans+1","Skewer+1","Outmaneuver","Master of Strategy","Cloak And Dagger","Calculated Gamble+1","Envenom","Quick Slash","Envenom","Unload","Choke","Skewer","Blur","Riddle With Holes","Slice","Well Laid Plans","Eviscerate"],"relics":["Ring of the Snake","Tiny Chest","Boot","MealTicket","Pandora\u0027s Box"],"acts_visited":["Exordium","TheCity"],"potions_floor_usage":[17,17],"damage_taken":[{"damage":0.0,"enemies":"Small Slimes","floor":1.0,"turns":3.0},{"damage":0.0,"enemies":"Jaw Worm","floor":4.0,"turns":5.0},{"damage":0.0,"enemies":"Cultist","floor":5.0,"turns":4.0},{"damage":13,"enemies":"Red Slaver","floor":8,"turns":4},{"damage":1,"enemies":"Looter","floor":12,"turns":2},{"damage":17,"enemies":"Gremlin Nob","floor":13,"turns":5},{"damage":1,"enemies":"2 Fungi Beasts","floor":14,"turns":4},{"damage":10,"enemies":"3 Louse","floor":15,"turns":3},{"damage":18,"enemies":"Hexaghost","floor":17,"turns":11},{"damage":9,"enemies":"Shell Parasite","floor":19,"turns":3}],"seed_played":"-3264906175951254318","potions_obtained":[{"floor":4.0,"key":"SpeedPotion"},{"floor":5.0,"key":"Fire Potion"},{"floor":8,"key":"Weak Potion"},{"floor":17,"key":"Dexterity Potion"}],"is_trial":false,"path_per_floor":["M","?","?","M","M","$","R","M","?","T","R","M","E","M","M","R","B",null,"M"],"character_chosen":"THE_SILENT","items_purchased":["Master of Strategy"],"campfire_rested":1,"item_purchase_floors":[6],"current_hp_per_floor":[70,59,52,52,52,52,52,39,39,39,60,59,42,41,31,31,13,70,61,61],"gold":228,"neow_bonus":"UPGRADE_CARD","is_daily":false,"chose_seed":false,"campfire_upgraded":2,"win_rate":0.0,"timestamp":1612484456,"path_taken":["M","?","?","M","M","$","R","M","?","T","R","M","E","M","?","R","BOSS","M"],"items_purchased_type":["Card"],"build_version":"2020-12-22","purchased_purges":0,"victory":false,"max_hp_per_floor":[70,70,70,70,70,70,70,70,70,70,70,70,70,70,70,70,70,70,70,70],"card_choices":[{"not_picked":["Blade Dance","Prepared"],"picked":"Well Laid Plans","floor":1.0},{"not_picked":["Acrobatics","Heel Hook"],"picked":"Skewer","floor":4.0},{"not_picked":["Blade Dance","Tools of the Trade"],"picked":"Outmaneuver","floor":5.0},{"not_picked":["Bane","Poisoned Stab"],"picked":"Cloak And Dagger","floor":8},{"not_picked":["Acrobatics","Underhanded Strike","Eviscerate"],"picked":"SKIP","floor":12},{"not_picked":["Slice","A Thousand Cuts"],"picked":"Calculated Gamble","floor":13},{"not_picked":["Bane","Expertise","Catalyst"],"picked":"SKIP","floor":14},{"not_picked":["Endless Agony","Dagger Throw","Blade Dance"],"picked":"SKIP","floor":15},{"not_picked":["Wraith Form v2","Glass Knife"],"picked":"Envenom","floor":17}],"player_experience":56846,"relics_obtained":[{"floor":10,"key":"Boot"},{"floor":13,"key":"MealTicket"}],"event_choices":[{"damage_healed":0.0,"max_hp_gain":0.0,"max_hp_loss":0.0,"gold_gain":75.0,"event_name":"World of Goop","player_choice":"Gather Gold","floor":2.0,"gold_loss":0.0,"damage_taken":11.0},{"damage_healed":0.0,"max_hp_gain":0.0,"max_hp_loss":0.0,"gold_gain":0.0,"event_name":"Scrap Ooze","player_choice":"Success","floor":3.0,"gold_loss":0.0,"damage_taken":7.0,"relics_obtained":["Tiny Chest"]},{"damage_healed":0,"gold_gain":0,"player_choice":"Upgraded","damage_taken":0,"max_hp_gain":0,"max_hp_loss":0,"event_name":"Upgrade Shrine","floor":9,"gold_loss":0,"cards_upgraded":["Skewer"]}],"is_beta":false,"boss_relics":[{"not_picked":["Velvet Choker","HoveringKite"],"picked":"Pandora\u0027s Box"}],"items_purged_floors":[],"is_endless":false,"potions_floor_spawned":[4,5,8,17],"killed_by":"Shell Parasite","ascension_level":0}}