{"host":"xp5rvh2jwe2ejyfm","time":1612531246,"event":{"mods":["2.2 Compatiblity","Aspiration","BaseMod","BetterRewards","Colored Powertips","Conspire","Downfall","GifTheSpireLib","Gremlin Mod","Hermit","Hubris","Jorbs\u0027s Wanderer Trilogy","Minty Spire (QoL Compilation)","Replay The Spire","Robot Space Explorer","Shade Mod","Somnambulant","StSLib","The Bug Knight","The Clintock","The Construct","The Cursed","The Disciple","The Forsaken","The Hierophant","The Necromancer","The Runesmith","The Servant 0.9.4","The Valiant","The Witch","thorton"],"gold_per_floor":[116,116,116,129,129,140,183,207,253,253,7,7,52,75,75,95,95,95],"floor_reached":16,"language":"ENG","playtime":507,"items_purged":[],"score":110,"play_id":"b7fafb7a-6bfe-4a6e-95f8-62baff088a2f","local_time":"20210205082046","is_ascension_mode":false,"campfire_choices":[{"floor":10,"key":"REST"},{"floor":12,"key":"REST"},{"floor":15,"key":"REST"}],"circlet_count":0,"master_deck":["thethorton:Strike","thethorton:Strike","thethorton:Strike","thethorton:Strike","thethorton:Defend","thethorton:Defend","thethorton:Defend","thethorton:Defend+1","thethorton:Heckle+1","thethorton:CreditCard+1","Normality","thethorton:ThickSkin+1","thethorton:LongTermPayoff","thethorton:ShoutAndRun+1","thethorton:OddChange","thethorton:WhirlingBriefcase","thethorton:ThickSkin","thethorton:ThickSkin","thethorton:LongTermPayoff","thethorton:CannonShot","thethorton:BusinessCard"],"relics":["thethorton:CouragePotion","NeowsBlessing","construct:BoolHorns","Omamori","Gremlin Food","Garlic"],"acts_visited":["Exordium"],"potions_floor_usage":[8,16],"damage_taken":[{"damage":0,"enemies":"Jaw Worm","floor":1,"turns":1},{"damage":2,"enemies":"conspire:RoseBush","floor":4,"turns":1},{"damage":0,"enemies":"Cultist","floor":6,"turns":1},{"damage":50,"enemies":"Gremlin Nob","floor":7,"turns":6},{"damage":0,"enemies":"Exordium Wildlife","floor":8,"turns":3},{"damage":15,"enemies":"3 Sentries","floor":13,"turns":7},{"damage":7,"enemies":"Blue Slaver","floor":14,"turns":6},{"damage":54,"enemies":"Fading Forest","floor":16,"turns":9}],"seed_played":"-3349020969824143316","potions_obtained":[{"floor":1,"key":"Reflective Coating"},{"floor":7,"key":"AttackPotion"},{"floor":13,"key":"LiquidBronze"}],"is_trial":false,"path_per_floor":["M","?","?","M","?","M","E","M","T","R","$","R","E","M","R","B"],"character_chosen":"THE_THORT","items_purchased":["Gremlin Food","thethorton:ThickSkin","thethorton:LongTermPayoff"],"campfire_rested":3,"item_purchase_floors":[11,11,11],"current_hp_per_floor":[68,54,54,52,52,52,2,2,2,22,22,42,27,20,40,0,0,0],"gold":95,"neow_bonus":"THREE_ENEMY_KILL","is_daily":false,"chose_seed":false,"campfire_upgraded":0,"win_rate":0.0,"timestamp":1612531246,"path_taken":["M","?","?","?","?","M","E","M","T","R","$","R","E","M","R","BOSS"],"items_purchased_type":["Relic","Card","Card"],"build_version":"2020-12-22","purchased_purges":0,"victory":false,"max_hp_per_floor":[68,68,68,68,68,68,68,68,68,68,68,68,68,68,68,68,68,68],"card_choices":[{"not_picked":["thethorton:WhirlingBriefcase","thethorton:ShoutAndRun"],"picked":"thethorton:ThickSkin","floor":1},{"not_picked":["thethorton:DoubleRun","thethorton:GoldBuffer"],"picked":"thethorton:LongTermPayoff","floor":4},{"not_picked":["thethorton:Distance","thethorton:RunningKick"],"picked":"thethorton:ShoutAndRun","floor":6},{"not_picked":["thethorton:FocusStrength","thethorton:GoldBuffer"],"picked":"thethorton:OddChange","floor":7},{"not_picked":["thethorton:OddChange","thethorton:PocketChange"],"picked":"thethorton:WhirlingBriefcase","floor":8},{"not_picked":["thethorton:CoinClash","thethorton:LongTermPayoff"],"picked":"thethorton:CannonShot","floor":13},{"not_picked":["thethorton:CoinShield","thethorton:AngerMoment"],"picked":"thethorton:BusinessCard","floor":14}],"player_experience":428676,"relics_obtained":[{"floor":7,"key":"construct:BoolHorns"},{"floor":9,"key":"Omamori"},{"floor":13,"key":"Garlic"}],"event_choices":[{"damage_healed":0,"gold_gain":0,"player_choice":"Entered Light","damage_taken":14,"max_hp_gain":0,"max_hp_loss":0,"event_name":"Shining Light","floor":2,"gold_loss":0,"cards_upgraded":["thethorton:Heckle","thethorton:ThickSkin"]},{"damage_healed":0,"gold_gain":0,"player_choice":"Upgraded","damage_taken":0,"max_hp_gain":0,"max_hp_loss":0,"event_name":"Upgrade Shrine","floor":3,"gold_loss":0,"cards_upgraded":["thethorton:CreditCard"]},{"damage_healed":0,"gold_gain":0,"player_choice":"Leave","damage_taken":0,"max_hp_gain":0,"max_hp_loss":0,"event_name":"conspire:Investor","floor":5,"gold_loss":0}],"is_beta":false,"boss_relics":[],"items_purged_floors":[],"is_endless":false,"potions_floor_spawned":[1,7,13],"killed_by":"Fading Forest","ascension_level":0}}