{"host":"dfpl7xml5jko8we2","time":1612559498,"event":{"mods":["2.2 Compatiblity","Act Like it!","Astrologer","Bard","BaseMod","Beaked The Cultist","Bestiary","Better Note","Better Third Choice","Challenge The Spire","Colored Map","Colored Powertips","Conspire","Curses Come First","Downfall","Energized Spire","GifTheSpireLib","Gremlin Mod","Hallownest","Hermit","Hubris","Jorbs\u0027s Wanderer Trilogy","Mad Scientist","Marisa????????","Minty Spire (QoL Compilation)","Quick Restart","Rare Cards Sparkle","Reliquary","Remilia??????","Replay The Spire","Robot Space Explorer","Shade Mod","Shop Mod","Somnambulant","Spire Arcade","StSLib","The Bladedancer","The Bug Knight","The Construct","The Disciple","The Dragon Tamer","The Elementalist","The Forsaken","The Gatherer","The Hayseed","The Hierophant","The Marked","The Mystic","The Necromancer","The Poker Player","The Runesmith","The Saiyan","The Servant 0.9.4","The Wild Card","TheBandit","Wandering Minibosses","everything is the same but u backflip on backflip","slay the spire mod where everything is the same but ironclad has a cowboy hat"],"gold_per_floor":[114,189,207,172,183,214,228,228,228],"floor_reached":8,"language":"ENG","playtime":852,"items_purged":[],"score":58,"play_id":"77c0b478-8dda-4f8e-ba88-3202eebd5edb","local_time":"20210205151138","is_ascension_mode":false,"campfire_choices":[],"circlet_count":0,"master_deck":["TheSimpletonMod:Strike_TheSimpleton","TheSimpletonMod:Strike_TheSimpleton","TheSimpletonMod:Strike_TheSimpleton","TheSimpletonMod:Strike_TheSimpleton","TheSimpletonMod:Defend_TheSimpleton","TheSimpletonMod:Defend_TheSimpleton","TheSimpletonMod:Defend_TheSimpleton","TheSimpletonMod:Defend_TheSimpleton","TheSimpletonMod:Haymaker","TheSimpletonMod:ReapAndSow","TheSimpletonMod:Germinate","TheSimpletonMod:CloseScrape","TheSimpletonMod:Corn","TheSimpletonMod:Pruning","TheSimpletonMod:StockTheCellar"],"relics":["TheSimpletonMod:SpudOfTheInnocent","TheSimpletonMod:NightSoil","TheSimpletonMod:TheHarvester","construct:RocketBooster"],"acts_visited":["Exordium"],"potions_floor_usage":[8],"damage_taken":[{"damage":7,"enemies":"Jaw Worm","floor":1,"turns":6},{"damage":3,"enemies":"Cultist","floor":3,"turns":5},{"damage":7,"enemies":"Small Slimes","floor":5,"turns":3},{"damage":54,"enemies":"HollowMod:MossKnight","floor":6,"turns":8},{"damage":14,"enemies":"Blue Slaver","floor":7,"turns":4},{"damage":23,"enemies":"Gremlin Nob","floor":8,"turns":3}],"seed_played":"-6250966217929079862","potions_obtained":[{"floor":1,"key":"Explosive Potion"},{"floor":7,"key":"Slimebound:ThreeZeroPotion"}],"is_trial":false,"path_per_floor":["M","?","M","?","M","E","M","E"],"character_chosen":"THE_SIMPLETON","items_purchased":[],"campfire_rested":0,"item_purchase_floors":[],"current_hp_per_floor":[75,64,65,82,79,28,18,0,0],"gold":228,"neow_bonus":"TEN_PERCENT_HP_BONUS","is_daily":false,"chose_seed":false,"campfire_upgraded":0,"win_rate":0.0,"timestamp":1612559498,"path_taken":["M","?","M","?","M","E","?","E"],"items_purchased_type":[],"build_version":"2020-12-22","purchased_purges":0,"victory":false,"max_hp_per_floor":[82,82,82,82,82,82,82,82,82],"card_choices":[{"not_picked":["TheSimpletonMod:GoToMarket","TheSimpletonMod:OnionBloom"],"picked":"TheSimpletonMod:Germinate","floor":1},{"not_picked":["TheSimpletonMod:SaladShooter","TheSimpletonMod:Mulch"],"picked":"TheSimpletonMod:CloseScrape","floor":3},{"not_picked":["TheSimpletonMod:Fertilaser","TheSimpletonMod:Swelter"],"picked":"TheSimpletonMod:Corn","floor":5},{"not_picked":["TheSimpletonMod:DoubleBarrel","TheSimpletonMod:PestManagement"],"picked":"TheSimpletonMod:Pruning","floor":6},{"not_picked":["TheSimpletonMod:GoToMarket","TheSimpletonMod:Fertilaser"],"picked":"TheSimpletonMod:StockTheCellar","floor":7}],"player_experience":335093,"relics_obtained":[{"floor":6,"key":"construct:RocketBooster"}],"event_choices":[{"damage_healed":0,"gold_gain":75,"player_choice":"Gold","damage_taken":11,"max_hp_gain":0,"max_hp_loss":0,"event_name":"betterThird:BetterGoop","floor":2,"gold_loss":0},{"damage_healed":20,"gold_gain":0,"player_choice":"Healed","damage_taken":0,"max_hp_gain":0,"max_hp_loss":0,"event_name":"The Cleric","floor":4,"gold_loss":35}],"is_beta":false,"boss_relics":[],"items_purged_floors":[],"is_endless":false,"potions_floor_spawned":[1,7],"killed_by":"Gremlin Nob","ascension_level":0}}