{"host":"oehe2dxjvdgux73m","time":1612526555,"event":{"mods":["AchievementEnabler","BaseMod","Colored Map","Colored Powertips","DeckTracker","Keyboard Shortcuts","Minty Spire (QoL Compilation)","Permanent Neow","Quick Restart","StSLib","SuperFastMode"],"gold_per_floor":[115,40,40,40,40,40,40,40,40,73,73,88,107,123,123,214,214,227,227,250,250,260,260,277,277,330,330,330,330],"floor_reached":28,"language":"KOR","playtime":990,"items_purged":[],"score":582,"play_id":"acb290f1-86c4-4f24-8a95-2cd924b576fa","local_time":"20210205210235","is_ascension_mode":true,"campfire_choices":[{"data":"Blade Dance","floor":6.0,"key":"SMITH"},{"data":"Neutralize","floor":11.0,"key":"SMITH"},{"data":"Accuracy","floor":15.0,"key":"SMITH"},{"data":"Skewer","floor":23.0,"key":"SMITH"},{"data":"Calculated Gamble","floor":25.0,"key":"SMITH"},{"data":"Bullet Time","floor":27.0,"key":"SMITH"}],"circlet_count":0,"master_deck":["AscendersBane","Survivor","Neutralize+1","Blade Dance+1","Accuracy+1","Heel Hook","Backflip","PiercingWail","Bullet Time+1","Outmaneuver","Skewer+1","Burst+1","Distraction","Reflex","Crippling Poison","Calculated Gamble+1","Night Terror","Dash","Dodge and Roll+1","Grand Finale"],"relics":["Ring of the Snake","NeowsBlessing","PreservedInsect","Mummified Hand","Pandora\u0027s Box","Nloth\u0027s Gift","Nunchaku"],"acts_visited":["Exordium","TheCity"],"potions_floor_usage":[],"damage_taken":[{"damage":0.0,"enemies":"Jaw Worm","floor":1.0,"turns":1.0},{"damage":0.0,"enemies":"Lagavulin","floor":10.0,"turns":2.0},{"damage":0.0,"enemies":"Small Slimes","floor":12.0,"turns":1.0},{"damage":1.0,"enemies":"2 Louse","floor":13.0,"turns":2.0},{"damage":11.0,"enemies":"2 Fungi Beasts","floor":14.0,"turns":4.0},{"damage":0.0,"enemies":"Hexaghost","floor":16.0,"turns":7.0},{"damage":0.0,"enemies":"3 Byrds","floor":18.0,"turns":4.0},{"damage":0.0,"enemies":"Chosen","floor":20.0,"turns":3.0},{"damage":10.0,"enemies":"Centurion and Healer","floor":22.0,"turns":6.0},{"damage":0.0,"enemies":"Snecko","floor":24.0,"turns":5.0},{"damage":52,"enemies":"Cultist and Chosen","floor":28,"turns":11}],"seed_played":"-7528162392104962237","potions_obtained":[{"floor":13.0,"key":"GamblersBrew"},{"floor":14.0,"key":"ColorlessPotion"},{"floor":18.0,"key":"SpeedPotion"}],"is_trial":false,"path_per_floor":["M","?","?","?","?","R","$","?","T","E","R","M","M","M","R","B",null,"M","?","M","?","M","R","M","R","T","R","M"],"character_chosen":"THE_SILENT","items_purchased":[],"campfire_rested":0,"item_purchase_floors":[],"current_hp_per_floor":[59,59,52,57,57,57,57,57,57,57,57,57,56,45,45,45,59,59,59,59,59,49,49,49,49,49,49,0,0],"gold":330,"neow_bonus":"THREE_ENEMY_KILL","is_daily":false,"chose_seed":false,"campfire_upgraded":6,"win_rate":0.0,"timestamp":1612526555,"path_taken":["M","?","?","?","?","R","?","?","T","E","R","M","M","M","R","BOSS","M","?","?","?","M","R","?","R","T","R","M"],"items_purchased_type":[],"build_version":"2020-12-22","purchased_purges":0,"victory":false,"max_hp_per_floor":[66,66,66,71,71,71,71,64,64,64,64,64,64,64,64,64,64,64,64,64,64,64,64,64,64,64,64,64,64],"card_choices":[{"not_picked":["Dodge and Roll","Dagger Spray"],"picked":"Blade Dance","floor":1.0},{"not_picked":["Doppelganger","Caltrops"],"picked":"Accuracy","floor":10.0},{"not_picked":["Prepared","Infinite Blades"],"picked":"Heel Hook","floor":12.0},{"not_picked":["Acrobatics","Deadly Poison"],"picked":"Backflip","floor":13.0},{"not_picked":["Sucker Punch","Dagger Spray"],"picked":"PiercingWail","floor":14.0},{"not_picked":["Phantasmal Killer","Unload"],"picked":"Bullet Time","floor":16.0},{"not_picked":["Distraction","Cloak And Dagger"],"picked":"Dash","floor":18.0},{"not_picked":["Poisoned Stab","Dagger Throw","Eviscerate"],"picked":"SKIP","floor":20.0},{"not_picked":["Poisoned Stab","Dagger Throw","Eviscerate"],"picked":"SKIP","floor":20.0},{"not_picked":["Reflex","Flechettes"],"picked":"Dodge and Roll+1","floor":22.0},{"not_picked":["Backflip","Outmaneuver"],"picked":"Grand Finale","floor":24.0}],"player_experience":367439,"relics_obtained":[{"floor":9.0,"key":"PreservedInsect"},{"floor":10.0,"key":"Mummified Hand"},{"floor":26.0,"key":"Nunchaku"}],"event_choices":[{"cards_removed":["Strike_G"],"damage_healed":0.0,"max_hp_gain":0.0,"max_hp_loss":0.0,"gold_gain":0.0,"event_name":"The Cleric","player_choice":"Card Removal","floor":2.0,"gold_loss":75.0,"damage_taken":0.0},{"cards_removed":["Strike_G"],"damage_healed":0.0,"max_hp_gain":0.0,"max_hp_loss":0.0,"gold_gain":0.0,"event_name":"Golden Wing","player_choice":"Card Removal","floor":3.0,"gold_loss":0.0,"damage_taken":7.0},{"damage_healed":0.0,"max_hp_gain":5.0,"max_hp_loss":0.0,"gold_gain":0.0,"event_name":"Big Fish","player_choice":"Donut","floor":4.0,"gold_loss":0.0,"damage_taken":0.0},{"damage_healed":0.0,"max_hp_gain":0.0,"max_hp_loss":0.0,"gold_gain":0.0,"event_name":"Liars Game","player_choice":"Ignored","floor":5.0,"gold_loss":0.0,"damage_taken":0.0},{"damage_healed":0.0,"max_hp_gain":0.0,"max_hp_loss":7.0,"gold_gain":0.0,"event_name":"Golden Idol","player_choice":"Lose Max HP","floor":8.0,"gold_loss":0.0,"damage_taken":0.0,"relics_obtained":["Golden Idol"]},{"damage_healed":0.0,"max_hp_gain":0.0,"max_hp_loss":0.0,"gold_gain":0.0,"event_name":"Upgrade Shrine","player_choice":"Upgraded","floor":19.0,"gold_loss":0.0,"damage_taken":0.0,"cards_upgraded":["Burst"]},{"damage_healed":0.0,"max_hp_gain":0.0,"max_hp_loss":0.0,"gold_gain":0.0,"event_name":"N\u0027loth","player_choice":"Traded Relic","floor":21.0,"relics_lost":["Golden Idol"],"gold_loss":0.0,"damage_taken":0.0,"relics_obtained":["Nloth\u0027s Gift"]}],"is_beta":false,"boss_relics":[{"not_picked":["Sozu","Tiny House"],"picked":"Pandora\u0027s Box"}],"items_purged_floors":[],"is_endless":false,"potions_floor_spawned":[13,14,18,22],"killed_by":"Cultist and Chosen","ascension_level":20}}