{"host":"dq9lwkr0jwog4b8f","time":1612544688,"event":{"mods":["AchievementEnabler","BaseMod","Colored Map","Colored Powertips","DeckTracker","Minty Spire (QoL Compilation)"],"gold_per_floor":[110,110,110,168,178,178,210,210,210,227,237,83,115,135,135,238,238,256,181,200,200,200,200,115,131,154,180,180,192,207,16,16,116,116,130,143,143,143,193,193,46,46,116,116,143,143,163,17,17,17,17],"floor_reached":50,"language":"ENG","playtime":5939,"items_purged":["Strike_B"],"score":548,"play_id":"055bf26d-1181-487c-9356-bd9d0d681bc5","local_time":"20210205180448","is_ascension_mode":false,"campfire_choices":[{"data":"Sunder","floor":6,"key":"SMITH"},{"data":"Zap","floor":8,"key":"SMITH"},{"data":"Electrodynamics","floor":15,"key":"SMITH"},{"data":"Echo Form","floor":23,"key":"SMITH"},{"data":"RitualDagger","floor":28,"key":"SMITH"},{"floor":32,"key":"REST"},{"data":"White Noise","floor":40,"key":"SMITH"},{"data":"Multi-Cast","floor":42,"key":"SMITH"},{"floor":49,"key":"REST"}],"circlet_count":0,"master_deck":["Strike_B","Strike_B","Defend_B","Defend_B","Defend_B","Zap+1","Dualcast","Sunder+1","Force Field","Beam Cell+1","Double Energy","Sweeping Beam","Electrodynamics+1","Melter+1","Auto Shields","Ball Lightning","Echo Form+1","Streamline","Multi-Cast+1","RitualDagger+1","Rebound+1","Electrodynamics+1","Capacitor","Streamline","Conserve Battery","Capacitor","Sunder","Thunder Strike","Leap","Storm+1","Writhe","White Noise+1","Leap+1","Ball Lightning+1"],"relics":["Runic Pyramid","Lantern","Eternal Feather","Toy Ornithopter","SlaversCollar","Enchiridion","Potion Belt","Strawberry","Cables","Sozu","Ginger","Whetstone","Pear","InkBottle","PrismaticShard"],"acts_visited":["Exordium","TheCity","TheBeyond"],"potions_floor_usage":[16,33,46,50],"damage_taken":[{"damage":2.0,"enemies":"2 Louse","floor":1.0,"turns":5.0},{"damage":0,"enemies":"Small Slimes","floor":5,"turns":2},{"damage":6,"enemies":"Gremlin Nob","floor":7,"turns":3},{"damage":6,"enemies":"Jaw Worm","floor":10,"turns":2},{"damage":0,"enemies":"2 Fungi Beasts","floor":11,"turns":2},{"damage":13,"enemies":"3 Sentries","floor":13,"turns":3},{"damage":0,"enemies":"Looter","floor":14,"turns":3},{"damage":33,"enemies":"Hexaghost","floor":16,"turns":7},{"damage":0,"enemies":"Spheric Guardian","floor":18,"turns":3},{"damage":11,"enemies":"Shell Parasite","floor":20,"turns":4},{"damage":12,"enemies":"Centurion and Healer","floor":25,"turns":4},{"damage":15,"enemies":"Gremlin Leader","floor":27,"turns":5},{"damage":18,"enemies":"Snake Plant","floor":29,"turns":3},{"damage":7,"enemies":"3 Cultists","floor":30,"turns":3},{"damage":14,"enemies":"Automaton","floor":33,"turns":5},{"damage":23,"enemies":"3 Shapes","floor":35,"turns":2},{"damage":20,"enemies":"Orb Walker","floor":36,"turns":3},{"damage":18,"enemies":"Mind Bloom Boss Battle","floor":39,"turns":5},{"damage":60,"enemies":"Reptomancer","floor":45,"turns":4},{"damage":0,"enemies":"4 Shapes","floor":46,"turns":1},{"damage":26,"enemies":"Maw","floor":47,"turns":5},{"damage":96,"enemies":"Awakened One","floor":50,"turns":5}],"seed_played":"8371331680159940130","potions_obtained":[{"floor":7,"key":"BlessingOfTheForge"},{"floor":10,"key":"Weak Potion"},{"floor":14,"key":"SmokeBomb"},{"floor":25,"key":"AttackPotion"},{"floor":27,"key":"SmokeBomb"},{"floor":30,"key":"SkillPotion"}],"is_trial":false,"path_per_floor":["M","?","?","?","M","R","E","R","T","M","M","$","E","M","R","B",null,"M","?","M","?","?","R","?","M","T","E","R","M","M","$","R","B",null,"M","M","?","?","?","R","$","R","T","?","E","M","M","$","R","B"],"character_chosen":"DEFECT","items_purchased":["Melter","Conserve Battery","Capacitor","Sunder","Whetstone","PrismaticShard"],"campfire_rested":2,"item_purchase_floors":[12,31,31,31,41,48],"current_hp_per_floor":[73,73,78,78,78,78,72,72,72,66,66,66,53,53,62,34,80,80,80,69,63,47,59,59,47,54,39,51,33,26,26,67,58,87,64,44,44,66,48,66,66,84,94,94,34,39,13,13,60,0,0],"gold":17,"neow_bonus":"BOSS_RELIC","is_daily":false,"chose_seed":false,"campfire_upgraded":7,"win_rate":0.0,"timestamp":1612544688,"path_taken":["M","?","?","?","M","R","E","R","T","?","M","$","E","M","R","BOSS","M","?","M","?","?","R","?","M","T","E","R","M","?","?","R","BOSS","M","M","?","?","?","R","$","R","T","?","E","M","?","?","R","BOSS"],"items_purchased_type":["Card","Card","Card","Card","Relic","Relic"],"build_version":"2020-12-22","purchased_purges":1,"victory":false,"max_hp_per_floor":[75,75,80,80,80,80,80,80,80,80,80,80,80,80,80,80,80,80,80,80,80,80,80,80,80,87,87,87,87,87,87,87,87,87,87,87,87,87,87,87,87,87,97,97,97,97,97,97,97,97,97],"card_choices":[{"not_picked":["Go for the Eyes","Beam Cell"],"picked":"Sunder","floor":1.0},{"not_picked":["Force Field","Rip and Tear"],"picked":"Beam Cell","floor":5},{"not_picked":["Cold Snap","Scrape"],"picked":"Double Energy","floor":7},{"not_picked":["Redo","Ball Lightning"],"picked":"Sweeping Beam","floor":10},{"not_picked":["Hologram","Ball Lightning"],"picked":"Electrodynamics","floor":11},{"not_picked":["Sweeping Beam","Hello World"],"picked":"Auto Shields","floor":13},{"not_picked":["Turbo","Reprogram"],"picked":"Ball Lightning","floor":14},{"not_picked":["Machine Learning","Buffer"],"picked":"Echo Form","floor":16},{"not_picked":["Sweeping Beam+1","Conserve Battery"],"picked":"Streamline","floor":18},{"not_picked":["Stack+1","Ball Lightning"],"picked":"Multi-Cast","floor":20},{"not_picked":["Steam Power+1","Steam"],"picked":"Rebound+1","floor":25},{"not_picked":["Chaos","Cold Snap"],"picked":"Electrodynamics","floor":27},{"not_picked":["Turbo","Stack+1"],"picked":"Capacitor","floor":29},{"not_picked":["Hologram","Rip and Tear"],"picked":"Streamline","floor":30},{"not_picked":["Core Surge","All For One"],"picked":"Thunder Strike","floor":33},{"not_picked":["Beam Cell","Sweeping Beam"],"picked":"Leap","floor":35},{"not_picked":["Rebound","Go for the Eyes+1"],"picked":"Storm+1","floor":36},{"not_picked":["Ball Lightning","Coolheaded+1"],"picked":"White Noise","floor":39},{"not_picked":["Auto Shields+1","Hologram+1"],"picked":"Leap+1","floor":45},{"not_picked":["Barrage","Steam+1"],"picked":"Ball Lightning+1","floor":47}],"player_experience":201552,"relics_obtained":[{"floor":7,"key":"Lantern"},{"floor":9,"key":"Eternal Feather"},{"floor":13,"key":"Toy Ornithopter"},{"floor":22,"key":"Enchiridion"},{"floor":26,"key":"Strawberry"},{"floor":27,"key":"Cables"},{"floor":39,"key":"Ginger"},{"floor":43,"key":"Pear"},{"floor":45,"key":"InkBottle"}],"event_choices":[{"damage_healed":0,"gold_gain":0,"cards_transformed":["Defend_B"],"player_choice":"Change","damage_taken":0,"max_hp_gain":0,"max_hp_loss":0,"event_name":"Living Wall","floor":2,"gold_loss":0,"cards_obtained":["Force Field"]},{"damage_healed":0,"gold_gain":0,"player_choice":"Donut","damage_taken":0,"max_hp_gain":5,"max_hp_loss":0,"event_name":"Big Fish","floor":3,"gold_loss":0},{"damage_healed":0,"gold_gain":58,"player_choice":"Gained Gold","damage_taken":0,"max_hp_gain":0,"max_hp_loss":0,"event_name":"Golden Wing","floor":4,"gold_loss":0},{"cards_removed":["Strike_B"],"damage_healed":0,"gold_gain":0,"player_choice":"Gave Gold","damage_taken":0,"max_hp_gain":0,"max_hp_loss":0,"event_name":"Beggar","floor":19,"gold_loss":75},{"damage_healed":0,"gold_gain":0,"player_choice":"Joined the Cult","damage_taken":6,"max_hp_gain":0,"max_hp_loss":0,"event_name":"Nest","floor":21,"gold_loss":0,"cards_obtained":["RitualDagger"]},{"damage_healed":0,"gold_gain":0,"player_choice":"Obtained Book","damage_taken":16,"max_hp_gain":0,"max_hp_loss":0,"event_name":"Cursed Tome","floor":22,"gold_loss":0},{"damage_healed":0,"gold_gain":0,"player_choice":"Obtained Relic","damage_taken":0,"relics_obtained":["Potion Belt"],"max_hp_gain":0,"max_hp_loss":0,"event_name":"Addict","floor":24,"gold_loss":85},{"damage_healed":0,"gold_gain":0,"player_choice":"Ignored","damage_taken":0,"max_hp_gain":0,"max_hp_loss":0,"event_name":"Tomb of Lord Red Mask","floor":37,"gold_loss":0},{"damage_healed":22,"gold_gain":0,"player_choice":"Writhe","damage_taken":0,"max_hp_gain":0,"max_hp_loss":0,"event_name":"Winding Halls","floor":38,"gold_loss":0,"cards_obtained":["Writhe"]},{"damage_healed":0,"gold_gain":0,"player_choice":"Fight","damage_taken":0,"max_hp_gain":0,"max_hp_loss":0,"event_name":"MindBloom","floor":39,"gold_loss":0},{"damage_healed":0,"gold_gain":0,"player_choice":"Forge","damage_taken":0,"max_hp_gain":0,"max_hp_loss":0,"event_name":"Accursed Blacksmith","floor":44,"gold_loss":0,"cards_upgraded":["Electrodynamics"]}],"is_beta":false,"boss_relics":[{"not_picked":["Calling Bell","SacredBark"],"picked":"SlaversCollar"},{"not_picked":["Busted Crown","Snecko Eye"],"picked":"Sozu"}],"items_purged_floors":[12],"is_endless":false,"potions_floor_spawned":[7,10,14,25,27,30,35,47],"killed_by":"Awakened One","ascension_level":0}}