{"host":"sc0o2qwpf9j16a4i","time":1612541061,"event":{"mods":["AchievementEnabler","BaseMod","BetterRewards","Block Reminder","Colored Map","Colored Powertips","Custom Start","Highlight Path","Minty Spire (QoL Compilation)","Relic Stats"],"gold_per_floor":[119,119,119,146,1,35,58,94,94,118,9,45,63,96,96,215,215,228,268,300,313,369,381,443,480,501,513,545,902,929,965,977,1136,1148,1183,1265,1297,1322,318,368,368,418,427,427,467,491,500,520,520,529],"floor_reached":51,"language":"ENG","playtime":1964,"items_purged":[],"score":1200,"play_id":"27e7bdd7-1f77-45dd-a5d5-72110f28c17c","local_time":"20210205180421","daily_mods":["Cursed Run","Vintage","DeadlyEvents"],"is_ascension_mode":false,"campfire_choices":[{"data":"Rip and Tear","floor":15.0,"key":"SMITH"},{"data":"Recycle","floor":23.0,"key":"SMITH"},{"data":"White Noise","floor":27.0,"key":"SMITH"},{"data":"Biased Cognition","floor":32.0,"key":"SMITH"},{"floor":41.0,"key":"DIG"},{"floor":44.0,"key":"DIG"},{"floor":49.0,"key":"DIG"}],"circlet_count":0,"master_deck":["Strike_B","Strike_B+1","Strike_B+1","Strike_B","Defend_B","Defend_B+1","Defend_B","Defend_B","Zap","Dualcast","Injury","Regret","Clumsy","Streamline","Biased Cognition+1","Regret","White Noise+1","Rip and Tear+1","Glacier","Auto Shields","Normality","Electrodynamics","Cold Snap","Parasite","Recycle+1","Glacier","Writhe","Barrage","Doubt","Rainbow+1","Recycle+1","Meteor Strike","Turbo","Electrodynamics","Doom and Gloom","Master of Strategy","Stack+1","Core Surge","Decay","Electrodynamics+1","Panacea+1","Parasite"],"relics":["Cursed Key","Darkstone Periapt","Du-Vu Doll","Peace Pipe","Golden Idol","Strawberry","MealTicket","Bronze Scales","Bag of Marbles","Prayer Wheel","Unceasing Top","Question Card","PreservedInsect","Letter Opener","StrikeDummy","Symbiotic Virus","Inserter","CeramicFish","Red Mask","Akabeko","MawBank","InkBottle","Gremlin Horn","Whetstone","Sundial","HornCleat","Old Coin","Toy Ornithopter","TungstenRod","Velvet Choker","Mercury Hourglass","Shovel","Lizard Tail","War Paint","Singing Bowl","Toolbox","Nunchaku","Meat on the Bone","Anchor","Frozen Egg 2","Toxic Egg 2","Pen Nib","Potion Belt","DataDisk","Thread and Needle"],"acts_visited":["Exordium","TheCity","TheBeyond"],"potions_floor_usage":[50],"damage_taken":[{"damage":0.0,"enemies":"Small Slimes","floor":1.0,"turns":4.0},{"damage":26.0,"enemies":"3 Sentries","floor":6.0,"turns":7.0},{"damage":0.0,"enemies":"Cultist","floor":7.0,"turns":2.0},{"damage":14.0,"enemies":"Gremlin Nob","floor":8.0,"turns":3.0},{"damage":0.0,"enemies":"Jaw Worm","floor":10.0,"turns":1.0},{"damage":10.0,"enemies":"3 Sentries","floor":12.0,"turns":2.0},{"damage":3.0,"enemies":"Large Slime","floor":13.0,"turns":2.0},{"damage":5.0,"enemies":"Lagavulin","floor":14.0,"turns":4.0},{"damage":24.0,"enemies":"The Guardian","floor":16.0,"turns":7.0},{"damage":7.0,"enemies":"Chosen","floor":18.0,"turns":2.0},{"damage":17.0,"enemies":"Masked Bandits","floor":19.0,"turns":2.0},{"damage":0.0,"enemies":"Spheric Guardian","floor":21.0,"turns":3.0},{"damage":3.0,"enemies":"Book of Stabbing","floor":22.0,"turns":3.0},{"damage":20.0,"enemies":"Slavers","floor":24.0,"turns":3.0},{"damage":10.0,"enemies":"Snake Plant","floor":25.0,"turns":4.0},{"damage":10.0,"enemies":"Chosen and Byrds","floor":28.0,"turns":4.0},{"damage":0.0,"enemies":"Book of Stabbing","floor":29.0,"turns":3.0},{"damage":2.0,"enemies":"Cultist and Chosen","floor":30.0,"turns":3.0},{"damage":0.0,"enemies":"Snecko","floor":31.0,"turns":2.0},{"damage":43.0,"enemies":"Champ","floor":33.0,"turns":8.0},{"damage":7.0,"enemies":"3 Shapes","floor":35.0,"turns":2.0},{"damage":0.0,"enemies":"2 Orb Walkers","floor":36.0,"turns":3.0},{"damage":2.0,"enemies":"Orb Walker","floor":37.0,"turns":4.0},{"damage":25.0,"enemies":"Sphere and 2 Shapes","floor":38.0,"turns":4.0},{"damage":3.0,"enemies":"Nemesis","floor":40.0,"turns":5.0},{"damage":10.0,"enemies":"Reptomancer","floor":42.0,"turns":3.0},{"damage":19.0,"enemies":"Nemesis","floor":45.0,"turns":3.0},{"damage":0.0,"enemies":"Maw","floor":46.0,"turns":4.0},{"damage":7.0,"enemies":"4 Shapes","floor":48.0,"turns":2.0},{"damage":1,"enemies":"Donu and Deca","floor":50,"turns":9}],"seed_played":"-8038920152119144306","potions_obtained":[{"floor":7.0,"key":"Explosive Potion"},{"floor":12.0,"key":"LiquidMemories"},{"floor":14.0,"key":"DistilledChaos"},{"floor":18.0,"key":"Explosive Potion"},{"floor":21.0,"key":"Fruit Juice"},{"floor":22.0,"key":"Dexterity Potion"},{"floor":28.0,"key":"SpeedPotion"},{"floor":29.0,"key":"FearPotion"},{"floor":31.0,"key":"FearPotion"},{"floor":33.0,"key":"Weak Potion"},{"floor":38.0,"key":"Explosive Potion"},{"floor":42.0,"key":"Weak Potion"},{"floor":46.0,"key":"Explosive Potion"}],"is_trial":true,"path_per_floor":["M","?","?","T","$","E","M","E","T","M","$","E","M","E","R","B",null,"M","?","T","M","E","R","E","M","T","R","M","E","M","M","R","B",null,"M","?","M","M","$","E","R","E","T","R","E","M","?","M","R","B",null],"character_chosen":"DEFECT","items_purchased":["Bronze Scales","White Noise","Rip and Tear","Singing Bowl","Meteor Strike","Turbo","Electrodynamics","Doom and Gloom","Toolbox","Master of Strategy","Ancient Potion"],"campfire_rested":0,"item_purchase_floors":[5,11,11,39,39,39,39,39,39,39,39],"current_hp_per_floor":[75,81,94,100,100,74,74,60,66,66,81,71,68,63,63,45,112,105,88,94,94,91,91,71,66,72,72,62,62,60,65,65,33,135,128,133,131,106,121,118,118,113,119,119,105,105,100,98,98,108],"gold":529,"neow_bonus":"","is_daily":false,"chose_seed":false,"campfire_upgraded":4,"win_rate":0.0,"timestamp":1612541061,"path_taken":["M","?","?","?","$","E","M","E","T","M","$","?","M","E","R","BOSS","M","?","?","?","?","R","E","M","T","R","M","E","M","M","R","BOSS","M","?","M","M","$","E","R","E","T","R","E","M","?","M","R","BOSS"],"items_purchased_type":["Relic","Card","Card","Relic","Card","Card","Card","Card","Relic","Card","Potion"],"build_version":"2020-12-22","purchased_purges":0,"victory":true,"max_hp_per_floor":[75,81,94,100,100,100,100,100,106,106,106,106,106,106,106,112,112,112,112,118,118,118,118,118,123,129,129,129,129,129,129,129,135,135,135,135,135,135,135,135,135,135,141,141,141,141,145,145,145,151],"relic_stats":{"Darkstone Periapt":60,"Gremlin Horn":[13,13],"Singing Bowl":4,"CeramicFish":180,"Whetstone":["Strike_B","Strike_B"],"Cursed Key":5,"Lizard Tail":0,"Nunchaku":[2],"Shovel":3,"Sundial":[0],"MealTicket":30,"Prayer Wheel":0,"InkBottle":[17],"Inserter":[38],"counters":[30,108],"Golden Idol":223,"PreservedInsect":333,"Pen Nib":[1],"Letter Opener":[86],"War Paint":["Rainbow","Defend_B"],"Question Card":15,"MawBank":216,"Mercury Hourglass":[141],"Peace Pipe":0,"Bronze Scales":[257],"obtain_stats":[{"Darkstone Periapt":0,"Gremlin Horn":24,"Singing Bowl":39,"CeramicFish":18,"Whetstone":25,"Cursed Key":0,"Old Coin":29,"Lizard Tail":37,"Nunchaku":40,"HornCleat":28,"Shovel":36,"Sundial":26,"Strawberry":3,"Toolbox":39,"MealTicket":4,"Prayer Wheel":7,"Red Mask":19,"Toxic Egg 2":44,"InkBottle":22,"Potion Belt":46,"Inserter":17,"Golden Idol":2,"Velvet Choker":34,"Thread and Needle":49,"PreservedInsect":10,"Pen Nib":45,"Letter Opener":12,"War Paint":38,"Frozen Egg 2":43,"Question Card":9,"MawBank":21,"Akabeko":20,"Mercury Hourglass":35,"Du-Vu Doll":0,"Peace Pipe":1,"Anchor":42,"DataDisk":48,"Bronze Scales":5,"Bag of Marbles":6,"StrikeDummy":13,"Symbiotic Virus":14,"Unceasing Top":8,"Toy Ornithopter":30,"TungstenRod":31,"Meat on the Bone":41},{"Darkstone Periapt":0,"Gremlin Horn":14,"Singing Bowl":24,"CeramicFish":10,"Whetstone":15,"Cursed Key":0,"Old Coin":17,"Lizard Tail":23,"Nunchaku":25,"HornCleat":16,"Shovel":22,"Sundial":15,"Strawberry":1,"Toolbox":24,"MealTicket":1,"Prayer Wheel":3,"Red Mask":11,"Toxic Egg 2":26,"InkBottle":13,"Potion Belt":28,"Inserter":9,"Golden Idol":1,"Velvet Choker":20,"Thread and Needle":29,"PreservedInsect":5,"Pen Nib":27,"Letter Opener":6,"War Paint":24,"Frozen Egg 2":26,"Question Card":4,"MawBank":12,"Akabeko":11,"Mercury Hourglass":21,"Du-Vu Doll":0,"Peace Pipe":1,"Anchor":26,"DataDisk":29,"Bronze Scales":1,"Bag of Marbles":2,"StrikeDummy":7,"Symbiotic Virus":8,"Unceasing Top":4,"Toy Ornithopter":18,"TungstenRod":19,"Meat on the Bone":25},{"Darkstone Periapt":0,"Gremlin Horn":45,"Singing Bowl":82,"CeramicFish":34,"Whetstone":49,"Cursed Key":0,"Old Coin":56,"Lizard Tail":78,"Nunchaku":87,"HornCleat":53,"Shovel":74,"Sundial":49,"Strawberry":4,"Toolbox":82,"MealTicket":4,"Prayer Wheel":13,"Red Mask":36,"Toxic Egg 2":90,"InkBottle":42,"Potion Belt":97,"Inserter":32,"Golden Idol":4,"Velvet Choker":69,"Thread and Needle":99,"PreservedInsect":17,"Pen Nib":93,"Letter Opener":19,"War Paint":82,"Frozen Egg 2":90,"Question Card":16,"MawBank":39,"Akabeko":36,"Mercury Hourglass":71,"Du-Vu Doll":0,"Peace Pipe":4,"Anchor":90,"DataDisk":99,"Bronze Scales":4,"Bag of Marbles":11,"StrikeDummy":21,"Symbiotic Virus":25,"Unceasing Top":16,"Toy Ornithopter":59,"TungstenRod":61,"Meat on the Bone":87}],"Unceasing Top":[3],"Toy Ornithopter":35,"TungstenRod":24,"Meat on the Bone":0},"card_choices":[{"not_picked":["Hyperbeam","Gash"],"picked":"Streamline","floor":6.0},{"not_picked":["Redo","BootSequence"],"picked":"Biased Cognition","floor":8.0},{"not_picked":["Stack","Go for the Eyes","Biased Cognition"],"picked":"Glacier","floor":12.0},{"not_picked":["Darkness","BootSequence","Meteor Strike"],"picked":"Auto Shields","floor":14.0},{"not_picked":["Buffer","Reboot","Seek"],"picked":"Electrodynamics","floor":16.0},{"not_picked":["Streamline","Genetic Algorithm","Reprogram"],"picked":"Cold Snap","floor":19.0},{"not_picked":["Fission","Storm","Chaos"],"picked":"Recycle","floor":22.0},{"not_picked":["Buffer","BootSequence","Steam"],"picked":"Glacier","floor":24.0},{"not_picked":["Leap","Biased Cognition","Double Energy"],"picked":"Barrage","floor":29.0},{"not_picked":["All For One","Machine Learning","Biased Cognition"],"picked":"Rainbow","floor":33.0},{"not_picked":["Blizzard+1","Leap","Sweeping Beam"],"picked":"Recycle+1","floor":36.0},{"not_picked":["Cold Snap","Storm","Skim+1"],"picked":"Stack+1","floor":40.0},{"not_picked":["BootSequence+1","Auto Shields+1","Buffer"],"picked":"Core Surge","floor":42.0},{"not_picked":["Darkness+1","Coolheaded+1","Streamline+1"],"picked":"Electrodynamics+1","floor":45.0},{"not_picked":["Mind Blast","HandOfGreed","Dramatic Entrance","Impatience+1"],"picked":"Singing Bowl","floor":47.0},{"not_picked":["Forethought+1","Secret Technique+1","Jack Of All Trades+1"],"picked":"Panacea+1","floor":47.0},{"not_picked":["Mind Blast","Magnetism+1","Deep Breath+1","Trip+1"],"picked":"Singing Bowl","floor":47.0}],"player_experience":1205955,"relics_obtained":[{"floor":1.0,"key":"Peace Pipe"},{"floor":4.0,"key":"MealTicket"},{"floor":6.0,"key":"Bag of Marbles"},{"floor":7.0,"key":"Prayer Wheel"},{"floor":8.0,"key":"Unceasing Top"},{"floor":9.0,"key":"Question Card"},{"floor":10.0,"key":"PreservedInsect"},{"floor":12.0,"key":"Letter Opener"},{"floor":13.0,"key":"StrikeDummy"},{"floor":14.0,"key":"Symbiotic Virus"},{"floor":18.0,"key":"CeramicFish"},{"floor":19.0,"key":"Red Mask"},{"floor":20.0,"key":"Akabeko"},{"floor":21.0,"key":"MawBank"},{"floor":22.0,"key":"InkBottle"},{"floor":24.0,"key":"Gremlin Horn"},{"floor":25.0,"key":"Whetstone"},{"floor":26.0,"key":"Sundial"},{"floor":28.0,"key":"HornCleat"},{"floor":29.0,"key":"Old Coin"},{"floor":30.0,"key":"Toy Ornithopter"},{"floor":31.0,"key":"TungstenRod"},{"floor":35.0,"key":"Mercury Hourglass"},{"floor":36.0,"key":"Shovel"},{"floor":37.0,"key":"Lizard Tail"},{"floor":38.0,"key":"War Paint"},{"floor":40.0,"key":"Nunchaku"},{"floor":41.0,"key":"Meat on the Bone"},{"floor":42.0,"key":"Anchor"},{"floor":43.0,"key":"Frozen Egg 2"},{"floor":44.0,"key":"Toxic Egg 2"},{"floor":45.0,"key":"Pen Nib"},{"floor":46.0,"key":"Potion Belt"},{"floor":48.0,"key":"DataDisk"},{"floor":49.0,"key":"Thread and Needle"}],"event_choices":[{"damage_healed":0.0,"max_hp_gain":0.0,"max_hp_loss":0.0,"gold_gain":0.0,"event_name":"Golden Idol","player_choice":"Take Wound","floor":2.0,"gold_loss":0.0,"damage_taken":0.0,"relics_obtained":["Golden Idol"],"cards_obtained":["Injury"]},{"damage_healed":0.0,"max_hp_gain":0.0,"max_hp_loss":0.0,"gold_gain":0.0,"event_name":"Big Fish","player_choice":"Box","floor":3.0,"gold_loss":0.0,"damage_taken":0.0,"relics_obtained":["Strawberry"],"cards_obtained":["Regret"]},{"damage_healed":0.0,"max_hp_gain":0.0,"max_hp_loss":0.0,"gold_gain":0.0,"event_name":"Masked Bandits","player_choice":"Fought Bandits","floor":19.0,"gold_loss":0.0,"damage_taken":0.0},{"damage_healed":0.0,"max_hp_gain":0.0,"max_hp_loss":0.0,"gold_gain":0.0,"event_name":"Mysterious Sphere","player_choice":"Fight","floor":36.0,"gold_loss":0.0,"damage_taken":0.0},{"damage_healed":0.0,"max_hp_gain":0.0,"max_hp_loss":0.0,"gold_gain":0.0,"event_name":"SensoryStone","player_choice":"Memory 3","floor":47.0,"gold_loss":0.0,"damage_taken":10.0}],"is_beta":false,"boss_relics":[{"not_picked":["Sozu","SacredBark"],"picked":"Inserter"},{"not_picked":["Fusion Hammer","Coffee Dripper"],"picked":"Velvet Choker"}],"items_purged_floors":[],"is_endless":false,"potions_floor_spawned":[7,12,14,18,21,22,28,29,31,33,38,40,42,46],"ascension_level":0}}