{"host":"oigynbtg272c19pw","time":1612520289,"event":{"mods":["BaseMod","Colored Map","Minty Spire (QoL Compilation)","Relic Stats","Slay the Relics Exporter","StSLib"],"gold_per_floor":[116,134,9,9,9,44,44,64,110,143,43,55,84,97,97,169,169,184,199,211,228,228,228],"floor_reached":22,"playtime":1026,"items_purged":["Strike_G","Strike_G"],"score":466,"play_id":"7677c3e6-bf81-4357-a414-57d22fe82787","local_time":"20210205111809","is_ascension_mode":true,"campfire_choices":[{"data":"Predator","floor":7.0,"key":"SMITH"},{"data":"Burst","floor":15,"key":"SMITH"}],"circlet_count":0,"master_deck":["AscendersBane","Strike_G","Strike_G","Defend_G","Defend_G","Defend_G","Defend_G","Defend_G","Survivor","Neutralize","Predator+1","Wraith Form v2","Deadly Poison","Leg Sweep","Dagger Spray","Blade Dance","Backstab","Burst+1","Flechettes","Wraith Form v2","Noxious Fumes","Heel Hook","Escape Plan","PiercingWail+1"],"relics":["Ring of the Snake","NeowsBlessing","Centennial Puzzle","Bag of Marbles","Turnip","Oddly Smooth Stone","WristBlade"],"acts_visited":["Exordium","TheCity"],"potions_floor_usage":[21],"damage_taken":[{"damage":0.0,"enemies":"Cultist","floor":1.0,"turns":1.0},{"damage":0.0,"enemies":"Small Slimes","floor":2.0,"turns":1.0},{"damage":0.0,"enemies":"3 Sentries","floor":6.0,"turns":1.0},{"damage":0.0,"enemies":"Jaw Worm","floor":8.0,"turns":7.0},{"damage":19.0,"enemies":"Gremlin Nob","floor":10.0,"turns":4.0},{"damage":2.0,"enemies":"Gremlin Gang","floor":12.0,"turns":4.0},{"damage":12,"enemies":"3 Sentries","floor":13,"turns":9},{"damage":0,"enemies":"Blue Slaver","floor":14,"turns":2},{"damage":8,"enemies":"The Guardian","floor":16,"turns":13},{"damage":2,"enemies":"Shell Parasite","floor":18,"turns":4},{"damage":30,"enemies":"3 Byrds","floor":19,"turns":6},{"damage":22,"enemies":"Snecko","floor":20,"turns":7},{"damage":2,"enemies":"Centurion and Healer","floor":21,"turns":6},{"damage":9,"enemies":"Cultist and Chosen","floor":22,"turns":3}],"seed_played":"-4876572410624613474","potions_obtained":[{"floor":2.0,"key":"PowerPotion"},{"floor":6.0,"key":"DistilledChaos"},{"floor":10.0,"key":"Dexterity Potion"}],"is_trial":false,"path_per_floor":["M","M","$","?","?","E","R","M","T","E","$","M","E","M","R","B",null,"M","M","M","M","M"],"character_chosen":"THE_SILENT","items_purchased":["Deadly Poison"],"campfire_rested":0,"item_purchase_floors":[3],"current_hp_per_floor":[59,59,59,64,64,64,64,64,64,45,45,43,31,31,31,23,59,57,27,5,3,0,0],"gold":228,"neow_bonus":"THREE_ENEMY_KILL","is_daily":false,"chose_seed":false,"campfire_upgraded":2,"win_rate":0.0,"timestamp":1612520289,"path_taken":["M","?","$","?","?","E","R","M","T","E","$","M","E","M","R","BOSS","M","?","M","M","M"],"items_purchased_type":["Card"],"build_version":"2020-12-13","purchased_purges":2,"victory":false,"max_hp_per_floor":[66,66,66,71,71,71,71,71,71,71,71,71,71,71,71,71,71,71,71,71,71,71,71],"relic_stats":{"Centennial Puzzle":[24],"counters":[14,68],"Turnip":[6],"obtain_stats":[{"Centennial Puzzle":6,"NeowsBlessing":0,"WristBlade":17,"Oddly Smooth Stone":13,"Turnip":10,"Bag of Marbles":9,"Ring of the Snake":0},{"Centennial Puzzle":3,"NeowsBlessing":0,"WristBlade":9,"Oddly Smooth Stone":7,"Turnip":5,"Bag of Marbles":4,"Ring of the Snake":0},{"Centennial Puzzle":3,"NeowsBlessing":0,"WristBlade":42,"Oddly Smooth Stone":27,"Turnip":14,"Bag of Marbles":10,"Ring of the Snake":0}],"Ring of the Snake":[28]},"card_choices":[{"not_picked":["Sucker Punch","Flying Knee"],"picked":"Predator","floor":1.0},{"not_picked":["PiercingWail","Cloak And Dagger"],"picked":"Wraith Form v2","floor":2.0},{"not_picked":["Dodge and Roll","Setup"],"picked":"Leg Sweep","floor":6.0},{"not_picked":["Quick Slash","Prepared"],"picked":"Dagger Spray","floor":8.0},{"not_picked":["Deadly Poison","Masterful Stab"],"picked":"Blade Dance","floor":10.0},{"not_picked":["Riddle With Holes","PiercingWail"],"picked":"Backstab","floor":12},{"not_picked":["Bouncing Flask","Noxious Fumes"],"picked":"Burst","floor":13},{"not_picked":["Tactician","Sucker Punch"],"picked":"Flechettes","floor":14},{"not_picked":["Die Die Die","Phantasmal Killer"],"picked":"Wraith Form v2","floor":16},{"not_picked":["Leg Sweep","Dagger Spray"],"picked":"Noxious Fumes","floor":18},{"not_picked":["Flechettes+1","Quick Slash"],"picked":"Heel Hook","floor":19},{"not_picked":["Expertise","Flying Knee"],"picked":"Escape Plan","floor":20},{"not_picked":["Tactician","Slice"],"picked":"PiercingWail+1","floor":21}],"player_experience":1543473,"relics_obtained":[{"floor":6.0,"key":"Centennial Puzzle"},{"floor":9.0,"key":"Bag of Marbles"},{"floor":10.0,"key":"Turnip"},{"floor":13,"key":"Oddly Smooth Stone"}],"event_choices":[{"damage_healed":0.0,"max_hp_gain":5.0,"max_hp_loss":0.0,"gold_gain":0.0,"event_name":"Big Fish","player_choice":"Donut","floor":4.0,"gold_loss":0.0,"damage_taken":0.0},{"cards_removed":["Strike_G"],"damage_healed":0.0,"max_hp_gain":0.0,"max_hp_loss":0.0,"gold_gain":0.0,"event_name":"Purifier","player_choice":"Purged","floor":5.0,"gold_loss":0.0,"damage_taken":0.0}],"is_beta":false,"boss_relics":[{"not_picked":["Runic Pyramid","Empty Cage"],"picked":"WristBlade"}],"items_purged_floors":[3,11],"is_endless":false,"potions_floor_spawned":[2,6,10],"killed_by":"Cultist and Chosen","ascension_level":20}}