{"host":"1vqon1dbpr5c1qll","time":1612535366,"event":{"mods":["2.2 Compatiblity","AchievementEnabler","BaseMod","BetterRewards","Colored Map","DeckTracker","Hermit","Highlight Path","Lobotomy","Minty Spire (QoL Compilation)","Permanent Neow","Quick Restart","Random Character Button","Replay The Spire","StSLib","SuperFastMode","The Cursed","The Servant 0.9.4","everything is the same but u backflip on backflip"],"gold_per_floor":[99,249,282,282,43,95,176,176,176,261,316,410,410,449,449,680,680,742,44,44,44,93,93,207,207,207,298,353,434,489,580,580,821,821,883,883,935,254,313,313,398,19,66,173,212,212,261,372,372,372,372,372,372,14,102,102],"floor_reached":57,"language":"KOR","playtime":2660,"items_purged":["Doubt","Looming Evil"],"score":3172,"play_id":"47cb57fc-158f-41b7-b2d4-84aacda99aa4","local_time":"20210205232926","daily_mods":["SealedDeck","Heirloom","DeadlyEvents","Elite Swarm","Lethality","Midas","Uncertain Future"],"is_ascension_mode":true,"campfire_choices":[{"floor":8.0,"key":"RECALL"},{"floor":13.0,"key":"REST"},{"floor":15.0,"key":"REST"},{"floor":32.0,"key":"REST"},{"floor":40.0,"key":"REST"}],"circlet_count":0,"master_deck":["AscendersBane","Bane","Catalyst","Bouncing Flask","Blade Dance","Quick Slash","Slice","Backflip","Slice","Leg Sweep","After Image+1","Leg Sweep","Injury","Dagger Spray","Die Die Die","Corpse Explosion","Blur","Die Die Die","Noxious Fumes","Envenom+1","CurseOfTheBell","Bane","Footwork","Calculated Gamble","Wraith Form v2","Dodge and Roll","Venomology","After Image+1","Blur","Wraith Form v2","Blade Dance","Footwork+1","Accuracy","Accuracy","Adrenaline","Sadistic Nature","A Thousand Cuts","Bane","Die Die Die","Blade Dance+1","Cloak And Dagger","Venomology"],"relics":["Ring of the Snake","replay:Trail_Library","Counterbalance","Golden Idol","Snake Skull","Toy Ornithopter","Ginger","Kunai","Calling Bell","Bag of Marbles","Chameleon Ring","Ice Cream","Ninja Scroll","Lizard Tail","Pet Ghost","Mango","Blue Doll","Replay:Wax Seal","Art of War","WristBlade","Ring of Misfortune","Bag of Preparation","Pondfish Scales","Centennial Puzzle","Lantern","Oddly Smooth Stone","Replay:Bottled Eggs","Torii","Iron Hammer","Durian"],"acts_visited":["Exordium","TheCity","TheBeyond","TheEnding"],"potions_floor_usage":[56,56,56,56,56,56],"damage_taken":[{"damage":0.0,"enemies":"Small Slimes","floor":3.0,"turns":2.0},{"damage":0.0,"enemies":"2 Louse","floor":6.0,"turns":2.0},{"damage":7.0,"enemies":"Gremlin Nob","floor":7.0,"turns":3.0},{"damage":4.0,"enemies":"3 Sentries","floor":10.0,"turns":3.0},{"damage":0.0,"enemies":"Cultist","floor":11.0,"turns":2.0},{"damage":12.0,"enemies":"Replay:BlueRogue","floor":12.0,"turns":1.0},{"damage":0.0,"enemies":"2 Fungi Beasts","floor":14.0,"turns":2.0},{"damage":12.0,"enemies":"The Guardian","floor":16.0,"turns":6.0},{"damage":1.0,"enemies":"Chosen","floor":18.0,"turns":4.0},{"damage":0.0,"enemies":"Spheric Guardian","floor":22.0,"turns":1.0},{"damage":4.0,"enemies":"Book of Stabbing","floor":24.0,"turns":3.0},{"damage":2.0,"enemies":"Gremlin Leader","floor":27.0,"turns":4.0},{"damage":0.0,"enemies":"Cultist and Chosen","floor":28.0,"turns":3.0},{"damage":0.0,"enemies":"Book of Stabbing","floor":29.0,"turns":1.0},{"damage":22.0,"enemies":"Snake Plant","floor":30.0,"turns":3.0},{"damage":2.0,"enemies":"Slavers","floor":31.0,"turns":2.0},{"damage":70.0,"enemies":"Pondfish","floor":33.0,"turns":7.0},{"damage":10.0,"enemies":"3 Shapes","floor":35.0,"turns":4.0},{"damage":0.0,"enemies":"Orb Walker","floor":37.0,"turns":1.0},{"damage":0.0,"enemies":"3 Darklings","floor":39.0,"turns":1.0},{"damage":16.0,"enemies":"Nemesis","floor":41.0,"turns":7.0},{"damage":0.0,"enemies":"R_Hoarder","floor":44.0,"turns":5.0},{"damage":0.0,"enemies":"4 Shapes","floor":45.0,"turns":3.0},{"damage":0.0,"enemies":"Spire Growth","floor":47.0,"turns":3.0},{"damage":0.0,"enemies":"Nemesis","floor":48.0,"turns":5.0},{"damage":33.0,"enemies":"Donu and Deca","floor":50.0,"turns":6.0},{"damage":48.0,"enemies":"Awakened One","floor":51.0,"turns":14.0},{"damage":13.0,"enemies":"Shield and Spear","floor":55.0,"turns":3.0},{"damage":28,"enemies":"The Heart","floor":56,"turns":8}],"seed_played":"3728739744463827534","potions_obtained":[{"floor":6.0,"key":"Languid Potion"},{"floor":10.0,"key":"Death Potion"},{"floor":12.0,"key":"SpeedPotion"},{"floor":14.0,"key":"Venom Potion"},{"floor":18.0,"key":"SkillPotion"},{"floor":24.0,"key":"SpeedPotion"},{"floor":25.0,"key":"Cursed Concoction"},{"floor":25.0,"key":"SteroidPotion"},{"floor":31.0,"key":"Venom Potion"},{"floor":33.0,"key":"Elixir"},{"floor":35.0,"key":"Fire Potion"},{"floor":41.0,"key":"PowerPotion"},{"floor":45.0,"key":"GamblersBrew"},{"floor":46.0,"key":"Energy Potion"},{"floor":53.0,"key":"Energy Potion"},{"floor":53.0,"key":"EntropicBrew"}],"is_trial":true,"path_per_floor":["?","?","M","?","$","M","E","R","T","E","M","E","R","M","R","B",null,"M","$","?","?","M","R","E","R","T","E","M","E","M","E","R","B",null,"M","?","M","$","M","R","E","$","T","E","M","R","M","E","R","B","B",null,"R","$","E","B",null],"character_chosen":"THE_SILENT","items_purchased":["Snake Skull","Ninja Scroll","Lizard Tail","Footwork","Bag of Preparation","Pondfish Scales","Accuracy","Lantern","Sadistic Nature","Iron Hammer","Blade Dance+1","Cloak And Dagger"],"campfire_rested":4,"item_purchase_floors":[5,19,19,19,38,38,38,42,42,54,54,54],"current_hp_per_floor":[59,59,59,59,59,59,52,52,52,48,48,41,60,60,66,54,63,65,65,65,65,65,65,62,62,76,74,74,79,57,60,80,15,64,59,59,64,64,64,80,69,69,69,74,79,79,79,79,79,52,14,64,64,64,61,57],"gold":102,"neow_bonus":"","is_daily":false,"chose_seed":false,"campfire_upgraded":0,"win_rate":0.0,"timestamp":1612535366,"path_taken":["?","?","M","?","$","M","E","R","T","E","?","E","R","M","R","BOSS","M","$","?","?","M","R","E","R","T","E","M","E","M","?","R","BOSS","M","?","M","?","?","R","E","$","T","E","M","R","M","E","R","BOSS","BOSS","R","$","E","BOSS"],"items_purchased_type":["Relic","Relic","Relic","Card","Relic","Relic","Card","Card","Card","Relic","Card","Card"],"build_version":"2020-12-22","purchased_purges":2,"victory":true,"max_hp_per_floor":[66,66,66,66,66,66,66,66,66,66,66,66,66,66,66,66,66,66,66,66,66,66,66,66,66,80,80,80,80,80,80,80,80,80,80,80,80,80,80,80,80,80,80,80,80,80,80,80,80,80,80,80,80,80,85,85],"card_choices":[{"not_picked":["PiercingWail","Eviscerate"],"picked":"Leg Sweep","floor":3.0},{"not_picked":["Replay:Poison Smokescreen","Quick Slash"],"picked":"Dagger Spray","floor":6.0},{"not_picked":["Tools of the Trade","Grand Finale"],"picked":"Die Die Die","floor":7.0},{"not_picked":["Grand Finale","Poison Darts"],"picked":"Corpse Explosion","floor":10.0},{"not_picked":["Bane","Hidden Blade"],"picked":"Blur","floor":11.0},{"not_picked":["Night Terror","Envenom"],"picked":"Die Die Die","floor":12.0},{"not_picked":["Masterful Stab","Choke","ReplayTheSpireMod:Shiv Toss"],"picked":"SKIP","floor":14.0},{"not_picked":["Glass Knife","Die Die Die"],"picked":"Envenom","floor":16.0},{"not_picked":["Deadly Poison","Dagger Throw"],"picked":"Bane","floor":18.0},{"not_picked":["Hidden Blade","Underhanded Strike"],"picked":"Calculated Gamble","floor":22.0},{"not_picked":["Bullet Time","Envenom"],"picked":"Wraith Form v2","floor":24.0},{"not_picked":["Malaise","Doppelganger","Unload"],"picked":"SKIP","floor":27.0},{"not_picked":["Bouncing Flask","Eviscerate"],"picked":"Dodge and Roll","floor":28.0},{"not_picked":["Grand Finale","Envenom"],"picked":"Venomology","floor":29.0},{"not_picked":["Flying Knee","Outmaneuver","Deadly Poison"],"picked":"SKIP","floor":30.0},{"not_picked":["Night Terror","Corpse Explosion"],"picked":"After Image","floor":31.0},{"not_picked":["Night Terror","Envenom"],"picked":"Wraith Form v2","floor":33.0},{"not_picked":["ReplayTheSpireMod:Scrap Shanks","Eviscerate"],"picked":"Blade Dance","floor":35.0},{"not_picked":["Outmaneuver","Deflect"],"picked":"Footwork+1","floor":37.0},{"not_picked":["Flying Knee+1","Deadly Poison"],"picked":"Accuracy","floor":39.0},{"not_picked":["Venomology","ReplayTheSpireMod:From All Sides"],"picked":"Adrenaline","floor":41.0},{"not_picked":["Replay:Bag of Tricks","Die Die Die"],"picked":"A Thousand Cuts","floor":44.0},{"not_picked":["Reflex+1","Underhanded Strike","Dagger Throw"],"picked":"SKIP","floor":45.0},{"not_picked":["All Out Attack","Quick Slash"],"picked":"Bane","floor":47.0},{"not_picked":["Replay:Bag of Tricks","Night Terror"],"picked":"Die Die Die","floor":48.0},{"not_picked":["Doppelganger","Corpse Explosion"],"picked":"Venomology","floor":55.0}],"player_experience":971179,"relics_obtained":[{"floor":7.0,"key":"Toy Ornithopter"},{"floor":10.0,"key":"Ginger"},{"floor":12.0,"key":"Kunai"},{"floor":17.0,"key":"Bag of Marbles"},{"floor":17.0,"key":"Chameleon Ring"},{"floor":17.0,"key":"Ice Cream"},{"floor":24.0,"key":"Pet Ghost"},{"floor":26.0,"key":"Mango"},{"floor":27.0,"key":"Blue Doll"},{"floor":29.0,"key":"Replay:Wax Seal"},{"floor":31.0,"key":"Art of War"},{"floor":36.0,"key":"Ring of Misfortune"},{"floor":41.0,"key":"Centennial Puzzle"},{"floor":43.0,"key":"Oddly Smooth Stone"},{"floor":44.0,"key":"Replay:Bottled Eggs"},{"floor":48.0,"key":"Torii"},{"floor":55.0,"key":"Durian"}],"event_choices":[{"damage_healed":0.0,"max_hp_gain":0.0,"max_hp_loss":0.0,"gold_gain":150.0,"event_name":"Liars Game","player_choice":"AGREE","floor":2.0,"gold_loss":0.0,"damage_taken":0.0,"cards_obtained":["Doubt"]},{"damage_healed":0.0,"max_hp_gain":0.0,"max_hp_loss":0.0,"gold_gain":0.0,"event_name":"Golden Idol","player_choice":"Take Wound","floor":4.0,"gold_loss":0.0,"damage_taken":0.0,"relics_obtained":["Golden Idol"],"cards_obtained":["Injury"]},{"damage_healed":0.0,"max_hp_gain":0.0,"max_hp_loss":0.0,"gold_gain":0.0,"event_name":"Vampires","player_choice":"Ignored","floor":20.0,"gold_loss":0.0,"damage_taken":0.0},{"damage_healed":0.0,"max_hp_gain":0.0,"max_hp_loss":0.0,"gold_gain":0.0,"event_name":"Upgrade Shrine","player_choice":"Upgraded","floor":21.0,"gold_loss":0.0,"damage_taken":0.0,"cards_upgraded":["Envenom"]}],"is_beta":false,"boss_relics":[{"not_picked":["HoveringKite","SlaversCollar"],"picked":"Calling Bell"},{"not_picked":["Philosopher\u0027s Stone","ReplayTheSpireMod:DimensionalGlitch"],"picked":"WristBlade"}],"items_purged_floors":[5,38],"is_endless":false,"potions_floor_spawned":[6,10,12,14,18,24,31,33,35,39,41,45,47],"ascension_level":20}}