{"host":"bpnwh7vpv9k3tssc","time":1612515284,"event":{"mods":["BaseMod","Colored Map","Colored Powertips","Curses Come First","Highlight Path","Minty Spire (QoL Compilation)","Quick Restart","Random Character Button","Relic Sorter","StSLib"],"gold_per_floor":[110,110,64,64,74,107,107,126,126,126,126,151,163,20,20,99,99,118,118,118,135,135,168,186,186,213,213,228,255,255,275,275,347,347,362,66,85,85,85,85,85,85],"floor_reached":41,"language":"ENG","playtime":1275,"items_purged":[],"score":772,"play_id":"c460dcb9-1709-4541-bd8e-cc0b648589c7","local_time":"20210205095444","is_ascension_mode":true,"campfire_choices":[{"data":"Limit Break","floor":7,"key":"SMITH"},{"floor":11,"key":"REST"},{"floor":15,"key":"REST"},{"data":"True Grit","floor":25,"key":"SMITH"},{"data":"Inflame","floor":27,"key":"SMITH"},{"floor":32,"key":"REST"},{"data":"Havoc","floor":40,"key":"SMITH"}],"circlet_count":0,"master_deck":["AscendersBane","Strike_R","Strike_R","Strike_R","Strike_R","Defend_R","Defend_R","Defend_R","Defend_R","Bash","Limit Break+1","Sword Boomerang","Iron Wave","Spot Weakness","Thunderclap","Armaments+1","Rupture","Brutality","Flex","Writhe","Shrug It Off","Inflame+1","True Grit+1","Havoc+1","Limit Break+1","Flex","Berserk","Havoc+1","Impatience"],"relics":["Burning Blood","Gremlin Horn","Blood Vial","Magic Flower","Du-Vu Doll","Odd Mushroom","Vajra","Sozu","Pear","Thread and Needle","WingedGreaves","Orichalcum","Nunchaku","Cursed Key","Turnip"],"acts_visited":["Exordium","TheCity","TheBeyond"],"potions_floor_usage":[6,16],"damage_taken":[{"damage":1,"enemies":"Cultist","floor":1,"turns":4},{"damage":16,"enemies":"Jaw Worm","floor":5,"turns":4},{"damage":55,"enemies":"3 Sentries","floor":6,"turns":9},{"damage":2,"enemies":"2 Louse","floor":8,"turns":2},{"damage":11,"enemies":"The Mushroom Lair","floor":12,"turns":3},{"damage":31,"enemies":"Exordium Thugs","floor":13,"turns":4},{"damage":29,"enemies":"The Guardian","floor":16,"turns":9},{"damage":31,"enemies":"2 Thieves","floor":18,"turns":4},{"damage":13,"enemies":"Shell Parasite","floor":21,"turns":3},{"damage":19,"enemies":"Gremlin Leader","floor":23,"turns":4},{"damage":3,"enemies":"3 Cultists","floor":24,"turns":4},{"damage":9,"enemies":"Shelled Parasite and Fungi","floor":28,"turns":3},{"damage":34,"enemies":"Slavers","floor":29,"turns":4},{"damage":0,"enemies":"Snecko","floor":31,"turns":3},{"damage":9,"enemies":"Champ","floor":33,"turns":6},{"damage":28,"enemies":"3 Shapes","floor":35,"turns":4},{"damage":13,"enemies":"Orb Walker","floor":37,"turns":3},{"damage":68,"enemies":"Transient","floor":41,"turns":4}],"seed_played":"-2719074054143711017","potions_obtained":[{"floor":1,"key":"Ancient Potion"},{"floor":5,"key":"Swift Potion"},{"floor":13,"key":"Block Potion"}],"is_trial":false,"path_per_floor":["M","?","$","?","M","E","R","M","T","?","R","?","M","$","R","B",null,"M","?","T","M","?","E","M","R","T","R","M","E","?","M","R","B",null,"M","$","M","?","?","R","M"],"character_chosen":"IRONCLAD","items_purchased":["Iron Wave","Vajra","Turnip"],"campfire_rested":3,"item_purchase_floors":[3,14,36],"current_hp_per_floor":[73,73,73,73,63,14,14,20,20,9,31,32,13,13,35,18,61,42,52,52,51,51,44,53,53,53,53,56,34,34,46,71,74,82,66,66,65,65,65,65,0,0],"gold":85,"neow_bonus":"ONE_RANDOM_RARE_CARD","is_daily":false,"chose_seed":false,"campfire_upgraded":4,"win_rate":0.0,"timestamp":1612515284,"path_taken":["M","?","?","?","?","E","R","M","T","?","R","?","M","?","R","BOSS","M","?","?","M","?","E","?","R","T","R","M","E","?","?","R","BOSS","M","?","?","?","?","R","M"],"items_purchased_type":["Card","Relic","Relic"],"build_version":"2020-12-22","purchased_purges":0,"victory":false,"max_hp_per_floor":[75,75,75,75,75,75,75,75,75,75,75,75,75,75,75,75,75,75,85,85,85,85,85,85,85,85,85,85,85,85,85,85,85,85,85,85,85,85,85,85,85,85],"card_choices":[{"not_picked":["Intimidate","Warcry"],"picked":"Sword Boomerang","floor":1},{"not_picked":["Shrug It Off","Shockwave"],"picked":"Spot Weakness","floor":5},{"not_picked":["Wild Strike","Clash"],"picked":"Thunderclap","floor":6},{"not_picked":["Feel No Pain","Thunderclap"],"picked":"Armaments","floor":8},{"not_picked":["Infernal Blade","Berserk"],"picked":"Rupture","floor":12},{"not_picked":["Anger","Perfected Strike","Feel No Pain"],"picked":"SKIP","floor":13},{"not_picked":["Bludgeon","Berserk"],"picked":"Brutality","floor":16},{"not_picked":["True Grit","Cleave"],"picked":"Flex","floor":18},{"not_picked":["Flame Barrier","Warcry"],"picked":"Shrug It Off","floor":21},{"not_picked":["Perfected Strike","Twin Strike+1"],"picked":"Inflame","floor":23},{"not_picked":["Iron Wave","Anger"],"picked":"True Grit","floor":24},{"not_picked":["Rupture","Seeing Red","Thunderclap"],"picked":"SKIP","floor":28},{"not_picked":["Rage","Twin Strike"],"picked":"Havoc","floor":29},{"not_picked":["Armaments","Shrug It Off"],"picked":"Flex","floor":31},{"not_picked":["Juggernaut","Brutality"],"picked":"Berserk","floor":33},{"not_picked":["Evolve+1","Spot Weakness+1"],"picked":"Havoc+1","floor":35},{"not_picked":["Headbutt","Seeing Red","Body Slam"],"picked":"SKIP","floor":37},{"not_picked":["Dramatic Entrance","Sadistic Nature"],"picked":"Impatience","floor":38}],"player_experience":352851,"relics_obtained":[{"floor":6,"key":"Blood Vial"},{"floor":9,"key":"Magic Flower"},{"floor":12,"key":"Odd Mushroom"},{"floor":20,"key":"Thread and Needle"},{"floor":23,"key":"WingedGreaves"},{"floor":26,"key":"Orichalcum"},{"floor":29,"key":"Nunchaku"}],"event_choices":[{"damage_healed":0,"gold_gain":0,"player_choice":"Ignored","damage_taken":0,"max_hp_gain":0,"max_hp_loss":0,"event_name":"Liars Game","floor":2,"gold_loss":0},{"damage_healed":0,"gold_gain":0,"player_choice":"Gave Potion","damage_taken":0,"relics_obtained":["Gremlin Horn"],"max_hp_gain":0,"max_hp_loss":0,"event_name":"WeMeetAgain","floor":4,"gold_loss":0},{"damage_healed":0,"gold_gain":0,"player_choice":"Success","damage_taken":11,"relics_obtained":["Du-Vu Doll"],"max_hp_gain":0,"max_hp_loss":0,"event_name":"Scrap Ooze","floor":10,"gold_loss":0},{"damage_healed":0,"gold_gain":0,"player_choice":"Fought Mushrooms","damage_taken":0,"max_hp_gain":0,"max_hp_loss":0,"event_name":"Mushrooms","floor":12,"gold_loss":0},{"damage_healed":0,"gold_gain":0,"player_choice":"Opened","damage_taken":0,"relics_obtained":["Pear"],"max_hp_gain":0,"max_hp_loss":0,"event_name":"The Mausoleum","floor":19,"gold_loss":0,"cards_obtained":["Writhe"]},{"damage_healed":0,"gold_gain":0,"player_choice":"Upgraded","damage_taken":0,"max_hp_gain":0,"max_hp_loss":0,"event_name":"Upgrade Shrine","floor":22,"gold_loss":0,"cards_upgraded":["Armaments"]},{"damage_healed":0,"gold_gain":0,"player_choice":"Copied","damage_taken":0,"max_hp_gain":0,"max_hp_loss":0,"event_name":"Duplicator","floor":30,"gold_loss":0,"cards_obtained":["Limit Break"]},{"damage_healed":0,"gold_gain":0,"player_choice":"Memory 1","damage_taken":0,"max_hp_gain":0,"max_hp_loss":0,"event_name":"SensoryStone","floor":38,"gold_loss":0},{"cards_removed":["Strike_R"],"damage_healed":0,"gold_gain":0,"player_choice":"Removed Attack","damage_taken":0,"max_hp_gain":0,"max_hp_loss":0,"event_name":"Falling","floor":39,"gold_loss":0}],"is_beta":false,"boss_relics":[{"not_picked":["SlaversCollar","Runic Dome"],"picked":"Sozu"},{"not_picked":["Runic Cube","Pandora\u0027s Box"],"picked":"Cursed Key"}],"items_purged_floors":[],"is_endless":false,"potions_floor_spawned":[1,5,13,21,28,29,33,37],"killed_by":"Transient","ascension_level":15}}