{"host":"d52brwsy6af8zvaq","time":1612494972,"event":{"mods":["AchievementEnabler","BaseMod","Bestiary","Highlight Path","Minty Spire (QoL Compilation)","Quick Restart","Relic Stats","ojb\u0027s Better Paths Mod"],"gold_per_floor":[110,110,7,27,44,73,73,107,107,123,123,123,151,116,116,193,193,167,167,179,198,69,69,69,69],"floor_reached":24,"language":"ENG","playtime":1125,"items_purged":["Strike_B","Pain"],"score":428,"play_id":"7bcda788-fb05-40c2-9d85-67368e9fc9d5","local_time":"20210204201612","is_ascension_mode":true,"campfire_choices":[{"floor":7.0,"key":"REST"},{"data":"Loop","floor":11.0,"key":"SMITH"},{"data":"Sunder","floor":15.0,"key":"SMITH"},{"data":"Dualcast","floor":23,"key":"SMITH"}],"circlet_count":0,"master_deck":["AscendersBane","Strike_B","Strike_B","Strike_B","Defend_B","Defend_B","Defend_B","Defend_B","Zap","Dualcast+1","Glacier","Sweeping Beam","Loop+1","Cold Snap","Sunder+1","Self Repair","Leap","Beam Cell","Creative AI","Conserve Battery+1","Steam","Stack","Coolheaded"],"relics":["Cracked Core","Anchor","Emotion Chip","Pantograph","Pear","Velvet Choker","WarpedTongs"],"acts_visited":["Exordium","TheCity"],"potions_floor_usage":[24],"damage_taken":[{"damage":5.0,"enemies":"2 Louse","floor":1.0,"turns":3.0},{"damage":4.0,"enemies":"Small Slimes","floor":4.0,"turns":3.0},{"damage":8.0,"enemies":"Jaw Worm","floor":5.0,"turns":4.0},{"damage":43.0,"enemies":"Lagavulin","floor":6.0,"turns":13.0},{"damage":13.0,"enemies":"3 Sentries","floor":8.0,"turns":8.0},{"damage":0.0,"enemies":"Gremlin Gang","floor":10.0,"turns":4.0},{"damage":22.0,"enemies":"Gremlin Nob","floor":13.0,"turns":6.0},{"damage":13.0,"enemies":"Slime Boss","floor":16.0,"turns":8.0},{"damage":6.0,"enemies":"2 Thieves","floor":18.0,"turns":4.0},{"damage":20.0,"enemies":"Spheric Guardian","floor":20.0,"turns":6.0},{"damage":21,"enemies":"3 Cultists","floor":21,"turns":5},{"damage":79,"enemies":"Gremlin Leader","floor":24,"turns":7}],"seed_played":"-3801229753960190950","potions_obtained":[{"floor":1.0,"key":"Dexterity Potion"},{"floor":8.0,"key":"Block Potion"},{"floor":10.0,"key":"BlessingOfTheForge"},{"floor":16.0,"key":"Regen Potion"},{"floor":20.0,"key":"Explosive Potion"}],"is_trial":false,"path_per_floor":["M","?","$","M","M","E","R","E","T","M","R","?","E","?","R","B",null,"M","?","M","M","$","R","E"],"character_chosen":"DEFECT","items_purchased":["Sweeping Beam","Coolheaded"],"campfire_rested":1,"item_purchase_floors":[3,22],"current_hp_per_floor":[66,66,66,62,54,11,34,21,21,28,28,28,23,45,45,57,80,74,74,64,50,50,50,0,0],"gold":69,"neow_bonus":"TEN_PERCENT_HP_BONUS","is_daily":false,"chose_seed":false,"campfire_upgraded":3,"win_rate":0.0,"timestamp":1612494972,"path_taken":["M","?","$","M","M","E","R","E","T","M","R","?","E","?","R","BOSS","M","?","?","M","$","R","E"],"items_purchased_type":["Card","Card"],"build_version":"2020-12-22","purchased_purges":2,"victory":false,"max_hp_per_floor":[78,78,78,78,78,78,78,78,78,78,78,78,88,88,88,88,88,88,88,88,88,88,88,88,88],"relic_stats":{"Emotion Chip":[30,13,17,0,0],"counters":[12,70],"Pantograph":25,"obtain_stats":[{"Anchor":6,"Emotion Chip":8,"Pear":13,"Pantograph":9,"Velvet Choker":17,"Cracked Core":0,"WarpedTongs":19},{"Anchor":4,"Emotion Chip":5,"Pear":7,"Pantograph":5,"Velvet Choker":8,"Cracked Core":0,"WarpedTongs":9},{"Anchor":23,"Emotion Chip":31,"Pear":41,"Pantograph":31,"Velvet Choker":49,"Cracked Core":0,"WarpedTongs":53}],"WarpedTongs":[17]},"card_choices":[{"not_picked":["Cold Snap","Genetic Algorithm"],"picked":"Glacier","floor":1.0},{"not_picked":["Hologram","Ball Lightning"],"picked":"Loop","floor":4.0},{"not_picked":["Self Repair","Conserve Battery"],"picked":"Cold Snap","floor":5.0},{"not_picked":["Streamline","Go for the Eyes"],"picked":"Sunder","floor":6.0},{"not_picked":["Ball Lightning","Thunder Strike"],"picked":"Self Repair","floor":8.0},{"not_picked":["Stack","Hello World"],"picked":"Leap","floor":10.0},{"not_picked":["Rebound","Ball Lightning"],"picked":"Beam Cell","floor":13.0},{"not_picked":["Amplify","Buffer"],"picked":"Creative AI","floor":16.0},{"not_picked":["Redo","Reprogram+1"],"picked":"Conserve Battery+1","floor":18.0},{"not_picked":["Barrage","Hello World"],"picked":"Steam","floor":20.0},{"not_picked":["Go for the Eyes","Redo","Stack"],"picked":"SKIP","floor":21},{"not_picked":["Go for the Eyes","Redo"],"picked":"Stack","floor":21}],"player_experience":2143283,"relics_obtained":[{"floor":6.0,"key":"Anchor"},{"floor":8.0,"key":"Emotion Chip"},{"floor":9.0,"key":"Pantograph"},{"floor":13.0,"key":"Pear"}],"event_choices":[{"damage_healed":0.0,"max_hp_gain":0.0,"max_hp_loss":0.0,"gold_gain":0.0,"event_name":"Shining Light","player_choice":"Ignored","floor":2.0,"gold_loss":0.0,"damage_taken":0.0},{"damage_healed":0.0,"max_hp_gain":0.0,"max_hp_loss":0.0,"gold_gain":0.0,"event_name":"Liars Game","player_choice":"Ignored","floor":12.0,"gold_loss":0.0,"damage_taken":0.0},{"damage_healed":22.0,"max_hp_gain":0.0,"max_hp_loss":0.0,"gold_gain":0.0,"event_name":"The Cleric","player_choice":"Healed","floor":14.0,"gold_loss":35.0,"damage_taken":0.0},{"damage_healed":0.0,"max_hp_gain":0.0,"max_hp_loss":0.0,"gold_gain":0.0,"event_name":"Accursed Blacksmith","player_choice":"Rummage","floor":19.0,"gold_loss":0.0,"damage_taken":0.0,"relics_obtained":["WarpedTongs"],"cards_obtained":["Pain"]}],"is_beta":false,"boss_relics":[{"not_picked":["Tiny House","SacredBark"],"picked":"Velvet Choker"}],"items_purged_floors":[3,22],"is_endless":false,"potions_floor_spawned":[1,8,10,13,16,20,21],"killed_by":"Gremlin Leader","ascension_level":20}}