{"host":"tr12w2fixbnujl15","time":1612565334,"event":{"mods":["100% Spire Juice","2.2 Compatiblity","A Penny For Your Troubles","Arknights","BaseMod","Better Skull","Better Vampires","BetterRewards","CapriCore","Clockwork Mod","Colored Powertips","Evolution","Gremlin Skip","Hermit","Hubris","Infinite Spire","JesterMod","Kalas","KinomotoSakuraMod(????)","Koishi","Mad Scientist","Magitek Elite","Mathematician","Minty Spire (QoL Compilation)","Permanent Neow","Quick Restart","Reimu??????","Relic Filter","Remilia_Scarlet Moed?????·?????3.3.5","Replay The Spire","Shop Mod","StSLib","SuperFastMode","The Accelerator","The Bug Knight","The Construct","The Cursed","The Hayseed","The Hierophant","The Immortal","The Mystic","The Necromancer","The Runesmith","The Sage","The Senshi","The Servant 0.9.4","The Spell Scribe","The Vixen","TheFirefly","TheSwordswoman","TheVelvet","Transform Curses","WarShipGirlsR/????R mod","Yakumo Yukari mod","[IsaacMod]????"],"gold_per_floor":[119,169,184,204,48,48,93,93,93,93,113,113,100,126,126,224,224,242,242,242,255,255,255,255,335,348,348,56,56,160,160,182,482,482,482,482],"floor_reached":38,"language":"ENG","playtime":949,"items_purged":[],"score":541,"play_id":"cdbb46b8-f60f-427a-ab23-155f33b7e6dc","local_time":"20210205174854","is_ascension_mode":false,"campfire_choices":[{"floor":6,"key":"REST"},{"data":"Summon_Undead_Army","floor":10,"key":"SMITH"},{"floor":15,"key":"REST"},{"data":"Violent_Necrosis","floor":23,"key":"SMITH"},{"data":"Death_March_Dance","floor":29,"key":"SMITH"},{"floor":32,"key":"DIG"}],"circlet_count":0,"master_deck":["Blood_Whip","Blood_Whip","Strike_W","Strike_W","Defend_W","Negative_Energy_Arrows","Bone_Wall","Death_March_Dance+1","Toxic_Smoke_Screen+1","Negative_Energy_Bomb","Summon_Undead_Army+1","Hellfire","Bone_Armor","Grasp_Heart","Summon_Death_Knight","Violent_Necrosis+1","Blood_Curse","Life_Tap+1","Bones_to_Steel","Negative_Energy_Sphere","Scare","Bone_Armory","Reap_The_Weak","Dark Shackles","Skeleton_Dragon","Shackles_Of_Pain+1"],"relics":["Vampire_Amulet","EVO:Axolotl","HushsDoor","DoctorsRemote","NeowsBlessing","Letter Opener","MerchantsRug","Boot","Anchor","hubris:Teleporter","Honey Jar","infinitespire:Golems Mask","infinitespire:EvilPickle","hubris:Backtick","hubris:Potato"],"acts_visited":["Exordium","TheCity","TheBeyond"],"potions_floor_usage":[14,33,33,33],"damage_taken":[{"damage":0,"enemies":"Jaw Worm","floor":1,"turns":1},{"damage":2,"enemies":"Hiden Room Battle","floor":2,"turns":1},{"damage":0,"enemies":"Cultist","floor":3,"turns":1},{"damage":7,"enemies":"Small Slimes","floor":4,"turns":3},{"damage":0,"enemies":"Gremlin Gang","floor":11,"turns":1},{"damage":31,"enemies":"Lagavulin","floor":14,"turns":4},{"damage":17,"enemies":"The Guardian","floor":16,"turns":7},{"damage":2,"enemies":"Shell Parasite","floor":18,"turns":3},{"damage":0,"enemies":"Chosen","floor":21,"turns":4},{"damage":16,"enemies":"Snecko","floor":27,"turns":4},{"damage":30,"enemies":"Pondfish","floor":33,"turns":9},{"damage":42,"enemies":"3 Darklings","floor":35,"turns":7},{"damage":39,"enemies":"3 Shapes","floor":38,"turns":3}],"seed_played":"6230641196826597874","potions_obtained":[{"floor":2,"key":"FearPotion"},{"floor":3,"key":"EssenceOfSteel"},{"floor":4,"key":"Weak Potion"},{"floor":16,"key":"GamblersBrew"},{"floor":18,"key":"Languid Potion"},{"floor":27,"key":"PowerPotion"}],"is_trial":false,"path_per_floor":["M","?","M","M","$","R","T","?","T","R","M","?","$","E","R","B",null,"M","?","$","M","?","R","?","T","M","R","$","R","B",null,"M","?","?","M"],"character_chosen":"NECROMANCER","items_purchased":["MerchantsRug","Summon_Undead_Army","PowerPotion","AttackPotion","Bone_Armory","Reap_The_Weak","Dark Shackles"],"campfire_rested":2,"item_purchase_floors":[5,5,13,30,30,30,30],"current_hp_per_floor":[75,75,75,72,72,75,75,75,75,75,75,75,75,46,68,53,75,75,75,75,75,75,75,75,75,61,61,61,61,35,75,35,35,35,0,0],"gold":482,"neow_bonus":"THREE_ENEMY_KILL","is_daily":false,"chose_seed":false,"campfire_upgraded":3,"win_rate":0.0,"timestamp":1612565334,"path_taken":["M","?","?","M","$","R","?","?","T","R","?","?","$","E","R","BOSS","M","?","?","M","?","R","?","T","M","R","$","R","BOSS","M","?","?","?"],"items_purchased_type":["Relic","Card","Potion","Potion","Card","Card","Card"],"build_version":"2020-12-22","purchased_purges":0,"victory":false,"max_hp_per_floor":[75,75,75,75,75,75,75,75,75,75,75,75,75,75,75,75,75,75,75,75,75,75,75,75,75,75,75,75,75,75,75,75,75,75,75,75],"card_choices":[{"not_picked":[],"picked":"Bomb","floor":0},{"not_picked":["Vampiric_Strike","Deaths_Shadow"],"picked":"Death_March_Dance","floor":1},{"not_picked":["Negative_Energy_Sphere","Necrotic_Claws"],"picked":"Bomb","floor":2},{"not_picked":["Life_Drain","Death_Knell"],"picked":"Toxic_Smoke_Screen","floor":3},{"not_picked":["Consume_Illness","Chill_Blood"],"picked":"Negative_Energy_Bomb","floor":4},{"not_picked":["Blood_Curse","Spectral_Armor"],"picked":"Bone_Armor","floor":11},{"not_picked":["Death_Coil","Consume_Illness"],"picked":"Grasp_Heart","floor":14},{"not_picked":["Cloudkill","Hellfire"],"picked":"Summon_Death_Knight","floor":16},{"not_picked":["Summon_Undead_Army+1","Scare+1","Whirlwind_of_Bones"],"picked":"Violent_Necrosis","floor":18},{"not_picked":["Blood_for_Blood","Life_Drain+1","Violent_Necrosis"],"picked":"Life_Tap+1","floor":21},{"not_picked":["Death_March_Dance","Bone_Prison","Vampiric_Strike+1"],"picked":"Scare","floor":27},{"not_picked":["Blood_Wake","Summon_Vampire_Lady","Hellfire"],"picked":"Skeleton_Dragon","floor":33},{"not_picked":["Bone_Armor","Spectral_Walk+1","Bone_Spikes"],"picked":"Shackles_Of_Pain+1","floor":35}],"player_experience":96837,"relics_obtained":[{"floor":2,"key":"Letter Opener"},{"floor":2,"key":"infinitespire:PuzzleCube"},{"floor":7,"key":"Boot"},{"floor":9,"key":"Anchor"},{"floor":14,"key":"hubris:Teleporter"},{"floor":26,"key":"Replay:Bottled Snecko"},{"floor":32,"key":"infinitespire:Golems Mask"}],"event_choices":[{"damage_healed":0,"gold_gain":0,"player_choice":"Fight","damage_taken":0,"max_hp_gain":0,"max_hp_loss":0,"event_name":"HidenRoomEvent","floor":2,"gold_loss":0},{"damage_healed":0,"gold_gain":0,"cards_transformed":["Defend_W"],"player_choice":"Transformed","damage_taken":0,"max_hp_gain":0,"max_hp_loss":0,"event_name":"Transmorgrifier","floor":8,"gold_loss":0,"cards_obtained":["Hellfire"]},{"damage_healed":0,"gold_gain":0,"player_choice":"Read","damage_taken":0,"max_hp_gain":0,"max_hp_loss":0,"event_name":"The Library","floor":19,"gold_loss":0,"cards_obtained":["Blood_Curse"]},{"damage_healed":0,"gold_gain":0,"cards_transformed":["Defend_W","Defend_W"],"player_choice":"Became Test Subject","damage_taken":0,"max_hp_gain":0,"max_hp_loss":0,"event_name":"Drug Dealer","floor":25,"gold_loss":0,"cards_obtained":["Bones_to_Steel","Negative_Energy_Sphere"]},{"damage_healed":0,"gold_gain":0,"player_choice":"Ignored","damage_taken":0,"max_hp_gain":0,"max_hp_loss":0,"event_name":"Mysterious Sphere","floor":37,"gold_loss":0}],"is_beta":false,"boss_relics":[{"not_picked":["Calling Bell","Astrolabe"],"picked":"Honey Jar"},{"not_picked":[]},{"not_picked":["hubris:ScarierMask","Replay:Bronze Core"],"picked":"hubris:Backtick"},{"not_picked":[]}],"items_purged_floors":[],"is_endless":false,"potions_floor_spawned":[2,3,4,16,18,27],"killed_by":"3 Shapes","ascension_level":0}}