{"host":"jxmsv4d84jcvxth5","time":1612494700,"event":{"mods":["BaseMod","Colored Map","Minty Spire (QoL Compilation)","Relic Stats","StSLib"],"gold_per_floor":[113,113,129,32,50,84,84,84,84],"floor_reached":8,"language":"ENG","playtime":367,"items_purged":[],"score":112,"play_id":"11707663-f5e1-46fa-a843-a55876ac2e39","local_time":"20210204221140","is_ascension_mode":true,"campfire_choices":[{"floor":7,"key":"REST"}],"circlet_count":0,"master_deck":["AscendersBane","Strike_B","Strike_B","Strike_B","Strike_B","Defend_B","Defend_B","Defend_B","Defend_B","Zap","Dualcast","Coolheaded","Capacitor","Barrage","Defragment","Capacitor","Undo"],"relics":["Cracked Core","Lantern"],"acts_visited":["Exordium"],"potions_floor_usage":[6,8],"damage_taken":[{"damage":3,"enemies":"2 Louse","floor":1,"turns":3},{"damage":4,"enemies":"Small Slimes","floor":3,"turns":4},{"damage":4,"enemies":"Cultist","floor":5,"turns":4},{"damage":58,"enemies":"Gremlin Nob","floor":6,"turns":5},{"damage":30,"enemies":"3 Sentries","floor":8,"turns":7}],"seed_played":"-8267513492340864843","potions_obtained":[{"floor":0,"key":"Dexterity Potion"},{"floor":0,"key":"Regen Potion"},{"floor":5,"key":"LiquidBronze"}],"is_trial":false,"path_per_floor":["M","?","M","$","M","E","R","E"],"character_chosen":"DEFECT","items_purchased":["Barrage","Defragment"],"campfire_rested":1,"item_purchase_floors":[4,4],"current_hp_per_floor":[61,61,57,57,53,9,30,0,0],"gold":84,"neow_bonus":"THREE_SMALL_POTIONS","is_daily":false,"chose_seed":false,"campfire_upgraded":0,"win_rate":0.0,"timestamp":1612494700,"path_taken":["M","?","M","$","M","E","R","E"],"items_purchased_type":["Card","Card"],"build_version":"2020-12-22","purchased_purges":0,"victory":false,"max_hp_per_floor":[71,71,71,71,71,71,71,71,71],"relic_stats":{"counters":[5,23],"obtain_stats":[{"Lantern":6,"Cracked Core":0},{"Lantern":4,"Cracked Core":0},{"Lantern":16,"Cracked Core":0}]},"card_choices":[{"not_picked":["Redo","White Noise"],"picked":"Coolheaded","floor":1},{"not_picked":["Scrape","Loop"],"picked":"Capacitor","floor":3},{"not_picked":["White Noise","Blizzard"],"picked":"Capacitor","floor":5},{"not_picked":["Leap","Machine Learning"],"picked":"Undo","floor":6}],"player_experience":1558471,"relics_obtained":[{"floor":6,"key":"Lantern"}],"event_choices":[{"damage_healed":0,"gold_gain":0,"player_choice":"Leave","damage_taken":0,"max_hp_gain":0,"max_hp_loss":0,"event_name":"The Cleric","floor":2,"gold_loss":0}],"is_beta":false,"boss_relics":[],"items_purged_floors":[],"is_endless":false,"potions_floor_spawned":[1,5],"killed_by":"3 Sentries","ascension_level":20}}