{"host":"jzaz9xuivg238wzk","time":1612487882,"event":{"mods":["2.2 Compatiblity","AchievementEnabler","Aspiration","BaseMod","Better Match","Better Note","Better Skull","Better Third Choice","BetterRewards","Colored Map","Colored Powertips","Conspire","Defuse TimeMaze Blight","Downfall","Energized Spire","GifTheSpireLib","Halation","Highlight Path","Hubris","Infinite Spire","Lobotomy","LobotomyExtend","Minty Spire (QoL Compilation)","Quick Restart","Relic Sorter","Reliquary","Replay The Spire","Spicy Shops","StSLib","Stuff the Spire","The Sage","Waifu the Spire"],"gold_per_floor":[113,113,113,113,113,113,140,140,212,227,245,245,279,25,25,128,128,139,139,151,93,110,145,161,193,219,251,251,251,251,251,251,356,356,372,322,322,352,372,400,400,425,425,425,28,54,69,104,104,104,104],"floor_reached":50,"language":"ENG","playtime":2505,"items_purged":["Regret","Overencumbered"],"score":762,"play_id":"e9e1cc8c-eed3-4ebe-8e20-f406bc33235e","local_time":"20210205031802","is_ascension_mode":true,"campfire_choices":[{"floor":6.0,"key":"REST"},{"data":"Spot Weakness","floor":8.0,"key":"SMITH"},{"floor":15.0,"key":"REST"},{"floor":29.0,"key":"REST"},{"data":"Parasite","floor":32.0,"key":"SMITH"},{"data":"infinitespire:FutureSight","floor":41.0,"key":"SMITH"},{"data":"Parasite","floor":49,"key":"SMITH"}],"circlet_count":0,"master_deck":["Strike_R","Strike_R","Strike_R","Strike_R","Strike_R","Defend_R+1","Defend_R+1","Defend_R","Defend_R","Bash","Twin Strike+1","Spot Weakness+1","conspire:ExplosiveBarrier+1","StuffTheSpire:Incineration","Entrench+1","hubris:StunningStrike+1","Eclipse+1","StuffTheSpire:RagingBull+1","infinitespire:FutureSight+1","Dark Embrace","Intimidate","ReplayReversal","conspire:ExplosiveBarrier","Run Through+1","Demon Form+1","Replay:Undeath\u0027s Touch+1","conspire:SpireCoStock","Demonic Infusion+1","Flex+1","Inflame+1","Whirlwind+1","Sword Boomerang","conspire:Charge+1","Thunderclap+1"],"relics":["Burning Blood","hubris:Stopwatch","aspiration:RitualDagger","hubris:Icosahedron","reliquary:MedicineBall","infinitespire:Joker Card","StuffTheSpire:PointBlank","hubris:CuriousFeather","halation:PrussianBluePaint","LetterFromLob","StuffTheSpire:RedRose","hubris:Towel","ReplayTheSpireMod:Lightbulb","Blue Candle","Golden Egg","sagemod:Red_Beast_Statue","ReplayTheSpireMod:CursedCoin","TheAbacus","reliquary:Crutches","ClockworkSouvenir","StuffTheSpire:Gunfinga","reliquary:Boomerang","infinitespire:Lucky Rock","ReplayTheSpireMod:TigerMarble","reliquary:TridentHead","reliquary:HotPoker","conspire:Dentures","StuffTheSpire:ForceGauntlet","Guide Book","infinitespire:Lychee Nut"],"acts_visited":["Exordium","TheCity","TheBeyond"],"potions_floor_usage":[48],"damage_taken":[{"damage":2.0,"enemies":"Jaw Worm","floor":1.0,"turns":3.0},{"damage":20.0,"enemies":"Lagavulin","floor":7.0,"turns":5.0},{"damage":7.0,"enemies":"Small Slimes","floor":10.0,"turns":3.0},{"damage":0.0,"enemies":"2 Louse","floor":11.0,"turns":1.0},{"damage":46.0,"enemies":"Gremlin Nob","floor":13.0,"turns":6.0},{"damage":23.0,"enemies":"Hexaghost","floor":16.0,"turns":8.0},{"damage":2.0,"enemies":"3 Byrds","floor":18.0,"turns":4.0},{"damage":0.0,"enemies":"Spheric Guardian","floor":20.0,"turns":1.0},{"damage":26.0,"enemies":"Centurion and Healer","floor":22.0,"turns":7.0},{"damage":35.0,"enemies":"Gremlin Leader","floor":23.0,"turns":6.0},{"damage":15.0,"enemies":"3 Cultists","floor":24.0,"turns":6.0},{"damage":22.0,"enemies":"Book of Stabbing","floor":25.0,"turns":6.0},{"damage":39.0,"enemies":"Nightmare","floor":27.0,"turns":6.0},{"damage":2.0,"enemies":"Champ","floor":33.0,"turns":9.0},{"damage":78.0,"enemies":"3 Shapes","floor":35.0,"turns":4.0},{"damage":22.0,"enemies":"Orb Walker","floor":38.0,"turns":3.0},{"damage":41.0,"enemies":"4 Shapes","floor":39.0,"turns":4.0},{"damage":36.0,"enemies":"Reptomancer","floor":40.0,"turns":4.0},{"damage":50.0,"enemies":"R_Hoarder","floor":42.0,"turns":7.0},{"damage":33.0,"enemies":"Writhing Mass","floor":46.0,"turns":7.0},{"damage":9,"enemies":"Sphere and 2 Shapes","floor":47,"turns":3},{"damage":18,"enemies":"Giant Head","floor":48,"turns":4},{"damage":111,"enemies":"conspire:OrnateMirror","floor":50,"turns":5}],"seed_played":"-6456836333832390718","potions_obtained":[{"floor":1.0,"key":"Guardian:BlockOnCardUsePotion"},{"floor":7.0,"key":"SpeedPotion"},{"floor":20.0,"key":"LiquidMemories"},{"floor":25.0,"key":"DuplicationPotion"},{"floor":33.0,"key":"DuplicationPotion"},{"floor":35.0,"key":"Strength Potion"},{"floor":40.0,"key":"Swift Potion"},{"floor":42.0,"key":"Block Potion"},{"floor":47,"key":"ColorlessPotion"}],"is_trial":false,"path_per_floor":["M","?","?","?","?","R","E","R","T","M","M","?","E","$","R","B",null,"M","AVR","M","$","M","E","M","E","T","NM","M","R","?","?","R","B",null,"M","?","?","M","M","E","R","E","T","?","$","M","M","E","R","B"],"character_chosen":"IRONCLAD","items_purchased":["infinitespire:Joker Card","StuffTheSpire:PointBlank","Twin Strike+1","ReplayTheSpireMod:CursedCoin","TheAbacus","reliquary:MedicineBall","ClockworkSouvenir","StuffTheSpire:ForceGauntlet","Guide Book"],"campfire_rested":3,"item_purchase_floors":[0,0,0,14,14,14,21,45,45],"current_hp_per_floor":[48,48,48,48,48,72,58,58,58,57,63,63,23,23,47,30,80,80,80,80,80,60,31,22,68,68,35,35,59,59,59,59,69,77,77,77,77,69,50,53,53,41,41,41,41,32,43,57,54,0,0],"gold":104,"neow_bonus":"","is_daily":false,"chose_seed":false,"campfire_upgraded":4,"win_rate":0.0,"timestamp":1612487882,"path_taken":["M","?","?","?","?","R","E","R","T","M","?","?","E","$","R","BOSS","M","AVR","M","$","M","E","M","E","T","NM","M","R","?","?","R","BOSS","M","?","?","M","M","E","R","E","T","?","?","?","M","E","R","BOSS"],"items_purchased_type":["Relic","Relic","Card","Relic","Relic","Relic","Relic","Relic","Relic"],"build_version":"2020-12-22","purchased_purges":2,"victory":false,"max_hp_per_floor":[80,80,80,80,80,80,80,80,80,80,80,80,80,80,80,80,80,80,80,80,80,80,80,80,80,80,80,80,80,80,80,77,77,77,77,77,77,77,77,77,77,77,77,77,77,77,77,57,54,54,54],"card_choices":[{"not_picked":["hubris:ReadiedAction","Shrug It Off"],"picked":"Spot Weakness","floor":1.0},{"not_picked":["ReplayTheSpireMod:Strike From Hell","Shockwave"],"picked":"conspire:ExplosiveBarrier","floor":7.0},{"not_picked":["StuffTheSpire:RockThrow","Spot Weakness"],"picked":"StuffTheSpire:Incineration","floor":10.0},{"not_picked":["StuffTheSpire:RockThrow","Blood for Blood"],"picked":"Entrench","floor":11.0},{"not_picked":["Clash","Massacre"],"picked":"hubris:StunningStrike","floor":13.0},{"not_picked":["conspire:Purge","Bludgeon"],"picked":"Eclipse","floor":16.0},{"not_picked":["Warcry","ReplayTheSpireMod:Strike From Hell+1"],"picked":"StuffTheSpire:RagingBull+1","floor":18.0},{"not_picked":["Run Through+1","Sword Boomerang"],"picked":"Dark Embrace","floor":20.0},{"not_picked":["Life Link","Armaments"],"picked":"Intimidate","floor":22.0},{"not_picked":["Intimidate","Sword Boomerang"],"picked":"ReplayReversal","floor":23.0},{"not_picked":["Warcry+1","Shockwave"],"picked":"conspire:ExplosiveBarrier","floor":24.0},{"not_picked":["Second Wind","Shrug It Off"],"picked":"Run Through+1","floor":25.0},{"not_picked":["Ghostly Armor","Clash+1","True Grit"],"picked":"SKIP","floor":27.0},{"not_picked":["Ghostly Armor","Clash+1","True Grit"],"picked":"SKIP","floor":27.0},{"not_picked":["Berserk","Eclipse"],"picked":"Demon Form","floor":33.0},{"not_picked":["Life Link","Pommel Strike"],"picked":"Replay:Undeath\u0027s Touch+1","floor":35.0},{"not_picked":["Pommel Strike+1","Warcry+1"],"picked":"Demonic Infusion","floor":38.0},{"not_picked":["StuffTheSpire:Incineration+1","Twin Strike"],"picked":"Flex+1","floor":39.0},{"not_picked":["Headbutt","Perfected Strike"],"picked":"Inflame","floor":40.0},{"not_picked":["Thunderclap+1","Disarm"],"picked":"Whirlwind","floor":42.0},{"not_picked":["Replay:Undeath\u0027s Touch","Power Through"],"picked":"Sword Boomerang","floor":46.0},{"not_picked":["True Grit","Wild Strike"],"picked":"conspire:Charge+1","floor":47},{"not_picked":["Armaments+1","StuffTheSpire:Pyroclast"],"picked":"Thunderclap+1","floor":48}],"player_experience":240287,"relics_obtained":[{"floor":1.0,"key":"LetterFromLob"},{"floor":5.0,"key":"ReplayTheSpireMod:Lightbulb"},{"floor":7.0,"key":"Blue Candle"},{"floor":9.0,"key":"Golden Egg"},{"floor":13.0,"key":"sagemod:Red_Beast_Statue"},{"floor":23.0,"key":"StuffTheSpire:Gunfinga"},{"floor":25.0,"key":"reliquary:Boomerang"},{"floor":26.0,"key":"infinitespire:Lucky Rock"},{"floor":27.0,"key":"ReplayTheSpireMod:TigerMarble"},{"floor":40.0,"key":"reliquary:TridentHead"},{"floor":42.0,"key":"reliquary:HotPoker"},{"floor":43.0,"key":"conspire:Dentures"},{"floor":48,"key":"infinitespire:Lychee Nut"}],"event_choices":[{"damage_healed":0.0,"max_hp_gain":0.0,"max_hp_loss":0.0,"gold_gain":0.0,"event_name":"Vampires","player_choice":"Ignored","floor":30.0,"gold_loss":0.0,"damage_taken":0.0},{"damage_healed":0.0,"max_hp_gain":0.0,"max_hp_loss":0.0,"gold_gain":0.0,"event_name":"conspire:Investor","player_choice":"Invest 1","floor":36.0,"gold_loss":0.0,"damage_taken":0.0}],"is_beta":false,"boss_relics":[{"not_picked":["halation:PinkAlligatorPlush","bronze:MakeshiftBattery","hubris:VirtuousBlindfold"]},{"not_picked":["Tiny House","aspiration:RunicSpoon"],"picked":"aspiration:RitualDagger"}],"items_purged_floors":[14,19],"is_endless":true,"potions_floor_spawned":[1,7,20,25,33,35,40,42,47],"killed_by":"conspire:OrnateMirror","ascension_level":3}}