{"host":"f0gpob8hq9vgebej","time":1612529596,"event":{"mods":["AchievementEnabler","BaseMod","Minty Spire (QoL Compilation)","Quick Restart","SuperFastMode"],"gold_per_floor":[119,139,139,154,179,179,254,254,254,267,283,306,306,306,306,306,306],"floor_reached":16,"language":"KOR","playtime":266,"items_purged":[],"score":174,"play_id":"e4eacd19-797c-435a-be79-4472cf17e82e","local_time":"20210205215316","is_ascension_mode":true,"campfire_choices":[{"data":"Shockwave","floor":6.0,"key":"SMITH"},{"floor":8.0,"key":"REST"},{"data":"Sword Boomerang","floor":13,"key":"SMITH"},{"data":"True Grit","floor":15,"key":"SMITH"}],"circlet_count":0,"master_deck":["AscendersBane","Strike_R","Strike_R","Strike_R","Strike_R","Strike_R","Defend_R","Defend_R","Defend_R","Defend_R","Bash","Wild Strike","Seeing Red","Sword Boomerang+1","Shockwave+1","True Grit+1","Evolve","Twin Strike","Parasite"],"relics":["Burning Blood","Art of War","Golden Idol","Pantograph"],"acts_visited":["Exordium"],"potions_floor_usage":[],"damage_taken":[{"damage":8.0,"enemies":"2 Louse","floor":1.0,"turns":3.0},{"damage":18.0,"enemies":"Small Slimes","floor":2.0,"turns":4.0},{"damage":14.0,"enemies":"Jaw Worm","floor":4.0,"turns":3.0},{"damage":9.0,"enemies":"Large Slime","floor":5.0,"turns":7.0},{"damage":9.0,"enemies":"2 Fungi Beasts","floor":10.0,"turns":4.0},{"damage":6.0,"enemies":"3 Louse","floor":11.0,"turns":3.0},{"damage":15,"enemies":"Lots of Slimes","floor":12,"turns":6},{"damage":0,"enemies":"Slime Boss","floor":16,"turns":1}],"seed_played":"5946753860962390278","potions_obtained":[{"floor":2.0,"key":"Block Potion"},{"floor":10.0,"key":"Strength Potion"}],"is_trial":false,"path_per_floor":["M","M","?","M","M","R","?","R","T","M","M","M","R","?","R","B"],"character_chosen":"IRONCLAD","items_purchased":[],"campfire_rested":1,"item_purchase_floors":[],"current_hp_per_floor":[66,54,28,20,17,17,6,28,28,25,25,16,16,34,34,59,59],"gold":306,"neow_bonus":"RANDOM_COMMON_RELIC","is_daily":false,"chose_seed":false,"campfire_upgraded":3,"win_rate":0.0,"timestamp":1612529596,"path_taken":["M","M","?","M","M","R","?","R","T","M","M","M","R","?","R","BOSS"],"items_purchased_type":[],"build_version":"2020-12-22","purchased_purges":0,"victory":false,"max_hp_per_floor":[75,75,75,75,75,75,75,75,75,75,75,75,75,75,75,75,75],"card_choices":[{"not_picked":["Cleave","Sentinel"],"picked":"Wild Strike","floor":1.0},{"not_picked":["Wild Strike","Cleave"],"picked":"Seeing Red","floor":2.0},{"not_picked":["Havoc","Cleave"],"picked":"Sword Boomerang","floor":4.0},{"not_picked":["Iron Wave","Warcry"],"picked":"Shockwave","floor":5.0},{"not_picked":["Iron Wave","Clash"],"picked":"True Grit","floor":10.0},{"not_picked":["Sword Boomerang","Cleave","Evolve"],"picked":"SKIP","floor":11.0},{"not_picked":["Sword Boomerang","Cleave"],"picked":"Evolve","floor":11.0},{"not_picked":["Berserk","Armaments"],"picked":"Twin Strike","floor":12}],"player_experience":378494,"relics_obtained":[{"floor":9.0,"key":"Pantograph"}],"event_choices":[{"damage_healed":0.0,"max_hp_gain":0.0,"max_hp_loss":0.0,"gold_gain":0.0,"event_name":"Golden Idol","player_choice":"Take Damage","floor":3.0,"gold_loss":0.0,"damage_taken":26.0,"relics_obtained":["Golden Idol"]},{"damage_healed":0.0,"max_hp_gain":0.0,"max_hp_loss":0.0,"gold_gain":75.0,"event_name":"World of Goop","player_choice":"Gather Gold","floor":7.0,"gold_loss":0.0,"damage_taken":11.0},{"damage_healed":18,"gold_gain":0,"player_choice":"Healed and dodged fight","damage_taken":0,"max_hp_gain":0,"max_hp_loss":0,"event_name":"Mushrooms","floor":14,"gold_loss":0,"cards_obtained":["Parasite"]}],"is_beta":false,"boss_relics":[],"items_purged_floors":[],"is_endless":false,"potions_floor_spawned":[2,10],"killed_by":"Slime Boss","ascension_level":17}}