{"host":"d73an99q9oevilk5","time":1612562143,"event":{"mods":["2.2 Compatiblity","AchievementEnabler","Act Like it!","Aspiration","BaseMod","Beaked The Cultist","Better Third Choice","BetterRewards","Colored Map","Colored Powertips","Conspire","Downfall","GifTheSpireLib","Halation","Hubris","Infinite Spire","Marisa????????","Mimic Mod","Minty Spire (QoL Compilation)","Quick Restart","Relic Sorter","Reliquary","Replay The Spire","Shop Mod","Spikes Relics","StSLib","Stuff the Spire","The Cursed","The Necromancer","The Saiyan","Waifu the Spire","egg","slay the spire mod where everything is the same but ironclad has a cowboy hat"],"gold_per_floor":[113,113,123,135,60,86,86,103,103,103,103,123,134,144,144,248,248,265,299,317,335,354,383,383,383,421,441,460,473,473,72,72,173,173,192,207,207,207,507,507,524,541,578,578,594,605,605,620,620,620],"floor_reached":51,"language":"ENG","playtime":2300,"items_purged":["Regret"],"score":727,"play_id":"bbfb3c0d-075a-4e88-b166-4243e08b1c57","local_time":"20210205145543","is_ascension_mode":false,"campfire_choices":[{"data":"Summon_Lich","floor":7,"key":"SMITH"},{"data":"Stop_Heart","floor":10,"key":"SMITH"},{"floor":15,"key":"DIG"},{"floor":24,"key":"REST"},{"data":"Summon_Lich","floor":30,"key":"SMITH"},{"data":"Siphon_Strength","floor":32,"key":"SMITH"},{"data":"Summon_Vampire_Lady","floor":40,"key":"SMITH"},{"data":"Hellfire","floor":44,"key":"SMITH"}],"circlet_count":0,"master_deck":["Strike_W","Strike_W","Strike_W","Strike_W","Defend_W","Defend_W","Defend_W","Defend_W","Negative_Energy_Arrows","Bone_Wall","Plague_Bolt","Stop_Heart+1","Stop_Heart","Summon_Lich+1","Toxic_Smoke_Screen","Finger_Of_Death","Negative_Energy_Shield","Hellfire+1","Negative_Energy_Sphere+1","Negative_Energy_Mist","Summon_Lich+1","Bone_Prison","Siphon_Strength+1","Summon_Vampire_Lady+1","Slay_Living","Bones_to_Steel+1","Siphon_Strength+1","Madness","Madness"],"relics":["Vampire_Amulet","hubris:BundleOfHerbs","Du-Vu Doll","DollysMirror","StuffTheSpire:RedRose","Orichalcum","halation:EternalFortune","Smiling Mask","Sandwich","Potion Belt","ReplayTheSpireMod:TigerMarble","Girya","Mirror","StuffTheSpire:BottledEssence","conspire:SpecialSausage","hubris:ScarierMask","halation:BlackBeret","halation:PapillonHeart","Mummified Hand"],"acts_visited":["Exordium","TheCity","TheBeyond"],"potions_floor_usage":[14,20,20,50,50,50,50,50],"damage_taken":[{"damage":4,"enemies":"Jaw Worm","floor":1,"turns":4},{"damage":0,"enemies":"2 Louse","floor":3,"turns":2},{"damage":8,"enemies":"Small Slimes","floor":4,"turns":3},{"damage":21,"enemies":"Lagavulin","floor":6,"turns":6},{"damage":2,"enemies":"Blue Slaver","floor":8,"turns":4},{"damage":10,"enemies":"Large Slime","floor":12,"turns":4},{"damage":10,"enemies":"Lots of Slimes","floor":13,"turns":4},{"damage":10,"enemies":"Exordium Thugs","floor":14,"turns":4},{"damage":37,"enemies":"The Guardian","floor":16,"turns":9},{"damage":4,"enemies":"Spheric Guardian","floor":18,"turns":4},{"damage":22,"enemies":"conspire:MimicChest","floor":19,"turns":6},{"damage":4,"enemies":"2 Thieves","floor":20,"turns":4},{"damage":26,"enemies":"Shelled Parasite and Fungi","floor":21,"turns":5},{"damage":18,"enemies":"Cultist and Chosen","floor":22,"turns":5},{"damage":16,"enemies":"Book of Stabbing","floor":23,"turns":5},{"damage":0,"enemies":"Snake Plant","floor":26,"turns":9},{"damage":8,"enemies":"Snake Plant","floor":27,"turns":3},{"damage":0,"enemies":"Snecko","floor":28,"turns":4},{"damage":5,"enemies":"Centurion and Healer","floor":29,"turns":5},{"damage":21,"enemies":"conspire:MysteriousRune","floor":33,"turns":8},{"damage":6,"enemies":"3 Darklings","floor":35,"turns":5},{"damage":5,"enemies":"3 Shapes","floor":36,"turns":5},{"damage":15,"enemies":"Spire Growth","floor":41,"turns":4},{"damage":12,"enemies":"Writhing Mass","floor":42,"turns":5},{"damage":8,"enemies":"4 Shapes","floor":43,"turns":7},{"damage":5,"enemies":"4 Shapes","floor":45,"turns":4},{"damage":27,"enemies":"Sphere and 2 Shapes","floor":46,"turns":4},{"damage":10,"enemies":"Jaw Worm Horde","floor":48,"turns":4},{"damage":49,"enemies":"Replay:Hell Engine","floor":50,"turns":9}],"seed_played":"-5779503282887475320","potions_obtained":[{"floor":4,"key":"Venom Potion"},{"floor":6,"key":"Adrenaline Potion"},{"floor":8,"key":"Flashbang"},{"floor":14,"key":"Swift Potion"},{"floor":20,"key":"sneckomod:MuddlingPotion"},{"floor":23,"key":"Strength Potion"},{"floor":28,"key":"Dexterity Potion"},{"floor":42,"key":"Milkshake"},{"floor":46,"key":"DistilledChaos"}],"is_trial":false,"path_per_floor":["M","?","M","M","$","E","R","M","T","R","?","M","M","M","R_BF","B",null,"M","?","M","M","M","E","R","?","MIM","M","M","M","R","$","R","B",null,"M","M","AVR","?","?","R","M","M","MIM","R","M","M","?","M","R_BF","B",null],"character_chosen":"NECROMANCER","items_purchased":["Stop_Heart","DollysMirror","Mirror","StuffTheSpire:BottledEssence"],"campfire_rested":1,"item_purchase_floors":[0,0,31,31],"current_hp_per_floor":[73,73,75,71,71,52,52,52,52,52,55,49,49,46,46,11,81,79,59,59,40,32,18,43,43,66,60,62,67,67,67,67,50,84,84,84,84,80,80,80,67,62,65,65,69,46,36,39,63,44],"gold":620,"neow_bonus":"","is_daily":false,"chose_seed":false,"campfire_upgraded":6,"win_rate":0.0,"timestamp":1612562143,"path_taken":["M","?","M","M","$","E","R","M","T","R","?","?","M","M","R_BF","BOSS","M","?","M","M","M","E","R","?","MIM","M","M","?","R","$","R","BOSS","M","M","AVR","?","?","R","M","M","MIM","R","M","M","?","?","R_BF","BOSS"],"items_purchased_type":["Card","Relic","Relic","Relic"],"build_version":"2020-12-22","purchased_purges":1,"victory":true,"max_hp_per_floor":[75,75,75,75,75,75,75,75,75,75,78,78,78,81,81,81,81,81,81,81,84,84,84,84,84,84,84,84,84,84,84,84,84,84,84,84,84,80,80,80,80,80,80,80,80,80,80,80,80,80],"card_choices":[{"not_picked":["Shackles_Of_Pain","Exploit"],"picked":"Summon_Lich","floor":1},{"not_picked":["Bone_Bullets","Consume_Illness"],"picked":"Toxic_Smoke_Screen","floor":3},{"not_picked":["Bone_Bullets","Blood_Whip"],"picked":"Finger_Of_Death","floor":4},{"not_picked":["Blood_for_Blood","Death_Coil","Epidemic"],"picked":"SKIP","floor":6},{"not_picked":["Scare","Consume_Illness"],"picked":"Negative_Energy_Shield","floor":8},{"not_picked":["Scare","Necrotic_Claws","Shackles_Of_Pain"],"picked":"SKIP","floor":12},{"not_picked":["Bones_to_Steel","Acid_Javelin","Bone_Shift"],"picked":"SKIP","floor":13},{"not_picked":["Blood_Is_Power","Death_Coil","Scare"],"picked":"SKIP","floor":14},{"not_picked":["Skeleton_Dragon","Blood_Wake"],"picked":"Hellfire","floor":16},{"not_picked":["Exploit","Shackles_Of_Pain"],"picked":"Negative_Energy_Sphere","floor":18},{"not_picked":["Bone_Bullets","Bone_Armory"],"picked":"Negative_Energy_Mist","floor":20},{"not_picked":["Bones_to_Steel","Blood_Whip"],"picked":"Summon_Lich","floor":21},{"not_picked":["Finger_Of_Death","Blood_Curse","Death_March_Dance+1"],"picked":"SKIP","floor":22},{"not_picked":["Consume_Illness+1","Life_Drain"],"picked":"Bone_Prison","floor":23},{"not_picked":["Finger_Of_Death","Bone_Spikes+1","Blood_Curse"],"picked":"SKIP","floor":27},{"not_picked":["Bones_to_Steel","Blood_Curse+1","Blood_Whip"],"picked":"SKIP","floor":28},{"not_picked":["Negative_Energy_Sphere","Bone_Shift"],"picked":"Siphon_Strength","floor":29},{"not_picked":["Reap_The_Weak","Blood_Magic"],"picked":"Summon_Vampire_Lady","floor":33},{"not_picked":["Bone_Bullets+1","Deaths_Shadow"],"picked":"Slay_Living","floor":35},{"not_picked":["Death_Coil","Blood_Whip+1","Blood_Curse"],"picked":"SKIP","floor":36},{"not_picked":["Bone_Spikes+1","Negative_Energy_Javelin","Bone_Bullets+1"],"picked":"SKIP","floor":41},{"not_picked":["Acid_Javelin","Finger_Of_Death","Bone_Spikes"],"picked":"SKIP","floor":42},{"not_picked":["Grasp_Heart","Death_March_Dance+1"],"picked":"Bones_to_Steel+1","floor":45},{"not_picked":["Bones_to_Steel","Bone_Spikes"],"picked":"Siphon_Strength+1","floor":46},{"not_picked":["Negative_Energy_Sphere","Negative_Energy_Javelin+1","Blood_Is_Power"],"picked":"SKIP","floor":48}],"player_experience":1837663,"relics_obtained":[{"floor":6,"key":"Orichalcum"},{"floor":14,"key":"halation:EternalFortune"},{"floor":15,"key":"Smiling Mask"},{"floor":19,"key":"Potion Belt"},{"floor":21,"key":"halation:EternalFortune"},{"floor":23,"key":"ReplayTheSpireMod:TigerMarble"},{"floor":26,"key":"Girya"},{"floor":43,"key":"Mummified Hand"}],"event_choices":[{"damage_healed":0,"gold_gain":300,"player_choice":"Gold","damage_taken":0,"max_hp_gain":0,"max_hp_loss":0,"event_name":"Wheel of Change","floor":39,"gold_loss":0},{"damage_healed":0,"gold_gain":0,"player_choice":"Embrace Madness","damage_taken":10,"max_hp_gain":0,"max_hp_loss":0,"event_name":"Winding Halls","floor":47,"gold_loss":0,"cards_obtained":["Madness","Madness"]}],"is_beta":false,"boss_relics":[{"not_picked":["Painkiller Herb","Replay:Bronze Core"],"picked":"Sandwich"},{"not_picked":["Replay:Drink Me","Empty Cage"],"picked":"conspire:SpecialSausage"}],"items_purged_floors":[5],"is_endless":false,"potions_floor_spawned":[4,6,8,12,14,18,20,23,28,42,45,46],"ascension_level":0}}