{"host":"vh33hu3wddwn6yt6","time":1612559204,"event":{"mods":["AchievementEnabler","Act Like it!","Aspiration","BaseMod","Better Altar","Better Match","Better Note","Better Sensory Stone","Better Skull","Better Third Choice","BetterRewards","Downfall","Hermit","Hubris","Infinite Spire","Minty Spire (QoL Compilation)","Permanent Neow","Replay The Spire","Shade Mod","Shop Mod","Spicy Shops","StSLib","SuperFastMode","The Blackbeard","The Necromancer","The Poker Player","The Runesmith","The Servant 0.9.4","TheBandit","Wandering Minibosses"],"gold_per_floor":[117,67,67,67,91,91,125,125,125,151,151,168,180,212,212,313,313,323,22,41,41,34,59,73,126,126,156,196,214,214],"floor_reached":29,"language":"DEU","playtime":780,"items_purged":[],"score":445,"play_id":"86177089-d925-4149-bd06-586e7cbc6dae","local_time":"20210205220644","is_ascension_mode":true,"campfire_choices":[{"data":"Strike_S","floor":6,"key":"SMITH"},{"data":"FlawlessForm","floor":8,"key":"SMITH"},{"data":"KidneyShot","floor":11,"key":"SMITH"},{"data":"DoubleEdge","floor":15,"key":"SMITH"}],"circlet_count":0,"master_deck":["Strike_S","Strike_S","Strike_S","Strike_S+1","Defend_S","Defend_S","Defend_S","Defend_S","KidneyShot+1","Exchange+1","MoonPhase+1","FlawlessForm+1","DoubleEdge+1","Unruled","Duplication","MoonPhase+1","downfall:Haunted","LightFlow","SpecialFormula+1","DoubleEdge"],"relics":["Uniform","NeowsBlessing","ReplayFunnel","Chameleon Ring","Slimebound:PreparedRelic","Blood Vial","Pantograph","Black Star","Replay:Baseball","DollysMirror","ReplayTheSpireMod:CursedCoin","Replay:Bandana","CaptainsWheel","Sundial","Gambling Chip","War Paint","Regal Pillow","hubris:TenFootPole"],"acts_visited":["Exordium","TheCity"],"potions_floor_usage":[14,14,16,20,25,27],"damage_taken":[{"damage":0,"enemies":"Jaw Worm","floor":1,"turns":1},{"damage":0,"enemies":"3 Sentries","floor":7,"turns":2},{"damage":0,"enemies":"Gremlin Nob","floor":10,"turns":1},{"damage":0,"enemies":"2 Louse","floor":12,"turns":2},{"damage":0,"enemies":"Cultist","floor":13,"turns":5},{"damage":0,"enemies":"3 Sentries","floor":14,"turns":8},{"damage":0,"enemies":"Fading Forest","floor":16,"turns":11},{"damage":4,"enemies":"Chosen","floor":18,"turns":5},{"damage":17,"enemies":"Shell Parasite","floor":20,"turns":4},{"damage":21,"enemies":"Gremlin Leader","floor":23,"turns":8},{"damage":0,"enemies":"Snecko","floor":24,"turns":6},{"damage":9,"enemies":"Book of Stabbing","floor":25,"turns":8},{"damage":0,"enemies":"3 Cultists","floor":27,"turns":5},{"damage":38,"enemies":"Gremlin Leader","floor":28,"turns":9},{"damage":30,"enemies":"Centurion and Healer","floor":29,"turns":2}],"seed_played":"4229458054195201222","potions_obtained":[{"floor":1,"key":"sneckomod:MuddlingPotion"},{"floor":10,"key":"bronze:BurnAndBuffPotion"},{"floor":12,"key":"Milkshake"},{"floor":14,"key":"Strength Potion"},{"floor":18,"key":"AttackPotion"},{"floor":25,"key":"Swift Potion"},{"floor":28,"key":"sneckomod:MuddlingPotion"}],"is_trial":false,"path_per_floor":["M","$","?","?","T","R","E","R","T","E","R","M","M","E","R","B",null,"M","$","M","?","$","E","M","E","T","M","E","M"],"character_chosen":"THE_SERVANT","items_purchased":["MoonPhase","Replay:Baseball","DollysMirror","ReplayTheSpireMod:CursedCoin","LightFlow","SpecialFormula"],"campfire_rested":0,"item_purchase_floors":[2,19,19,19,19,22],"current_hp_per_floor":[65,65,65,65,65,65,65,65,65,65,65,65,65,65,65,65,65,61,61,46,46,46,27,34,32,32,42,14,0,0],"gold":214,"neow_bonus":"THREE_ENEMY_KILL","is_daily":false,"chose_seed":false,"campfire_upgraded":4,"win_rate":0.0,"timestamp":1612559204,"path_taken":["M","$","?","?","?","R","E","R","T","E","R","M","M","E","R","BOSS","M","$","M","?","?","E","M","E","T","M","E","M"],"items_purchased_type":["Card","Relic","Relic","Relic","Card","Card"],"build_version":"2020-12-22","purchased_purges":0,"victory":false,"max_hp_per_floor":[65,65,65,65,65,65,65,65,65,65,65,65,65,65,65,65,65,65,65,65,65,65,65,65,65,65,65,65,65,65],"card_choices":[{"not_picked":["Foresight","SilverBlades","Sabotage"],"picked":"SKIP","floor":1},{"not_picked":["Ricochet","Revamp"],"picked":"FlawlessForm","floor":7},{"not_picked":["FastForward","Replace","ShatteredReality"],"picked":"SKIP","floor":10},{"not_picked":["Advance","TimeWarp","Orbit"],"picked":"SKIP","floor":12},{"not_picked":["Alleviate","Desolation"],"picked":"DoubleEdge","floor":13},{"not_picked":["Ricochet","WasteNot"],"picked":"Unruled","floor":14},{"not_picked":["Sunlight","PendulumOfEternity"],"picked":"Duplication","floor":16},{"not_picked":["Foresight","Read+1","Barrier"],"picked":"SKIP","floor":18},{"not_picked":["Rewind","WasteNot","Rearm"],"picked":"SKIP","floor":20},{"not_picked":["BottledTime","Unruled","DualDimension"],"picked":"SKIP","floor":23},{"not_picked":["Rewind","DualDimension","Hightail"],"picked":"SKIP","floor":24},{"not_picked":["Starlight+1","PendulumOfEternity","Unruled"],"picked":"SKIP","floor":25},{"not_picked":["Foresight+1","ShatteredReality"],"picked":"DoubleEdge","floor":27},{"not_picked":["Shuttle","Starlight","StarChef+1"],"picked":"SKIP","floor":28}],"player_experience":665744,"relics_obtained":[{"floor":5,"key":"ReplayFunnel"},{"floor":7,"key":"Chameleon Ring"},{"floor":9,"key":"Slimebound:PreparedRelic"},{"floor":10,"key":"Blood Vial"},{"floor":14,"key":"Pantograph"},{"floor":23,"key":"Replay:Bandana"},{"floor":23,"key":"CaptainsWheel"},{"floor":25,"key":"Sundial"},{"floor":25,"key":"Gambling Chip"},{"floor":26,"key":"War Paint"},{"floor":28,"key":"Regal Pillow"},{"floor":28,"key":"hubris:TenFootPole"}],"event_choices":[{"damage_healed":0,"gold_gain":0,"player_choice":"Grow","damage_taken":0,"max_hp_gain":0,"max_hp_loss":0,"event_name":"Living Wall","floor":4,"gold_loss":0,"cards_upgraded":["MoonPhase"]},{"damage_healed":0,"gold_gain":0,"player_choice":"Ignored","damage_taken":0,"max_hp_gain":0,"max_hp_loss":0,"event_name":"betterNote:BetterNote","floor":21,"gold_loss":0,"cards_obtained":["Defend_S"]}],"is_beta":false,"boss_relics":[{"not_picked":["Runic Dome","SlaversCollar"],"picked":"Black Star"}],"items_purged_floors":[],"is_endless":false,"potions_floor_spawned":[1,10,12,14,18,25,28],"killed_by":"Centurion and Healer","ascension_level":1}}