{"host":"94qggqh0xz0sp6ai","time":1612502364,"event":{"mods":["100% Spire Juice","Abigail Mod","Act Like it!","BaseMod","CapriCore","Downfall","Friendly Minions","Gensokyo","Hermit","Jorbs\u0027s Wanderer Trilogy","Koishi","Marisa（霧雨　魔理沙）","Minty Spire (QoL Compilation)","Permanent Neow","Reimu（博??梦）","StSLib","The Alterego","The Construct","The Cursed","The Hierophant","The Immortal","The Marked","The Mystic","The Senshi","The Servant 0.9.4","TheBandit","Waifu the Spire"],"gold_per_floor":[118,118,129,147,167,167,214,214,239,239,257,257,285,304,304,382,382,394,394,406,417,66,66,92,44,44,44,30,73,112,121,121,200,200,211,220,134,188,210,248,280,280,280,304,304,65,65,101,101,101],"floor_reached":51,"language":"ENG","playtime":2563,"items_purged":["downfall:Aged","Parasite"],"score":1445,"play_id":"df9f1e0f-d34a-4516-8fbe-434102dc6705","local_time":"20210204231924","is_ascension_mode":true,"campfire_choices":[{"data":"Koishi:Possession","floor":6,"key":"SMITH"},{"data":"Koishi:FadingMemory","floor":8,"key":"SMITH"},{"data":"Koishi:FreudianInstinct","floor":10,"key":"SMITH"},{"floor":12,"key":"REST"},{"floor":15,"key":"REST"},{"data":"Koishi:RoseHell","floor":23,"key":"SMITH"},{"floor":27,"key":"REST"},{"data":"Koishi:ReleaseOfTheId","floor":32,"key":"SMITH"},{"data":"Koishi:HeartAttack","floor":42,"key":"SMITH"},{"data":"Koishi:ReleaseOfTheId","floor":45,"key":"SMITH"},{"data":"Koishi:MassHysteria","floor":47,"key":"SMITH"},{"data":"Koishi:GhostParty","floor":49,"key":"SMITH"}],"circlet_count":0,"master_deck":["AscendersBane","Koishi:BasicStrike","Koishi:BasicStrike","Koishi:BasicDefend+1","Koishi:BasicDefend","Koishi:BasicDefend+1","Koishi:Provoke","Koishi:HauntingSlash","Koishi:FadingMemory+1","Koishi:SpiritedAway","Koishi:RorschachInDanmaku","Koishi:Possession+1","Koishi:FreudianInstinct+1","Koishi:UnconsciousUprising","Koishi:LastRemote","Koishi:PredatoryInstincts","Koishi:HeartAttack+1","Koishi:RoseHell+1","Koishi:ReflexRadar","Koishi:HeartfeltFancy","Koishi:FourthEye","Koishi:MassHysteria+1","Koishi:Prune","Koishi:SubterraneanRose+1","Koishi:SubterraneanRose","Koishi:ReflexRadar","Koishi:Prune+1","Koishi:ReleaseOfTheId+1","Koishi:ApparitionsStalkTheNight","Flash of Steel","Koishi:ReleaseOfTheId+1","Koishi:FreudianInstinct","Koishi:BramblyRoseGarden+1","Koishi:ReflexRadar","Koishi:GhostParty+1","Koishi:SubterraneanRose+1","Koishi:DNAsFlaw","Koishi:FadingMemory+1","Koishi:ReflexRadar"],"relics":["Koishi:ImaginaryFriend","Bag of Marbles","Mastiff:ReiMu","War Paint","construct:ClawGrip","alterego_mod:SomeoneToFightFor","Regal Pillow","RuthlessExorcism:ReiMu","CeramicFish","Red Mask","Vajra","Empty Cage","construct:BoolHorns","Koishi:BloodstainedWhiteRose","Eternal Feather","DollysMirror","InkBottle"],"acts_visited":["Exordium","TheCity","TheBeyond"],"potions_floor_usage":[16,18,33,38,39,50],"damage_taken":[{"damage":5,"enemies":"Small Slimes","floor":1,"turns":5},{"damage":1,"enemies":"Cultist","floor":3,"turns":10},{"damage":0,"enemies":"2 Louse","floor":4,"turns":2},{"damage":26,"enemies":"Exordium Thugs","floor":5,"turns":15},{"damage":15,"enemies":"2 Fungi Beasts","floor":11,"turns":5},{"damage":28,"enemies":"Gremlin Nob","floor":13,"turns":6},{"damage":0,"enemies":"Exordium Wildlife","floor":14,"turns":5},{"damage":14,"enemies":"Slime Boss","floor":16,"turns":12},{"damage":1,"enemies":"Chosen","floor":18,"turns":5},{"damage":1,"enemies":"3 Byrds","floor":20,"turns":3},{"damage":23,"enemies":"Snake Plant","floor":21,"turns":3},{"damage":29,"enemies":"Book of Stabbing","floor":24,"turns":6},{"damage":5,"enemies":"Masked Bandits","floor":29,"turns":2},{"damage":16,"enemies":"Gremlin Leader","floor":30,"turns":8},{"damage":4,"enemies":"Collector","floor":33,"turns":9},{"damage":8,"enemies":"3 Shapes","floor":35,"turns":3},{"damage":22,"enemies":"2 Orb Walkers","floor":38,"turns":4},{"damage":22,"enemies":"3 Darklings","floor":39,"turns":6},{"damage":6,"enemies":"Nemesis","floor":40,"turns":6},{"damage":38,"enemies":"Writhing Mass","floor":41,"turns":5},{"damage":1,"enemies":"Jaw Worm Horde","floor":44,"turns":4},{"damage":0,"enemies":"Reptomancer","floor":48,"turns":6},{"damage":5,"enemies":"Awakened One","floor":50,"turns":9}],"seed_played":"2620674828453300160","potions_obtained":[{"floor":1,"key":"Swift Potion"},{"floor":5,"key":"Block Potion"},{"floor":20,"key":"Guardian:BlockOnCardUsePotion"},{"floor":30,"key":"Energy Potion"},{"floor":33,"key":"sneckomod:MuddlingPotion"},{"floor":40,"key":"hexamod:SoulburnPotion"},{"floor":41,"key":"sneckomod:MuddlingPotion"}],"is_trial":false,"path_per_floor":["M","?","M","M","M","R","T","R","T","R","M","R","E","M","R","B",null,"M","?","M","M","$","R","E","$","T","R","$","?","E","?","R","B",null,"M","?","$","?","M","E","M","R","T","M","R","$","R","E","R","B",null],"character_chosen":"KOISHI","items_purchased":["Koishi:MassHysteria","Koishi:Prune","Regal Pillow","Koishi:SubterraneanRose","Koishi:ReflexRadar","Koishi:ReleaseOfTheId","Koishi:FreudianInstinct","DollysMirror"],"campfire_rested":3,"item_purchase_floors":[22,22,22,25,28,37,37,46],"current_hp_per_floor":[47,47,51,51,31,31,31,31,31,31,18,35,10,11,28,14,46,49,49,57,34,34,34,16,16,16,48,48,57,52,52,52,57,57,57,57,57,36,48,54,30,30,30,32,53,53,54,54,54,54],"gold":101,"neow_bonus":"THREE_RARE_CARDS","is_daily":false,"chose_seed":false,"campfire_upgraded":9,"win_rate":0.0,"timestamp":1612502364,"path_taken":["M","?","?","M","M","R","?","R","T","R","M","R","E","M","R","BOSS","M","?","M","M","$","R","E","$","T","R","$","?","E","?","R","BOSS","M","?","$","?","M","E","M","R","T","M","R","?","R","E","R","BOSS"],"items_purchased_type":["Card","Card","Relic","Card","Card","Card","Card","Relic"],"build_version":"2020-12-22","purchased_purges":2,"victory":true,"max_hp_per_floor":[57,57,57,57,57,57,57,57,57,57,57,57,57,57,57,57,57,57,57,57,57,57,57,57,57,57,57,57,57,57,57,57,57,57,57,57,57,57,57,57,57,57,57,57,57,54,54,54,54,54],"card_choices":[{"not_picked":["Koishi:ConditionedTeleport","Koishi:RollingInRichesHeart"],"picked":"Koishi:FadingMemory","floor":0},{"not_picked":["Koishi:Catatonia","Koishi:DanmakuParanoia"],"picked":"Koishi:SpiritedAway","floor":1},{"not_picked":["Koishi:PredatoryInstincts","Koishi:FleetingPhantom"],"picked":"Koishi:Possession","floor":3},{"not_picked":["Koishi:UnansweredLove","Koishi:FleetingPhantom"],"picked":"Koishi:FreudianInstinct","floor":4},{"not_picked":["Koishi:UnansweredLove","Koishi:HeartfeltFancy"],"picked":"Koishi:UnconsciousUprising","floor":5},{"not_picked":["Koishi:HeartfeltFancy","Koishi:Vanish"],"picked":"Koishi:LastRemote","floor":11},{"not_picked":["Koishi:DreadfulBlow","Koishi:UnseenTerror"],"picked":"Koishi:PredatoryInstincts","floor":13},{"not_picked":["Koishi:ParalyzingFear","Koishi:CatchAndRose"],"picked":"Koishi:HeartAttack","floor":14},{"not_picked":["Koishi:MindStellarRelief","Koishi:Ego"],"picked":"Koishi:RoseHell","floor":16},{"not_picked":["Koishi:EmbryosDream","Koishi:UnconsciousUrges"],"picked":"Koishi:ReflexRadar","floor":18},{"not_picked":["Koishi:SpiritedAway","Koishi:RacingHeart"],"picked":"Koishi:HeartfeltFancy","floor":20},{"not_picked":["Koishi:CatchAndRose","Koishi:ConfinedInnocent"],"picked":"Koishi:FourthEye","floor":21},{"not_picked":["Koishi:SprinkleStarAndHeart","Koishi:UnansweredLove"],"picked":"Koishi:SubterraneanRose+1","floor":24},{"not_picked":["Koishi:ParalyzingFear","Koishi:ApparitionsStalkTheNight+1"],"picked":"Koishi:Prune+1","floor":29},{"not_picked":["Koishi:PhantomStrike","Koishi:SubterraneanRose"],"picked":"Koishi:ReleaseOfTheId","floor":30},{"not_picked":["Koishi:CatchAndRose","Koishi:BloodcurdlingScream","Koishi:Prune"],"picked":"SKIP","floor":35},{"not_picked":["Blind","HandOfGreed"],"picked":"Flash of Steel","floor":36},{"not_picked":["Koishi:TremblingHands","Koishi:UnconsciousUprising"],"picked":"Koishi:BramblyRoseGarden+1","floor":38},{"not_picked":["Koishi:BloodcurdlingScream+1","Koishi:ParalyzingFear"],"picked":"Koishi:ReflexRadar","floor":39},{"not_picked":["Koishi:ReflexRadar","Koishi:MassHysteria"],"picked":"Koishi:GhostParty","floor":40},{"not_picked":["Koishi:MindNumbingTerror+1","Koishi:StrangeCloudFist"],"picked":"Koishi:SubterraneanRose+1","floor":41},{"not_picked":["Koishi:UnansweredLove","Koishi:PhantomBarrier"],"picked":"Koishi:DNAsFlaw","floor":44},{"not_picked":["Koishi:SpiritedAway","Koishi:HeartfeltFancy"],"picked":"Koishi:ReflexRadar","floor":48}],"player_experience":1525648,"relics_obtained":[{"floor":7,"key":"Bag of Marbles"},{"floor":9,"key":"Mastiff:ReiMu"},{"floor":13,"key":"War Paint"},{"floor":24,"key":"RuthlessExorcism:ReiMu"},{"floor":26,"key":"CeramicFish"},{"floor":29,"key":"Red Mask"},{"floor":30,"key":"Vajra"},{"floor":38,"key":"construct:BoolHorns"},{"floor":40,"key":"Koishi:BloodstainedWhiteRose"},{"floor":43,"key":"Eternal Feather"},{"floor":48,"key":"InkBottle"}],"event_choices":[{"damage_healed":0,"gold_gain":0,"player_choice":"1 cards matched","damage_taken":0,"max_hp_gain":0,"max_hp_loss":0,"event_name":"Match and Keep!","floor":2,"gold_loss":0,"cards_obtained":["Koishi:RorschachInDanmaku"]},{"damage_healed":0,"gold_gain":0,"player_choice":"Choice 2","damage_taken":0,"relics_obtained":["alterego_mod:SomeoneToFightFor"],"max_hp_gain":0,"max_hp_loss":0,"event_name":"Secret Garden","floor":19,"gold_loss":0},{"damage_healed":0,"gold_gain":0,"player_choice":"Fought Bandits","damage_taken":0,"max_hp_gain":0,"max_hp_loss":0,"event_name":"Masked Bandits","floor":29,"gold_loss":0},{"damage_healed":0,"gold_gain":0,"cards_transformed":["Koishi:BasicStrike"],"player_choice":"Transformed","damage_taken":0,"max_hp_gain":0,"max_hp_loss":0,"event_name":"Transmorgrifier","floor":31,"gold_loss":0,"cards_obtained":["Koishi:ApparitionsStalkTheNight"]},{"damage_healed":0,"gold_gain":0,"player_choice":"Memory 1","damage_taken":0,"max_hp_gain":0,"max_hp_loss":0,"event_name":"SensoryStone","floor":36,"gold_loss":0},{"damage_healed":0,"gold_gain":0,"player_choice":"Fight","damage_taken":0,"max_hp_gain":0,"max_hp_loss":0,"event_name":"Mysterious Sphere","floor":38,"gold_loss":0}],"is_beta":false,"boss_relics":[{"not_picked":["Runic Pyramid","Tiny House"],"picked":"construct:ClawGrip"},{"not_picked":["Runic Dome","Velvet Choker"],"picked":"Empty Cage"}],"items_purged_floors":[22,46],"is_endless":false,"potions_floor_spawned":[1,5,11,14,20,30,33,40,41],"ascension_level":14}}