{"host":"r9v0g0iwbsx9dzwu","time":1612501743,"event":{"mods":["ATMod(阿瑾Mod)","Aspiration","BaseMod","Minty Spire (QoL Compilation)","MostiFishMod","Reliquary","Replay The Spire","RumiaBox-露米娅的神秘盒子","StSLib","TestMod","[IsaacMod]以撒尖塔","【功能Mod】聪明的最终Boss","【遗物卡牌】REMEMod"],"gold_per_floor":[110,129,147,159,84,112,112,212,212,247,247,277,277,277,277,394,394,400,400,400,0,25,61,61,114,114,158,158,158,163,207,207,306,306,343,393,393,438,467,467,534,564,587,450,481,481,533,563,563,595,800,800],"floor_reached":51,"language":"ZHS","playtime":1526,"items_purged":["Strike_R","Bash","Defend_R"],"score":1987,"play_id":"9d5686cd-d0b4-4037-8924-758b5245cf0e","local_time":"20210205130903","is_ascension_mode":true,"campfire_choices":[{"data":"Whirlwind","floor":11.0,"key":"SMITH"},{"data":"MostiFishMod:DarkDeal","floor":13.0,"key":"SMITH"},{"data":"MostiFishMod:#F4004","floor":15,"key":"SMITH"},{"data":"EpicFetus","floor":19,"key":"SMITH"},{"data":"Feel No Pain","floor":24,"key":"SMITH"},{"data":"Pommel Strike","floor":28,"key":"SMITH"},{"data":"Burning Pact","floor":32,"key":"SMITH"},{"data":"Second Wind","floor":40,"key":"SMITH"},{"floor":46,"key":"RECALL"},{"data":"Evolve","floor":49,"key":"SMITH"}],"circlet_count":0,"master_deck":["AscendersBane","Strike_R","Strike_R","Strike_R","Defend_R","Defend_R","Defend_R","EpicFetus+1","Finesse","Whirlwind+1","MostiFishMod:DarkDeal+1","MostiFishMod:#F4004+1","MostiFishMod:#F4004+1","MostiFishMod:RainCloud","Ghostly","Ghostly","Ghostly","Feel No Pain+1","Pommel Strike+1","Second Wind+1","Burning Pact+1","Burning Pact+1","EpicFetusAttack+1","Body Slam+1","Feel No Pain+1","Evolve+1"],"relics":["Burning Blood","AT_ATBox","testmod-TestBox","HushsDoor","REME_ComplimentaryCards","MoneyPower","testmod-TurbochargingSystem","RhineSuit","aspiration:Nostalgia","Cracked Core","Baka2","testmod-TestBox","AT_Manta","Bottled Flame","Pet Ghost","REME_ArchaeologicalTools","testmod-ObsoleteBoomerang","testmod-CardMagician","DeathBook","testmod-CyclicPeriapt","Boot","AT_BladeRuinedKing","Replay:Bandana","MutagenicStrength","Mango","AT_ChloranthyRing","Sozu","GuppysHairball","SatanicBible","Damocles","testmod-Muramasa","AT_ArchangelStaff","reliquary:FerryPass","ArrowTower","testmod-RealStoneCalender","Ancient Tea Set","ReplayTheSpireMod:Lightbulb","reliquary:Knoch","REME_HandOfSuture","AT_SpeedBoots","DoctorsRemote","reliquary:MedicineBall","Strawberry","BranchBurnRelic"],"acts_visited":["Exordium","TheCity","TheBeyond"],"potions_floor_usage":[],"damage_taken":[{"damage":0.0,"enemies":"Cultist","floor":1.0,"turns":2.0},{"damage":0.0,"enemies":"2 Louse","floor":2.0,"turns":2.0},{"damage":0.0,"enemies":"Small Slimes","floor":3.0,"turns":1.0},{"damage":0.0,"enemies":"Gremlin Gang","floor":4.0,"turns":1.0},{"damage":3.0,"enemies":"Lagavulin","floor":6.0,"turns":5.0},{"damage":0.0,"enemies":"Gremlin Nob","floor":10.0,"turns":1.0},{"damage":0.0,"enemies":"Replay:BlueRogue","floor":12.0,"turns":3.0},{"damage":3,"enemies":"The Guardian","floor":16,"turns":3},{"damage":0,"enemies":"Chosen","floor":18,"turns":1},{"damage":0,"enemies":"Spheric Guardian","floor":22,"turns":2},{"damage":0,"enemies":"Book of Stabbing","floor":23,"turns":2},{"damage":0,"enemies":"Slavers","floor":25,"turns":5},{"damage":0,"enemies":"Book of Stabbing","floor":27,"turns":1},{"damage":0,"enemies":"3 Cultists","floor":30,"turns":1},{"damage":0,"enemies":"REME_1_Revenger","floor":31,"turns":2},{"damage":0,"enemies":"Champ","floor":33,"turns":5},{"damage":0,"enemies":"3 Darklings","floor":35,"turns":1},{"damage":0,"enemies":"3 Shapes","floor":38,"turns":1},{"damage":0,"enemies":"Jaw Worm Horde","floor":39,"turns":1},{"damage":0,"enemies":"R_Hoarder","floor":41,"turns":2},{"damage":0,"enemies":"Spire Growth","floor":42,"turns":1},{"damage":0,"enemies":"Giant Head","floor":44,"turns":3},{"damage":0,"enemies":"4 Shapes","floor":45,"turns":1},{"damage":0,"enemies":"R_Hoarder","floor":47,"turns":1},{"damage":0,"enemies":"Maw","floor":48,"turns":2},{"damage":0,"enemies":"Replay:Hell Engine","floor":50,"turns":1},{"damage":0,"enemies":"Donu and Deca","floor":51,"turns":4}],"seed_played":"5186940368279764692","potions_obtained":[{"floor":1.0,"key":"Explosive Potion"},{"floor":3.0,"key":"Block Potion"},{"floor":22,"key":"LiquidMemories"},{"floor":23,"key":"Energy Potion"}],"is_trial":false,"path_per_floor":["M","M","M","M","$","E","?","?","T","E","R","E","R","?","R","B",null,"M","R","?","$","M","E","R","E","T","E","R","?","M","E","R","B",null,"M","?","?","M","M","R","E","M","T","E","M","R","E","M","R","B","B"],"character_chosen":"IRONCLAD","items_purchased":["DeathBook","testmod-CyclicPeriapt","Feel No Pain","GuppysHairball","SatanicBible","Damocles"],"campfire_rested":0,"item_purchase_floors":[17,21,21,34,34,34],"current_hp_per_floor":[74,75,75,75,75,75,75,75,75,75,75,75,75,75,75,75,60,60,60,30,30,30,30,30,39,39,39,39,39,53,53,53,53,16,16,16,16,16,16,16,16,16,16,16,16,16,23,23,23,23,23,23],"gold":800,"neow_bonus":"NOSTALGIA","is_daily":false,"chose_seed":false,"campfire_upgraded":9,"win_rate":0.0,"timestamp":1612501743,"path_taken":["M","M","M","M","?","E","?","?","T","E","R","E","R","?","R","BOSS","M","?","?","$","?","E","R","E","T","E","R","?","M","E","R","BOSS","M","?","?","M","M","R","E","M","T","E","M","R","E","M","R","BOSS","BOSS"],"items_purchased_type":["Relic","Relic","Card","Relic","Relic","Relic"],"build_version":"2020-12-22","purchased_purges":3,"victory":false,"max_hp_per_floor":[75,75,75,75,75,75,75,75,75,75,75,75,75,75,75,75,60,60,60,30,30,30,30,30,39,39,39,39,39,53,53,53,53,16,16,16,16,16,16,16,16,16,16,16,16,16,23,23,23,23,23,23],"card_choices":[{"not_picked":[],"picked":"EpicFetus","floor":0.0},{"not_picked":["Dual Wield","Wild Strike","ReplayTheSpireMod:LeadingStrike"],"picked":"SKIP","floor":1.0},{"not_picked":["Wild Strike","Run Through","Armaments"],"picked":"SKIP","floor":2.0},{"not_picked":["Headbutt","Flex"],"picked":"Whirlwind","floor":3.0},{"not_picked":["Metallicize","AT_IchimonjiDouble","Havoc"],"picked":"SKIP","floor":4.0},{"not_picked":["AT_ManFootWork","Sword Boomerang"],"picked":"MostiFishMod:DarkDeal","floor":6.0},{"not_picked":["Havoc","Perfected Strike"],"picked":"MostiFishMod:#F4004","floor":10.0},{"not_picked":["Dual Wield","Life Link","Run Through"],"picked":"SKIP","floor":12.0},{"not_picked":["MostiFishMod:TemporaryOutbreak","Corruption"],"picked":"MostiFishMod:RainCloud","floor":16},{"not_picked":["Replay:Undeath\u0027s Touch","ReplayTheSpireMod:Strike From Hell"],"picked":"Pommel Strike","floor":22},{"not_picked":["Flame Barrier","Wild Strike"],"picked":"Second Wind","floor":23},{"not_picked":["Second Wind","Dual Wield","ReplayTheSpireMod:Stacked"],"picked":"SKIP","floor":25},{"not_picked":["Wild Strike","Clash","Clothesline+1"],"picked":"SKIP","floor":27},{"not_picked":["AT_BodySlamDance","Warcry"],"picked":"Burning Pact","floor":30},{"not_picked":["Shrug It Off","Anger","Double Tap"],"picked":"SKIP","floor":31},{"not_picked":["Clothesline","Run Through+1","Battle Trance"],"picked":"SKIP","floor":35},{"not_picked":["Twin Strike","True Grit+1","AT_BodySlamDance"],"picked":"SKIP","floor":38},{"not_picked":["Twin Strike","True Grit+1","AT_BodySlamDance"],"picked":"SKIP","floor":38},{"not_picked":["Pommel Strike","Body Slam+1","REME_SingleHolding"],"picked":"SKIP","floor":39},{"not_picked":["Pommel Strike","Body Slam+1","REME_SingleHolding"],"picked":"SKIP","floor":39},{"not_picked":["Pommel Strike","REME_SingleHolding"],"picked":"Body Slam+1","floor":39},{"not_picked":["Combust+1","Body Slam+1"],"picked":"Feel No Pain+1","floor":41},{"not_picked":["Clash+1","Defy Death+1","AT_DrawKnifeCut"],"picked":"SKIP","floor":42},{"not_picked":["Shrug It Off","Thunderclap","Sentinel"],"picked":"SKIP","floor":44},{"not_picked":["True Grit+1","AT_BodySlamDance","Disarm"],"picked":"SKIP","floor":45},{"not_picked":["MostiFishMod:UltimateDefense","REME_Cut+1"],"picked":"Evolve","floor":47},{"not_picked":["Cleave+1","Armaments","Replay:Undeath\u0027s Touch"],"picked":"SKIP","floor":48}],"player_experience":55069,"relics_obtained":[{"floor":1.0,"key":"Baka"},{"floor":2.0,"key":"Baka2"},{"floor":6.0,"key":"testmod-TestBox"},{"floor":6.0,"key":"AT_Manta"},{"floor":9.0,"key":"Bottled Flame"},{"floor":10.0,"key":"Pet Ghost"},{"floor":12.0,"key":"REME_ArchaeologicalTools"},{"floor":16,"key":"testmod-ObsoleteBoomerang"},{"floor":23,"key":"Boot"},{"floor":25,"key":"AT_BladeRuinedKing"},{"floor":27,"key":"Replay:Bandana"},{"floor":30,"key":"Mango"},{"floor":31,"key":"AT_ChloranthyRing"},{"floor":35,"key":"testmod-Muramasa"},{"floor":38,"key":"reliquary:FerryPass"},{"floor":39,"key":"ArrowTower"},{"floor":41,"key":"testmod-RealStoneCalender"},{"floor":41,"key":"Ancient Tea Set"},{"floor":42,"key":"ReplayTheSpireMod:Lightbulb"},{"floor":43,"key":"reliquary:Knoch"},{"floor":44,"key":"REME_HandOfSuture"},{"floor":44,"key":"AT_SpeedBoots"},{"floor":45,"key":"DoctorsRemote"},{"floor":47,"key":"reliquary:MedicineBall"},{"floor":47,"key":"Strawberry"},{"floor":48,"key":"Dead Branch"}],"event_choices":[{"cards_removed":["Strike_R"],"damage_healed":0.0,"max_hp_gain":0.0,"max_hp_loss":0.0,"gold_gain":0.0,"event_name":"Bonfire Elementals","player_choice":"Offered Basic","floor":7.0,"gold_loss":0.0,"damage_taken":0.0},{"damage_healed":0,"gold_gain":0,"player_choice":"Became a Ghost","damage_taken":0,"max_hp_gain":0,"max_hp_loss":30,"event_name":"Ghosts","floor":20,"gold_loss":0,"cards_obtained":["Ghostly","Ghostly","Ghostly"]},{"damage_healed":0,"gold_gain":0,"player_choice":"Inject Mutagens","damage_taken":0,"relics_obtained":["MutagenicStrength"],"max_hp_gain":0,"max_hp_loss":0,"event_name":"Drug Dealer","floor":29,"gold_loss":0},{"damage_healed":0,"gold_gain":50,"player_choice":"Pray","damage_taken":0,"max_hp_gain":0,"max_hp_loss":0,"event_name":"Golden Shrine","floor":36,"gold_loss":0},{"damage_healed":0,"gold_gain":0,"player_choice":"Swap Relic","damage_taken":0,"relics_obtained":["AT_ArchangelStaff"],"max_hp_gain":0,"max_hp_loss":0,"event_name":"给自己的盒子","floor":37,"relics_lost":["DaveBox"],"gold_loss":0}],"is_beta":false,"boss_relics":[{"not_picked":["AT_MortalBlade","Philosopher\u0027s Stone"],"picked":"testmod-CardMagician"},{"not_picked":[]},{"not_picked":["REME_DuelDisc","AT_TrinityForce"],"picked":"Sozu"},{"not_picked":[]}],"items_purged_floors":[5,17,34],"is_endless":false,"potions_floor_spawned":[1,3,12,18,22,23,35,38,39,45,47],"killed_by":"Donu and Deca","ascension_level":20}}