{"host":"x8sop9v6zw8yitbt","time":1612562508,"event":{"mods":["BaseMod","Best Route Mod","Block Reminder","Challenge The Spire","Colored Powertips","Custom Start","Dark Map","DeckTracker","Minty Spire (QoL Compilation)","Permanent Neow","Quick Restart","Rare Cards Sparkle","Reliquary","Spicy Shops","Spikes Relics","StSLib","Virulent Crown"],"gold_per_floor":[117,128,303,81,156,189,189,89,89,89,119,136,171,188,188,292,292,308,223,239,249,249,275,275,275,298,326,346,372,372,152,152,152,152],"floor_reached":33,"language":"ENG","playtime":880,"items_purged":["Doubt","Eruption","Strike_P"],"score":369,"play_id":"f44ad01a-a884-49eb-bc0d-e51696e313c4","local_time":"20210205170148","is_ascension_mode":true,"campfire_choices":[{"data":"EmptyBody","floor":10.0,"key":"SMITH"},{"data":"SignatureMove","floor":15,"key":"SMITH"},{"data":"PathToVictory","floor":24,"key":"SMITH"},{"data":"Vigilance","floor":30,"key":"SMITH"},{"data":"Defend_P","floor":32,"key":"SMITH"}],"circlet_count":0,"master_deck":["Strike_P","Strike_P+1","Strike_P+1","Defend_P","Defend_P","Defend_P+1","Defend_P","Vigilance+1","PathToVictory+1","EmptyBody+1","PathToVictory+1","SignatureMove+1","Evaluate+1","Scrawl+1","Protect+1","Writhe","Evaluate+1","Good Instincts+1"],"relics":["PureWater","NeowsBlessing","DollysMirror","Bag of Preparation","reliquary:QuartzCube","Toxic Egg 2","Shuriken","Philosopher\u0027s Stone","Rawhide","Regal Pillow","Yang","Whetstone","reliquary:ExpiredCoupon","Centennial Puzzle"],"acts_visited":["Exordium","TheCity"],"potions_floor_usage":[23,27,27,27,27,33,33],"damage_taken":[{"damage":0.0,"enemies":"Small Slimes","floor":1.0,"turns":1.0},{"damage":0.0,"enemies":"2 Louse","floor":2.0,"turns":1.0},{"damage":0.0,"enemies":"Gremlin Nob","floor":6.0,"turns":1.0},{"damage":11.0,"enemies":"Lagavulin","floor":11.0,"turns":5.0},{"damage":1.0,"enemies":"Jaw Worm","floor":12.0,"turns":3.0},{"damage":0.0,"enemies":"Gremlin Nob","floor":13.0,"turns":3.0},{"damage":0,"enemies":"Large Slime","floor":14,"turns":3},{"damage":32,"enemies":"Hexaghost","floor":16,"turns":8},{"damage":5,"enemies":"2 Thieves","floor":18,"turns":3},{"damage":1,"enemies":"Chosen","floor":20,"turns":4},{"damage":1,"enemies":"Centurion and Healer","floor":21,"turns":6},{"damage":3,"enemies":"Book of Stabbing","floor":23,"turns":4},{"damage":14,"enemies":"Gremlin Leader","floor":27,"turns":5},{"damage":4,"enemies":"Snake Plant","floor":28,"turns":2},{"damage":44,"enemies":"Automaton","floor":33,"turns":12}],"seed_played":"6445559729272457778","potions_obtained":[{"floor":1.0,"key":"Strength Potion"},{"floor":6.0,"key":"EntropicBrew"},{"floor":11.0,"key":"BottledMiracle"},{"floor":23,"key":"StancePotion"}],"is_trial":false,"path_per_floor":["M","M","?","$","?","E","?","$","T","R","E","M","E","M","R","B",null,"M","?","M","M","?","E","R","?","T","E","M","T","R","$","R","B"],"character_chosen":"WATCHER","items_purchased":["DollysMirror","Good Instincts+1"],"campfire_rested":0,"item_purchase_floors":[4,31],"current_hp_per_floor":[72,72,72,72,61,61,61,61,61,61,50,49,49,49,49,17,72,67,67,66,65,65,62,62,62,62,48,44,44,44,44,44,0,0],"gold":152,"neow_bonus":"THREE_ENEMY_KILL","is_daily":false,"chose_seed":false,"campfire_upgraded":5,"win_rate":0.0,"timestamp":1612562508,"path_taken":["M","M","?","$","?","E","?","?","T","R","E","M","E","M","R","BOSS","M","?","M","M","?","E","R","?","T","E","M","?","R","?","R","BOSS"],"items_purchased_type":["Relic","Card"],"build_version":"2020-12-22","purchased_purges":3,"victory":false,"max_hp_per_floor":[72,72,72,72,72,72,72,72,72,72,72,72,72,72,72,72,72,72,72,72,72,72,72,72,72,72,72,72,72,72,72,72,72,72],"card_choices":[{"not_picked":["TalkToTheHand","FlurryOfBlows"],"picked":"PathToVictory","floor":1.0},{"not_picked":["FlyingSleeves","BattleHymn"],"picked":"EmptyBody","floor":2.0},{"not_picked":["Wireheading","WaveOfTheHand","SandsOfTime"],"picked":"SKIP","floor":6.0},{"not_picked":["SignatureMove","BowlingBash","Halt+1"],"picked":"SKIP","floor":11.0},{"not_picked":["BowlingBash","Halt+1"],"picked":"SignatureMove","floor":11.0},{"not_picked":["Halt+1","ForeignInfluence+1"],"picked":"Evaluate+1","floor":12.0},{"not_picked":["Study","Scrawl+1","EmptyFist"],"picked":"SKIP","floor":13.0},{"not_picked":["FlurryOfBlows","CrushJoints","BowlingBash"],"picked":"SKIP","floor":14},{"not_picked":["DevaForm","Vault+1"],"picked":"Scrawl+1","floor":16},{"not_picked":["LikeWater+1","EmptyFist"],"picked":"Protect+1","floor":18},{"not_picked":["FlyingSleeves","FearNoEvil+1","FlurryOfBlows"],"picked":"SKIP","floor":20},{"not_picked":["CutThroughFate","Fasting2+1","FlurryOfBlows"],"picked":"SKIP","floor":21},{"not_picked":["WreathOfFlame+1","EmptyFist","FlyingSleeves+1"],"picked":"SKIP","floor":23},{"not_picked":["WindmillStrike","EmptyFist+1","Adaptation"],"picked":"SKIP","floor":27},{"not_picked":["Crescendo+1","FlyingSleeves"],"picked":"Evaluate+1","floor":28}],"player_experience":896913,"relics_obtained":[{"floor":6.0,"key":"Bag of Preparation"},{"floor":9.0,"key":"reliquary:QuartzCube"},{"floor":11.0,"key":"Toxic Egg 2"},{"floor":13.0,"key":"Shuriken"},{"floor":23,"key":"Regal Pillow"},{"floor":26,"key":"Whetstone"},{"floor":27,"key":"reliquary:ExpiredCoupon"},{"floor":29,"key":"Centennial Puzzle"}],"event_choices":[{"damage_healed":0.0,"max_hp_gain":0.0,"max_hp_loss":0.0,"gold_gain":175.0,"event_name":"Liars Game","player_choice":"AGREE","floor":3.0,"gold_loss":0.0,"damage_taken":0.0,"cards_obtained":["Doubt"]},{"damage_healed":0.0,"max_hp_gain":0.0,"max_hp_loss":0.0,"gold_gain":75.0,"event_name":"World of Goop","player_choice":"Gather Gold","floor":5.0,"gold_loss":0.0,"damage_taken":11.0},{"damage_healed":0.0,"max_hp_gain":0.0,"max_hp_loss":0.0,"gold_gain":0.0,"event_name":"Living Wall","player_choice":"Grow","floor":7.0,"gold_loss":0.0,"damage_taken":0.0,"cards_upgraded":["PathToVictory"]},{"damage_healed":0,"gold_gain":0,"player_choice":"Obtained Relic","damage_taken":0,"relics_obtained":["Rawhide"],"max_hp_gain":0,"max_hp_loss":0,"event_name":"Addict","floor":19,"gold_loss":85},{"damage_healed":0,"gold_gain":0,"player_choice":"Ignored","damage_taken":0,"max_hp_gain":0,"max_hp_loss":0,"event_name":"Vampires","floor":22,"gold_loss":0},{"damage_healed":0,"gold_gain":0,"player_choice":"Opened","damage_taken":0,"relics_obtained":["Yang"],"max_hp_gain":0,"max_hp_loss":0,"event_name":"The Mausoleum","floor":25,"gold_loss":0,"cards_obtained":["Writhe"]}],"is_beta":false,"boss_relics":[{"not_picked":["Empty Cage","CosmicIsotope"],"picked":"Philosopher\u0027s Stone"}],"items_purged_floors":[4,8,31],"is_endless":false,"potions_floor_spawned":[1,6,11,20,21,23],"killed_by":"Automaton","ascension_level":1}}