{"host":"k7m72kgq8xdir5ne","time":1612546817,"event":{"mods":["ATMod(阿瑾Mod)","AchievementEnabler","Act Like it!","BaseMod","Friendly Minions","Gensokyo","LagranYue(拉格朗・月)","Minty Spire (QoL Compilation)","Quick Restart","RumiaBox-露米娅的神秘盒子","Shop Mod","Spicy Shops","StSLib","SuperFastMode","TestMod","Yakumo Yukari mod","【功能Mod】Neow奖励","【功能Mod】混沌之环修复补丁","篝火指南"],"gold_per_floor":[417,437,387,398,1397,1429,1574,374,398,488,550,612,688,735,32,162,162,256,327,327,373,373,487,242,316,316,316,370,461,530,270,270,453,453,547,547,240,240,240,353,406,775,799,499,565,667,728,803,803,937],"floor_reached":51,"language":"ZHS","playtime":1604,"items_purged":["Strike_R"],"score":1341,"play_id":"492628fb-c542-43aa-b39e-eaefa2d89583","local_time":"20210206014017","is_ascension_mode":true,"campfire_choices":[{"floor":32.0,"key":"RECALL"},{"floor":49,"key":"REST"}],"circlet_count":0,"master_deck":["Defend_R","Defend_R","Defend_R","Bash","CurseOfTheBell","AT_RobotInSpace","AT_BodySlamDance","Havoc","Reckless Charge","Fiend Fire","Pommel Strike","testmod-Wormhole","Fire Breathing","Fire Breathing","Bloodletting","Wild Strike","Armaments","Flex","AT_DiedThrough","AT_Dispersion","Clothesline","Dark Embrace","Havoc+1","Havoc+1","Dark Embrace","Second Wind","AT_CaressingTears","Corruption","Juggernaut","True Grit+1","Body Slam+1","Warcry+1","Gensokyo:SummonJeweledCobra"],"relics":["testmod-TestBox","AT_ATBox","LagranYue:RandomDrawCardRelic","testmod-TurbochargingSystem","Ccalipers","GodSword3","testmod-EqualTreatment","AT_MibuBalloonWealth","MerchantsRug","AT_Manta","Matryoshka","testmod-Acrobat","testmod-Muramasa","AT_ChloranthyRing","Eternal Feather","testmod-Faith","testmod-IWantAll","Pear","Darkstone Periapt","testmod-ArcanaOfDestiny","Empty Cage","Baka2","StoneCalendar","Potion Belt","AT_SunfireAegis","Centennial Puzzle","Shuriken","Strawberry","LagranYue:WskJewelryRelic","LagranYue:NewUniverseRelic","AT_RedTearstoneRing","Philosopher\u0027s Stone","Gensokyo:EmptyGrave","Brimstone","AT_RabadonDeathcap","LagranYue:MagicReflectiveArmorRelic","Bag of Preparation","Mercury Hourglass","Toy Ornithopter","Strange Spoon","SSSystem","Oddly Smooth Stone","testmod-OneHitWonder","Letter Opener","MealTicket","Gensokyo:Companionship"],"acts_visited":["Exordium","TheCity","Gensokyo:Gensokyoest"],"potions_floor_usage":[47,48],"damage_taken":[{"damage":0.0,"enemies":"2 Louse","floor":1.0,"turns":2.0},{"damage":12.0,"enemies":"Small Slimes","floor":2.0,"turns":2.0},{"damage":6.0,"enemies":"Jaw Worm","floor":4.0,"turns":3.0},{"damage":6.0,"enemies":"Gremlin Nob","floor":6.0,"turns":3.0},{"damage":0.0,"enemies":"Lots of Slimes","floor":7.0,"turns":1.0},{"damage":0.0,"enemies":"3 Louse","floor":10.0,"turns":2.0},{"damage":12.0,"enemies":"Exordium Wildlife","floor":11.0,"turns":2.0},{"damage":43.0,"enemies":"Lagavulin","floor":12.0,"turns":4.0},{"damage":12.0,"enemies":"Large Slime","floor":14.0,"turns":2.0},{"damage":53.0,"enemies":"Hexaghost","floor":16.0,"turns":6.0},{"damage":3.0,"enemies":"3 Byrds","floor":18.0,"turns":2.0},{"damage":5.0,"enemies":"2 Thieves","floor":19.0,"turns":1.0},{"damage":12.0,"enemies":"Snecko","floor":21.0,"turns":2.0},{"damage":0.0,"enemies":"Gremlin Leader","floor":23.0,"turns":3.0},{"damage":30.0,"enemies":"Centurion and Healer","floor":25.0,"turns":4.0},{"damage":9.0,"enemies":"Snake Plant","floor":28.0,"turns":1.0},{"damage":13.0,"enemies":"3 Cultists","floor":29.0,"turns":3.0},{"damage":16.0,"enemies":"Book of Stabbing","floor":30.0,"turns":3.0},{"damage":26.0,"enemies":"Automaton","floor":33.0,"turns":5.0},{"damage":0.0,"enemies":"Gensokyo:3_Bats","floor":35.0,"turns":2.0},{"damage":20.0,"enemies":"Gensokyo:Kasen","floor":40.0,"turns":3.0},{"damage":0.0,"enemies":"Gensokyo:Doremy","floor":42.0,"turns":2.0},{"damage":36,"enemies":"Gensokyo:Marisa","floor":45,"turns":3},{"damage":0,"enemies":"Gensokyo:3_Boulders","floor":46,"turns":1},{"damage":0,"enemies":"Gensokyo:Doremy","floor":47,"turns":1},{"damage":0,"enemies":"Gensokyo:Dusk_and_Dawn","floor":48,"turns":1},{"damage":0,"enemies":"Gensokyo:Yuyuko","floor":50,"turns":1}],"seed_played":"-1097280524733488710","potions_obtained":[{"floor":1.0,"key":"AttackPotion"},{"floor":2.0,"key":"Fire Potion"},{"floor":12.0,"key":"CultistPotion"},{"floor":14.0,"key":"SkillPotion"},{"floor":16.0,"key":"SteroidPotion"},{"floor":21.0,"key":"SpeedPotion"},{"floor":29.0,"key":"LiquidMemories"},{"floor":30.0,"key":"Block Potion"},{"floor":33.0,"key":"BloodPotion"},{"floor":35.0,"key":"Regen Potion"},{"floor":45,"key":"DistilledChaos"},{"floor":46,"key":"GamblersBrew"},{"floor":48,"key":"SmokeBomb"}],"is_trial":false,"path_per_floor":["M","M","?","M","?","E","M","R","T","M","M","E","T","M","R","B",null,"M","M","?","M","T","E","R","M","T","?","M","M","E","$","R","B",null,"M","?","COS","?","?","E","T","E","T","R","E","M","E","M","R","B",null],"character_chosen":"IRONCLAD","items_purchased":["MerchantsRug","testmod-Wormhole","AT_Manta","Matryoshka","Fire Breathing","testmod-Faith","testmod-IWantAll","Pear","Darkstone Periapt","AT_SunfireAegis","Centennial Puzzle","LagranYue:NewUniverseRelic","Feel No Pain","AT_RedTearstoneRing","Strange Spoon","SSSystem"],"campfire_rested":1,"item_purchase_floors":[8,8,8,8,8,15,15,15,15,24,24,31,31,31,44,44],"current_hp_per_floor":[160,148,148,148,148,142,142,142,142,142,130,87,87,75,97,44,139,136,131,131,119,119,119,134,104,104,66,64,60,48,48,66,66,153,153,153,153,153,101,85,85,85,85,103,70,70,1,6,79,79],"gold":937,"neow_bonus":"BOSS_RELIC","is_daily":false,"chose_seed":false,"campfire_upgraded":0,"win_rate":0.0,"timestamp":1612546817,"path_taken":["M","M","?","M","?","E","M","R","T","M","M","E","?","M","R","BOSS","M","?","?","M","?","E","R","M","T","?","?","?","E","?","R","BOSS","M","?","COS","?","?","E","?","E","T","R","E","M","E","M","R","BOSS"],"items_purchased_type":["Relic","Card","Relic","Relic","Card","Relic","Relic","Relic","Relic","Relic","Relic","Relic","Card","Relic","Relic","Relic"],"build_version":"2020-12-22","purchased_purges":1,"victory":true,"max_hp_per_floor":[160,160,160,160,160,160,160,160,160,160,160,160,160,160,170,170,170,170,170,170,170,170,170,170,170,170,175,182,182,182,182,182,182,182,182,168,168,168,168,168,168,168,168,168,168,168,185,185,185,185],"card_choices":[{"not_picked":["Heavy Blade","Thunderclap"],"picked":"AT_BodySlamDance","floor":1.0},{"not_picked":["Perfected Strike","Havoc","AT_BodySlamDance"],"picked":"SKIP","floor":2.0},{"not_picked":["Perfected Strike","AT_BodySlamDance"],"picked":"Havoc","floor":2.0},{"not_picked":["AT_BodySlamDance","Clothesline"],"picked":"Reckless Charge","floor":4.0},{"not_picked":["AT_IchimonjiDouble","Wild Strike"],"picked":"Fiend Fire","floor":6.0},{"not_picked":["Clothesline","Shockwave"],"picked":"Pommel Strike","floor":7.0},{"not_picked":["Perfected Strike","Body Slam","AT_BodySlamDance"],"picked":"SKIP","floor":10.0},{"not_picked":["Rage","Body Slam"],"picked":"Bloodletting","floor":11.0},{"not_picked":["Flame Barrier","Berserk"],"picked":"Wild Strike","floor":12.0},{"not_picked":["Clash","True Grit"],"picked":"Armaments","floor":14.0},{"not_picked":["Exhume","Immolate"],"picked":"Corruption","floor":16.0},{"not_picked":["Pommel Strike","AT_IchimonjiDouble"],"picked":"Flex","floor":18.0},{"not_picked":["Juggernaut","Whirlwind+1"],"picked":"AT_DiedThrough","floor":19.0},{"not_picked":["Metallicize","AT_BodySlamDance"],"picked":"Havoc+1","floor":21.0},{"not_picked":["Metallicize","AT_BodySlamDance"],"picked":"Havoc+1","floor":21.0},{"not_picked":["AT_Dispersion","Pommel Strike+1"],"picked":"Dark Embrace","floor":23.0},{"not_picked":["Headbutt","Heavy Blade","Rage"],"picked":"SKIP","floor":25.0},{"not_picked":["Sword Boomerang","Hemokinesis"],"picked":"Second Wind","floor":28.0},{"not_picked":["Heavy Blade+1","Clothesline"],"picked":"AT_CaressingTears","floor":29.0},{"not_picked":["Pommel Strike","Heavy Blade"],"picked":"Corruption","floor":30.0},{"not_picked":["Barricade","Demon Form"],"picked":"Juggernaut","floor":33.0},{"not_picked":["Pommel Strike+1","AT_BodySlamDance+1"],"picked":"True Grit+1","floor":35.0},{"not_picked":["Thunderclap+1","Sword Boomerang","Clash+1"],"picked":"SKIP","floor":40.0},{"not_picked":["Infernal Blade","Inflame","Spot Weakness"],"picked":"SKIP","floor":42.0},{"not_picked":["AT_IchimonjiDouble+1","Sword Boomerang","Whirlwind"],"picked":"SKIP","floor":45},{"not_picked":["Barricade","AT_DiedThrough"],"picked":"Warcry+1","floor":46},{"not_picked":["Rampage+1","Perfected Strike","Shrug It Off+1"],"picked":"SKIP","floor":47},{"not_picked":["Twin Strike+1","Anger","AT_GerminateFire"],"picked":"SKIP","floor":48}],"player_experience":67346,"relics_obtained":[{"floor":0.0,"key":"Ccalipers"},{"floor":0.0,"key":"GodSword3"},{"floor":0.0,"key":"testmod-EqualTreatment"},{"floor":1.0,"key":"Baka"},{"floor":6.0,"key":"AT_MibuBalloonWealth"},{"floor":9.0,"key":"testmod-Acrobat"},{"floor":12.0,"key":"testmod-Muramasa"},{"floor":13.0,"key":"AT_ChloranthyRing"},{"floor":13.0,"key":"Eternal Feather"},{"floor":16.0,"key":"testmod-ArcanaOfDestiny"},{"floor":19.0,"key":"Baka2"},{"floor":22.0,"key":"StoneCalendar"},{"floor":23.0,"key":"Potion Belt"},{"floor":26.0,"key":"Shuriken"},{"floor":28.0,"key":"Strawberry"},{"floor":30.0,"key":"LagranYue:WskJewelryRelic"},{"floor":40.0,"key":"LagranYue:MagicReflectiveArmorRelic"},{"floor":41.0,"key":"Bag of Preparation"},{"floor":42.0,"key":"Mercury Hourglass"},{"floor":43.0,"key":"Toy Ornithopter"},{"floor":45,"key":"Letter Opener"},{"floor":47,"key":"MealTicket"}],"event_choices":[{"cards_removed":["Strike_R"],"damage_healed":0.0,"max_hp_gain":0.0,"max_hp_loss":0.0,"gold_gain":0.0,"event_name":"The Cleric","player_choice":"Card Removal","floor":3.0,"gold_loss":50.0,"damage_taken":0.0},{"damage_healed":0.0,"max_hp_gain":0.0,"max_hp_loss":0.0,"gold_gain":999.0,"event_name":"恩洛斯的盘子","player_choice":"Sell","floor":5.0,"relics_lost":["Calling Bell"],"gold_loss":0.0,"damage_taken":0.0},{"damage_healed":0.0,"max_hp_gain":0.0,"max_hp_loss":0.0,"gold_gain":0.0,"cards_transformed":["Defend_R","Strike_R"],"event_name":"Drug Dealer","player_choice":"Became Test Subject","floor":20.0,"gold_loss":0.0,"damage_taken":0.0,"cards_obtained":["AT_Dispersion","Clothesline"]},{"damage_healed":0.0,"max_hp_gain":5.0,"max_hp_loss":0.0,"gold_gain":0.0,"event_name":"Forgotten Altar","player_choice":"Shed Blood","floor":27.0,"gold_loss":0.0,"damage_taken":43.0}],"is_beta":false,"boss_relics":[{"not_picked":["Runic Pyramid","testmod-StringDisintegrator"],"picked":"Empty Cage"},{"not_picked":["testmod-EnergyCheck","Velvet Choker"],"picked":"Philosopher\u0027s Stone"}],"items_purged_floors":[8],"is_endless":false,"potions_floor_spawned":[1,2,12,14,16,21,29,30,33,35,45,46,48],"ascension_level":5}}