{"host":"lehbxtjrpalkmwwj","time":1612527684,"event":{"mods":["Aspiration","BaseMod","Colored Map","Colored Powertips","Conspire","GungeonMod","KomeijiMod","Lobotomy","Minty Spire (QoL Compilation)","Quick Restart","Replay The Spire","Shop Mod","StSLib","The Cursed","The Poker Player","[IsaacMod]ÒÔÈö¼âËþ"],"gold_per_floor":[119,130,15,90,105,105,138,138,185,217,227,237,292,320,320,424,424,438,438,438,100,119,154,164,164,164,164,179,193,206,216,234,234,234,234,234],"floor_reached":35,"language":"ZHS","playtime":988,"items_purged":[],"score":356,"play_id":"563ceeb8-f072-45ec-a69f-497a4403f545","local_time":"20210205202124","is_ascension_mode":true,"campfire_choices":[{"floor":6.0,"key":"RECALL"},{"data":"EpicFetus","floor":8.0,"key":"SMITH"},{"data":"Bash","floor":15.0,"key":"SMITH"},{"data":"Limit Break","floor":25.0,"key":"SMITH"},{"data":"Brutality","floor":27.0,"key":"SMITH"},{"data":"ReplayTheSpireMod:Muscle Training","floor":33.0,"key":"SMITH"}],"circlet_count":0,"master_deck":["Strike_R","Strike_R","Strike_R","Strike_R","Strike_R","Defend_R","Defend_R","Defend_R","Defend_R","Bash+1","EpicFetus+1","Clash","DemoMod:WhiteBlade","DemoMod:BlackBlade","Clash","Anger","Intimidate","conspire:HitWhereItHurts","Limit Break+1","Metallicize+1","Clash+1","Brutality+1","ReplayTheSpireMod:Muscle Training+1","Carnage+1","Shrug It Off+1","DemoMod:BlackBlade+1","Clash"],"relics":["Burning Blood","HushsDoor","DoctorsRemote","aspiration:Nostalgia","PokerPlayerMod:DeckCase","ReplayTheSpireMod:Spearhead","Nunchaku","DeadEye","conspire:Flyswatter","Replay:Bronze Core","GuppysHead","Quantum Egg","FossilizedHelix","PreservedInsect"],"acts_visited":["Exordium","TheCity","TheCity"],"potions_floor_usage":[35],"damage_taken":[{"damage":0.0,"enemies":"Cultist","floor":1.0,"turns":2.0},{"damage":16.0,"enemies":"Small Slimes","floor":2.0,"turns":3.0},{"damage":11.0,"enemies":"Jaw Worm","floor":5.0,"turns":3.0},{"damage":14.0,"enemies":"Gremlin Nob","floor":7.0,"turns":3.0},{"damage":40.0,"enemies":"Lagavulin","floor":10.0,"turns":6.0},{"damage":0.0,"enemies":"Looter","floor":11.0,"turns":1.0},{"damage":17.0,"enemies":"Large Slime","floor":12.0,"turns":2.0},{"damage":0.0,"enemies":"Gremlin Nob","floor":13.0,"turns":2.0},{"damage":11.0,"enemies":"Gremlin Nob","floor":14.0,"turns":3.0},{"damage":19.0,"enemies":"Hexaghost","floor":16.0,"turns":7.0},{"damage":7.0,"enemies":"Chosen","floor":18.0,"turns":4.0},{"damage":10.0,"enemies":"Shell Parasite","floor":22.0,"turns":3.0},{"damage":24.0,"enemies":"Slavers","floor":23.0,"turns":4.0},{"damage":12.0,"enemies":"Sentry and Sphere","floor":24.0,"turns":4.0},{"damage":0.0,"enemies":"DemoMod:Veteran_shot_gun_kin_and_bullet_kin","floor":28.0,"turns":1.0},{"damage":22.0,"enemies":"DemoMod:Red_and_blue_shotgun_kin","floor":29.0,"turns":2.0},{"damage":1.0,"enemies":"DemoMod:Veteran_shot_gun_kin_and_blue_shotgun_kin_with_gunsinger","floor":30.0,"turns":2.0},{"damage":13.0,"enemies":"DemoMod:Veteran_shot_gun_kin_and_red_shotgun_kin_with_gunsinger","floor":31.0,"turns":3.0},{"damage":21.0,"enemies":"DemoMod:Veteran_shot_gun_kin_and_blue_shotgun_kin","floor":32.0,"turns":3.0},{"damage":44,"enemies":"DemoMod:ResourcefulRat","floor":35,"turns":6}],"seed_played":"4487650930986683741","potions_obtained":[{"floor":2.0,"key":"BloodPotion"},{"floor":5.0,"key":"Adrenaline Potion"},{"floor":7.0,"key":"Explosive Potion"},{"floor":12.0,"key":"ColorlessPotion"},{"floor":14.0,"key":"EssenceOfSteel"},{"floor":16.0,"key":"Milkshake"},{"floor":24.0,"key":"Weak Potion"},{"floor":30.0,"key":"BlessingOfTheForge"}],"is_trial":false,"path_per_floor":["M","M","$","?","M","R","E","R","T","E","M","M","?","E","R","B",null,"M","?","T","$","M","E","M","R","T","R","M","M","M","M","M","R","B","B"],"character_chosen":"IRONCLAD","items_purchased":["DemoMod:GnawedKey","GuppysHead","FossilizedHelix","Metallicize+1"],"campfire_rested":0,"item_purchase_floors":[3,17,21,21],"current_hp_per_floor":[80,70,70,59,54,54,46,46,46,28,34,23,29,24,24,11,70,69,69,69,69,65,47,41,41,70,70,70,54,59,52,37,37,43,0,0],"gold":234,"neow_bonus":"NOSTALGIA","is_daily":false,"chose_seed":false,"campfire_upgraded":5,"win_rate":0.0,"timestamp":1612527684,"path_taken":["M","M","?","?","M","R","E","R","T","E","M","M","?","E","R","BOSS","M","?","?","$","M","E","M","R","T","R","M","M","M","M","M","R","BOSS","BOSS"],"items_purchased_type":["Relic","Relic","Relic","Card"],"build_version":"2020-12-22","purchased_purges":0,"victory":false,"max_hp_per_floor":[80,80,80,80,80,80,80,80,80,80,80,80,80,80,80,80,70,70,70,70,70,70,70,70,70,70,70,70,70,70,70,70,70,70,70,70],"card_choices":[{"not_picked":[],"picked":"EpicFetus","floor":0.0},{"not_picked":["Havoc","Burning Pact"],"picked":"Clash","floor":1.0},{"not_picked":["Anger","Iron Wave"],"picked":"DemoMod:BlackBlade","floor":2.0},{"not_picked":["Flame Barrier","Headbutt"],"picked":"Bomb","floor":5.0},{"not_picked":["Rage","Battle Trance","Corruption"],"picked":"SKIP","floor":7.0},{"not_picked":["True Grit","Replay:Undeath\u0027s Touch"],"picked":"Clash","floor":10.0},{"not_picked":["Run Through","Replay:Undeath\u0027s Touch"],"picked":"Anger","floor":11.0},{"not_picked":["Run Through","Battle Trance"],"picked":"Intimidate","floor":12.0},{"not_picked":["Replay:Undeath\u0027s Touch","ReplayReversal"],"picked":"conspire:HitWhereItHurts","floor":14.0},{"not_picked":["Eclipse","conspire:HitWhereItHurts"],"picked":"Limit Break","floor":16.0},{"not_picked":["Iron Wave","Abandon+1","Power Through"],"picked":"SKIP","floor":18.0},{"not_picked":["Sword Boomerang","Wild Strike+1"],"picked":"Clash+1","floor":22.0},{"not_picked":["Pommel Strike+1","Sever Soul"],"picked":"Brutality","floor":23.0},{"not_picked":["Sword Boomerang","Headbutt+1"],"picked":"ReplayTheSpireMod:Muscle Training","floor":24.0},{"not_picked":["Rampage","Ghostly Armor+1"],"picked":"Carnage+1","floor":28.0},{"not_picked":["Battle Trance","Defy Death"],"picked":"Shrug It Off+1","floor":29.0},{"not_picked":["Rampage","Flex"],"picked":"DemoMod:BlackBlade+1","floor":30.0},{"not_picked":["Shrug It Off","Iron Wave","Havoc+1"],"picked":"SKIP","floor":31.0},{"not_picked":["True Grit","Iron Wave"],"picked":"Clash","floor":32.0}],"player_experience":126886,"relics_obtained":[{"floor":7.0,"key":"ReplayTheSpireMod:Spearhead"},{"floor":10.0,"key":"Nunchaku"},{"floor":13.0,"key":"DeadEye"},{"floor":14.0,"key":"conspire:Flyswatter"},{"floor":20.0,"key":"Quantum Egg"},{"floor":23.0,"key":"PreservedInsect"}],"event_choices":[{"damage_healed":0.0,"max_hp_gain":0.0,"max_hp_loss":0.0,"gold_gain":75.0,"event_name":"World of Goop","player_choice":"Gather Gold","floor":4.0,"gold_loss":0.0,"damage_taken":11.0},{"damage_healed":0.0,"max_hp_gain":0.0,"max_hp_loss":0.0,"gold_gain":30.0,"event_name":"Dead Adventurer","player_choice":"Searched \u00272\u0027 times","floor":13.0,"gold_loss":0.0,"damage_taken":0.0}],"is_beta":false,"boss_relics":[{"not_picked":["Velvet Choker","Sozu"],"picked":"Replay:Bronze Core"},{"not_picked":[]}],"items_purged_floors":[],"is_endless":false,"potions_floor_spawned":[2,5,7,12,14,16,24,30,32],"killed_by":"DemoMod:ResourcefulRat","ascension_level":2}}