{"host":"yassvrowvc2yfwp2","time":1612493703,"event":{"mods":["2.2 Compatiblity","Act Like it!","BaseMod","Better Note","Curses Come First","Dota2Spire","Downfall","HololiveMod","Jorbs\u0027s Wanderer Trilogy","Minty Spire (QoL Compilation)","Prisma Mod","Rare Cards Sparkle","Reimu£®≤©¿ˆ¡È√Œ£©","Replay The Spire","Say the Spire","Spicy Shops","StSLib","The Bug Knight","The Cursed","The Servant 0.9.4"],"gold_per_floor":[99,115,129,147,147,158,205,234,254,254,284,244,244,263,283,382,382,382,382,398,418,436,436,436,436],"floor_reached":23,"language":"ZHS","playtime":908,"items_purged":[],"score":195,"play_id":"64599d55-0d4d-4406-92be-863434d9023c","local_time":"20210205105503","is_ascension_mode":false,"campfire_choices":[{"floor":1.0,"key":"DIG"},{"floor":10,"key":"REST"},{"data":"champ:UltimateStance","floor":18,"key":"SMITH"}],"circlet_count":0,"master_deck":["champ:Strike+1","champ:Strike","champ:Strike","champ:Strike","champ:Defend","champ:Defend","champ:Defend","champ:Defend","champ:Execute+1","champ:Taunt","champ:Haymaker","champ:Lariat+1","champ:RapidStrikes","champ:GladiatorStyle","champ:HoldFirm+1","champ:ShieldWall","champ:FocusedBerserking","champ:EnragedBash","champ:UltimateStance+1","CurseOfTheBell","champ:TripleStrike","champ:ShieldWall","champ:ShieldWall"],"relics":["champ:ChampionCrown","Dota2Spire:PowerTreads","Whetstone","Snack Pack","Replay:Wax Seal","PaintedHorse:ReiMu","Calling Bell","Dota2Spire:DrumOfEndurance","Toxic Egg 2","Ginger"],"acts_visited":["Exordium","TheCity"],"potions_floor_usage":[],"damage_taken":[{"damage":20.0,"enemies":"Small Slimes","floor":2.0,"turns":5.0},{"damage":4.0,"enemies":"Cultist","floor":3.0,"turns":3.0},{"damage":10.0,"enemies":"Jaw Worm","floor":4.0,"turns":4.0},{"damage":22,"enemies":"Gremlin Gang","floor":6,"turns":7},{"damage":48,"enemies":"Gremlin Nob","floor":8,"turns":4},{"damage":19,"enemies":"Large Slime","floor":9,"turns":6},{"damage":22,"enemies":"2 Fungi Beasts","floor":14,"turns":3},{"damage":14,"enemies":"Exordium Thugs","floor":15,"turns":5},{"damage":37,"enemies":"IC_STATUS_ARCHETYPE","floor":16,"turns":7},{"damage":52,"enemies":"Chosen","floor":20,"turns":4},{"damage":58,"enemies":"3 Cultists","floor":21,"turns":6},{"damage":39,"enemies":"Cultist and Chosen","floor":22,"turns":5},{"damage":26,"enemies":"Snake Plant","floor":23,"turns":3}],"seed_played":"-5871955578498280786","potions_obtained":[{"floor":6,"key":"champ:TechniquePotion"},{"floor":9,"key":"DistilledChaos"},{"floor":15,"key":"Ancient Potion"}],"is_trial":false,"path_per_floor":["R","M","M","M","?","M","T","E","M","R","?","?","?","M","M","B",null,"R","?","M","M","M","M"],"character_chosen":"THE_CHAMP","items_purchased":[],"campfire_rested":1,"item_purchase_floors":[],"current_hp_per_floor":[99,89,85,85,85,73,73,45,38,67,67,67,67,55,43,40,99,99,99,67,41,33,9,9,9],"gold":436,"neow_bonus":"TEN_PERCENT_HP_BONUS","is_daily":false,"chose_seed":false,"campfire_upgraded":1,"win_rate":0.0,"timestamp":1612493703,"path_taken":["R","M","M","M","?","?","T","E","M","R","?","?","?","?","M","BOSS","R","?","M","M","M","M"],"items_purchased_type":[],"build_version":"2020-12-22","purchased_purges":0,"victory":false,"max_hp_per_floor":[99,99,99,99,99,99,99,99,99,99,99,99,99,99,99,99,99,99,99,99,99,99,99,99,99],"card_choices":[{"not_picked":["champ:Circumvent","champ:Shatter"],"picked":"champ:Haymaker","floor":2.0},{"not_picked":["champ:Shatter","champ:Haymaker"],"picked":"champ:Lariat","floor":3.0},{"not_picked":["champ:ShieldSlam","champ:StanceDance"],"picked":"champ:RapidStrikes","floor":4.0},{"not_picked":["champ:Backstep","champ:FaceSlap"],"picked":"champ:GladiatorStyle","floor":6},{"not_picked":["champ:RisingSlash","champ:GutPunch"],"picked":"champ:HoldFirm","floor":8},{"not_picked":["champ:RapidStrikes","champ:FancyFootwork"],"picked":"champ:ShieldWall","floor":9},{"not_picked":["champ:Haymaker","champ:BringItOn"],"picked":"champ:FocusedBerserking","floor":14},{"not_picked":["champ:TornadoPunch","champ:GutPunch"],"picked":"champ:EnragedBash","floor":15},{"not_picked":["champ:DancingMaster","champ:GladiatorForm"],"picked":"champ:UltimateStance","floor":16},{"not_picked":["champ:StanceDance+1","champ:PerfectedStrike+1"],"picked":"champ:TripleStrike","floor":20},{"not_picked":["champ:CalledShot+1","champ:StanceDance+1"],"picked":"champ:ShieldWall","floor":21},{"not_picked":["champ:PerfectedStrike","champ:PreemptiveStrike"],"picked":"champ:ShieldWall","floor":22}],"player_experience":2129783,"relics_obtained":[{"floor":1.0,"key":"Dota2Spire:PowerTreads"},{"floor":7,"key":"Whetstone"},{"floor":8,"key":"Snack Pack"},{"floor":17,"key":"Dota2Spire:DrumOfEndurance"},{"floor":17,"key":"Toxic Egg 2"},{"floor":17,"key":"Ginger"}],"event_choices":[{"damage_healed":0,"gold_gain":0,"player_choice":"»˚«Æ","damage_taken":0,"relics_obtained":["PaintedHorse:ReiMu"],"max_hp_gain":0,"max_hp_loss":0,"event_name":"yidonshenshe","floor":12,"gold_loss":40},{"damage_healed":0,"gold_gain":0,"player_choice":"Ignored","damage_taken":0,"max_hp_gain":0,"max_hp_loss":0,"event_name":"betterNote:BetterNote","floor":19,"gold_loss":0,"cards_obtained":["Strike_S"]}],"is_beta":false,"boss_relics":[{"not_picked":["SlaversCollar","Busted Crown"],"picked":"Calling Bell"}],"items_purged_floors":[],"is_endless":false,"potions_floor_spawned":[6,9,15,16,20,22],"killed_by":"Snake Plant","ascension_level":0}}