{"host":"8srk5r1dwtmjotwd","time":1612491583,"event":{"mods":["AchievementEnabler","Act Like it!","BaseMod","Beaked The Cultist","Bestiary","Better Note","Better Third Choice","Colored Map","Colored Powertips","Friendly Minions","GifTheSpireLib","Halation","Hallownest","Hermit","Hubris","Infinite Spire","Mimic Mod","Minty Spire (QoL Compilation)","Morshu Shopkeeper - ENHANCED","Quick Restart","Rare Cards Sparkle","Reliquary","Replay The Spire","Shop Mod","StSLib","SuperFastMode","Synergy Search","The Bug Knight","The Construct","The Cursed","Thieving Mod","Yohane!","everything is the same but u backflip on backflip","slay the spire mod where everything is the same but ironclad has a cowboy hat"],"gold_per_floor":[119,119,119,119,133,133,176,176,176,219,219,242,257,281,281,281,281],"floor_reached":16,"language":"ENG","playtime":891,"items_purged":[],"score":135,"play_id":"b3bcaba4-d18c-42cd-a76c-986b8f95a17c","local_time":"20210204211943","is_ascension_mode":false,"campfire_choices":[{"data":"Eruption","floor":6.0,"key":"SMITH"},{"floor":8.0,"key":"REST"},{"floor":15.0,"key":"REST"}],"circlet_count":0,"master_deck":["Strike_R","Strike_R","Strike_R","Strike_R","Strike_R","Defend_R","Defend_R","Defend_R","Defend_R","Seeing Red","Injury","Eruption+1","ReachHeaven","ReachHeaven","hubris:NaturalOne","Go for the Eyes","hubris:Ukulele"],"relics":["Juzu Bracelet","Golden Idol","hubris:Towel","Replay:M_SmolderingBlood","reliquary:Stiletto","infinitespire:Joker Card","hubris:DisguiseKit","hubris:Icosahedron"],"acts_visited":["Exordium"],"potions_floor_usage":[16],"damage_taken":[{"damage":11.0,"enemies":"2 Louse","floor":1.0,"turns":3.0},{"damage":22.0,"enemies":"Jaw Worm","floor":5.0,"turns":3.0},{"damage":22.0,"enemies":"HollowMod:MossKnight","floor":7.0,"turns":5.0},{"damage":0.0,"enemies":"Replay:BlueRogue","floor":10.0,"turns":3.0},{"damage":3.0,"enemies":"Small Slimes","floor":12.0,"turns":3.0},{"damage":3.0,"enemies":"3 Louse","floor":13.0,"turns":3.0},{"damage":10.0,"enemies":"Gremlin Gang","floor":14.0,"turns":3.0},{"damage":78,"enemies":"The Guardian","floor":16,"turns":8}],"seed_played":"-6266800660270828576","potions_obtained":[{"floor":7.0,"key":"SmokeBomb"},{"floor":12.0,"key":"AttackPotion"},{"floor":13.0,"key":"Swift Potion"}],"is_trial":false,"path_per_floor":["M","?","?","?","M","R","E","R","T","E","?","M","M","M","R","B"],"character_chosen":"IRONCLAD","items_purchased":[],"campfire_rested":2,"item_purchase_floors":[],"current_hp_per_floor":[75,75,75,75,53,53,31,55,55,55,55,52,49,39,63,0,0],"gold":281,"neow_bonus":"RANDOM_COMMON_RELIC","is_daily":false,"chose_seed":false,"campfire_upgraded":1,"win_rate":0.0,"timestamp":1612491583,"path_taken":["M","?","?","?","M","R","E","R","T","E","?","M","M","M","R","BOSS"],"items_purchased_type":[],"build_version":"2020-12-22","purchased_purges":0,"victory":false,"max_hp_per_floor":[80,80,80,80,80,80,80,80,80,80,80,80,80,80,80,80,80],"card_choices":[{"not_picked":["Body Slam","Sword Boomerang"],"picked":"Seeing Red","floor":1.0},{"not_picked":["Havoc","Body Slam","Sword Boomerang"],"picked":"SKIP","floor":5.0},{"not_picked":["Feed","Anger"],"picked":"ReachHeaven","floor":7.0},{"not_picked":["Rampage","Heavy Blade"],"picked":"ReachHeaven","floor":10.0},{"not_picked":["Perfected Strike","Sword Boomerang","Replay:Undeath\u0027s Touch"],"picked":"Go for the Eyes","floor":12.0},{"not_picked":["Armaments","ReplayTheSpireMod:Corrosion Curse","Massacre"],"picked":"hubris:Ukulele","floor":13.0},{"not_picked":["Perfected Strike","Wild Strike","Intimidate","ReplaySort"],"picked":"SKIP","floor":14.0}],"player_experience":102987,"relics_obtained":[{"floor":7.0,"key":"reliquary:Stiletto"},{"floor":9.0,"key":"infinitespire:Joker Card"},{"floor":10.0,"key":"hubris:DisguiseKit"}],"event_choices":[{"damage_healed":0.0,"max_hp_gain":0.0,"max_hp_loss":0.0,"gold_gain":0.0,"event_name":"Golden Idol","player_choice":"Take Wound","floor":2.0,"gold_loss":0.0,"damage_taken":0.0,"relics_obtained":["Golden Idol"],"cards_obtained":["Injury"]}],"is_beta":false,"boss_relics":[],"items_purged_floors":[],"is_endless":false,"potions_floor_spawned":[7,12,13],"killed_by":"The Guardian","ascension_level":0}}