{"host":"8srk5r1dwtmjotwd","time":1612550931,"event":{"mods":["AchievementEnabler","Act Like it!","BaseMod","Beaked The Cultist","Bestiary","Better Note","Better Third Choice","Colored Map","Colored Powertips","Friendly Minions","GifTheSpireLib","Halation","Hallownest","Hermit","Hubris","Infinite Spire","Mimic Mod","Minty Spire (QoL Compilation)","Morshu Shopkeeper - ENHANCED","Quick Restart","Rare Cards Sparkle","Reliquary","Replay The Spire","Shop Mod","StSLib","SuperFastMode","Synergy Search","The Bug Knight","The Construct","The Cursed","Thieving Mod","Yohane!","everything is the same but u backflip on backflip","slay the spire mod where everything is the same but ironclad has a cowboy hat"],"gold_per_floor":[218,27,27,39,53,53,86,86,120,138,138,148,97,108,108,205,205,221,241,253,253,268,268,300,300,332,349,349,349,364,380,380,480,480,497,513,513,1512,1532,1532,1532],"floor_reached":40,"language":"ENG","playtime":3053,"items_purged":[],"score":437,"play_id":"373f668f-9f1e-447e-8b2f-3cbe48b6a195","local_time":"20210205134851","is_ascension_mode":false,"campfire_choices":[{"data":"Whirlwind","floor":6.0,"key":"SMITH"},{"data":"Double Tap","floor":11.0,"key":"SMITH"},{"data":"Cleave","floor":15.0,"key":"SMITH"},{"floor":23.0,"key":"REST"},{"floor":25.0,"key":"REST"},{"floor":29.0,"key":"REST"},{"floor":32.0,"key":"REST"}],"circlet_count":0,"master_deck":["Strike_R","Strike_R","Strike_R+1","Strike_R","Strike_R","Defend_R","Defend_R","Defend_R+1","Defend_R","Bash","Perfected Strike","Whirlwind+1","Double Tap+1","Thunderclap","Parasite","hubris:ReadiedAction+1","Cleave+1","Exhume+1","Fire Breathing+1","Perfected Strike","Cleave","Replay:Undeath\u0027s Touch","hubris:ReadiedAction+1","infinitespire:Oblivion+1","Flame Barrier+1","Sword Boomerang","Panacea","Panache","Enlightenment","Normality","Normality"],"relics":["Burning Blood","OrangePellets","Iron Hammer","reliquary:Stiletto","hubris:TerracottaHorce","hubris:Spice","Snack Pack","Guide Book","Ring of Chaos"],"acts_visited":["Exordium","TheCity","TheBeyond"],"potions_floor_usage":[40],"damage_taken":[{"damage":6.0,"enemies":"Jaw Worm","floor":1.0,"turns":3.0},{"damage":5.0,"enemies":"2 Louse","floor":4.0,"turns":2.0},{"damage":5.0,"enemies":"Small Slimes","floor":5.0,"turns":3.0},{"damage":29.0,"enemies":"Lagavulin","floor":7.0,"turns":8.0},{"damage":9.0,"enemies":"Exordium Wildlife","floor":9.0,"turns":6.0},{"damage":0.0,"enemies":"Exordium Wildlife","floor":10.0,"turns":1.0},{"damage":0.0,"enemies":"Blue Slaver","floor":12.0,"turns":2.0},{"damage":0.0,"enemies":"Exordium Thugs","floor":14.0,"turns":2.0},{"damage":43.0,"enemies":"Fading Forest","floor":16.0,"turns":11.0},{"damage":12.0,"enemies":"3 Byrds","floor":18.0,"turns":3.0},{"damage":1.0,"enemies":"Spheric Guardian","floor":19.0,"turns":3.0},{"damage":10.0,"enemies":"Chosen and Byrds","floor":20.0,"turns":3.0},{"damage":23.0,"enemies":"Centurion and Healer","floor":22.0,"turns":3.0},{"damage":57.0,"enemies":"HollowMod:Nosk","floor":24.0,"turns":5.0},{"damage":8.0,"enemies":"Cultist and Chosen","floor":26.0,"turns":4.0},{"damage":28.0,"enemies":"Cultist and Chosen","floor":27.0,"turns":4.0},{"damage":24.0,"enemies":"Chosen and Byrds","floor":30.0,"turns":3.0},{"damage":8.0,"enemies":"Centurion and Healer","floor":31.0,"turns":3.0},{"damage":36.0,"enemies":"Champ","floor":33.0,"turns":8.0},{"damage":0.0,"enemies":"Orb Walker","floor":35.0,"turns":3.0},{"damage":8.0,"enemies":"3 Darklings","floor":36.0,"turns":3.0},{"damage":74.0,"enemies":"4 Shapes","floor":39.0,"turns":3.0},{"damage":0,"enemies":"Nightmare","floor":40,"turns":2}],"seed_played":"-5570869843772152907","potions_obtained":[{"floor":4.0,"key":"SpeedPotion"},{"floor":7.0,"key":"Elixir"},{"floor":14.0,"key":"Regen Potion"},{"floor":16.0,"key":"PowerPotion"},{"floor":19.0,"key":"Toxic Potion"},{"floor":20.0,"key":"Strength Potion"},{"floor":24.0,"key":"Swift Potion"},{"floor":30.0,"key":"Weak Potion"},{"floor":33.0,"key":"construct:ShiftPotion"},{"floor":35.0,"key":"BlessingOfTheForge"},{"floor":36.0,"key":"FearPotion"},{"floor":39.0,"key":"Elixir"}],"is_trial":false,"path_per_floor":["M","$","?","M","M","R","E","?","MIM","M","R","M","$","M","R","B",null,"M","M","M","?","M","R","E","R","MIM","M","AVR","R","M","M","R","B",null,"M","M","?","?","M","NM"],"character_chosen":"IRONCLAD","items_purchased":["OrangePellets","SteroidPotion","AttackPotion"],"campfire_rested":4,"item_purchase_floors":[2,2,13],"current_hp_per_floor":[80,80,64,65,66,66,43,63,60,66,66,72,72,78,78,56,74,68,73,69,69,52,76,33,59,57,41,41,67,55,59,85,69,83,88,88,78,78,10,12,12],"gold":1532,"neow_bonus":"HUNDRED_GOLD","is_daily":false,"chose_seed":false,"campfire_upgraded":3,"win_rate":0.0,"timestamp":1612550931,"path_taken":["M","$","?","M","M","R","E","?","MIM","M","R","M","?","?","R","BOSS","M","M","M","?","?","R","E","R","MIM","M","AVR","R","M","M","R","BOSS","M","M","?","?","M","NM"],"items_purchased_type":["Relic","Potion","Potion"],"build_version":"2020-12-22","purchased_purges":0,"victory":false,"max_hp_per_floor":[80,80,80,80,80,80,80,80,80,80,80,80,80,80,80,80,80,80,80,80,80,80,80,88,88,88,88,88,88,88,88,88,88,88,88,88,88,88,88,88,88],"card_choices":[{"not_picked":["Armaments","Clothesline"],"picked":"Perfected Strike","floor":1.0},{"not_picked":["Body Slam","ReplayTheSpireMod:LeadingStrike"],"picked":"Whirlwind","floor":4.0},{"not_picked":["Shockwave","Clothesline"],"picked":"Double Tap","floor":5.0},{"not_picked":["Berserk","Bloodletting"],"picked":"Thunderclap","floor":7.0},{"not_picked":["Sword Boomerang","Clothesline"],"picked":"hubris:ReadiedAction","floor":9.0},{"not_picked":["Combust","Defy Death","ReplayTheSpireMod:Limb From Limb"],"picked":"SKIP","floor":10.0},{"not_picked":["Thunderclap","Warcry","Hemokinesis"],"picked":"SKIP","floor":12.0},{"not_picked":["Wild Strike","Heavy Blade"],"picked":"Cleave","floor":14.0},{"not_picked":["Barricade","Corruption"],"picked":"Exhume","floor":16.0},{"not_picked":["Shrug It Off","ReplayTheSpireMod:Strike From Hell"],"picked":"Fire Breathing+1","floor":18.0},{"not_picked":["Anger","Thunderclap"],"picked":"Perfected Strike","floor":19.0},{"not_picked":["hubris:ReadiedAction","Shockwave"],"picked":"Cleave","floor":20.0},{"not_picked":["Fire Breathing","Clothesline+1","Armaments"],"picked":"SKIP","floor":22.0},{"not_picked":["Sever Soul","Shockwave","ReplayTheSpireMod:Stacked"],"picked":"SKIP","floor":24.0},{"not_picked":["ReplayTheSpireMod:Strike From Hell","Barricade"],"picked":"Replay:Undeath\u0027s Touch","floor":26.0},{"not_picked":["Twin Strike","Warcry"],"picked":"hubris:ReadiedAction+1","floor":27.0},{"not_picked":["hubris:ReadiedAction","Dark Embrace","ReplayTheSpireMod:Strike From Hell+1"],"picked":"SKIP","floor":30.0},{"not_picked":["Warcry+1","Hemokinesis+1"],"picked":"Flame Barrier+1","floor":31.0},{"not_picked":["Dark Embrace+1","Body Slam"],"picked":"Sword Boomerang","floor":35.0},{"not_picked":["Clothesline","Perfected Strike+1","Thunderclap"],"picked":"SKIP","floor":36.0},{"not_picked":["Magnetism","Secret Technique"],"picked":"Panacea","floor":37.0},{"not_picked":["Purity","Replay:Sssssssssstrike"],"picked":"Panache","floor":37.0},{"not_picked":["Purity","Forethought"],"picked":"Enlightenment","floor":37.0},{"not_picked":["Sword Boomerang","Headbutt+1","ReplayTheSpireMod:Muscle Training+1"],"picked":"SKIP","floor":39.0}],"player_experience":107178,"relics_obtained":[{"floor":7.0,"key":"Iron Hammer"},{"floor":9.0,"key":"reliquary:Stiletto"},{"floor":24.0,"key":"hubris:Spice"},{"floor":26.0,"key":"Snack Pack"}],"event_choices":[{"damage_healed":80.0,"max_hp_gain":0.0,"max_hp_loss":80.0,"gold_gain":0.0,"event_name":"betterThird:BetterShining","player_choice":"Upgrade","floor":3.0,"gold_loss":0.0,"damage_taken":16.0,"cards_upgraded":["Defend_R","Strike_R"]},{"damage_healed":20.0,"max_hp_gain":0.0,"max_hp_loss":0.0,"gold_gain":0.0,"event_name":"Mushrooms","player_choice":"Healed and dodged fight","floor":8.0,"gold_loss":0.0,"damage_taken":0.0,"cards_obtained":["Parasite"]},{"damage_healed":0.0,"max_hp_gain":0.0,"max_hp_loss":0.0,"gold_gain":0.0,"event_name":"Upgrade Shrine","player_choice":"Upgraded","floor":21.0,"gold_loss":0.0,"damage_taken":0.0,"cards_upgraded":["hubris:ReadiedAction"]},{"damage_healed":0.0,"max_hp_gain":0.0,"max_hp_loss":0.0,"gold_gain":0.0,"event_name":"SensoryStone","player_choice":"Memory 3","floor":37.0,"gold_loss":0.0,"damage_taken":10.0},{"damage_healed":0.0,"max_hp_gain":0.0,"max_hp_loss":0.0,"gold_gain":999.0,"event_name":"MindBloom","player_choice":"Gold","floor":38.0,"gold_loss":0.0,"damage_taken":0.0,"cards_obtained":["Normality","Normality"]}],"is_beta":false,"boss_relics":[{"not_picked":["Velvet Choker","Abe\u0027s Treasure"],"picked":"hubris:TerracottaHorce"},{"not_picked":["halation:SmartPhone","Astrolabe"],"picked":"Ring of Chaos"}],"items_purged_floors":[],"is_endless":false,"potions_floor_spawned":[4,7,14,16,19,20,24,30,33,35,36,39],"killed_by":"Nightmare","ascension_level":0}}