{"host":"8d3fefv2347kqkpz","time":1612484157,"event":{"mods":["AchievementEnabler","Act Like it!","Aspiration","BaseMod","Better Vampires","Colored Map","Colored Powertips","Conspire","GifTheSpireLib","Highlight Path","Hubris","Mimic Mod","Minty Spire (QoL Compilation)","Quick Restart","Rare Cards Sparkle","Relic Stats","Replay The Spire","Spicy Shops","StSLib","The Jungle","Waifu the Spire"],"gold_per_floor":[113,113,113,129,146,174,188,188,188,199,219,249,262,277,277,375,375,393,393,393,393],"floor_reached":20,"language":"ZHS","playtime":554,"items_purged":[],"score":187,"play_id":"0d49ce2c-f18b-43c5-a62e-e158635fd1d1","local_time":"20210205081557","is_ascension_mode":true,"campfire_choices":[{"floor":8.0,"key":"REST"},{"data":"Berserk","floor":15.0,"key":"SMITH"}],"circlet_count":0,"master_deck":["Strike_R","Strike_R","Strike_R","Strike_R","Strike_R","Defend_R","Defend_R","Defend_R","Defend_R","Bash","Demon Form+1","Spot Weakness","Rupture","Heavy Blade","Berserk+1","Demon Form","Metallicize"],"relics":["Burning Blood","ReplayTheSpireMod:Lightbulb","Mummified Hand","MealTicket","conspire:SlowCooker"],"acts_visited":["Exordium","TheCity"],"potions_floor_usage":[],"damage_taken":[{"damage":13.0,"enemies":"Jaw Worm","floor":1.0,"turns":5.0},{"damage":10.0,"enemies":"Small Slimes","floor":4.0,"turns":3.0},{"damage":7.0,"enemies":"2 Louse","floor":5.0,"turns":4.0},{"damage":28.0,"enemies":"Gremlin Nob","floor":6.0,"turns":4.0},{"damage":15.0,"enemies":"Exordium Wildlife","floor":7.0,"turns":6.0},{"damage":6.0,"enemies":"3 Louse","floor":10.0,"turns":4.0},{"damage":6.0,"enemies":"2 Fungi Beasts","floor":11.0,"turns":3.0},{"damage":6.0,"enemies":"Large Slime","floor":13.0,"turns":6.0},{"damage":10.0,"enemies":"Looter","floor":14.0,"turns":3.0},{"damage":51.0,"enemies":"The Guardian","floor":16.0,"turns":7.0},{"damage":50,"enemies":"Spheric Guardian","floor":18,"turns":7},{"damage":31,"enemies":"Shell Parasite","floor":20,"turns":4}],"seed_played":"-3234926103806801393","potions_obtained":[{"floor":1.0,"key":"BloodPotion"},{"floor":5.0,"key":"SteroidPotion"},{"floor":7.0,"key":"SpeedPotion"},{"floor":11.0,"key":"BloodPotion"}],"is_trial":false,"path_per_floor":["M","?","?","M","M","E","M","R","T","M","M","?","M","M","R","B",null,"M","?","M"],"character_chosen":"IRONCLAD","items_purchased":[],"campfire_rested":1,"item_purchase_floors":[],"current_hp_per_floor":[65,65,65,61,60,38,29,50,50,50,50,50,50,46,46,27,72,28,28,0,0],"gold":393,"neow_bonus":"THREE_RARE_CARDS","is_daily":false,"chose_seed":false,"campfire_upgraded":1,"win_rate":0.0,"timestamp":1612484157,"path_taken":["M","?","?","M","M","E","M","R","T","M","M","?","?","M","R","BOSS","M","?","M"],"items_purchased_type":[],"build_version":"2020-12-22","purchased_purges":0,"victory":false,"max_hp_per_floor":[72,72,72,72,72,72,72,72,72,72,72,72,72,72,72,72,72,72,72,72,72],"relic_stats":{"counters":[12,56],"Mummified Hand":[12],"MealTicket":0,"obtain_stats":[{"Mummified Hand":9,"MealTicket":12,"conspire:SlowCooker":17,"ReplayTheSpireMod:Lightbulb":6,"Burning Blood":0},{"Mummified Hand":5,"MealTicket":7,"conspire:SlowCooker":10,"ReplayTheSpireMod:Lightbulb":4,"Burning Blood":0},{"Mummified Hand":22,"MealTicket":29,"conspire:SlowCooker":45,"ReplayTheSpireMod:Lightbulb":16,"Burning Blood":0}],"Burning Blood":66},"card_choices":[{"not_picked":["Hemogenesis","Demonic Infusion"],"picked":"Demon Form","floor":0.0},{"not_picked":["Burning Pact","Clothesline","Dropkick"],"picked":"SKIP","floor":1.0},{"not_picked":["ReplayTheSpireMod:Strike From Hell","Clothesline","Dark Embrace"],"picked":"SKIP","floor":4.0},{"not_picked":["Run Through","Replay:Undeath\u0027s Touch","Perfected Strike"],"picked":"SKIP","floor":5.0},{"not_picked":["conspire:HitWhereItHurts","Barricade"],"picked":"Rupture","floor":6.0},{"not_picked":["Twin Strike","Carnage"],"picked":"Heavy Blade","floor":7.0},{"not_picked":["Entrench","Clothesline","Body Slam"],"picked":"SKIP","floor":10.0},{"not_picked":["Iron Wave","Wild Strike","conspire:Charge"],"picked":"SKIP","floor":11.0},{"not_picked":["Armaments","ReplayTheSpireMod:Strike From Hell","hubris:ReadiedAction"],"picked":"SKIP","floor":13.0},{"not_picked":["Thunderclap","Pommel Strike"],"picked":"Berserk","floor":14.0},{"not_picked":["Corruption","Immolate"],"picked":"Demon Form","floor":16.0},{"not_picked":["Entrench","Power Through"],"picked":"Metallicize","floor":18}],"player_experience":252244,"relics_obtained":[{"floor":6.0,"key":"ReplayTheSpireMod:Lightbulb"},{"floor":9.0,"key":"Mummified Hand"}],"event_choices":[{"damage_healed":0.0,"max_hp_gain":0.0,"max_hp_loss":0.0,"gold_gain":0.0,"event_name":"Living Wall","player_choice":"Grow","floor":2.0,"gold_loss":0.0,"damage_taken":0.0,"cards_upgraded":["Demon Form"]},{"damage_healed":0.0,"max_hp_gain":0.0,"max_hp_loss":0.0,"gold_gain":30.0,"event_name":"Dead Adventurer","player_choice":"Searched \u00272\u0027 times","floor":12.0,"gold_loss":0.0,"damage_taken":0.0,"relics_obtained":["MealTicket"]}],"is_beta":false,"boss_relics":[{"not_picked":["Replay:Wanted Poster","ChewingGum"],"picked":"conspire:SlowCooker"}],"items_purged_floors":[],"is_endless":false,"potions_floor_spawned":[1,5,7,10,11],"killed_by":"Shell Parasite","ascension_level":1}}