{"host":"4eao2pkwlmv012cz","time":1612511136,"event":{"mods":["BaseMod","Colored Powertips","Minty Spire (QoL Compilation)","Permanent Neow","Quick Restart","Random Character Button","StSLib"],"gold_per_floor":[111,123,139,139,155,155,188,188,213,227,227,12,44,76,76,155,155,175,175,188,198,72,72,72],"floor_reached":23,"language":"ENG","playtime":693,"items_purged":[],"score":406,"play_id":"ebb3ff14-4639-492e-a95c-948f2d6a0cdf","local_time":"20210205024536","is_ascension_mode":true,"campfire_choices":[{"floor":6,"key":"REST"},{"floor":8,"key":"REST"},{"data":"Defragment","floor":11,"key":"SMITH"},{"floor":15,"key":"REST"}],"circlet_count":0,"master_deck":["AscendersBane","Strike_B+1","Strike_B+1","Strike_B+1","Strike_B+1","Defend_B+1","Defend_B+1","Defend_B+1","Defend_B+1","Zap","Dualcast","Defragment+1","Compile Driver+1","Sweeping Beam","Steam","Doom and Gloom","Cold Snap","Ball Lightning","Chaos","Seek","Meteor Strike","Storm","Cold Snap","Defragment","Flash of Steel"],"relics":["Cracked Core","NeowsBlessing","Regal Pillow","Boot","Toolbox","Anchor","Sozu"],"acts_visited":["Exordium","TheCity"],"potions_floor_usage":[5,7,16,16,23],"damage_taken":[{"damage":0,"enemies":"Cultist","floor":1,"turns":1},{"damage":0,"enemies":"Small Slimes","floor":2,"turns":1},{"damage":0,"enemies":"2 Louse","floor":3,"turns":1},{"damage":6,"enemies":"Looter","floor":5,"turns":2},{"damage":29,"enemies":"3 Sentries","floor":7,"turns":6},{"damage":16,"enemies":"Large Slime","floor":10,"turns":5},{"damage":9,"enemies":"Lots of Slimes","floor":13,"turns":3},{"damage":32,"enemies":"Gremlin Nob","floor":14,"turns":4},{"damage":16,"enemies":"Slime Boss","floor":16,"turns":6},{"damage":7,"enemies":"2 Thieves","floor":18,"turns":3},{"damage":0,"enemies":"Spheric Guardian","floor":20,"turns":3},{"damage":29,"enemies":"Cultist and Chosen","floor":21,"turns":6},{"damage":30,"enemies":"Gremlin Leader","floor":23,"turns":6}],"seed_played":"7560022376390367847","potions_obtained":[{"floor":1,"key":"SneckoOil"},{"floor":3,"key":"EssenceOfDarkness"},{"floor":13,"key":"PotionOfCapacity"},{"floor":14,"key":"Swift Potion"},{"floor":16,"key":"Dexterity Potion"}],"is_trial":false,"path_per_floor":["M","M","M","?","M","R","E","R","T","M","R","$","M","E","R","B",null,"M","?","M","M","$","E"],"character_chosen":"DEFECT","items_purchased":["Toolbox","Ball Lightning","Defragment","Flash of Steel"],"campfire_rested":3,"item_purchase_floors":[12,12,22,22],"current_hp_per_floor":[64,64,64,43,37,58,29,65,65,49,49,49,40,8,44,28,60,53,53,53,24,24,0,0],"gold":72,"neow_bonus":"THREE_ENEMY_KILL","is_daily":false,"chose_seed":false,"campfire_upgraded":1,"win_rate":0.0,"timestamp":1612511136,"path_taken":["M","M","?","?","M","R","E","R","T","M","R","$","M","E","R","BOSS","M","?","M","M","$","E"],"items_purchased_type":["Relic","Card","Card","Card"],"build_version":"2020-12-22","purchased_purges":0,"victory":false,"max_hp_per_floor":[71,71,71,71,71,71,71,71,71,71,71,71,71,71,71,71,71,71,71,71,71,71,71,71],"card_choices":[{"not_picked":["Steam","Hello World"],"picked":"Defragment","floor":1},{"not_picked":["Beam Cell","Redo"],"picked":"Compile Driver","floor":2},{"not_picked":["Streamline","Beam Cell"],"picked":"Sweeping Beam","floor":3},{"not_picked":["Hologram","Heatsinks"],"picked":"Steam","floor":5},{"not_picked":["Reprogram","Hyperbeam"],"picked":"Doom and Gloom","floor":7},{"not_picked":["Tempest","Steam"],"picked":"Cold Snap","floor":10},{"not_picked":["BootSequence","Conserve Battery"],"picked":"Chaos","floor":13},{"not_picked":["Conserve Battery","Streamline"],"picked":"Seek","floor":14},{"not_picked":["Thunder Strike","Machine Learning"],"picked":"Meteor Strike","floor":16},{"not_picked":["Steam Power","Recycle"],"picked":"Storm","floor":18},{"not_picked":["Gash","Steam"],"picked":"Cold Snap","floor":20},{"not_picked":["Compile Driver","Redo","Stack"],"picked":"SKIP","floor":21}],"player_experience":2881747,"relics_obtained":[{"floor":7,"key":"Regal Pillow"},{"floor":9,"key":"Boot"},{"floor":14,"key":"Anchor"}],"event_choices":[{"damage_healed":0,"gold_gain":0,"player_choice":"Entered Light","damage_taken":21,"max_hp_gain":0,"max_hp_loss":0,"event_name":"Shining Light","floor":4,"gold_loss":0,"cards_upgraded":["Compile Driver","Strike_B"]},{"damage_healed":0,"gold_gain":0,"player_choice":"Simplicity","damage_taken":0,"max_hp_gain":0,"max_hp_loss":0,"event_name":"Back to Basics","floor":19,"gold_loss":0,"cards_upgraded":["Strike_B","Strike_B","Strike_B","Defend_B","Defend_B","Defend_B","Defend_B"]}],"is_beta":false,"boss_relics":[{"not_picked":["Empty Cage","FrozenCore"],"picked":"Sozu"}],"items_purged_floors":[],"is_endless":false,"potions_floor_spawned":[1,3,13,14,16,18],"killed_by":"Gremlin Leader","ascension_level":20}}