{"host":"89iuq2p5kwriuwfq","time":1612526062,"event":{"mods":["BaseMod","Curses Come First","Minty Spire (QoL Compilation)","Permanent Neow","StSLib"],"gold_per_floor":[110,110,130,146,166,166,196,208,258,292,310,310,310,310,310],"floor_reached":14,"language":"ENG","playtime":641,"items_purged":[],"score":153,"play_id":"91df2719-eadd-43d0-a8b9-03f8963f711c","local_time":"20210205115422","is_ascension_mode":true,"campfire_choices":[{"data":"True Grit","floor":6,"key":"SMITH"}],"circlet_count":0,"master_deck":["AscendersBane","Strike_R","Strike_R","Strike_R+1","Strike_R","Strike_R","Defend_R+1","Defend_R","Defend_R","Defend_R","Bash","Twin Strike","Thunderclap","Regret","True Grit+1","Anger","Hemokinesis","Inflame","True Grit","Rage","Immolate"],"relics":["Burning Blood","Boot","Singing Bowl","Centennial Puzzle","Potion Belt"],"acts_visited":["Exordium"],"potions_floor_usage":[7,7,14],"damage_taken":[{"damage":0,"enemies":"Small Slimes","floor":1,"turns":4},{"damage":0,"enemies":"2 Louse","floor":3,"turns":2},{"damage":3,"enemies":"Cultist","floor":4,"turns":3},{"damage":10,"enemies":"2 Fungi Beasts","floor":5,"turns":4},{"damage":25,"enemies":"3 Sentries","floor":7,"turns":9},{"damage":20,"enemies":"Large Slime","floor":8,"turns":6},{"damage":32,"enemies":"Lagavulin","floor":10,"turns":5},{"damage":12,"enemies":"Blue Slaver","floor":11,"turns":3},{"damage":0,"enemies":"Gremlin Nob","floor":14,"turns":2}],"seed_played":"9140246908679807977","potions_obtained":[{"floor":3,"key":"Energy Potion"},{"floor":7,"key":"Fruit Juice"},{"floor":10,"key":"FearPotion"},{"floor":11,"key":"Explosive Potion"}],"is_trial":false,"path_per_floor":["M","?","M","M","M","R","E","M","T","E","M","?","?","E"],"character_chosen":"IRONCLAD","items_purchased":[],"campfire_rested":0,"item_purchase_floors":[],"current_hp_per_floor":[78,78,80,80,76,76,62,50,50,24,18,1,1,1,1],"gold":310,"neow_bonus":"THREE_CARDS","is_daily":false,"chose_seed":false,"campfire_upgraded":1,"win_rate":0.0,"timestamp":1612526062,"path_taken":["M","?","M","M","M","R","E","M","T","E","M","?","?","E"],"items_purchased_type":[],"build_version":"2020-12-22","purchased_purges":0,"victory":false,"max_hp_per_floor":[80,80,80,80,80,80,85,87,87,87,87,87,87,87,87],"card_choices":[{"not_picked":["Warcry","True Grit"],"picked":"Twin Strike","floor":0},{"not_picked":["Dual Wield","True Grit"],"picked":"Thunderclap","floor":1},{"not_picked":["Dual Wield","Thunderclap"],"picked":"True Grit","floor":3},{"not_picked":["Havoc","Intimidate","Dark Embrace"],"picked":"SKIP","floor":4},{"not_picked":["True Grit","Bloodletting"],"picked":"Anger","floor":5},{"not_picked":["Double Tap","Sword Boomerang"],"picked":"Hemokinesis","floor":7},{"not_picked":["Perfected Strike","Power Through","Clothesline"],"picked":"Singing Bowl","floor":8},{"not_picked":["Clash","Shrug It Off"],"picked":"Inflame","floor":10},{"not_picked":["Body Slam","Clash"],"picked":"True Grit","floor":11}],"player_experience":634315,"relics_obtained":[{"floor":7,"key":"Singing Bowl"},{"floor":9,"key":"Centennial Puzzle"},{"floor":10,"key":"Potion Belt"}],"event_choices":[{"damage_healed":0,"gold_gain":0,"player_choice":"Box","damage_taken":0,"relics_obtained":["Boot"],"max_hp_gain":0,"max_hp_loss":0,"event_name":"Big Fish","floor":2,"gold_loss":0,"cards_obtained":["Regret"]},{"damage_healed":0,"gold_gain":0,"player_choice":"Entered Light","damage_taken":17,"max_hp_gain":0,"max_hp_loss":0,"event_name":"Shining Light","floor":12,"gold_loss":0,"cards_upgraded":["Defend_R","Strike_R"]},{"damage_healed":0,"gold_gain":0,"player_choice":"2 cards matched","damage_taken":0,"max_hp_gain":0,"max_hp_loss":0,"event_name":"Match and Keep!","floor":13,"gold_loss":0,"cards_obtained":["Rage","Immolate"]}],"is_beta":false,"boss_relics":[],"items_purged_floors":[],"is_endless":false,"potions_floor_spawned":[3,7,10,11],"killed_by":"Gremlin Nob","ascension_level":10}}