{"host":"pesfwaef25r60kxm","time":1612500519,"event":{"mods":["100% Spire Juice","ATMod(阿瑾Mod)","Act Like it!","Arknights","BaseMod","Colored Powertips","Downfall","Gensokyo","Hunter 猎人","Luminous","Minty Spire (QoL Compilation)","Pale of the Ancients","Reimu（博丽灵梦）","Reliquary","Replay The Spire","RumiaBox-露米娅的神秘盒子","Shop Mod","Spicy Shops","StSLib","The Poker Player","The Servant 0.9.4","WarShipGirlsR/战舰少女R mod","[IsaacMod]以撒尖塔","noobMod","【功能Mod】聪明的最终Boss","【遗物卡牌】REMEMod"],"gold_per_floor":[110,110,124,137,50,50,82,82,108,441,441,670,600,625,625,726,726,736,736,769,141,159,189,189,217,240,240,252,279,293,348,348,478,478,496,496,466,466,20,20,32,63,136,153,186,205,205,59,59,59,74,74,74,74,74,74,74],"floor_reached":55,"language":"ZHS","playtime":2156,"items_purged":["ReplayTheSpireMod:Splinters","PokerPlayerMod:Spade1","PokerPlayerMod:Diamond5","PokerPlayerMod:Diamond6"],"score":1236,"play_id":"93c56332-bf85-47bd-8b4e-2b2192673bd4","local_time":"20210205124839","is_ascension_mode":true,"metric_token":1686,"campfire_choices":[{"floor":6,"key":"RECALL"},{"data":"PokerPlayerMod:ItsShowtime","floor":8,"key":"SMITH"},{"data":"PokerPlayerMod:BadJoker","floor":15,"key":"SMITH"},{"data":"PokerPlayerMod:ClubDance","floor":24,"key":"SMITH"},{"data":"PokerPlayerMod:Harden","floor":27,"key":"SMITH"},{"data":"PokerPlayerMod:ClubShade","floor":32,"key":"SMITH"},{"data":"PokerPlayerMod:Club1","floor":40,"key":"SMITH"},{"data":"PokerPlayerMod:Raise","floor":47,"key":"SMITH"},{"data":"PokerPlayerMod:Club2","floor":49,"key":"SMITH"},{"data":"PokerPlayerMod:Club4","floor":55,"key":"SMITH"}],"circlet_count":0,"master_deck":["PokerPlayerMod:Diamond1","PokerPlayerMod:Spade2","PokerPlayerMod:Spade3","PokerPlayerMod:Spade7","PokerPlayerMod:Club2","PokerPlayerMod:Club3","PokerPlayerMod:Heart2","PokerPlayerMod:BadJoker+1","PokerPlayerMod:Mulligan+1","PokerPlayerMod:Diamond1","PokerPlayerMod:ItsShowtime+1","PokerPlayerMod:ClubDance+1","PokerPlayerMod:Club10+","PokerPlayerMod:FakeSymbols+1","PokerPlayerMod:Harden+1","PokerPlayerMod:Raise+1","PokerPlayerMod:Harden+1","PokerPlayerMod:Club8","PokerPlayerMod:Club5","PokerPlayerMod:ClubShade+1","PokerPlayerMod:Club10+","PokerPlayerMod:Harden+1","PokerPlayerMod:Promotion+1","PokerPlayerMod:Club4","PokerPlayerMod:Club5","Normality"],"relics":["PokerPlayerMod:DeckCase","HushsDoor","ice","REME_ComplimentaryCards","AT_ATBox","GuppysPaw","Happy Flower","AT_ArcaneBoots","RuthlessExorcism:ReiMu","Golden Egg","WingedGreaves","Replay:Bottled Flurry","reliquary:Ember","Blood Vial","AT_Manta","PreservedInsect","PokerPlayerMod:PenAndEraser","Strange Spoon","REME_PuzzleBoxRelic","Potion Belt","ReplayTheSpireMod:TigerMarble","Empty Cage","Blue Candle","Frozen Egg 2","PrismaticShard","FossilizedHelix","Kunai","Ccalipers","AT_Manta","paleoftheancients:Timepiece","paleoftheancients:KeyRelic","Letter Opener","paleoftheancients:SoulOfTheShowman","ReplayTheSpireMod:Ring of Addiction","ReplayTheSpireMod:Ring of Challenge","Toy Ornithopter","Chameleon Ring"],"acts_visited":["Exordium","TheCity","TheBeyond","TheBeyond"],"potions_floor_usage":[2,7,33,33,33,33,33,44],"damage_taken":[{"damage":11,"enemies":"Gensokyo:Python","floor":1,"turns":4},{"damage":6,"enemies":"Gensokyo:2_Kodama","floor":3,"turns":3},{"damage":0,"enemies":"Gensokyo:3_Fairies","floor":4,"turns":2},{"damage":3,"enemies":"Gensokyo:Mamizou","floor":7,"turns":8},{"damage":10,"enemies":"Gensokyo:Aya","floor":10,"turns":3},{"damage":17,"enemies":"Gensokyo:Cirno","floor":12,"turns":6},{"damage":0,"enemies":"Gensokyo:Aya","floor":14,"turns":3},{"damage":73,"enemies":"Gensokyo:Yukari","floor":16,"turns":8},{"damage":49,"enemies":"Shell Parasite","floor":18,"turns":9},{"damage":7,"enemies":"Chosen","floor":22,"turns":2},{"damage":24,"enemies":"Slavers","floor":23,"turns":3},{"damage":18,"enemies":"Book of Stabbing","floor":25,"turns":2},{"damage":14,"enemies":"Centurion and Healer","floor":28,"turns":2},{"damage":7,"enemies":"Replay:Snechameleon","floor":29,"turns":3},{"damage":8,"enemies":"Snake Plant","floor":30,"turns":1},{"damage":19,"enemies":"Pondfish","floor":33,"turns":4},{"damage":0,"enemies":"3 Darklings","floor":35,"turns":1},{"damage":0,"enemies":"Orb Walker","floor":41,"turns":2},{"damage":11,"enemies":"Nemesis","floor":42,"turns":2},{"damage":14,"enemies":"Sphere and 2 Shapes","floor":44,"turns":1},{"damage":4,"enemies":"Reptomancer","floor":45,"turns":2},{"damage":4,"enemies":"4 Shapes","floor":46,"turns":1},{"damage":54,"enemies":"Donu and Deca","floor":50,"turns":6},{"damage":0,"enemies":"Donu and Deca","floor":51,"turns":1},{"damage":242,"enemies":"Donu and Deca","floor":52,"turns":4}],"seed_played":"7942694507758759983","potions_obtained":[{"floor":1,"key":"Fruit Juice"},{"floor":4,"key":"Slimebound:ThreeZeroPotion"},{"floor":14,"key":"Regen Potion"},{"floor":16,"key":"Weak Potion"},{"floor":18,"key":"SpeedPotion"},{"floor":23,"key":"EntropicBrew"},{"floor":28,"key":"Weak Potion"},{"floor":33,"key":"Fire Potion"},{"floor":35,"key":"Explosive Potion"},{"floor":45,"key":"Toxic Potion"},{"floor":46,"key":"EntropicBrew"}],"is_trial":false,"path_per_floor":["M","?","M","M","COS","R","E","R","T","?","?","E","?","E","R","B",null,"M","?","?","$","M","E","R","E","T","R","M","E","M","?","R","B",null,"M","?","?","?","$","R","M","E","T","M","E","M","R","$","R","B","M","M","?","$","R"],"character_chosen":"THE_POKER_PLAYER","items_purchased":["PreservedInsect","PokerPlayerMod:PenAndEraser","Strange Spoon","PokerPlayerMod:Harden","Frozen Egg 2","PrismaticShard","Ccalipers"],"campfire_rested":0,"item_purchase_floors":[21,21,21,21,39,39,48],"current_hp_per_floor":[41,46,42,48,48,48,47,47,47,37,37,26,26,36,36,19,59,14,14,14,14,9,62,62,50,50,50,44,43,37,22,22,20,85,85,80,80,80,80,80,85,75,75,68,66,64,64,64,64,108,108,154,154,154,154,154,154],"gold":74,"neow_bonus":"REMOVE_CARD","is_daily":false,"chose_seed":false,"campfire_upgraded":9,"win_rate":0.0,"timestamp":1612500519,"path_taken":["M","?","M","M","COS","R","E","R","T","?","?","E","?","E","R","BOSS","M","?","?","$","M","E","R","E","T","R","M","E","?","?","R","BOSS","M","?","?","?","$","R","M","E","T","M","E","M","R","$","R","BOSS","M","M","?","$","R"],"items_purchased_type":["Relic","Relic","Relic","Card","Relic","Relic","Relic"],"build_version":"2020-12-22","purchased_purges":4,"victory":false,"max_hp_per_floor":[52,57,57,57,57,57,57,57,57,57,57,57,57,57,57,59,59,72,72,72,72,74,77,77,79,79,79,80,85,85,85,85,90,85,85,85,85,85,85,85,86,89,89,93,93,93,93,93,93,108,108,154,154,154,154,154,154],"card_choices":[{"not_picked":[],"picked":"ChaosCard","floor":0},{"not_picked":["PokerPlayerMod:Manipulation","PokerPlayerMod:Diamond1","PokerPlayerMod:CloakAndDiamond"],"picked":"SKIP","floor":1},{"not_picked":["PokerPlayerMod:Fold","PokerPlayerMod:Extraction","PokerPlayerMod:ClubsClub"],"picked":"SKIP","floor":3},{"not_picked":["PokerPlayerMod:FlyingCard","PokerPlayerMod:Club5"],"picked":"PokerPlayerMod:ItsShowtime","floor":4},{"not_picked":["PokerPlayerMod:Fold+1","PokerPlayerMod:CardBurn+1","PokerPlayerMod:HotShotCut+1"],"picked":"SKIP","floor":7},{"not_picked":["PokerPlayerMod:Manipulation","PokerPlayerMod:Diamond2","PokerPlayerMod:CardBurn"],"picked":"SKIP","floor":7},{"not_picked":["PokerPlayerMod:CardBurn","PokerPlayerMod:Fold","PokerPlayerMod:Configure"],"picked":"SKIP","floor":10},{"not_picked":["PokerPlayerMod:SecondChance","PokerPlayerMod:Diamond2"],"picked":"PokerPlayerMod:ClubDance","floor":12},{"not_picked":["PokerPlayerMod:Spade4","PokerPlayerMod:ClubsClub"],"picked":"PokerPlayerMod:Club10+","floor":14},{"not_picked":["PokerPlayerMod:StackedDeck","PokerPlayerMod:SecretDealer"],"picked":"PokerPlayerMod:FakeSymbols","floor":16},{"not_picked":["PokerPlayerMod:Spade1","PokerPlayerMod:DiamondStrike+1"],"picked":"PokerPlayerMod:Harden","floor":18},{"not_picked":["PokerPlayerMod:Spade4","PokerPlayerMod:Trickery"],"picked":"PokerPlayerMod:Raise","floor":20},{"not_picked":["PokerPlayerMod:Spade4","PokerPlayerMod:DartThrow","PokerPlayerMod:DiamondStrike+1"],"picked":"SKIP","floor":22},{"not_picked":["PokerPlayerMod:Heart1","PokerPlayerMod:Diamond2","PokerPlayerMod:Diamond6"],"picked":"SKIP","floor":23},{"not_picked":["PokerPlayerMod:FlyingCard+1","PokerPlayerMod:Spade1"],"picked":"PokerPlayerMod:Club8","floor":25},{"not_picked":["PokerPlayerMod:Trickery+1","PokerPlayerMod:Diamond4"],"picked":"PokerPlayerMod:Club4","floor":28},{"not_picked":["PokerPlayerMod:Heart8","PokerPlayerMod:Manipulation"],"picked":"PokerPlayerMod:ClubShade","floor":29},{"not_picked":["PokerPlayerMod:ClubsClub","PokerPlayerMod:Fold","PokerPlayerMod:SecondChance"],"picked":"SKIP","floor":30},{"not_picked":["PokerPlayerMod:Spade9","PokerPlayerMod:SecretDealer"],"picked":"PokerPlayerMod:Club10+","floor":33},{"not_picked":["PokerPlayerMod:SpadeStrike+1","PokerPlayerMod:MagicTrick+1"],"picked":"PokerPlayerMod:Harden+1","floor":35},{"not_picked":[],"picked":"PokerPlayerMod:Promotion","floor":37},{"not_picked":["PokerPlayerMod:Diamond3","PokerPlayerMod:Spade3","Moonworks:CloudOfSeagulls+1"],"picked":"SKIP","floor":41},{"not_picked":["RealityMarble+1","PokerPlayerMod:Diamond3","PokerPlayerMod:Spade8"],"picked":"SKIP","floor":42},{"not_picked":["PokerPlayerMod:Diamond5","PokerPlayerMod:Diamond2","sneckomod:UnknownClassPOKER_PLAYER_GRAY"],"picked":"SKIP","floor":44},{"not_picked":["Panic Button+1","PokerPlayerMod:Diamond7"],"picked":"PokerPlayerMod:Club4","floor":45},{"not_picked":["PokerPlayerMod:Spade1","PokerPlayerMod:Spade5"],"picked":"PokerPlayerMod:Club5","floor":46},{"not_picked":["PokerPlayerMod:Heart5","PokerPlayerMod:Spade2","PokerPlayerMod:Diamond2"],"picked":"SKIP","floor":51}],"player_experience":204369,"relics_obtained":[{"floor":7,"key":"AT_SpeedBoots"},{"floor":9,"key":"RuthlessExorcism:ReiMu"},{"floor":10,"key":"Golden Egg"},{"floor":12,"key":"WingedGreaves"},{"floor":14,"key":"Replay:Bottled Flurry"},{"floor":20,"key":"AT_Manta"},{"floor":23,"key":"REME_PuzzleBoxRelic"},{"floor":25,"key":"Potion Belt"},{"floor":29,"key":"ReplayTheSpireMod:TigerMarble"},{"floor":42,"key":"FossilizedHelix"},{"floor":43,"key":"Kunai"},{"floor":45,"key":"Diplopia"},{"floor":51,"key":"paleoftheancients:SoulOfTheShowman"},{"floor":53,"key":"ReplayTheSpireMod:Ring of Addiction"},{"floor":53,"key":"ReplayTheSpireMod:Ring of Challenge"},{"floor":53,"key":"Toy Ornithopter"},{"floor":53,"key":"Chameleon Ring"}],"event_choices":[{"damage_healed":0,"gold_gain":0,"player_choice":"Opened","damage_taken":0,"relics_obtained":["Blood Vial"],"max_hp_gain":0,"max_hp_loss":0,"event_name":"The Mausoleum","floor":19,"gold_loss":0},{"damage_healed":0,"gold_gain":0,"player_choice":"Ignored","damage_taken":0,"max_hp_gain":0,"max_hp_loss":0,"event_name":"Tomb of Lord Red Mask","floor":38,"gold_loss":0}],"is_beta":false,"boss_relics":[{"not_picked":["Coffee Dripper","reliquary:RedCape"],"picked":"reliquary:Ember"},{"not_picked":[]},{"not_picked":["Honey Jar","REME_LowDesire"],"picked":"Empty Cage"},{"not_picked":[]}],"items_purged_floors":[21,21,34,39],"is_endless":false,"potions_floor_spawned":[1,4,14,16,18,23,28,33,35,45,46],"ascension_level":1}}