{"host":"dggqshehf2ar9kzd","time":1612492573,"event":{"mods":["BaseMod","Highlight Path","Minty Spire (QoL Compilation)"],"gold_per_floor":[129,129,189,68,116,215,302,302,302,302,302],"floor_reached":10,"language":"ENG","playtime":1081,"items_purged":["WheelKick"],"score":106,"play_id":"469a43e5-e1b9-4b81-98d2-3e8ae2b49dd2","local_time":"20210204213613","daily_mods":["Draft","Diverse","Colorless Cards","Flight","DeadlyEvents","Elite Swarm","Midas"],"is_ascension_mode":true,"campfire_choices":[],"circlet_count":0,"master_deck":["Sanctity","Cleave","Hologram","Reinforced Body","Prepared","Thunderclap","Well Laid Plans","Seeing Red","Rebound","Rebound","Underhanded Strike","Pommel Strike","Footwork","Evaluate","Blur","Recycle","Coolheaded","CutThroughFate","Machine Learning","Chrysalis"],"relics":["Cracked Core","Molten Egg 2","Sundial","Eternal Feather","Incense Burner"],"acts_visited":["Exordium"],"potions_floor_usage":[10],"damage_taken":[{"damage":0,"enemies":"Jaw Worm","floor":1,"turns":4},{"damage":1,"enemies":"Cultist","floor":3,"turns":3},{"damage":3,"enemies":"Small Slimes","floor":5,"turns":4},{"damage":17,"enemies":"Lagavulin","floor":6,"turns":9},{"damage":37,"enemies":"3 Sentries","floor":7,"turns":6},{"damage":0,"enemies":"Gremlin Nob","floor":10,"turns":3}],"seed_played":"5929796153096705041","potions_obtained":[{"floor":1,"key":"Strength Potion"},{"floor":6,"key":"SkillPotion"}],"is_trial":true,"path_per_floor":["M","?","M","$","M","E","E","T","T","E"],"character_chosen":"DEFECT","items_purchased":["Coolheaded"],"campfire_rested":0,"item_purchase_floors":[4],"current_hp_per_floor":[68,68,67,67,64,47,10,10,10,10,10],"gold":302,"neow_bonus":"","is_daily":false,"chose_seed":false,"campfire_upgraded":0,"win_rate":0.0,"timestamp":1612492573,"path_taken":["M","?","M","$","M","E","E","?","T","?"],"items_purchased_type":["Card"],"build_version":"2020-12-22","purchased_purges":1,"victory":false,"max_hp_per_floor":[75,75,75,75,75,75,75,75,75,75,75],"card_choices":[{"not_picked":["Sever Soul","FearNoEvil"],"picked":"Sanctity","floor":0},{"not_picked":["Slice","Armaments"],"picked":"Cleave","floor":0},{"not_picked":["Prepared","Turbo"],"picked":"Hologram","floor":0},{"not_picked":["Flame Barrier","Doom and Gloom"],"picked":"Reinforced Body","floor":0},{"not_picked":["Madness","Redo"],"picked":"Prepared","floor":0},{"not_picked":["Steam","ClearTheMind"],"picked":"WheelKick","floor":0},{"not_picked":["Choke","PiercingWail"],"picked":"Thunderclap","floor":0},{"not_picked":["Leap","Consecrate"],"picked":"Well Laid Plans","floor":0},{"not_picked":["Anger","EmptyFist"],"picked":"Seeing Red","floor":0},{"not_picked":["Body Slam","Protect"],"picked":"Rebound","floor":0},{"not_picked":["Deep Breath","Clothesline"],"picked":"Rebound","floor":0},{"not_picked":["SashWhip","Go for the Eyes"],"picked":"Underhanded Strike","floor":0},{"not_picked":["Slice","Purity"],"picked":"Pommel Strike","floor":0},{"not_picked":["Reinforced Body","Intimidate"],"picked":"Footwork","floor":0},{"not_picked":["Steam Power","Perfected Strike"],"picked":"Evaluate","floor":0},{"not_picked":["Melter","EmptyFist"],"picked":"Blur","floor":1},{"not_picked":["Collect","CrushJoints"],"picked":"Recycle","floor":3},{"not_picked":["Poisoned Stab","Blood for Blood"],"picked":"CutThroughFate","floor":5},{"not_picked":["Hyperbeam+1","Unload+1"],"picked":"Machine Learning","floor":6},{"not_picked":["Malaise","All For One+1"],"picked":"Chrysalis","floor":7}],"player_experience":337327,"relics_obtained":[{"floor":6,"key":"Molten Egg 2"},{"floor":7,"key":"Sundial"},{"floor":8,"key":"Eternal Feather"},{"floor":9,"key":"Incense Burner"}],"event_choices":[{"damage_healed":0,"gold_gain":0,"player_choice":"Fled","damage_taken":0,"max_hp_gain":0,"max_hp_loss":0,"event_name":"Scrap Ooze","floor":2,"gold_loss":0}],"is_beta":false,"boss_relics":[],"items_purged_floors":[4],"is_endless":true,"potions_floor_spawned":[1,6],"killed_by":"Gremlin Nob","ascension_level":8}}