{"host":"h1qktzcccqnez8tx","time":1612490483,"event":{"mods":["AchievementEnabler","BaseMod","Bestiary","Better Note","Block Reminder","Colored Map","Colored Powertips","Curses Come First","Downfall","Highlight Path","Infinite Spire","Minty Spire (QoL Compilation)","Permanent Neow","Quick Restart","Relic Stats","Replay The Spire","Say the Spire","StSLib","The Cursed","UnlockEverythingMod"],"gold_per_floor":[109,6,25,41,55,89,12,12,12],"floor_reached":8,"language":"ENG","playtime":371,"items_purged":[],"score":75,"play_id":"7cade4f0-68dd-4133-833d-d5dfb475dc81","local_time":"20210205030123","is_ascension_mode":true,"campfire_choices":[],"circlet_count":0,"master_deck":["Strike_R","Strike_R","Strike_R","Strike_R","Strike_R","Defend_R","Defend_R","Defend_R","Defend_R","Bash","Body Slam","Pommel Strike","Armaments","Burning Pact","Metallicize","ReplayTheSpireMod:Stacked"],"relics":["Burning Blood","Tiny Chest","Ornamental Fan"],"acts_visited":["Exordium"],"potions_floor_usage":[2,8],"damage_taken":[{"damage":17,"enemies":"infinitespire:Voidling","floor":1,"turns":6},{"damage":0,"enemies":"Small Slimes","floor":3,"turns":4},{"damage":2,"enemies":"2 Louse","floor":4,"turns":3},{"damage":12,"enemies":"Looter","floor":5,"turns":3},{"damage":41,"enemies":"3 Sentries","floor":6,"turns":13},{"damage":57,"enemies":"Gremlin Nob","floor":8,"turns":7}],"seed_played":"7430536463610151574","potions_obtained":[{"floor":1,"key":"LiquidBronze"},{"floor":3,"key":"Elixir"}],"is_trial":false,"path_per_floor":["M","$","M","M","M","E","$","E"],"character_chosen":"IRONCLAD","items_purchased":["Fruit Juice","ReplayTheSpireMod:Stacked"],"campfire_rested":0,"item_purchase_floors":[2,7],"current_hp_per_floor":[73,78,84,85,79,44,44,0,0],"gold":12,"neow_bonus":"RANDOM_COMMON_RELIC","is_daily":false,"chose_seed":false,"campfire_upgraded":0,"win_rate":0.0,"timestamp":1612490483,"path_taken":["M","$","M","M","?","E","$","E"],"items_purchased_type":["Potion","Card"],"build_version":"2020-12-22","purchased_purges":0,"victory":false,"max_hp_per_floor":[80,85,85,85,85,85,85,85,85],"relic_stats":{"counters":[6,36],"Ornamental Fan":[12],"Tiny Chest":0,"obtain_stats":[{"Ornamental Fan":6,"Tiny Chest":0,"Burning Blood":0},{"Ornamental Fan":5,"Tiny Chest":0,"Burning Blood":0},{"Ornamental Fan":29,"Tiny Chest":0,"Burning Blood":0}],"Burning Blood":27},"card_choices":[{"not_picked":["Evolve","Carnage"],"picked":"Body Slam","floor":1},{"not_picked":["Abandon","Clash"],"picked":"Pommel Strike","floor":3},{"not_picked":["Heavy Blade","Pommel Strike"],"picked":"Armaments","floor":4},{"not_picked":["Flex","Wild Strike"],"picked":"Burning Pact","floor":5},{"not_picked":["Dual Wield","Flex"],"picked":"Metallicize","floor":6}],"player_experience":373786,"relics_obtained":[{"floor":6,"key":"Ornamental Fan"}],"event_choices":[],"is_beta":false,"boss_relics":[],"items_purged_floors":[],"is_endless":false,"potions_floor_spawned":[1,3],"killed_by":"Gremlin Nob","ascension_level":6}}