{"host":"tm3ghj8mno6gwywm","time":1612532211,"event":{"mods":["2.2 Compatiblity","AchievementEnabler","Bard","BaseMod","Beaked The Cultist","Better Third Choice","Colored Map","Colored Powertips","Conspire","Downfall","Glutton Mod","GungeonMod","Halation","Hermit","Hubris","Infinite Spire","Jorbs\u0027s Wanderer Trilogy","Mad Scientist","Marisa????????","Marked Mod","Mimic Mod","Minty Spire (QoL Compilation)","Potionbrewer","Quick Restart","Replay The Spire","Shade Mod","Shop Mod","Somnambulant","Spicy Shops","StSLib","SuperFastMode","The Bug Knight","The Construct","The Cursed","The Disciple","The Hierophant","The IronCluck","The Judge","The Jungle","The Necromancer","The Runesmith","The Servant 0.9.4","egg"],"gold_per_floor":[412,464,464,38,50,85,97,97,129,129,142,142,220,235,235,330,330,349,349,17,37,47,47,59,91,114,114,136,136,153,6,6,116,116,146,107,135,135,135,177,177,215,291,331,390,390,435,479,479,493,493,493,23,57,117],"floor_reached":56,"language":"ENG","playtime":1529,"items_purged":[],"score":1829,"play_id":"7efa114e-f297-43e8-85cd-b2be8d3c763a","local_time":"20210205083651","is_ascension_mode":false,"campfire_choices":[{"floor":8,"key":"RECALL"},{"data":"Bash","floor":12,"key":"SMITH"},{"data":"Defend_R","floor":15,"key":"SMITH"},{"data":"Defend_R","floor":23,"key":"SMITH"},{"data":"Defend_R","floor":27,"key":"SMITH"},{"floor":32,"key":"REST"},{"data":"Strike_R","floor":41,"key":"SMITH"},{"floor":46,"key":"REST"},{"data":"Strike_R","floor":49,"key":"SMITH"},{"data":"Strike_R","floor":52,"key":"SMITH"}],"circlet_count":0,"master_deck":["Strike_R","Strike_R","Strike_R+1","Strike_R+1","Strike_R+1","Defend_R+1","Defend_R+1","Defend_R+1","Defend_R+1","Bash+1","Run Through+1","Fire Breathing+1","Perfected Strike+1","Power Through+1","conspire:Charge+1","Sentinel+1","Life Link+1","Fire Breathing+1","Iron Wave+1","Juggernaut+1","ReplayTheSpireMod:Muscle Training+1","Inflame+1","Writhe","Shockwave+1","ReplayTheSpireMod:LeadingStrike+1","Defy Death+1","conspire:HitWhereItHurts+1","Heavy Blade+1","Feel No Pain+1","Decay","Barricade+1","Rage+1","Metallicize+1","Thunderclap+1","ReplayTheSpireMod:Muscle Training+1","Fire Breathing+1","Feel No Pain+1","Cleave+1","ReplayTheSpireMod:Stacked+1","Dark Embrace+1","Dark Embrace+1","ReplayTheSpireMod:Stacked+1"],"relics":["Burning Blood","Old Coin","WingedGreaves","Lizard Tail","Mummified Hand","Black Star","Molten Egg 2","Toxic Egg 2","Frozen Egg 2","Quantum Egg","Membership Card","hubris:CrystalStatue","Potion Belt","hubris:IronBody","DemoMod:ClearGuonStone","Another Sword","halation:TwoAmDonut","infinitespire:PuzzleCube","Centennial Puzzle","beaked:ShinyBauble","halation:BlackBeret","infinitespire:ShieldingShard","ReplayTheSpireMod:Spearhead","Bag of Preparation","hexamod:BolsterEngine","halation:IllGainedPizza","potionbrewer:Torch","Blue Doll","infinitespire:EvilPickle","potionbrewer:BhaskarasWheel","hubris:Towel","halation:PromiseList","Replay:Accelerometer","halation:Toothbrush","infinitespire:Lucky Rock","champ:DuelingGlove","Lee\u0027s Waffle","hubris:PeanutButter","DemoMod:MeatBun","Nunchaku","infinitespire:Broken Mirror","halation:SwordOfLegend","Charon\u0027s Ashes"],"acts_visited":["Exordium","TheCity","TheBeyond","TheEnding"],"potions_floor_usage":[6,50,50,55,55],"damage_taken":[{"damage":4,"enemies":"Jaw Worm","floor":1,"turns":4},{"damage":0,"enemies":"conspire:RoseBush","floor":5,"turns":1},{"damage":14,"enemies":"Lagavulin","floor":6,"turns":4},{"damage":0,"enemies":"Cultist","floor":7,"turns":3},{"damage":0,"enemies":"Looter","floor":9,"turns":4},{"damage":0,"enemies":"Looter","floor":11,"turns":1},{"damage":0,"enemies":"2 Fungi Beasts","floor":14,"turns":3},{"damage":0,"enemies":"Fading Forest","floor":16,"turns":11},{"damage":5,"enemies":"3 Byrds","floor":18,"turns":3},{"damage":0,"enemies":"2 Thieves","floor":21,"turns":3},{"damage":6,"enemies":"Snecko","floor":22,"turns":3},{"damage":0,"enemies":"3 Cultists","floor":24,"turns":3},{"damage":14,"enemies":"Gremlin Leader","floor":25,"turns":5},{"damage":0,"enemies":"Snake Plant","floor":28,"turns":4},{"damage":0,"enemies":"Cultist and Chosen","floor":30,"turns":5},{"damage":0,"enemies":"Pondfish","floor":33,"turns":8},{"damage":0,"enemies":"3 Shapes","floor":35,"turns":4},{"damage":0,"enemies":"3 Darklings","floor":37,"turns":4},{"damage":0,"enemies":"Reptomancer","floor":40,"turns":5},{"damage":0,"enemies":"4 Shapes","floor":42,"turns":4},{"damage":9,"enemies":"Sphere and 2 Shapes","floor":44,"turns":4},{"damage":18,"enemies":"Nemesis","floor":45,"turns":5},{"damage":0,"enemies":"Spire Growth","floor":47,"turns":3},{"damage":0,"enemies":"Writhing Mass","floor":48,"turns":3},{"damage":10,"enemies":"hubris:GrandSnecko","floor":50,"turns":7},{"damage":0,"enemies":"Shield and Spear","floor":54,"turns":5},{"damage":17,"enemies":"The Heart","floor":55,"turns":6}],"seed_played":"-3088459406298199971","potions_obtained":[{"floor":5,"key":"ColorlessPotion"},{"floor":14,"key":"bronze:BurnAndBuffPotion"},{"floor":16,"key":"champ:CounterPotion"},{"floor":21,"key":"SkillPotion"},{"floor":22,"key":"Ancient Potion"},{"floor":25,"key":"Regen Potion"},{"floor":33,"key":"LifebloodPotion"}],"is_trial":false,"path_per_floor":["M","?","?","$","M","E","M","R","MIM","?","M","R","T","M","R","B",null,"M","?","$","M","M","R","M","E","T","R","M","?","M","$","R","B",null,"M","$","M","?","?","E","R","M","T","M","E","R","M","M","R","B",null,"R","$","E","B",null],"character_chosen":"IRONCLAD","items_purchased":["Potion Belt","hubris:IronBody","Fire Breathing+1","DemoMod:ClearGuonStone","Another Sword","Perfected Strike+1","Inflame+1","halation:BlackBeret","infinitespire:ShieldingShard","ReplayTheSpireMod:Spearhead","Shockwave+1","Feel No Pain+1","potionbrewer:Torch","Blue Doll","Metallicize+1","Lee\u0027s Waffle","Dark Embrace+1","hubris:PeanutButter","DemoMod:MeatBun","Nunchaku","infinitespire:Broken Mirror"],"campfire_rested":2,"item_purchase_floors":[4,4,4,4,4,4,20,20,20,20,20,31,31,31,36,53,53,53,53,53,53],"current_hp_per_floor":[80,80,80,80,80,72,78,78,80,80,80,80,80,80,80,80,80,80,80,80,80,80,80,80,72,72,72,78,63,69,69,85,85,85,85,85,85,85,85,85,85,85,85,82,70,85,85,85,85,81,85,85,92,92,81],"gold":117,"neow_bonus":"RANDOM_COLORLESS","is_daily":false,"chose_seed":false,"campfire_upgraded":7,"win_rate":0.0,"timestamp":1612532211,"path_taken":["M","?","?","$","M","E","?","R","MIM","?","M","R","?","M","R","BOSS","M","?","$","M","M","R","M","E","T","R","?","?","M","$","R","BOSS","M","$","M","?","?","E","R","M","T","M","E","R","M","M","R","BOSS","R","$","E","BOSS"],"items_purchased_type":["Relic","Relic","Card","Relic","Relic","Card","Card","Relic","Relic","Relic","Card","Card","Relic","Relic","Card","Relic","Card","Relic","Relic","Relic","Relic"],"build_version":"2020-12-22","purchased_purges":0,"victory":true,"max_hp_per_floor":[80,80,80,80,80,80,80,80,80,80,80,80,80,80,80,80,80,80,80,80,80,80,80,80,80,80,80,80,85,85,85,85,85,85,85,85,85,85,85,85,85,85,85,85,85,85,85,85,85,85,85,85,92,92,92],"card_choices":[{"not_picked":["ReplayTheSpireMod:Uncanny Aura","Replay:Sssssssssstrike"],"picked":"Blind","floor":0},{"not_picked":["True Grit+1","Iron Wave+1"],"picked":"Run Through+1","floor":1},{"not_picked":["Heavy Blade+1","Havoc+1"],"picked":"Power Through+1","floor":5},{"not_picked":["Sword Boomerang+1","Pummel+1"],"picked":"conspire:Charge+1","floor":6},{"not_picked":["Body Slam+1","Blood for Blood+1"],"picked":"Sentinel+1","floor":7},{"not_picked":["Body Slam+1","Shrug It Off+1"],"picked":"Life Link+1","floor":9},{"not_picked":["Sword Boomerang+1","Havoc+1"],"picked":"Fire Breathing+1","floor":11},{"not_picked":["Sentinel+1","DemoMod:WhiteBlade+1"],"picked":"Iron Wave+1","floor":14},{"not_picked":["hubris:StunningStrike+1","Replay:Many Hands+1"],"picked":"Juggernaut+1","floor":16},{"not_picked":["True Grit+1","Sentinel+1"],"picked":"ReplayTheSpireMod:Muscle Training+1","floor":18},{"not_picked":["Pommel Strike+1","Havoc+1"],"picked":"ReplayTheSpireMod:LeadingStrike+1","floor":21},{"not_picked":["Cleave+1","Body Slam+1"],"picked":"Defy Death+1","floor":22},{"not_picked":["Eclipse+1","Cleave+1","Havoc+1"],"picked":"SKIP","floor":24},{"not_picked":["Warcry+1","Exhume+1"],"picked":"conspire:HitWhereItHurts+1","floor":25},{"not_picked":["Havoc+1","Impervious+1"],"picked":"Ghostly Armor+1","floor":28},{"not_picked":["Wild Strike+1","Body Slam+1"],"picked":"Heavy Blade+1","floor":30},{"not_picked":["Offering+1","Brutality+1"],"picked":"Barricade+1","floor":33},{"not_picked":["Warcry+1","Armaments+1"],"picked":"Rage+1","floor":35},{"not_picked":["Shrug It Off+1","Clash+1"],"picked":"Thunderclap+1","floor":37},{"not_picked":["Armaments+1","Twin Strike+1"],"picked":"ReplayTheSpireMod:Muscle Training+1","floor":40},{"not_picked":["Searing Blow+1","Clash+1"],"picked":"Fire Breathing+1","floor":42},{"not_picked":["Shrug It Off+1","Sword Boomerang+1"],"picked":"Feel No Pain+1","floor":44},{"not_picked":["Whirlwind+1","Twin Strike+1"],"picked":"Cleave+1","floor":45},{"not_picked":["Second Wind+1","Run Through+1"],"picked":"ReplayTheSpireMod:Stacked+1","floor":47},{"not_picked":["Clash+1","Flex+1","Warcry+1"],"picked":"SKIP","floor":48},{"not_picked":["Thunderclap+1","Headbutt+1"],"picked":"ReplayTheSpireMod:Stacked+1","floor":54}],"player_experience":863311,"relics_obtained":[{"floor":6,"key":"halation:TwoAmDonut"},{"floor":6,"key":"infinitespire:PuzzleCube"},{"floor":9,"key":"Centennial Puzzle"},{"floor":13,"key":"beaked:ShinyBauble"},{"floor":25,"key":"Bag of Preparation"},{"floor":25,"key":"hexamod:BolsterEngine"},{"floor":26,"key":"halation:IllGainedPizza"},{"floor":40,"key":"halation:PromiseList"},{"floor":40,"key":"Replay:Accelerometer"},{"floor":43,"key":"halation:Toothbrush"},{"floor":45,"key":"infinitespire:Lucky Rock"},{"floor":45,"key":"champ:DuelingGlove"},{"floor":54,"key":"halation:SwordOfLegend"},{"floor":54,"key":"Charon\u0027s Ashes"}],"event_choices":[{"damage_healed":0,"gold_gain":52,"player_choice":"Gained Gold","damage_taken":0,"max_hp_gain":0,"max_hp_loss":0,"event_name":"Golden Wing","floor":2,"gold_loss":0},{"cards_removed":["Blind"],"damage_healed":0,"gold_gain":0,"player_choice":"Gave Card","damage_taken":0,"relics_obtained":["hubris:CrystalStatue"],"max_hp_gain":0,"max_hp_loss":0,"event_name":"WeMeetAgain","floor":3,"gold_loss":0},{"damage_healed":0,"gold_gain":0,"player_choice":"Upgraded","damage_taken":0,"max_hp_gain":0,"max_hp_loss":0,"event_name":"Upgrade Shrine","floor":19,"gold_loss":0,"cards_upgraded":["Defend_R"]},{"damage_healed":0,"gold_gain":0,"player_choice":"Shed Blood","damage_taken":20,"max_hp_gain":5,"max_hp_loss":0,"event_name":"Forgotten Altar","floor":29,"gold_loss":0},{"cards_removed":["Ghostly Armor"],"damage_healed":0,"gold_gain":0,"player_choice":"Removed Skill","damage_taken":0,"max_hp_gain":0,"max_hp_loss":0,"event_name":"Falling","floor":38,"gold_loss":0}],"is_beta":false,"boss_relics":[{"not_picked":[]},{"not_picked":["Kintsugi","Honey Jar"],"picked":"potionbrewer:BhaskarasWheel"}],"items_purged_floors":[],"is_endless":false,"potions_floor_spawned":[5,14,16,21,22,25,30,33,42,45,47],"ascension_level":0}}