{"host":"f76wcztdlwlduum6","time":1612486368,"event":{"mods":["AchievementEnabler","BaseMod","BetterRewards","Colored Powertips","Minty Spire (QoL Compilation)","Quick Restart","Rare Cards Sparkle","Relic Stats","StSLib","SuperFastMode","everything is the same but u backflip on backflip"],"gold_per_floor":[115,131,131,81,93,123,123,156,209,19,19,119,153,4,4,79,79,92,108,123,139,66,95,95,130,157,182,13,112,144,59,59,138,138,155,173,173,184,200,227,243,277,301,333,333,333,353,381,381,381,381,381,8,39,39],"floor_reached":56,"language":"ENG","playtime":3175,"items_purged":["Strike_P","Defend_P","Defend_P","Defend_P","Strike_P","Adaptation"],"score":3324,"play_id":"8be9d582-d39d-4a31-afe6-1929645db589","local_time":"20210204185248","is_ascension_mode":true,"campfire_choices":[{"data":"Adaptation","floor":7,"key":"SMITH"},{"data":"Adaptation","floor":15,"key":"SMITH"},{"data":"MentalFortress","floor":24,"key":"SMITH"},{"floor":32,"key":"RECALL"},{"data":"MentalFortress","floor":49,"key":"SMITH"},{"data":"FearNoEvil","floor":52,"key":"SMITH"}],"circlet_count":0,"master_deck":["AscendersBane","Defend_P+1","Adaptation+1","FlurryOfBlows+1","MentalFortress+1","ClearTheMind+1","FearNoEvil+1","Adaptation+1","ClearTheMind+1","FlurryOfBlows","MentalFortress+1","Tantrum+1","Finesse+1","FlurryOfBlows","Crescendo+1","ClearTheMind+1","MentalFortress+1","Evaluate+1","Tantrum+1","ClearTheMind+1","Omniscience+1","Fasting2+1","Finesse+1","LikeWater+1","DevaForm+1","Omniscience+1","FlurryOfBlows+1","Scrawl+1","DevaForm+1","Evaluate+1","Tantrum+1","Omniscience+1","Vault+1","Vault+1","DeusExMachina+1","LikeWater+1","Evaluate+1","Finesse+1","Crescendo+1","Finesse+1","Sadistic Nature+1","FlurryOfBlows+1"],"relics":["PureWater","TheAbacus","Orichalcum","Kunai","Toxic Egg 2","HornCleat","Pear","Medical Kit","TeardropLocket","Frozen Egg 2","Juzu Bracelet","Blood Vial","Membership Card","Bottled Lightning","Lee\u0027s Waffle","Coffee Dripper","Mummified Hand","Oddly Smooth Stone","Ornamental Fan","Bag of Preparation","Akabeko","Matryoshka","Whetstone","Unceasing Top","Philosopher\u0027s Stone","Damaru","MealTicket","Bottled Flame","Toy Ornithopter","Potion Belt","Bag of Marbles","Nunchaku","Toolbox","Strawberry"],"acts_visited":["Exordium","TheCity","TheBeyond","TheEnding"],"potions_floor_usage":[13,21,41,41,50,50,55,55],"damage_taken":[{"damage":3,"enemies":"2 Louse","floor":1,"turns":3},{"damage":2,"enemies":"Jaw Worm","floor":2,"turns":2},{"damage":0,"enemies":"Cultist","floor":5,"turns":2},{"damage":2,"enemies":"Gremlin Nob","floor":6,"turns":4},{"damage":0,"enemies":"Lagavulin","floor":8,"turns":4},{"damage":0,"enemies":"3 Sentries","floor":13,"turns":4},{"damage":0,"enemies":"The Guardian","floor":16,"turns":3},{"damage":0,"enemies":"Shell Parasite","floor":18,"turns":3},{"damage":0,"enemies":"2 Thieves","floor":19,"turns":4},{"damage":0,"enemies":"Snecko","floor":20,"turns":3},{"damage":0,"enemies":"Cultist and Chosen","floor":21,"turns":3},{"damage":0,"enemies":"Gremlin Leader","floor":23,"turns":2},{"damage":0,"enemies":"Book of Stabbing","floor":25,"turns":3},{"damage":10,"enemies":"Slavers","floor":27,"turns":2},{"damage":0,"enemies":"Book of Stabbing","floor":30,"turns":2},{"damage":0,"enemies":"Collector","floor":33,"turns":3},{"damage":0,"enemies":"3 Shapes","floor":35,"turns":2},{"damage":0,"enemies":"Orb Walker","floor":36,"turns":3},{"damage":0,"enemies":"Transient","floor":38,"turns":3},{"damage":0,"enemies":"Maw","floor":39,"turns":3},{"damage":0,"enemies":"Giant Head","floor":40,"turns":4},{"damage":0,"enemies":"Jaw Worm Horde","floor":41,"turns":1},{"damage":0,"enemies":"Reptomancer","floor":42,"turns":2},{"damage":0,"enemies":"Nemesis","floor":44,"turns":1},{"damage":0,"enemies":"Writhing Mass","floor":47,"turns":1},{"damage":0,"enemies":"Reptomancer","floor":48,"turns":1},{"damage":50,"enemies":"Time Eater","floor":50,"turns":7},{"damage":0,"enemies":"Shield and Spear","floor":54,"turns":2},{"damage":53,"enemies":"The Heart","floor":55,"turns":7}],"seed_played":"2747480543640031101","potions_obtained":[{"floor":2,"key":"ColorlessPotion"},{"floor":13,"key":"SkillPotion"},{"floor":16,"key":"BlessingOfTheForge"},{"floor":25,"key":"AttackPotion"},{"floor":30,"key":"PowerPotion"},{"floor":41,"key":"EssenceOfSteel"},{"floor":47,"key":"Block Potion"}],"is_trial":false,"path_per_floor":["M","M","?","?","M","E","R","E","T","$","M","$","E","$","R","B",null,"M","M","M","M","$","E","R","E","T","E","$","?","E","?","R","B",null,"M","M","?","M","M","E","M","E","T","E","?","?","M","E","R","B",null,"R","$","E","B",null],"character_chosen":"WATCHER","items_purchased":["Adaptation","TheAbacus","Orichalcum","Kunai","FlurryOfBlows","MentalFortress","ClearTheMind","FearNoEvil","HornCleat","Adaptation","ClearTheMind+1","FlurryOfBlows","Pear","MentalFortress","Finesse+1","FlurryOfBlows","Adaptation","Medical Kit","Membership Card","LikeWater+1","Lee\u0027s Waffle","Scrawl+1","Oddly Smooth Stone","Matryoshka","DistilledChaos","Finesse+1","Sadistic Nature+1","Regen Potion","LiquidBronze","Nunchaku","Toolbox"],"campfire_rested":0,"item_purchase_floors":[0,0,0,0,0,0,0,0,0,0,0,0,0,0,0,0,0,0,10,10,14,14,22,28,28,53,53,53,53,53,53],"current_hp_per_floor":[26,24,17,17,17,15,15,15,15,15,17,17,19,85,85,85,85,85,85,85,85,85,85,85,85,85,75,75,75,77,77,77,79,84,85,85,85,85,85,85,85,85,85,85,85,75,77,79,79,35,73,73,85,92,63],"gold":39,"neow_bonus":"","is_daily":false,"chose_seed":false,"campfire_upgraded":5,"win_rate":0.0,"timestamp":1612486368,"path_taken":["M","M","?","?","M","E","R","E","T","$","M","$","E","?","R","BOSS","M","M","M","M","$","E","R","E","T","E","?","?","E","?","R","BOSS","M","M","?","M","M","E","M","E","T","E","?","?","M","E","R","BOSS","R","$","E","BOSS"],"items_purchased_type":["Card","Relic","Relic","Relic","Card","Card","Card","Card","Relic","Card","Card","Card","Relic","Card","Card","Card","Card","Relic","Relic","Card","Relic","Card","Relic","Relic","Potion","Card","Card","Potion","Potion","Relic","Relic"],"build_version":"2020-12-22","purchased_purges":6,"victory":true,"max_hp_per_floor":[78,78,78,78,78,78,78,78,78,78,78,78,78,85,85,85,85,85,85,85,85,85,85,85,85,85,85,85,85,85,85,85,85,85,85,85,85,85,85,85,85,85,85,85,85,85,85,85,85,85,85,85,85,92,92],"relic_stats":{"Lee\u0027s Waffle":66,"counters":[55,176],"Juzu Bracelet":5,"Bag of Preparation":[86],"Whetstone":["FlurryOfBlows","FlurryOfBlows"],"Orichalcum":[66],"Medical Kit":[14],"Blood Vial":15,"Nunchaku":[20],"TheAbacus":[60],"Mummified Hand":[247],"Ornamental Fan":[292],"MealTicket":12,"Kunai":[125],"obtain_stats":[{"Ice Cream":44,"Calipers":4,"CeramicFish":39,"Whetstone":30,"Bottled Tornado":12,"Boot":39,"Blood Vial":53,"HornCleat":0,"Sundial":26,"DollysMirror":0,"Strawberry":53,"Philosopher\u0027s Stone":34,"MealTicket":42,"Necronomicon":20,"Kunai":30,"Toxic Egg 2":0,"Pear":0,"Happy Flower":39,"Oddly Smooth Stone":22,"Pen Nib":39,"War Paint":0,"Question Card":40,"Akabeko":27,"Du-Vu Doll":25,"OrangePellets":0,"Bottled Flame":43,"Shuriken":46,"Bird Faced Urn":39,"Bronze Scales":43,"Molten Egg 2":0,"StrikeDummy":39,"Unceasing Top":31,"Pocketwatch":39,"Lantern":0,"Torii":39,"StoneCalendar":39,"Bag of Preparation":0,"Juzu Bracelet":0,"Incense Burner":22,"TeardropLocket":0,"Empty Cage":17,"Ancient Tea Set":42,"Nunchaku":39,"Shovel":39,"TheAbacus":0,"Matryoshka":28,"Mummified Hand":42,"Toolbox":53,"Red Mask":19,"InkBottle":22,"Potion Belt":13,"Lee\u0027s Waffle":14,"Damaru":40,"PreservedInsect":23,"The Courier":38,"Omamori":3,"Odd Mushroom":11,"Orichalcum":0,"Frozen Egg 2":6,"Medical Kit":39,"Anchor":6,"Ornamental Fan":23,"Coffee Dripper":17,"Bag of Marbles":48,"Membership Card":0,"Bottled Lightning":11,"PureWater":0,"FossilizedHelix":39,"Toy Ornithopter":54},{"Ice Cream":20,"Calipers":2,"CeramicFish":16,"Whetstone":41,"Bottled Tornado":4,"Boot":16,"Blood Vial":23,"HornCleat":25,"Sundial":12,"DollysMirror":25,"Strawberry":23,"Philosopher\u0027s Stone":14,"MealTicket":49,"Necronomicon":8,"Kunai":13,"Toxic Egg 2":0,"Pear":25,"Happy Flower":16,"Oddly Smooth Stone":37,"Pen Nib":16,"War Paint":25,"Question Card":17,"Akabeko":40,"Du-Vu Doll":12,"OrangePellets":0,"Bottled Flame":49,"Shuriken":21,"Bird Faced Urn":16,"Bronze Scales":19,"Molten Egg 2":0,"StrikeDummy":16,"Unceasing Top":41,"Pocketwatch":16,"Lantern":0,"Torii":16,"StoneCalendar":16,"Bag of Preparation":0,"Juzu Bracelet":0,"Incense Burner":9,"TeardropLocket":0,"Empty Cage":6,"Ancient Tea Set":19,"Nunchaku":16,"Shovel":16,"TheAbacus":25,"Matryoshka":40,"Mummified Hand":19,"Toolbox":53,"Red Mask":8,"InkBottle":9,"Potion Belt":5,"Lee\u0027s Waffle":32,"Damaru":47,"PreservedInsect":10,"The Courier":16,"Omamori":1,"Odd Mushroom":4,"Orichalcum":25,"Frozen Egg 2":29,"Medical Kit":16,"Anchor":3,"Ornamental Fan":38,"Coffee Dripper":33,"Bag of Marbles":52,"Membership Card":0,"Bottled Lightning":31,"PureWater":0,"FossilizedHelix":16,"Toy Ornithopter":24},{"Ice Cream":66,"Calipers":8,"CeramicFish":54,"Whetstone":136,"Bottled Tornado":17,"Boot":54,"Blood Vial":79,"HornCleat":89,"Sundial":38,"DollysMirror":89,"Strawberry":79,"Philosopher\u0027s Stone":46,"MealTicket":157,"Necronomicon":29,"Kunai":42,"Toxic Egg 2":0,"Pear":89,"Happy Flower":54,"Oddly Smooth Stone":127,"Pen Nib":54,"War Paint":89,"Question Card":59,"Akabeko":134,"Du-Vu Doll":38,"OrangePellets":0,"Bottled Flame":157,"Shuriken":72,"Bird Faced Urn":54,"Bronze Scales":65,"Molten Egg 2":0,"StrikeDummy":54,"Unceasing Top":136,"Pocketwatch":54,"Lantern":0,"Torii":54,"StoneCalendar":54,"Bag of Preparation":0,"Juzu Bracelet":0,"Incense Burner":31,"TeardropLocket":0,"Empty Cage":23,"Ancient Tea Set":65,"Nunchaku":54,"Shovel":54,"TheAbacus":89,"Matryoshka":134,"Mummified Hand":65,"Toolbox":167,"Red Mask":29,"InkBottle":31,"Potion Belt":20,"Lee\u0027s Waffle":111,"Damaru":154,"PreservedInsect":33,"The Courier":54,"Omamori":6,"Odd Mushroom":17,"Orichalcum":89,"Frozen Egg 2":100,"Medical Kit":54,"Anchor":14,"Ornamental Fan":129,"Coffee Dripper":114,"Bag of Marbles":160,"Membership Card":0,"Bottled Lightning":107,"PureWater":0,"FossilizedHelix":54,"Toy Ornithopter":83}],"Unceasing Top":[19],"Toy Ornithopter":14},"card_choices":[{"not_picked":["ForeignInfluence+1","Conclude"],"picked":"Evaluate+1","floor":1},{"not_picked":["CutThroughFate","SashWhip","Protect+1"],"picked":"SKIP","floor":2},{"not_picked":["FollowUp","JustLucky"],"picked":"ClearTheMind+1","floor":5},{"not_picked":["JustLucky","CrushJoints"],"picked":"Omniscience+1","floor":6},{"not_picked":["FlurryOfBlows","Perseverance+1"],"picked":"Fasting2+1","floor":8},{"not_picked":["Protect+1","SashWhip"],"picked":"FlurryOfBlows","floor":13},{"not_picked":["ConjureBlade+1","Blasphemy+1"],"picked":"DevaForm+1","floor":16},{"not_picked":["EmptyFist","EmptyMind+1"],"picked":"Evaluate+1","floor":18},{"not_picked":["Conclude","PathToVictory+1"],"picked":"Tantrum+1","floor":19},{"not_picked":["WaveOfTheHand+1","Prostrate+1","ThirdEye+1"],"picked":"SKIP","floor":20},{"not_picked":["JustLucky","EmptyFist","SashWhip"],"picked":"SKIP","floor":21},{"not_picked":["Devotion+1","InnerPeace+1"],"picked":"Vault+1","floor":23},{"not_picked":["Weave","SignatureMove","Sanctity+1"],"picked":"SKIP","floor":25},{"not_picked":["PathToVictory+1","CarveReality+1","Protect+1"],"picked":"SKIP","floor":27},{"not_picked":["BowlingBash","CrushJoints"],"picked":"Vault+1","floor":30},{"not_picked":["Ragnarok","Establishment+1"],"picked":"DeusExMachina+1","floor":33},{"not_picked":["BowlingBash","Adaptation+1","EmptyMind+1"],"picked":"SKIP","floor":35},{"not_picked":["JustLucky","ThirdEye+1","Halt+1"],"picked":"SKIP","floor":36},{"not_picked":["Protect+1","BowlingBash","Halt+1"],"picked":"SKIP","floor":38},{"not_picked":["JustLucky","ClearTheMind+1","Study+1"],"picked":"SKIP","floor":39},{"not_picked":["Sanctity+1","InnerPeace+1"],"picked":"LikeWater+1","floor":40},{"not_picked":["Pray+1","Halt+1","EmptyFist"],"picked":"SKIP","floor":41},{"not_picked":["CrushJoints","SpiritShield+1"],"picked":"Evaluate+1","floor":42},{"not_picked":["Swivel+1","ForeignInfluence+1","ReachHeaven"],"picked":"SKIP","floor":44},{"not_picked":["HandOfGreed","Good Instincts+1"],"picked":"Finesse+1","floor":46},{"not_picked":["CarveReality","WindmillStrike"],"picked":"Crescendo+1","floor":47},{"not_picked":["ForeignInfluence+1","Sanctity+1","Meditate+1"],"picked":"SKIP","floor":48},{"not_picked":["SpiritShield+1","BowlingBash"],"picked":"FlurryOfBlows+1","floor":54}],"player_experience":264103,"relics_obtained":[{"floor":6,"key":"Frozen Egg 2"},{"floor":8,"key":"Juzu Bracelet"},{"floor":9,"key":"Blood Vial"},{"floor":23,"key":"Ornamental Fan"},{"floor":27,"key":"Akabeko"},{"floor":30,"key":"Whetstone"},{"floor":40,"key":"Damaru"},{"floor":42,"key":"MealTicket"},{"floor":43,"key":"Bottled Flame"},{"floor":43,"key":"Toy Ornithopter"},{"floor":44,"key":"Potion Belt"},{"floor":48,"key":"Bag of Marbles"},{"floor":54,"key":"Strawberry"}],"event_choices":[{"cards_removed":["Strike_P"],"damage_healed":0,"gold_gain":0,"player_choice":"Card Removal","damage_taken":7,"max_hp_gain":0,"max_hp_loss":0,"event_name":"Golden Wing","floor":3,"gold_loss":0},{"cards_removed":["Eruption"],"damage_healed":0,"gold_gain":0,"player_choice":"Card Removal","damage_taken":0,"max_hp_gain":0,"max_hp_loss":0,"event_name":"The Cleric","floor":4,"gold_loss":50},{"damage_healed":0,"gold_gain":99,"player_choice":"Stole From Cult","damage_taken":0,"max_hp_gain":0,"max_hp_loss":0,"event_name":"Nest","floor":29,"gold_loss":0},{"damage_healed":0,"gold_gain":0,"player_choice":"Obtained Relic","damage_taken":0,"relics_obtained":["Unceasing Top"],"max_hp_gain":0,"max_hp_loss":0,"event_name":"Addict","floor":31,"gold_loss":85},{"cards_removed":["Vigilance"],"damage_healed":0,"gold_gain":0,"player_choice":"Removed Skill","damage_taken":0,"max_hp_gain":0,"max_hp_loss":0,"event_name":"Falling","floor":37,"gold_loss":0},{"damage_healed":0,"gold_gain":0,"player_choice":"0 cards matched","damage_taken":0,"max_hp_gain":0,"max_hp_loss":0,"event_name":"Match and Keep!","floor":45,"gold_loss":0,"cards_obtained":[]},{"damage_healed":0,"gold_gain":0,"player_choice":"Memory 3","damage_taken":10,"max_hp_gain":0,"max_hp_loss":0,"event_name":"SensoryStone","floor":46,"gold_loss":0}],"is_beta":false,"boss_relics":[{"not_picked":["Runic Dome","Cursed Key"],"picked":"Coffee Dripper"},{"not_picked":["Astrolabe","Empty Cage"],"picked":"Philosopher\u0027s Stone"}],"items_purged_floors":[0,0,0,0,0,12],"is_endless":false,"potions_floor_spawned":[2,13,16,25,27,30,36,39,41,42,47],"ascension_level":14}}