{"host":"5n1fl7z5i1vf7jan","time":1612492085,"event":{"mods":["BaseMod","Minty Spire (QoL Compilation)","Quick Restart","Relic Stats"],"gold_per_floor":[110,125,200,350,369,369,369],"floor_reached":6,"language":"ENG","playtime":161,"items_purged":[],"score":70,"play_id":"dee8d759-174d-4cc6-8a97-72d433c4e458","local_time":"20210204182805","is_ascension_mode":true,"campfire_choices":[],"circlet_count":0,"master_deck":["AscendersBane","Strike_P","Strike_P","Strike_P","Strike_P","Defend_P","Defend_P","Defend_P","Defend_P","Eruption","Vigilance","FlurryOfBlows","FollowUp","Doubt","FlyingSleeves"],"relics":["PureWater","NeowsBlessing"],"acts_visited":["Exordium"],"potions_floor_usage":[6],"damage_taken":[{"damage":0,"enemies":"Cultist","floor":1,"turns":1},{"damage":0,"enemies":"2 Louse","floor":2,"turns":1},{"damage":0,"enemies":"Small Slimes","floor":5,"turns":1},{"damage":59,"enemies":"3 Sentries","floor":6,"turns":13}],"seed_played":"104795257662258198","potions_obtained":[{"floor":2,"key":"LiquidBronze"},{"floor":5,"key":"Dexterity Potion"}],"is_trial":false,"path_per_floor":["M","M","?","?","M","E"],"character_chosen":"WATCHER","items_purchased":[],"campfire_rested":0,"item_purchase_floors":[],"current_hp_per_floor":[61,61,50,50,50,0,0],"gold":369,"neow_bonus":"THREE_ENEMY_KILL","is_daily":false,"chose_seed":false,"campfire_upgraded":0,"win_rate":0.0,"timestamp":1612492085,"path_taken":["M","?","?","?","?","E"],"items_purchased_type":[],"build_version":"2020-12-22","purchased_purges":0,"victory":false,"max_hp_per_floor":[68,68,68,68,68,68,68],"relic_stats":{"counters":[4,16],"obtain_stats":[{"NeowsBlessing":0,"PureWater":0},{"NeowsBlessing":0,"PureWater":0},{"NeowsBlessing":0,"PureWater":0}]},"card_choices":[{"not_picked":["JustLucky","Fasting2"],"picked":"FlurryOfBlows","floor":1},{"not_picked":["PathToVictory","Pray"],"picked":"FollowUp","floor":2},{"not_picked":["EmptyMind","SignatureMove"],"picked":"FlyingSleeves","floor":5}],"player_experience":309518,"relics_obtained":[],"event_choices":[{"damage_healed":0,"gold_gain":75,"player_choice":"Gather Gold","damage_taken":11,"max_hp_gain":0,"max_hp_loss":0,"event_name":"World of Goop","floor":3,"gold_loss":0},{"damage_healed":0,"gold_gain":150,"player_choice":"AGREE","damage_taken":0,"max_hp_gain":0,"max_hp_loss":0,"event_name":"Liars Game","floor":4,"gold_loss":0,"cards_obtained":["Doubt"]}],"is_beta":false,"boss_relics":[],"items_purged_floors":[],"is_endless":false,"potions_floor_spawned":[2,5],"killed_by":"3 Sentries","ascension_level":19}}