{"host":"kxz5izodaorfb9am","time":1612563691,"event":{"mods":["BaseMod","GifTheSpireLib","Minty Spire (QoL Compilation)","Shop Mod","StSLib"],"gold_per_floor":[118,118,136,136,162,162,237,237,237,237,268,268,285,347,347,450,450,461,461,479,176,188,188,222,235,260,260,260,276,196,222,222,322,322,342,146,196,196,41,41,41],"floor_reached":40,"language":"ENG","playtime":2032,"items_purged":["Strike_B","Defend_B"],"score":585,"play_id":"999fa9fc-5fd3-4548-9a29-0a4279c49ab9","local_time":"20210205232131","is_ascension_mode":true,"campfire_choices":[{"data":"Zap","floor":6,"key":"SMITH"},{"floor":8,"key":"REST"},{"data":"Hologram","floor":12,"key":"SMITH"},{"data":"Static Discharge","floor":15,"key":"SMITH"},{"data":"Seek","floor":23,"key":"SMITH"},{"data":"Loop","floor":32,"key":"SMITH"}],"circlet_count":0,"master_deck":["Strike_B+1","Defend_B","Defend_B","Zap+1","Dualcast+1","Hologram+1","Leap","FTL","Gash","Static Discharge+1","Seek+1","Gash","Self Repair+1","White Noise+1","Dramatic Entrance","Go for the Eyes","Loop+1","Biased Cognition","Sweeping Beam"],"relics":["Cracked Core","Anchor","The Courier","Letter Opener","Pen Nib","Eternal Feather","Cursed Key","Omamori","Juzu Bracelet","Bronze Scales","Oddly Smooth Stone","Gremlin Horn","Mango","Busted Crown","Cables","Thread and Needle","Runic Capacitor"],"acts_visited":["Exordium","TheCity","TheBeyond"],"potions_floor_usage":[11,14,25,29,31,33],"damage_taken":[{"damage":14,"enemies":"Jaw Worm","floor":1,"turns":3},{"damage":1,"enemies":"2 Louse","floor":3,"turns":2},{"damage":1,"enemies":"Lagavulin","floor":11,"turns":5},{"damage":0,"enemies":"Small Slimes","floor":13,"turns":2},{"damage":19,"enemies":"Gremlin Nob","floor":14,"turns":3},{"damage":24,"enemies":"The Guardian","floor":16,"turns":9},{"damage":0,"enemies":"3 Byrds","floor":18,"turns":4},{"damage":6,"enemies":"Spheric Guardian","floor":20,"turns":3},{"damage":4,"enemies":"Chosen and Byrds","floor":22,"turns":5},{"damage":10,"enemies":"Gremlin Leader","floor":24,"turns":4},{"damage":0,"enemies":"Centurion and Healer","floor":25,"turns":5},{"damage":0,"enemies":"Snake Plant","floor":29,"turns":4},{"damage":24,"enemies":"Slavers","floor":31,"turns":3},{"damage":53,"enemies":"Champ","floor":33,"turns":8},{"damage":14,"enemies":"3 Darklings","floor":35,"turns":3},{"damage":18,"enemies":"Mind Bloom Boss Battle","floor":37,"turns":3},{"damage":71,"enemies":"Giant Head","floor":40,"turns":7}],"seed_played":"2629830754636924119","potions_obtained":[{"floor":1,"key":"BlessingOfTheForge"},{"floor":13,"key":"Regen Potion"},{"floor":20,"key":"Block Potion"},{"floor":24,"key":"DistilledChaos"},{"floor":25,"key":"FocusPotion"},{"floor":29,"key":"Fire Potion"},{"floor":33,"key":"Weak Potion"},{"floor":35,"key":"Ancient Potion"}],"is_trial":false,"path_per_floor":["M","?","M","?","T","R","?","R","T","T","E","R","M","?","R","B",null,"M","?","M","$","M","R","E","M","T","T","?","M","$","E","R","B",null,"M","$","?","?","$","E"],"character_chosen":"DEFECT","items_purchased":["Omamori","Juzu Bracelet","Cables","Runic Capacitor","Sweeping Beam"],"campfire_rested":1,"item_purchase_floors":[21,21,36,39,39],"current_hp_per_floor":[54,47,46,32,32,32,21,41,41,41,40,40,40,30,36,12,54,54,42,36,36,32,38,38,48,48,48,48,58,58,58,67,24,71,67,67,59,59,59,0,0],"gold":41,"neow_bonus":"REMOVE_TWO","is_daily":false,"chose_seed":false,"campfire_upgraded":5,"win_rate":0.0,"timestamp":1612563691,"path_taken":["M","?","M","?","?","R","?","R","T","?","E","R","M","?","R","BOSS","M","?","M","$","M","R","E","M","T","?","?","M","$","E","R","BOSS","M","?","?","?","$","E"],"items_purchased_type":["Relic","Relic","Relic","Relic","Card"],"build_version":"2020-12-22","purchased_purges":2,"victory":false,"max_hp_per_floor":[68,68,68,68,68,68,68,68,68,68,68,68,68,68,68,68,68,68,73,73,73,73,73,73,73,73,73,73,73,73,87,87,87,87,87,87,87,83,83,83,83],"card_choices":[{"not_picked":["Turbo","Compile Driver"],"picked":"Hologram","floor":1},{"not_picked":["BootSequence","Rebound"],"picked":"Leap","floor":3},{"not_picked":["Conserve Battery","Leap"],"picked":"FTL","floor":11},{"not_picked":["Heatsinks","Cold Snap"],"picked":"Gash","floor":13},{"not_picked":["Reprogram","Darkness"],"picked":"Static Discharge","floor":14},{"not_picked":["Buffer","Amplify"],"picked":"Seek","floor":16},{"not_picked":["Chill","Steam","Doom and Gloom"],"picked":"SKIP","floor":18},{"not_picked":["Hologram","Streamline"],"picked":"Gash","floor":20},{"not_picked":["Redo","Tempest+1"],"picked":"Self Repair+1","floor":22},{"not_picked":["Sweeping Beam+1","Fusion"],"picked":"White Noise+1","floor":24},{"not_picked":["Recycle+1","Auto Shields+1","Self Repair"],"picked":"SKIP","floor":25},{"not_picked":["Leap","Beam Cell"],"picked":"Go for the Eyes","floor":29},{"not_picked":["Multi-Cast","Coolheaded"],"picked":"Loop","floor":31},{"not_picked":["Seek","Core Surge"],"picked":"Biased Cognition","floor":33},{"not_picked":["Rebound+1"],"picked":"SKIP","floor":35}],"player_experience":296554,"relics_obtained":[{"floor":5,"key":"Anchor"},{"floor":9,"key":"The Courier"},{"floor":10,"key":"Letter Opener"},{"floor":11,"key":"Pen Nib"},{"floor":14,"key":"Eternal Feather"},{"floor":24,"key":"Bronze Scales"},{"floor":26,"key":"Oddly Smooth Stone"},{"floor":27,"key":"Gremlin Horn"},{"floor":31,"key":"Mango"},{"floor":37,"key":"Thread and Needle"}],"event_choices":[{"cards_removed":["Strike_B"],"damage_healed":0,"gold_gain":0,"player_choice":"Card Removal","damage_taken":7,"max_hp_gain":0,"max_hp_loss":0,"event_name":"Golden Wing","floor":2,"gold_loss":0},{"damage_healed":0,"gold_gain":0,"player_choice":"Entered Light","damage_taken":14,"max_hp_gain":0,"max_hp_loss":0,"event_name":"Shining Light","floor":4,"gold_loss":0,"cards_upgraded":["Strike_B","Dualcast"]},{"damage_healed":0,"gold_gain":75,"player_choice":"Gather Gold","damage_taken":11,"max_hp_gain":0,"max_hp_loss":0,"event_name":"World of Goop","floor":7,"gold_loss":0},{"damage_healed":0,"gold_gain":0,"player_choice":"Searched \u00271\u0027 times","damage_taken":0,"max_hp_gain":0,"max_hp_loss":0,"event_name":"Dead Adventurer","floor":14,"gold_loss":0},{"damage_healed":0,"gold_gain":0,"player_choice":"Shed Blood","damage_taken":17,"max_hp_gain":5,"max_hp_loss":0,"event_name":"Forgotten Altar","floor":19,"gold_loss":0},{"damage_healed":0,"gold_gain":0,"player_choice":"1 cards matched","damage_taken":0,"max_hp_gain":0,"max_hp_loss":0,"event_name":"Match and Keep!","floor":28,"gold_loss":0,"cards_obtained":["Dramatic Entrance"]},{"damage_healed":0,"gold_gain":0,"player_choice":"Fight","damage_taken":0,"max_hp_gain":0,"max_hp_loss":0,"event_name":"MindBloom","floor":37,"gold_loss":0},{"damage_healed":0,"gold_gain":0,"player_choice":"Max HP","damage_taken":0,"max_hp_gain":0,"max_hp_loss":4,"event_name":"Winding Halls","floor":38,"gold_loss":0}],"is_beta":false,"boss_relics":[{"not_picked":["Runic Pyramid","Snecko Eye"],"picked":"Cursed Key"},{"not_picked":["Velvet Choker","Runic Dome"],"picked":"Busted Crown"}],"items_purged_floors":[21,30],"is_endless":false,"potions_floor_spawned":[1,13,20,24,25,29,33,35],"killed_by":"Giant Head","ascension_level":8}}