{"host":"flhjnb5sqrent16x","time":1612498421,"event":{"mods":["BaseMod","Downfall","Hermit","Marisa????????","Minty Spire (QoL Compilation)","StSLib","The Animator","The Cursed","The Hierophant","The Servant 0.9.4"],"gold_per_floor":[117,117,117,117,32,69,69,94,118,137,52,52,75,75,75,187,187,207,221,320,22,22,65,65,65,90,115,150,174,199,237,237,369,369,389,389,87,106,134,142,142],"floor_reached":40,"language":"ENG","playtime":7733,"items_purged":["animator:Strike_OnePunchMan"],"score":476,"play_id":"995ddb6a-b6f5-42ea-b8c0-fcb9489937d9","local_time":"20210204221341","is_ascension_mode":false,"campfire_choices":[{"data":"animator:Entoma+4","floor":7.0,"key":"SMITH"},{"floor":12.0,"key":"RECALL"},{"data":"animator:Entoma+8","floor":15.0,"key":"SMITH"},{"data":"animator:QuestionMark","floor":24.0,"key":"SMITH"},{"floor":32.0,"key":"REST"}],"circlet_count":0,"master_deck":["animator:Defend_Konosuba","animator:Kazuma","animator:Aqua","animator:Entoma+14","animator:Strike_Fate+1","animator:Strike_GoblinSlayer+1","animator:Defend_TenSura","animator:Defend_NoGameNoLife","animator:Defend_AccelWorld","animator:Chris","animator:Shuna","animator:Darkness","animator:QuestionMark+1","animator:SwordMaiden","animator:Shuna","animator:Tet","animator:GazelDwargon","animator:Kazuma+1","animator:CowGirl","animator:Demiurge","animator:Shion+1","animator:HigakiRinne","animator:Shizu","animator:LimeBell","animator:Lelouch","animator:Urushihara","animator:CowGirl","animator:Sebas"],"relics":["animator:LivingPicture","animator:TheMissingPiece","NeowsBlessing","Whetstone","Busted Crown","HandDrill","Nilry\u0027s Codex","animator:WornHelmet","Bronze Scales","Bottled Flame","animator:CursedBlade"],"acts_visited":["Exordium","TheCity","TheBeyond"],"potions_floor_usage":[39],"damage_taken":[{"damage":0.0,"enemies":"2 Louse","floor":1.0,"turns":1.0},{"damage":0.0,"enemies":"Lagavulin","floor":6.0,"turns":1.0},{"damage":0.0,"enemies":"Small Slimes","floor":8.0,"turns":1.0},{"damage":0.0,"enemies":"Jaw Worm","floor":10.0,"turns":4.0},{"damage":0.0,"enemies":"2 Fungi Beasts","floor":13.0,"turns":5.0},{"damage":16.0,"enemies":"The Guardian","floor":16.0,"turns":9.0},{"damage":2.0,"enemies":"Chosen","floor":18.0,"turns":5.0},{"damage":0.0,"enemies":"3 Byrds","floor":19.0,"turns":4.0},{"damage":31.0,"enemies":"Slavers","floor":23.0,"turns":8.0},{"damage":0.0,"enemies":"Cultist and Chosen","floor":27.0,"turns":9.0},{"damage":18.0,"enemies":"Book of Stabbing","floor":28.0,"turns":9.0},{"damage":0.0,"enemies":"Snake Plant","floor":29.0,"turns":4.0},{"damage":0.0,"enemies":"Centurion and Healer","floor":30.0,"turns":5.0},{"damage":2.0,"enemies":"Chosen and Byrds","floor":31.0,"turns":7.0},{"damage":55.0,"enemies":"Collector","floor":33.0,"turns":13.0},{"damage":15.0,"enemies":"Orb Walker","floor":35.0,"turns":4.0},{"damage":13,"enemies":"3 Darklings","floor":38,"turns":7},{"damage":26,"enemies":"Spire Growth","floor":39,"turns":4},{"damage":41,"enemies":"Giant Head","floor":40,"turns":7}],"seed_played":"-5636082450587854436","potions_obtained":[{"floor":1.0,"key":"animator:GrowthPotion"},{"floor":6.0,"key":"ColorlessPotion"},{"floor":27.0,"key":"LiquidMemories"},{"floor":28.0,"key":"Slimebound:ThreeZeroPotion"},{"floor":29.0,"key":"PowerPotion"},{"floor":30.0,"key":"GamblersBrew"},{"floor":38,"key":"champ:CounterPotion"}],"is_trial":false,"path_per_floor":["M","?","?","?","?","E","R","M","T","M","$","R","M","?","R","B",null,"M","M","?","$","?","E","R","?","T","M","E","M","M","M","R","B",null,"M","?","$","M","M","E"],"character_chosen":"THE_ANIMATOR","items_purchased":["animator:QuestionMark","animator:Tet","HandDrill","animator:Lelouch","animator:Urushihara","animator:CowGirl"],"campfire_rested":1,"item_purchase_floors":[11,21,21,37,37,37],"current_hp_per_floor":[66,66,53,53,53,55,55,57,57,62,62,62,66,59,59,47,77,75,79,79,79,63,37,37,25,25,29,17,19,26,26,51,4,86,73,73,73,62,38,0,0],"gold":142,"neow_bonus":"THREE_ENEMY_KILL","is_daily":false,"chose_seed":false,"campfire_upgraded":3,"win_rate":0.0,"timestamp":1612498421,"path_taken":["M","?","?","?","?","E","R","M","T","M","$","R","M","?","R","BOSS","M","M","?","$","?","E","R","?","T","?","E","M","M","M","R","BOSS","M","?","$","?","M","E"],"items_purchased_type":["Card","Card","Relic","Card","Card","Card"],"build_version":"2020-12-22","purchased_purges":1,"victory":false,"max_hp_per_floor":[66,66,66,66,66,68,68,70,70,73,73,73,75,75,75,77,77,77,79,79,79,79,82,82,82,82,84,84,84,84,84,84,86,86,86,86,86,86,86,86,86],"card_choices":[{"not_picked":["animator:MumenRider","animator:WinryRockbell"],"picked":"animator:Entoma","floor":1.0},{"not_picked":["animator:FielNirvalen","animator:Togame"],"picked":"animator:Chris","floor":6.0},{"not_picked":["animator:DolaRiku","animator:Shion"],"picked":"animator:Shuna","floor":8.0},{"not_picked":["animator:Kazuma","animator:Vanir"],"picked":"animator:Darkness","floor":10.0},{"not_picked":["animator:DolaRiku","animator:ZankiKiguchi","animator:Hakurou"],"picked":"SKIP","floor":13.0},{"not_picked":["animator:GoblinSlayer","animator:Sora"],"picked":"animator:SwordMaiden","floor":16.0},{"not_picked":[],"picked":"animator:Shuna","floor":18.0},{"not_picked":["animator:ElricAlphonse+1"],"picked":"SKIP","floor":19.0},{"not_picked":[],"picked":"animator:GazelDwargon","floor":23.0},{"not_picked":[],"picked":"animator:Kazuma+1","floor":27.0},{"not_picked":["animator:Hitei+1"],"picked":"SKIP","floor":28.0},{"not_picked":[],"picked":"animator:CowGirl","floor":29.0},{"not_picked":[],"picked":"animator:Demiurge","floor":30.0},{"not_picked":[],"picked":"animator:Shion+1","floor":31.0},{"not_picked":[],"picked":"animator:HigakiRinne","floor":33.0},{"not_picked":["animator:ChlammyZell"],"picked":"SKIP","floor":35.0},{"not_picked":["animator:ElricAlphonse"],"picked":"SKIP","floor":38},{"not_picked":[],"picked":"animator:Sebas","floor":39}],"player_experience":180649,"relics_obtained":[{"floor":6.0,"key":"Whetstone"},{"floor":22.0,"key":"Nilry\u0027s Codex"},{"floor":23.0,"key":"animator:WornHelmet"},{"floor":26.0,"key":"Bronze Scales"},{"floor":28.0,"key":"Bottled Flame"}],"event_choices":[{"damage_healed":0.0,"max_hp_gain":0.0,"max_hp_loss":0.0,"gold_gain":0.0,"event_name":"Living Wall","player_choice":"Grow","floor":2.0,"gold_loss":0.0,"damage_taken":0.0,"cards_upgraded":["animator:Entoma"]},{"damage_healed":0.0,"max_hp_gain":0.0,"max_hp_loss":0.0,"gold_gain":0.0,"event_name":"Shining Light","player_choice":"Entered Light","floor":3.0,"gold_loss":0.0,"damage_taken":13.0,"cards_upgraded":["animator:Entoma","animator:Strike"]},{"damage_healed":0.0,"max_hp_gain":0.0,"max_hp_loss":0.0,"gold_gain":0.0,"event_name":"Liars Game","player_choice":"Ignored","floor":4.0,"gold_loss":0.0,"damage_taken":0.0},{"cards_removed":["animator:Strike_Konosuba"],"damage_healed":0.0,"max_hp_gain":0.0,"max_hp_loss":0.0,"gold_gain":0.0,"event_name":"Golden Wing","player_choice":"Card Removal","floor":14.0,"gold_loss":0.0,"damage_taken":7.0},{"damage_healed":0.0,"max_hp_gain":0.0,"max_hp_loss":0.0,"gold_gain":99.0,"event_name":"Nest","player_choice":"Stole From Cult","floor":20.0,"gold_loss":0.0,"damage_taken":0.0},{"damage_healed":0.0,"max_hp_gain":0.0,"max_hp_loss":0.0,"gold_gain":0.0,"event_name":"Cursed Tome","player_choice":"Obtained Book","floor":22.0,"gold_loss":0.0,"damage_taken":16.0},{"damage_healed":0.0,"max_hp_gain":0.0,"max_hp_loss":0.0,"gold_gain":0.0,"event_name":"Knowing Skull","player_choice":"POTION ","floor":25.0,"potions_obtained":["Ancient Potion"],"gold_loss":0.0,"damage_taken":12.0,"cards_obtained":[]},{"damage_healed":0.0,"max_hp_gain":0.0,"max_hp_loss":0.0,"gold_gain":0.0,"event_name":"Match and Keep!","player_choice":"2 cards matched","floor":36.0,"gold_loss":0.0,"damage_taken":0.0,"cards_obtained":["animator:Shizu","animator:LimeBell"]}],"is_beta":false,"boss_relics":[{"not_picked":["Runic Dome","Fusion Hammer"],"picked":"Busted Crown"},{"not_picked":["Coffee Dripper","bronze:MakeshiftBattery"],"picked":"animator:CursedBlade"}],"items_purged_floors":[21],"is_endless":false,"potions_floor_spawned":[1,6,27,28,29,30,38],"killed_by":"Giant Head","ascension_level":0}}