{"host":"tyeg9214rgutn7tb","time":1612556488,"event":{"mods":["BaseMod","Colored Map","Custom Start","Downfall","Minty Spire (QoL Compilation)","StSLib"],"gold_per_floor":[99,118,22,39,39,53,53,53,65,75,103,118,118,148,158,158,158,158],"floor_reached":16,"language":"ENG","playtime":1155,"items_purged":[],"score":125,"play_id":"b57e062f-dfed-4129-abc8-1950beb7bdb5","local_time":"20210205212128","is_ascension_mode":true,"campfire_choices":[{"data":"hexamod:Float","floor":1.0,"key":"SMITH"},{"data":"hexamod:RadiantFlame","floor":8.0,"key":"SMITH"}],"circlet_count":0,"master_deck":["hexamod:Strike","hexamod:Strike","hexamod:Strike","hexamod:Strike","hexamod:Defend+1","hexamod:Defend","hexamod:Defend","hexamod:Defend+1","hexamod:Sear","hexamod:Float+1","hexamod:FastForward+1","hexamod:RadiantFlame+1","hexamod:RecurringNightmare","hexamod:GhostOfSpirePast","hexamod:SpectersWail","hexamod:ThirdSeal","hexamod:ThermalTransfer","hexamod:HauntingEcho"],"relics":["hexamod:SpiritBrand","Bird Faced Urn","Kunai","Nunchaku","Unceasing Top"],"acts_visited":["Exordium"],"potions_floor_usage":[10,15,16],"damage_taken":[{"damage":0.0,"enemies":"Cultist","floor":2.0,"turns":3.0},{"damage":0.0,"enemies":"downfall:FleeingMerchant","floor":3.0,"turns":4.0},{"damage":3.0,"enemies":"2 Louse","floor":4.0,"turns":2.0},{"damage":0.0,"enemies":"Small Slimes","floor":6.0,"turns":3.0},{"damage":0.0,"enemies":"Blue Slaver","floor":9.0,"turns":4.0},{"damage":20,"enemies":"Gremlin Gang","floor":10,"turns":7},{"damage":7,"enemies":"Gremlin Nob","floor":11,"turns":5},{"damage":19,"enemies":"Exordium Thugs","floor":12,"turns":4},{"damage":8,"enemies":"Lagavulin","floor":14,"turns":6},{"damage":0,"enemies":"3 Louse","floor":15,"turns":1},{"damage":20,"enemies":"DF_ARCHETYPE_STREAMLINE","floor":16,"turns":9}],"seed_played":"5505960386801757087","potions_obtained":[{"floor":6.0,"key":"SteroidPotion"},{"floor":9.0,"key":"GamblersBrew"},{"floor":11,"key":"Explosive Potion"},{"floor":12,"key":"BlessingOfTheForge"}],"is_trial":false,"path_per_floor":["R","M","$","M","?","M","T","R","M","M","E","M","?","E","M","B"],"character_chosen":"THE_SPIRIT","items_purchased":["hexamod:RadiantFlame"],"campfire_rested":0,"item_purchase_floors":[3],"current_hp_per_floor":[49,49,49,46,46,48,48,48,50,34,31,18,18,14,14,0,0,0],"gold":158,"neow_bonus":"ONE_RARE_RELIC","is_daily":false,"chose_seed":false,"campfire_upgraded":2,"win_rate":0.0,"timestamp":1612556488,"path_taken":["R","M","?","M","?","M","T","R","M","M","E","M","?","E","M","BOSS"],"items_purchased_type":["Card"],"build_version":"2020-12-22","purchased_purges":0,"victory":false,"max_hp_per_floor":[70,70,70,70,70,70,70,70,70,70,70,70,70,70,70,70,70,70],"card_choices":[{"not_picked":["hexamod:BurningTouch","hexamod:HeatMetal","hexamod:GhostLash"],"picked":"SKIP","floor":2.0},{"not_picked":["hexamod:HauntingEcho","hexamod:StepThrough"],"picked":"hexamod:FastForward","floor":3.0},{"not_picked":["hexamod:SuperheatedStrike","hexamod:NightmareStrike"],"picked":"hexamod:RecurringNightmare","floor":4.0},{"not_picked":["hexamod:BacktrackSmack","hexamod:SuperheatedStrike","hexamod:Again"],"picked":"SKIP","floor":6.0},{"not_picked":["hexamod:FlamesFromBeyond","hexamod:BurningTouch"],"picked":"hexamod:GhostOfSpirePast","floor":9.0},{"not_picked":["hexamod:AdvancingGuard","hexamod:GhostShield"],"picked":"hexamod:SpectersWail","floor":10},{"not_picked":["hexamod:AdvancingGuard","hexamod:SpectersWail"],"picked":"hexamod:ThirdSeal","floor":11},{"not_picked":["hexamod:PhantomCloak","hexamod:AdvancingGuard"],"picked":"hexamod:ThermalTransfer","floor":12},{"not_picked":["hexamod:Haunt","hexamod:NightmareGuise","hexamod:UnleashSpirits"],"picked":"SKIP","floor":12},{"not_picked":["hexamod:ShieldOfDarkness","hexamod:SpectersWail","hexamod:Toasty"],"picked":"SKIP","floor":14},{"not_picked":["hexamod:ShieldOfDarkness","hexamod:SpectersWail","hexamod:Toasty"],"picked":"SKIP","floor":14},{"not_picked":["hexamod:GhostLash","hexamod:BacktrackSmack"],"picked":"hexamod:HauntingEcho","floor":15}],"player_experience":724804,"relics_obtained":[{"floor":7.0,"key":"Kunai"},{"floor":11,"key":"Nunchaku"},{"floor":14,"key":"Unceasing Top"}],"event_choices":[{"cards_removed":["downfall:Malfunctioning"],"damage_healed":0,"gold_gain":0,"player_choice":"Forget","damage_taken":0,"max_hp_gain":0,"max_hp_loss":0,"event_name":"Living Wall","floor":13,"gold_loss":0}],"is_beta":false,"boss_relics":[],"items_purged_floors":[],"is_endless":false,"potions_floor_spawned":[6,9,11,12,14],"killed_by":"DF_ARCHETYPE_STREAMLINE","ascension_level":2}}