{"host":"8srk5r1dwtmjotwd","time":1612557148,"event":{"mods":["AchievementEnabler","Act Like it!","BaseMod","Beaked The Cultist","Bestiary","Better Note","Better Third Choice","Colored Map","Colored Powertips","Friendly Minions","GifTheSpireLib","Halation","Hallownest","Hermit","Hubris","Infinite Spire","Mimic Mod","Minty Spire (QoL Compilation)","Morshu Shopkeeper - ENHANCED","Quick Restart","Rare Cards Sparkle","Reliquary","Replay The Spire","Shop Mod","StSLib","SuperFastMode","Synergy Search","The Bug Knight","The Construct","The Cursed","Thieving Mod","Yohane!","everything is the same but u backflip on backflip","slay the spire mod where everything is the same but ironclad has a cowboy hat"],"gold_per_floor":[115,115,115,135,48,48,68,0,25,92,92,92,92,103,103,207,207,226,226,244,244,264,264,289,289,312,312,312,312],"floor_reached":28,"language":"ENG","playtime":1940,"items_purged":[],"score":224,"play_id":"f737a747-f675-4a92-903a-2d195ee7ce25","local_time":"20210205153228","is_ascension_mode":false,"campfire_choices":[{"data":"Jack Of All Trades","floor":6.0,"key":"SMITH"},{"data":"ReplayTheSpireMod:Muscle Training","floor":15.0,"key":"SMITH"},{"floor":23,"key":"REST"},{"floor":27,"key":"REST"}],"circlet_count":0,"master_deck":["Strike_R","Strike_R","Strike_R","Strike_R","Strike_R","Defend_R","Defend_R","Defend_R","Defend_R","Bash","True Grit","Thunderclap","Jack Of All Trades+1","Cleave","ReplayTheSpireMod:Muscle Training+1","Exhume","Yohane:Miracle_Wave+1","Yohane:Hell_Zone","HollowMod:LifebloodCocoon","Yohane:Prideful_Crash","infinitespire:Execution"],"relics":["Burning Blood","halation:PrussianBluePaint","halation:OrihimeAndHikoboshiSamaAndTears","Vajra","Blue Doll","Hallownest:DreamNailRelic","hubris:Backtick","PrismaticShard","halation:PinkSoulGem","Omamori","Brimstone","Centennial Puzzle"],"acts_visited":["Hallownest:Greenpath","TheCity"],"potions_floor_usage":[28],"damage_taken":[{"damage":6.0,"enemies":"Hallownest:2_MossCreeps","floor":1.0,"turns":5.0},{"damage":10.0,"enemies":"Hallownest:2_Tiktiks_and_1_Crawlid","floor":4.0,"turns":4.0},{"damage":5.0,"enemies":"Hallownest:2_Baldur","floor":7.0,"turns":3.0},{"damage":0.0,"enemies":"Hallownest:monsterAspidMother","floor":12.0,"turns":3.0},{"damage":12.0,"enemies":"Hallownest:1_Ooma_and_2_Uuma","floor":14.0,"turns":3.0},{"damage":73.0,"enemies":"Hallownest:BossFalseKnight","floor":16.0,"turns":7.0},{"damage":41,"enemies":"3 Byrds","floor":18,"turns":6},{"damage":11,"enemies":"Spheric Guardian","floor":20,"turns":3},{"damage":36,"enemies":"Centurion and Healer","floor":22,"turns":6},{"damage":26,"enemies":"Book of Stabbing","floor":24,"turns":4},{"damage":0,"enemies":"3 Cultists","floor":28,"turns":2}],"seed_played":"-5845437433182374458","potions_obtained":[{"floor":4.0,"key":"Toxic Potion"},{"floor":14.0,"key":"BloodPotion"},{"floor":18,"key":"HeartOfIron"}],"is_trial":false,"path_per_floor":["M","?","?","M","$","R","M","?","T","?","$","M","?","M","R","B",null,"M","?","M","HB","M","R","E","AVR","T","R","M"],"character_chosen":"IRONCLAD","items_purchased":["Jack Of All Trades"],"campfire_rested":2,"item_purchase_floors":[5],"current_hp_per_floor":[88,70,70,66,66,66,67,67,67,67,67,73,73,67,67,17,88,53,53,48,44,14,27,7,7,7,20,20,20],"gold":312,"neow_bonus":"TEN_PERCENT_HP_BONUS","is_daily":false,"chose_seed":false,"campfire_upgraded":2,"win_rate":0.0,"timestamp":1612557148,"path_taken":["M","?","?","M","?","R","?","?","T","?","$","M","?","?","R","BOSS","M","?","M","HB","M","R","E","AVR","T","R","M"],"items_purchased_type":["Card"],"build_version":"2020-12-22","purchased_purges":0,"victory":false,"max_hp_per_floor":[88,88,88,88,88,88,88,88,88,88,88,88,88,88,88,88,88,88,88,88,44,44,44,44,44,44,44,44,44],"card_choices":[{"not_picked":["Evolve","Headbutt"],"picked":"True Grit","floor":1.0},{"not_picked":["Reckless Charge","Bloodletting"],"picked":"Thunderclap","floor":4.0},{"not_picked":["Perfected Strike","Run Through","Rampage"],"picked":"SKIP","floor":7.0},{"not_picked":["Life Link","Headbutt"],"picked":"Cleave","floor":12.0},{"not_picked":["Warcry","Sword Boomerang"],"picked":"ReplayTheSpireMod:Muscle Training","floor":14.0},{"not_picked":["Eclipse","Immolate"],"picked":"Exhume","floor":16.0},{"not_picked":["TheCursedMod:SpitefulPray","TheCursedMod:PrepareRite+1"],"picked":"Yohane:Miracle_Wave+1","floor":18},{"not_picked":["Leap","BattleHymn"],"picked":"Yohane:Hell_Zone","floor":20},{"not_picked":["HollowMod:RecoilStrike","Adaptation"],"picked":"HollowMod:LifebloodCocoon","floor":22},{"not_picked":["TheCursedMod:RavingStaff+1","HollowMod:SoulSplash"],"picked":"Yohane:Prideful_Crash","floor":24}],"player_experience":110285,"relics_obtained":[{"floor":9.0,"key":"Blue Doll"},{"floor":24,"key":"Omamori"},{"floor":26,"key":"Centennial Puzzle"}],"event_choices":[],"is_beta":false,"boss_relics":[{"not_picked":["Astrolabe","beaked:MawFillet"],"picked":"hubris:Backtick"}],"items_purged_floors":[],"is_endless":false,"potions_floor_spawned":[4,14,18],"killed_by":"3 Cultists","ascension_level":0}}