{"host":"eaiphzh066bwqdh7","time":1612492145,"event":{"mods":["BaseMod","Better Note","Halation","Hubris","Minty Spire (QoL Compilation)","Reliquary","Replay The Spire","StSLib"],"gold_per_floor":[109,122,122,139,139,139,139,176,176,176,176,101,160,160,249,344,344,385,28,46,46,90,90,109,24,49,49,49,76,76,76,76,175,175,224,224,264,20,20,20],"floor_reached":39,"language":"ENG","playtime":1114,"items_purged":["Defend_P","Defend_P"],"score":681,"play_id":"bd12502c-c909-400a-a878-e72b3207bae8","local_time":"20210204212905","is_ascension_mode":true,"campfire_choices":[{"floor":6,"key":"REST"},{"data":"Devotion","floor":23,"key":"SMITH"},{"floor":27,"key":"REST"},{"data":"Brilliance","floor":30,"key":"SMITH"},{"data":"Wish","floor":32,"key":"SMITH"}],"circlet_count":0,"master_deck":["Strike_P","Strike_P","Strike_P","Strike_P","Defend_P","Defend_P","Eruption","Vigilance","Prostrate","Prostrate","Wish+1","Devotion+1","Brilliance+1","Prostrate","PathToVictory+1","Prostrate","PathToVictory+1"],"relics":["PureWater","Prayer Wheel","hubris:Towel","Replay:WaspNest","halation:OrihimeAndHikoboshiSamaAndTears","reliquary:PrincelyHelmet","halation:BottledLove","reliquary:PurpleTingedLeaf","Replay:Wax Seal","Replay:Baseball","reliquary:MudwinsCradle","halation:EternalFortune","Mercury Hourglass"],"acts_visited":["Exordium","TheCity","TheBeyond"],"potions_floor_usage":[4,22,22,35,35],"damage_taken":[{"damage":0,"enemies":"Small Slimes","floor":1,"turns":5},{"damage":10,"enemies":"2 Louse","floor":2,"turns":5},{"damage":0,"enemies":"Cultist","floor":4,"turns":2},{"damage":0,"enemies":"Large Slime","floor":8,"turns":6},{"damage":12,"enemies":"Lagavulin","floor":13,"turns":6},{"damage":21,"enemies":"Slime Boss","floor":16,"turns":5},{"damage":17,"enemies":"Spheric Guardian","floor":18,"turns":4},{"damage":0,"enemies":"Shell Parasite","floor":20,"turns":4},{"damage":0,"enemies":"3 Cultists","floor":22,"turns":3},{"damage":8,"enemies":"Shelled Parasite and Fungi","floor":24,"turns":4},{"damage":6,"enemies":"Book of Stabbing","floor":29,"turns":3},{"damage":29,"enemies":"Pondfish","floor":33,"turns":5},{"damage":28,"enemies":"Orb Walker","floor":35,"turns":4},{"damage":43,"enemies":"3 Shapes","floor":37,"turns":4},{"damage":11,"enemies":"Sphere and 2 Shapes","floor":39,"turns":4}],"seed_played":"-1044397730886320760","potions_obtained":[{"floor":2,"key":"Explosive Potion"},{"floor":13,"key":"Toxic Potion"},{"floor":16,"key":"LiquidMemories"},{"floor":22,"key":"Energy Potion"},{"floor":33,"key":"AttackPotion"},{"floor":37,"key":"BottledMiracle"}],"is_trial":false,"path_per_floor":["M","M","?","M","?","R","?","M","T","?","T","$","E","?","R","B",null,"M","$","M","$","M","R","M","?","T","R","?","E","R","?","R","B",null,"M","?","M","$","M"],"character_chosen":"WATCHER","items_purchased":["reliquary:PurpleTingedLeaf","Mercury Hourglass"],"campfire_rested":2,"item_purchase_floors":[19,38],"current_hp_per_floor":[51,41,44,44,44,66,66,66,66,54,54,54,42,42,42,21,75,58,58,60,60,62,62,54,54,54,75,75,72,72,72,72,45,75,47,50,9,9,0,0],"gold":20,"neow_bonus":"ONE_RARE_RELIC","is_daily":false,"chose_seed":false,"campfire_upgraded":3,"win_rate":0.0,"timestamp":1612492145,"path_taken":["M","M","?","M","?","R","?","?","T","?","?","$","E","?","R","BOSS","M","$","M","$","M","R","M","?","T","R","?","E","R","?","R","BOSS","M","?","M","$","M"],"items_purchased_type":["Relic","Relic"],"build_version":"2020-12-22","purchased_purges":2,"victory":false,"max_hp_per_floor":[72,72,75,75,75,75,75,75,75,75,75,75,75,75,75,75,75,75,75,75,75,75,75,75,75,75,75,75,75,75,75,75,75,75,75,78,78,78,78,78],"card_choices":[{"not_picked":["Crescendo","Replay:Hum"],"picked":"Prostrate","floor":1},{"not_picked":["Replay:ManipulateFuture","InnerPeace"],"picked":"Prostrate","floor":1},{"not_picked":["EmptyFist","Adaptation","Replay:AllIn"],"picked":"SKIP","floor":2},{"not_picked":["Halt","Adaptation","Replay:AtTheReady"],"picked":"SKIP","floor":2},{"not_picked":["Meditate","WindmillStrike","Replay:BluntJabs"],"picked":"SKIP","floor":4},{"not_picked":["FlyingSleeves","Replay:Battleflow","Crescendo"],"picked":"SKIP","floor":4},{"not_picked":["Replay:Anticipation","Protect"],"picked":"Devotion","floor":8},{"not_picked":["SashWhip","Replay:Vibes","Evaluate"],"picked":"SKIP","floor":8},{"not_picked":["EmptyFist","FlurryOfBlows","SandsOfTime"],"picked":"SKIP","floor":13},{"not_picked":["LessonLearned","MasterReality"],"picked":"Brilliance","floor":16},{"not_picked":["Collect","Establishment"],"picked":"Prostrate","floor":18},{"not_picked":["WheelKick+1","ForeignInfluence","Replay:ManipulateFuture"],"picked":"SKIP","floor":18},{"not_picked":["Weave","Consecrate"],"picked":"PathToVictory+1","floor":20},{"not_picked":["Replay:BluntJabs","SashWhip","FollowUp"],"picked":"SKIP","floor":20},{"not_picked":["FlyingSleeves","ThirdEye","Protect"],"picked":"SKIP","floor":22},{"not_picked":["MasterReality","JustLucky+1","EmptyFist"],"picked":"SKIP","floor":22},{"not_picked":["Collect","FlurryOfBlows"],"picked":"Prostrate","floor":24},{"not_picked":["LikeWater","Evaluate","ClearTheMind+1"],"picked":"SKIP","floor":24},{"not_picked":["Meditate","CrushJoints+1","Replay:Cycle"],"picked":"SKIP","floor":29},{"not_picked":["Fasting2","Wallop","FlurryOfBlows"],"picked":"SKIP","floor":35},{"not_picked":["SashWhip","CutThroughFate","ThirdEye"],"picked":"SKIP","floor":35},{"not_picked":["FearNoEvil+1","CutThroughFate+1"],"picked":"PathToVictory+1","floor":37},{"not_picked":["WindmillStrike","Meditate+1","InnerPeace"],"picked":"SKIP","floor":37}],"player_experience":256102,"relics_obtained":[{"floor":9,"key":"Replay:WaspNest"},{"floor":11,"key":"reliquary:PrincelyHelmet"},{"floor":13,"key":"halation:BottledLove"},{"floor":26,"key":"Replay:Baseball"},{"floor":29,"key":"reliquary:MudwinsCradle"}],"event_choices":[{"damage_healed":0,"gold_gain":0,"player_choice":"1 cards matched","damage_taken":0,"max_hp_gain":0,"max_hp_loss":0,"event_name":"Match and Keep!","floor":7,"gold_loss":0,"cards_obtained":["Wish"]},{"damage_healed":0,"gold_gain":0,"player_choice":"Success","damage_taken":12,"relics_obtained":["halation:OrihimeAndHikoboshiSamaAndTears"],"max_hp_gain":0,"max_hp_loss":0,"event_name":"Scrap Ooze","floor":10,"gold_loss":0},{"damage_healed":0,"gold_gain":0,"player_choice":"Ignored","damage_taken":0,"max_hp_gain":0,"max_hp_loss":0,"event_name":"Liars Game","floor":14,"gold_loss":0},{"damage_healed":0,"gold_gain":0,"player_choice":"Obtained Relic","damage_taken":0,"relics_obtained":["Replay:Wax Seal"],"max_hp_gain":0,"max_hp_loss":0,"event_name":"Addict","floor":25,"gold_loss":85},{"damage_healed":0,"gold_gain":0,"player_choice":"Ignored","damage_taken":0,"max_hp_gain":0,"max_hp_loss":0,"event_name":"Cursed Tome","floor":31,"gold_loss":0}],"is_beta":false,"boss_relics":[{"not_picked":["halation:ForbiddenBikini","Sozu","Replay:Bronze Core"]},{"not_picked":["halation:Risk","hubris:GrandSneckoEye","Abe\u0027s Treasure"]}],"items_purged_floors":[12,19],"is_endless":false,"potions_floor_spawned":[2,13,16,22,33,37],"killed_by":"Sphere and 2 Shapes","ascension_level":3}}