{"host":"oj1wqp41zfsetb5p","time":1612522551,"event":{"mods":["AchievementEnabler","BaseMod","Colored Map","Minty Spire (QoL Compilation)","Relic Stats","StSLib"],"gold_per_floor":[211,231,156,170,36,69,69,96,119,146,216,230,195,219,219,219,219],"floor_reached":16,"language":"ENG","playtime":1553,"items_purged":["Strike_G","Defend_G"],"score":136,"play_id":"0ca94b8a-67d3-4b41-a637-ef76a6fb7439","local_time":"20210205215551","is_ascension_mode":true,"campfire_choices":[{"data":"Survivor","floor":7,"key":"SMITH"},{"data":"Terror","floor":15,"key":"SMITH"}],"circlet_count":0,"master_deck":["Strike_G","Strike_G","Strike_G","Strike_G","Defend_G","Defend_G","Defend_G","Defend_G","Survivor+1","Neutralize","All Out Attack","Acrobatics","Well Laid Plans","Terror+1","Backflip","Crippling Poison"],"relics":["Ring of the Snake","Toy Ornithopter","Lantern","Dream Catcher","Snake Skull","MealTicket"],"acts_visited":["Exordium"],"potions_floor_usage":[12,16,16],"damage_taken":[{"damage":0,"enemies":"2 Louse","floor":1,"turns":2},{"damage":0,"enemies":"Small Slimes","floor":2,"turns":3},{"damage":0,"enemies":"Jaw Worm","floor":4,"turns":3},{"damage":28,"enemies":"Gremlin Nob","floor":6,"turns":5},{"damage":7,"enemies":"Lagavulin","floor":8,"turns":9},{"damage":11,"enemies":"3 Sentries","floor":10,"turns":9},{"damage":0,"enemies":"Exordium Thugs","floor":12,"turns":4},{"damage":56,"enemies":"Slime Boss","floor":16,"turns":10}],"seed_played":"8980047391302952603","potions_obtained":[{"floor":4,"key":"FearPotion"},{"floor":10,"key":"AttackPotion"},{"floor":12,"key":"GamblersBrew"}],"is_trial":false,"path_per_floor":["M","M","$","M","$","E","R","E","T","E","?","M","?","T","R","B"],"character_chosen":"THE_SILENT","items_purchased":["Terror"],"campfire_rested":0,"item_purchase_floors":[5],"current_hp_per_floor":[70,70,70,70,70,42,42,35,35,24,24,29,46,46,46,0,0],"gold":219,"neow_bonus":"HUNDRED_GOLD","is_daily":false,"chose_seed":false,"campfire_upgraded":2,"win_rate":0.0,"timestamp":1612522551,"path_taken":["M","M","$","M","$","E","R","E","T","E","?","M","?","?","R","BOSS"],"items_purchased_type":["Card"],"build_version":"2020-12-22","purchased_purges":2,"victory":false,"max_hp_per_floor":[70,70,70,70,70,70,70,70,70,70,70,70,70,70,70,70,70],"relic_stats":{"Dream Catcher":0,"counters":[8,45],"MealTicket":0,"Snake Skull":[4],"obtain_stats":[{"Lantern":8,"Dream Catcher":9,"MealTicket":14,"Snake Skull":10,"Toy Ornithopter":6,"Ring of the Snake":0},{"Lantern":5,"Dream Catcher":5,"MealTicket":7,"Snake Skull":6,"Toy Ornithopter":4,"Ring of the Snake":0},{"Lantern":22,"Dream Catcher":22,"MealTicket":35,"Snake Skull":31,"Toy Ornithopter":13,"Ring of the Snake":0}],"Toy Ornithopter":15,"Ring of the Snake":[16]},"card_choices":[{"not_picked":["Backflip","Flying Knee"],"picked":"All Out Attack","floor":1},{"not_picked":["Blade Dance","Masterful Stab"],"picked":"Acrobatics","floor":2},{"not_picked":["Cloak And Dagger","Skewer"],"picked":"Well Laid Plans","floor":4},{"not_picked":["Quick Slash","Predator"],"picked":"Backflip","floor":6},{"not_picked":["Prepared","Outmaneuver","Storm of Steel"],"picked":"SKIP","floor":8},{"not_picked":["Backflip","Prepared"],"picked":"Crippling Poison","floor":10},{"not_picked":["Dash","Dagger Spray","Quick Slash"],"picked":"SKIP","floor":12}],"player_experience":171745,"relics_obtained":[{"floor":6,"key":"Toy Ornithopter"},{"floor":8,"key":"Lantern"},{"floor":9,"key":"Dream Catcher"},{"floor":10,"key":"Snake Skull"},{"floor":14,"key":"MealTicket"}],"event_choices":[{"damage_healed":0,"gold_gain":70,"player_choice":"Gained Gold","damage_taken":0,"max_hp_gain":0,"max_hp_loss":0,"event_name":"Golden Wing","floor":11,"gold_loss":0},{"damage_healed":17,"gold_gain":0,"player_choice":"Healed","damage_taken":0,"max_hp_gain":0,"max_hp_loss":0,"event_name":"The Cleric","floor":13,"gold_loss":35}],"is_beta":false,"boss_relics":[],"items_purged_floors":[3,5],"is_endless":false,"potions_floor_spawned":[4,10,12],"killed_by":"Slime Boss","ascension_level":3}}