{"host":"odhb85ppoyjrwi3n","time":1612560226,"event":{"mods":["BaseMod","Better Third Choice","BetterRewards","Bossed Relics","Minty Spire (QoL Compilation)","Quick Restart","StSLib"],"gold_per_floor":[112,2,0,0,0,34,57,57,57,57,75,95,95,126,126,252,252,271,294,394,415,431,431,470,470,470,503,418,418,456,481,481,611,611,626,626,626,642,656,656,700,700,700,724,724,44,64,77,77,77],"floor_reached":51,"language":"ENG","playtime":3057,"items_purged":["Strike_G","Strike_G"],"score":817,"play_id":"c812aa08-59d1-4591-970c-74844dd2bf4b","local_time":"20210205222346","is_ascension_mode":true,"campfire_choices":[{"floor":13,"key":"REST"},{"floor":15,"key":"REST"},{"floor":23,"key":"REST"},{"floor":25,"key":"REST"},{"floor":29,"key":"REST"},{"floor":32,"key":"REST"},{"floor":40,"key":"REST"},{"floor":42,"key":"REST"},{"floor":49,"key":"REST"}],"circlet_count":0,"master_deck":["Strike_G","Strike_G","Strike_G","Defend_G","Defend_G","Defend_G","Defend_G","Defend_G","Survivor","Neutralize","Terror","Outmaneuver","Cloak And Dagger","Accuracy","Catalyst+1","Infinite Blades","Deadly Poison+1","Storm of Steel","Madness","Madness","Accuracy","Footwork","Cloak And Dagger"],"relics":["Ring of the Serpent","NeowsBlessing","betterThird:SlimedRelic","Golden Idol","Meat on the Bone","Kunai","Vajra","Art of War","StoneCalendar","Bag of Preparation","Gambling Chip","Oddly Smooth Stone","PreservedInsect","Paper Crane","Busted Crown","Incense Burner","Gremlin Horn","Toolbox","Bag of Marbles","InkBottle"],"acts_visited":["Exordium","TheCity","TheBeyond"],"potions_floor_usage":[11,14,18,22,24,33,39,39,39,41,50],"damage_taken":[{"damage":0,"enemies":"Cultist","floor":1,"turns":1},{"damage":0,"enemies":"3 Sentries","floor":6,"turns":1},{"damage":0,"enemies":"2 Louse","floor":7,"turns":1},{"damage":6,"enemies":"Small Slimes","floor":11,"turns":3},{"damage":18,"enemies":"Exordium Thugs","floor":12,"turns":6},{"damage":13,"enemies":"Lagavulin","floor":14,"turns":5},{"damage":12,"enemies":"The Guardian","floor":16,"turns":11},{"damage":4,"enemies":"Shell Parasite","floor":18,"turns":5},{"damage":2,"enemies":"Chosen","floor":19,"turns":4},{"damage":6,"enemies":"Snecko","floor":21,"turns":7},{"damage":19,"enemies":"Centurion and Healer","floor":22,"turns":6},{"damage":55,"enemies":"Slavers","floor":24,"turns":7},{"damage":15,"enemies":"Gremlin Leader","floor":27,"turns":8},{"damage":20,"enemies":"Book of Stabbing","floor":30,"turns":5},{"damage":7,"enemies":"Cultist and Chosen","floor":31,"turns":7},{"damage":28,"enemies":"Automaton","floor":33,"turns":8},{"damage":6,"enemies":"Orb Walker","floor":35,"turns":2},{"damage":17,"enemies":"3 Shapes","floor":38,"turns":6},{"damage":17,"enemies":"Sphere and 2 Shapes","floor":39,"turns":4},{"damage":9,"enemies":"Giant Head","floor":41,"turns":6},{"damage":6,"enemies":"Spire Growth","floor":44,"turns":5},{"damage":9,"enemies":"Jaw Worm Horde","floor":47,"turns":5},{"damage":16,"enemies":"Sphere and 2 Shapes","floor":48,"turns":5},{"damage":25,"enemies":"Time Eater","floor":50,"turns":13}],"seed_played":"-4247121641026026468","potions_obtained":[{"floor":1,"key":"ColorlessPotion"},{"floor":7,"key":"Explosive Potion"},{"floor":12,"key":"PowerPotion"},{"floor":16,"key":"Fire Potion"},{"floor":18,"key":"Explosive Potion"},{"floor":21,"key":"GamblersBrew"},{"floor":24,"key":"FearPotion"},{"floor":31,"key":"LiquidMemories"},{"floor":33,"key":"SpeedPotion"},{"floor":35,"key":"ColorlessPotion"},{"floor":39,"key":"EssenceOfSteel"},{"floor":48,"key":"BlessingOfTheForge"}],"is_trial":false,"path_per_floor":["M","$","?","?","?","E","M","$","T","?","M","M","R","E","R","B",null,"M","M","?","M","M","R","E","R","T","E","?","R","E","M","R","B",null,"M","?","?","M","M","R","E","R","T","M","?","$","M","M","R","B",null],"character_chosen":"THE_SILENT","items_purchased":["Terror","Toolbox","Footwork","Bag of Marbles","InkBottle"],"campfire_rested":9,"item_purchase_floors":[2,46,46,46,46],"current_hp_per_floor":[70,70,59,42,42,42,42,42,42,17,23,17,38,37,58,46,70,66,64,64,58,39,60,17,38,38,35,35,56,36,41,62,46,70,64,55,55,38,33,54,45,66,66,60,60,60,51,47,68,43],"gold":77,"neow_bonus":"THREE_ENEMY_KILL","is_daily":false,"chose_seed":false,"campfire_upgraded":0,"win_rate":0.0,"timestamp":1612560226,"path_taken":["M","$","?","?","?","E","?","$","T","?","M","M","R","E","R","BOSS","M","M","?","?","M","R","E","R","T","E","?","R","E","M","R","BOSS","M","?","?","M","?","R","E","R","T","M","?","$","?","M","R","BOSS"],"items_purchased_type":["Card","Relic","Card","Relic","Relic"],"build_version":"2020-12-22","purchased_purges":2,"victory":true,"max_hp_per_floor":[70,70,70,70,70,70,70,70,70,70,70,70,70,70,70,70,70,70,70,70,70,70,70,70,70,70,70,70,70,70,70,70,70,70,70,70,70,70,70,70,70,70,70,70,70,70,70,70,70,70],"card_choices":[{"not_picked":["Flying Knee","Deflect"],"picked":"Bouncing Flask","floor":1},{"not_picked":["Concentrate","Sucker Punch"],"picked":"Outmaneuver","floor":6},{"not_picked":["Distraction","Leg Sweep"],"picked":"Cloak And Dagger","floor":7},{"not_picked":["Terror","Distraction","Crippling Poison"],"picked":"SKIP","floor":11},{"not_picked":["Deflect","Concentrate"],"picked":"Accuracy","floor":12},{"not_picked":["Riddle With Holes","Dodge and Roll","Sucker Punch"],"picked":"SKIP","floor":14},{"not_picked":["PiercingWail","Heel Hook+1"],"picked":"Catalyst+1","floor":18},{"not_picked":["Bane","Dash","Dodge and Roll"],"picked":"SKIP","floor":19},{"not_picked":["Poisoned Stab","Crippling Poison","Terror"],"picked":"SKIP","floor":21},{"not_picked":["Underhanded Strike","Poisoned Stab"],"picked":"Infinite Blades","floor":22},{"not_picked":["PiercingWail","Dodge and Roll","Dagger Spray"],"picked":"SKIP","floor":24},{"not_picked":["Quick Slash+1","Flying Knee+1"],"picked":"Deadly Poison+1","floor":27},{"not_picked":["Dagger Throw","Acrobatics+1","Blur"],"picked":"SKIP","floor":30},{"not_picked":["Tactician","PiercingWail","All Out Attack"],"picked":"SKIP","floor":31},{"not_picked":["A Thousand Cuts","Night Terror"],"picked":"Storm of Steel","floor":33},{"not_picked":["Masterful Stab"],"picked":"SKIP","floor":35},{"not_picked":["Calculated Gamble"],"picked":"SKIP","floor":38},{"not_picked":["All Out Attack"],"picked":"SKIP","floor":39},{"not_picked":["Underhanded Strike"],"picked":"SKIP","floor":41},{"not_picked":["Underhanded Strike+1"],"picked":"SKIP","floor":44},{"not_picked":["Calculated Gamble"],"picked":"SKIP","floor":47},{"not_picked":[],"picked":"Cloak And Dagger","floor":48}],"player_experience":130989,"relics_obtained":[{"floor":6,"key":"Kunai"},{"floor":9,"key":"Vajra"},{"floor":14,"key":"StoneCalendar"},{"floor":24,"key":"Bag of Preparation"},{"floor":26,"key":"Gambling Chip"},{"floor":27,"key":"Oddly Smooth Stone"},{"floor":30,"key":"Paper Crane"},{"floor":41,"key":"Incense Burner"},{"floor":43,"key":"Gremlin Horn"}],"event_choices":[{"damage_healed":0,"gold_gain":0,"player_choice":"Slimed","damage_taken":11,"max_hp_gain":0,"max_hp_loss":0,"event_name":"betterThird:BetterGoop","floor":3,"gold_loss":2},{"damage_healed":0,"gold_gain":0,"player_choice":"Take Damage","damage_taken":17,"relics_obtained":["Golden Idol"],"max_hp_gain":0,"max_hp_loss":0,"event_name":"Golden Idol","floor":4,"gold_loss":0},{"damage_healed":0,"gold_gain":0,"player_choice":"Gave Potion","damage_taken":0,"relics_obtained":["Meat on the Bone"],"max_hp_gain":0,"max_hp_loss":0,"event_name":"WeMeetAgain","floor":5,"gold_loss":0},{"damage_healed":0,"gold_gain":0,"player_choice":"Relic ","damage_taken":25,"max_hp_gain":0,"max_hp_loss":0,"event_name":"betterThird:BetterScrap","floor":10,"gold_loss":0,"cards_obtained":["Offering"]},{"damage_healed":0,"gold_gain":100,"player_choice":"Pray","damage_taken":0,"max_hp_gain":0,"max_hp_loss":0,"event_name":"Golden Shrine","floor":20,"gold_loss":0},{"damage_healed":0,"gold_gain":0,"player_choice":"Obtained Relic","damage_taken":0,"relics_obtained":["PreservedInsect"],"max_hp_gain":0,"max_hp_loss":0,"event_name":"Addict","floor":28,"gold_loss":85},{"damage_healed":0,"gold_gain":0,"player_choice":"Embrace Madness","damage_taken":9,"max_hp_gain":0,"max_hp_loss":0,"event_name":"Winding Halls","floor":36,"gold_loss":0,"cards_obtained":["Madness","Madness"]},{"damage_healed":0,"gold_gain":0,"player_choice":"Copied","damage_taken":0,"max_hp_gain":0,"max_hp_loss":0,"event_name":"Duplicator","floor":37,"gold_loss":0,"cards_obtained":["Accuracy"]},{"cards_removed":["Bouncing Flask"],"damage_healed":0,"gold_gain":0,"player_choice":"Purged","damage_taken":0,"max_hp_gain":0,"max_hp_loss":0,"event_name":"Purifier","floor":45,"gold_loss":0}],"is_beta":false,"boss_relics":[{"not_picked":["Cursed Key","Astrolabe"],"picked":"Ring of the Serpent"},{"not_picked":["SlaversCollar","Empty Cage"],"picked":"Busted Crown"}],"items_purged_floors":[2,46],"is_endless":false,"potions_floor_spawned":[1,7,12,16,18,21,24,31,33,35,39,48],"ascension_level":2}}