{"host":"344lv32hnei0mdhu","time":1612561011,"event":{"mods":["Act Like it!","BaseMod","Better Match","Better Sensory Stone","Better Skull","Better Third Choice","Better Vampires","Colored Powertips","Highlight Path","Minty Spire (QoL Compilation)","Quick Restart","Random Character Button","Rare Cards Sparkle","StSLib"],"gold_per_floor":[118,118,118,118,143,143,168,201,201,232,232,32,67,92,92,92,92],"floor_reached":16,"language":"ENG","playtime":432,"items_purged":[],"score":206,"play_id":"0f087729-7abc-4db6-872e-f5091b1142dd","local_time":"20210205153651","is_ascension_mode":true,"campfire_choices":[{"data":"Tantrum","floor":6,"key":"SMITH"},{"floor":11,"key":"REST"},{"data":"Ragnarok","floor":15,"key":"SMITH"}],"circlet_count":0,"master_deck":["AscendersBane","Strike_P","Strike_P","Strike_P","Strike_P","Defend_P","Defend_P","Defend_P","Defend_P","Eruption+1","Vigilance","Tantrum+1","Fasting2","CarveReality","Adaptation","Wallop","Ragnarok+1","DeceiveReality","Evaluate","TalkToTheHand"],"relics":["PureWater","NeowsBlessing","Golden Idol","Thread and Needle","TeardropLocket","Odd Mushroom"],"acts_visited":["Exordium"],"potions_floor_usage":[10,13,13],"damage_taken":[{"damage":0,"enemies":"Small Slimes","floor":1,"turns":1},{"damage":0,"enemies":"2 Louse","floor":5,"turns":1},{"damage":0,"enemies":"Jaw Worm","floor":7,"turns":1},{"damage":32,"enemies":"3 Sentries","floor":8,"turns":5},{"damage":0,"enemies":"Lagavulin","floor":10,"turns":4},{"damage":0,"enemies":"The Mushroom Lair","floor":13,"turns":2},{"damage":16,"enemies":"3 Louse","floor":14,"turns":4},{"damage":20,"enemies":"The Guardian","floor":16,"turns":5}],"seed_played":"6275657605040217117","potions_obtained":[{"floor":5,"key":"FearPotion"},{"floor":7,"key":"BottledMiracle"},{"floor":10,"key":"BottledMiracle"}],"is_trial":false,"path_per_floor":["M","?","?","?","M","R","M","E","T","E","R","$","?","M","R","B"],"character_chosen":"WATCHER","items_purchased":["Ragnarok","DeceiveReality"],"campfire_rested":1,"item_purchase_floors":[12,12],"current_hp_per_floor":[65,65,47,47,47,47,47,15,15,15,36,36,36,20,20,0,0],"gold":92,"neow_bonus":"THREE_ENEMY_KILL","is_daily":false,"chose_seed":false,"campfire_upgraded":2,"win_rate":0.0,"timestamp":1612561011,"path_taken":["M","?","?","?","M","R","M","E","T","E","R","$","?","?","R","BOSS"],"items_purchased_type":["Card","Card"],"build_version":"2020-12-22","purchased_purges":0,"victory":false,"max_hp_per_floor":[72,72,72,72,72,72,72,72,72,72,72,72,72,72,72,72,72],"card_choices":[{"not_picked":["EmptyFist","FlyingSleeves"],"picked":"Tantrum","floor":1},{"not_picked":["Perseverance","Collect"],"picked":"Fasting2","floor":5},{"not_picked":["EmptyBody","Prostrate"],"picked":"CarveReality","floor":7},{"not_picked":["Study","Meditate"],"picked":"Adaptation","floor":8},{"not_picked":["Prostrate","Halt"],"picked":"Wallop","floor":10},{"not_picked":["Indignation","CrushJoints"],"picked":"Evaluate","floor":13},{"not_picked":["EmptyBody","Protect"],"picked":"TalkToTheHand","floor":14}],"player_experience":407161,"relics_obtained":[{"floor":8,"key":"Thread and Needle"},{"floor":10,"key":"TeardropLocket"},{"floor":13,"key":"Odd Mushroom"}],"event_choices":[{"damage_healed":0,"gold_gain":0,"player_choice":"Ignored","damage_taken":0,"max_hp_gain":0,"max_hp_loss":0,"event_name":"Golden Wing","floor":2,"gold_loss":0},{"damage_healed":0,"gold_gain":0,"player_choice":"Take Damage","damage_taken":18,"relics_obtained":["Golden Idol"],"max_hp_gain":0,"max_hp_loss":0,"event_name":"Golden Idol","floor":3,"gold_loss":0},{"damage_healed":0,"gold_gain":0,"player_choice":"Grow","damage_taken":0,"max_hp_gain":0,"max_hp_loss":0,"event_name":"Living Wall","floor":4,"gold_loss":0,"cards_upgraded":["Eruption"]},{"damage_healed":0,"gold_gain":0,"player_choice":"Fought Mushrooms","damage_taken":0,"max_hp_gain":0,"max_hp_loss":0,"event_name":"Mushrooms","floor":13,"gold_loss":0}],"is_beta":false,"boss_relics":[],"items_purged_floors":[],"is_endless":false,"potions_floor_spawned":[5,7,10],"killed_by":"The Guardian","ascension_level":11}}