{"host":"g1qzxxy7a24sg3a3","time":1612509570,"event":{"mods":["ATMod(阿瑾Mod)","Act Like it!","Arknights","BaseMod","Custom Start","Gensokyo","GungeonMod","Hallownest","Lobotomy","LobotomyExtend","Minty Spire (QoL Compilation)","MostiFishMod","Pale of the Ancients","Replay The Spire","SOS（斯巴达之子）","Shop Mod","Spicy Shops","StSLib","TestMod","The Administrix","The Bug Knight","Waifu the Spire","WarShipGirlsR/战舰少女R mod","【遗物卡牌】REMEMod","残留之物"],"gold_per_floor":[116,116,41,60,77,77,110,110,135,148,164,186,199,209,209,304,304,915,927,945,694,707,733,733,733,733,832,479,504,518,518,518,623,623,641,316,316,326,337,337,410,442,442,442,442,460,460,460,460,478,478,478,478,478,478,176,131,66],"floor_reached":59,"language":"ZHS","playtime":2757,"items_purged":["Regret","Strike_R","Strike_R","Defend_R","Strike_R"],"score":1772,"play_id":"1dd8c872-b05c-45ec-acd2-966b57795f31","local_time":"20210205151930","is_ascension_mode":true,"campfire_choices":[{"data":"AT_FamilyPortrait","floor":6,"key":"SMITH"},{"data":"Barricade","floor":8,"key":"SMITH"},{"data":"MostiFishMod:#F4004","floor":15,"key":"SMITH"},{"floor":24,"key":"RECALL"},{"data":"PlaceholderMod:MultiReaction","floor":40,"key":"SMITH"},{"data":"MostiFishMod:CullingBlade","floor":47,"key":"SMITH"},{"floor":49,"key":"REST"},{"floor":51,"key":"REST"},{"floor":55,"key":"REST"}],"circlet_count":0,"master_deck":["Spot Weakness+1","Demon Form","Anger"],"relics":["Burning Blood","AT_ATBox","DaveBox","testmod-TestBox","REME_ComplimentaryCards","OneHitWonderSystem","testmod-GoldenSoul","DemoMod:GlassGuonStoneRelic","SynthV:TestCard","DemoMod:PinkGuonStone","REME_HandOfSuture","LetterFromLob","Odd Mushroom","GuanYuAspect","Strange Spoon","DemoMod:Metronome","Garlic","Replay:Rubber Ducky","Pet Ghost","Electric Blood","DemoMod:ClearGuonStone","PlaceholderMod:DaolothFragment","testmod-LifeArmor","REME_PuzzleBoxRelic","REME_HourglassOfDeath"],"acts_visited":["Exordium","TheCity","TheBeyond","TheEnding"],"potions_floor_usage":[16,50,52,52,58],"damage_taken":[{"damage":0,"enemies":"2 Louse","floor":1,"turns":2},{"damage":0,"enemies":"Small Slimes","floor":4,"turns":4},{"damage":0,"enemies":"Jaw Worm","floor":5,"turns":4},{"damage":0,"enemies":"Gremlin Nob","floor":7,"turns":5},{"damage":0,"enemies":"Gremlin Gang","floor":10,"turns":5},{"damage":0,"enemies":"Exordium Wildlife","floor":11,"turns":4},{"damage":0,"enemies":"The Mushroom Lair","floor":12,"turns":2},{"damage":0,"enemies":"Looter","floor":13,"turns":3},{"damage":0,"enemies":"2 Fungi Beasts","floor":14,"turns":3},{"damage":0,"enemies":"Fading Forest","floor":16,"turns":11},{"damage":0,"enemies":"Chosen","floor":18,"turns":4},{"damage":0,"enemies":"Spheric Guardian","floor":19,"turns":4},{"damage":0,"enemies":"Snake Plant","floor":20,"turns":4},{"damage":0,"enemies":"3 Cultists","floor":22,"turns":5},{"damage":0,"enemies":"HollowMod:Nosk","floor":23,"turns":8},{"damage":0,"enemies":"REME_1_Revenger","floor":29,"turns":5},{"damage":0,"enemies":"Centurion and Healer","floor":30,"turns":4},{"damage":0,"enemies":"Collector","floor":33,"turns":4},{"damage":0,"enemies":"3 Shapes","floor":35,"turns":3},{"damage":0,"enemies":"Orb Walker","floor":38,"turns":2},{"damage":0,"enemies":"4 Shapes","floor":39,"turns":3},{"damage":0,"enemies":"Nemesis","floor":42,"turns":5},{"damage":0,"enemies":"Maw","floor":46,"turns":3},{"damage":0,"enemies":"Transient","floor":50,"turns":5},{"damage":0,"enemies":"Donu and Deca","floor":52,"turns":8},{"damage":0,"enemies":"Shield and Spear","floor":57,"turns":11},{"damage":0,"enemies":"The Heart","floor":58,"turns":8}],"seed_played":"3096642066310922181","potions_obtained":[{"floor":4,"key":"LifebloodPotion"},{"floor":10,"key":"Reflective Coating"},{"floor":14,"key":"PowerPotion"},{"floor":30,"key":"Ancient Potion"},{"floor":41,"key":"testmod-TestPotion"},{"floor":57,"key":"Strength Potion"}],"is_trial":false,"path_per_floor":["M","?","$","M","M","R","E","R","T","M","M","?","M","M","R","B",null,"M","M","M","$","M","E","R","?","T","?","$","E","M","M","R","B",null,"M","$","?","M","M","R","?","E","T","PTL","PTL","M","R","?","R","M","R","B",null,null,"R","$","E","B",null],"character_chosen":"IRONCLAD","items_purchased":["Strange Spoon","Replay:Rubber Ducky","ReplayTheSpireMod:Limb From Limb","Demon Form","REME_PuzzleBoxRelic"],"campfire_rested":3,"item_purchase_floors":[21,28,28,56,56],"current_hp_per_floor":[1,8,1,1,1,1,1,1,1,1,1,1,1,1,1,1,1,1,1,1,1,1,1,1,1,1,1,1,1,1,1,1,1,1,1,1,1,1,1,1,1,1,1,1,1,1,1,1,1,1,1,1,1,1,1,1,1,1],"gold":66,"neow_bonus":"RANDOM_COLORLESS","is_daily":false,"chose_seed":false,"campfire_upgraded":5,"win_rate":0.0,"timestamp":1612509570,"path_taken":["M","?","$","M","M","R","E","R","T","M","M","?","M","M","R","BOSS","M","M","M","$","M","E","R","?","T","?","$","E","M","M","R","BOSS","M","$","?","M","?","R","?","E","T","PTL","PTL","M","R","?","R","M","R","BOSS","R","$","E","BOSS"],"items_purchased_type":["Relic","Relic","Card","Card","Relic"],"build_version":"2020-12-22","purchased_purges":5,"victory":true,"max_hp_per_floor":[1,8,1,1,1,1,1,1,1,1,1,1,1,1,1,1,1,1,1,1,1,1,1,1,1,1,1,1,1,1,1,1,1,1,1,1,1,1,1,1,1,1,1,1,1,1,1,1,1,1,1,1,1,1,1,1,1,1],"card_choices":[{"not_picked":["Deep Breath","REME_MagicPocketWatch"],"picked":"testmod-DeathImprint","floor":0},{"not_picked":["ReplayTheSpireMod:Stacked","ReplayReversal"],"picked":"MostiFishMod:#F4004","floor":1},{"not_picked":["Replay:Undeath\u0027s Touch","AT_CaressingTears","Flex","Iron Wave","AT_DrawKnifeCut"],"picked":"SKIP","floor":4},{"not_picked":["Sword Boomerang","AT_ManFootWork","Perfected Strike","True Grit"],"picked":"Entrench","floor":5},{"not_picked":["AT_BodySlamDance","ReplayTheSpireMod:Strike From Hell","Flex","Infernal Blade"],"picked":"Barricade","floor":7},{"not_picked":["Iron Wave","Anger","Flex","Wild Strike","Clothesline"],"picked":"SKIP","floor":10},{"not_picked":["MostiFishMod:DarkDeal","Sever Soul","AT_GerminateFire","Perfected Strike","ReplayTheSpireMod:Strike From Hell"],"picked":"SKIP","floor":11},{"not_picked":["Replay:Undeath\u0027s Touch","Body Slam","Run Through","AT_Dispersion"],"picked":"AT_IchimonjiDouble","floor":12},{"not_picked":["Thunderclap","Clothesline","AT_ShrugMaster","Perfected Strike"],"picked":"Demonic Infusion","floor":13},{"not_picked":["Ghostly Armor","Flex","AT_GerminateFire","Perfected Strike","Run Through"],"picked":"SKIP","floor":14},{"not_picked":["Impervious","REME_TheLastStrike","MostiFishMod:OrdinaryWorld","Demon Form"],"picked":"REME_ACTH","floor":16},{"not_picked":["Iron Wave","Entrench","Thunderclap","Warcry"],"picked":"Heavy Blade","floor":18},{"not_picked":["Thunderclap+1","AT_BodySlamDance+1","ReplayTheSpireMod:Muscle Training","Reckless Charge","Anger"],"picked":"SKIP","floor":19},{"not_picked":["Dual Wield+1","Thunderclap","Heavy Blade","Perfected Strike","Cleave"],"picked":"SKIP","floor":20},{"not_picked":["True Grit","Impervious","AT_IchimonjiDouble+1","Flex+1"],"picked":"MostiFishMod:#F4004","floor":22},{"not_picked":["Flex","True Grit","Headbutt+1","Intimidate","ReplayTheSpireMod:LeadingStrike"],"picked":"SKIP","floor":23},{"not_picked":["Spot Weakness","Defy Death","MostiFishMod:UltimateDefense","ReplayTheSpireMod:Limb From Limb","Body Slam"],"picked":"SKIP","floor":29},{"not_picked":["Shrug It Off","Cleave","Iron Wave+1","Twin Strike","REME_FearOfPain"],"picked":"SKIP","floor":30},{"not_picked":["Twin Strike","Wild Strike+1","Heavy Blade+1","AT_BodySlamDance","Clothesline"],"picked":"SKIP","floor":35},{"not_picked":["Headbutt+1","MostiFishMod:#F4004+1","Iron Wave+1","Flex+1","True Grit+1"],"picked":"SKIP","floor":38},{"not_picked":["Iron Wave","Clash","Thunderclap+1","Armaments+1","Flex"],"picked":"SKIP","floor":39},{"not_picked":["Sword Boomerang","Blood for Blood","AT_BodySlamDance","Massacre"],"picked":"MostiFishMod:CullingBlade","floor":42},{"not_picked":["Sword Boomerang+1","MostiFishMod:BrandingRite+1","Disarm","Infernal Blade","Pommel Strike"],"picked":"SKIP","floor":46},{"not_picked":["Burning Pact+1","Headbutt","Twin Strike","Warcry"],"picked":"Spot Weakness+1","floor":50},{"not_picked":["Pummel+1","Headbutt+1","Body Slam+1","Power Through"],"picked":"Anger","floor":57}],"player_experience":73070,"relics_obtained":[{"floor":1,"key":"SynthV:TestCard"},{"floor":7,"key":"REME_HandOfSuture"},{"floor":10,"key":"LetterFromLob"},{"floor":12,"key":"Odd Mushroom"},{"floor":23,"key":"DemoMod:Metronome"},{"floor":26,"key":"Garlic"},{"floor":29,"key":"Pet Ghost"},{"floor":41,"key":"DemoMod:ClearGuonStone"},{"floor":42,"key":"PlaceholderMod:DaolothFragment"},{"floor":43,"key":"testmod-LifeArmor"},{"floor":57,"key":"REME_HourglassOfDeath"}],"event_choices":[{"damage_healed":0,"gold_gain":0,"player_choice":"Box","damage_taken":0,"relics_obtained":["DemoMod:PinkGuonStone"],"max_hp_gain":0,"max_hp_loss":0,"event_name":"Big Fish","floor":2,"gold_loss":0,"cards_obtained":["Regret"]},{"damage_healed":0,"gold_gain":0,"player_choice":"Fought Mushrooms","damage_taken":0,"max_hp_gain":0,"max_hp_loss":0,"event_name":"Mushrooms","floor":12,"gold_loss":0},{"damage_healed":0,"gold_gain":99,"player_choice":"Stole From Cult","damage_taken":0,"max_hp_gain":0,"max_hp_loss":0,"event_name":"Nest","floor":27,"gold_loss":0},{"damage_healed":0,"gold_gain":0,"player_choice":"Copied","damage_taken":0,"max_hp_gain":0,"max_hp_loss":0,"event_name":"Duplicator","floor":37,"gold_loss":0,"cards_obtained":["REME_ACTH"]}],"is_beta":false,"boss_relics":[{"not_picked":["Philosopher\u0027s Stone","JellyFishMachine"],"picked":"GuanYuAspect"},{"not_picked":["MoonlightInvasionPlan","Sozu"],"picked":"Electric Blood"}],"items_purged_floors":[3,21,28,36,36],"is_endless":false,"potions_floor_spawned":[1,4,10,12,14,16,18,19,23,30,33,35,42,57],"ascension_level":1}}