{"host":"xpgmdkzynapqiwc4","time":1612544180,"event":{"mods":["BaseMod","Colored Map","Minty Spire (QoL Compilation)","StSLib","The Hierophant"],"gold_per_floor":[116,136,147,147,168,168,194,252,252,252,284,277,307,283,283],"floor_reached":14,"language":"ENG","playtime":1046,"items_purged":[],"score":104,"play_id":"c2f23ac4-24ae-408e-b6cd-22c0d6bfef2d","local_time":"20210205105620","is_ascension_mode":false,"campfire_choices":[{"data":"hierophant:Doubloon","floor":6,"key":"SMITH"},{"floor":10,"key":"REST"}],"circlet_count":0,"master_deck":["hierophant:Strike_Hierophant","hierophant:Strike_Hierophant","hierophant:Strike_Hierophant","hierophant:Strike_Hierophant","hierophant:Punish","hierophant:Defend_Hierophant","hierophant:Defend_Hierophant","hierophant:Defend_Hierophant","hierophant:Defend_Hierophant","hierophant:ChurchCoffers","hierophant:HolyVerse","hierophant:OrnateBuckler","hierophant:RustyCrate","hierophant:Doubloon+1","hierophant:Doubloon","hierophant:MorningPrayer","hierophant:Embezzle","hierophant:Doubloon","hierophant:Dazzle","hierophant:Zeal"],"relics":["hierophant:PropheticMaskRelic","NeowsBlessing","Gremlin Horn","White Beast Statue","Blood Vial"],"acts_visited":["Exordium"],"potions_floor_usage":[8,8,14,14,14],"damage_taken":[{"damage":0,"enemies":"Jaw Worm","floor":1,"turns":1},{"damage":0,"enemies":"2 Louse","floor":2,"turns":1},{"damage":0,"enemies":"Cultist","floor":3,"turns":1},{"damage":8,"enemies":"Blue Slaver","floor":5,"turns":7},{"damage":3,"enemies":"Red Slaver","floor":7,"turns":6},{"damage":41,"enemies":"Gremlin Nob","floor":8,"turns":5},{"damage":24,"enemies":"3 Sentries","floor":11,"turns":13},{"damage":17,"enemies":"Large Slime","floor":12,"turns":5},{"damage":0,"enemies":"3 Louse","floor":13,"turns":2},{"damage":0,"enemies":"Gremlin Nob","floor":14,"turns":3}],"seed_played":"1915508956689416044","potions_obtained":[{"floor":2,"key":"PowerPotion"},{"floor":5,"key":"DistilledChaos"},{"floor":11,"key":"Block Potion"},{"floor":12,"key":"SpeedPotion"},{"floor":13,"key":"SkillPotion"}],"is_trial":false,"path_per_floor":["M","M","M","?","M","R","M","E","T","R","E","M","M","E"],"character_chosen":"HIEROPHANT","items_purchased":[],"campfire_rested":1,"item_purchase_floors":[],"current_hp_per_floor":[75,75,75,80,72,72,69,28,28,52,28,13,15,17,17],"gold":283,"neow_bonus":"THREE_ENEMY_KILL","is_daily":false,"chose_seed":false,"campfire_upgraded":1,"win_rate":0.0,"timestamp":1612544180,"path_taken":["M","M","M","?","M","R","M","E","T","R","E","M","M","E"],"items_purchased_type":[],"build_version":"2020-12-22","purchased_purges":0,"victory":false,"max_hp_per_floor":[75,75,75,80,80,80,80,80,80,80,80,80,80,80,80],"card_choices":[{"not_picked":["hierophant:EyeForCoin","hierophant:Refuge"],"picked":"hierophant:HolyVerse","floor":1},{"not_picked":["hierophant:Prophecy","hierophant:DisplayOfPower","hierophant:CursedGold"],"picked":"SKIP","floor":2},{"not_picked":["hierophant:Doubloon","hierophant:LocustPlague"],"picked":"hierophant:OrnateBuckler","floor":3},{"not_picked":["hierophant:CursedGold","hierophant:Smite"],"picked":"hierophant:RustyCrate","floor":5},{"not_picked":["hierophant:RepressedViolence","hierophant:Racketeering"],"picked":"hierophant:MorningPrayer","floor":7},{"not_picked":["hierophant:Cornucopia","hierophant:HammerAndAnvil"],"picked":"hierophant:Embezzle","floor":8},{"not_picked":["hierophant:Levitation","hierophant:Glossolalia"],"picked":"hierophant:Dazzle","floor":11},{"not_picked":["hierophant:Remorse","hierophant:HammerAndAnvil","hierophant:Purify"],"picked":"SKIP","floor":12},{"not_picked":["hierophant:Remorse","hierophant:Exaltation"],"picked":"hierophant:Zeal","floor":13}],"player_experience":16524,"relics_obtained":[{"floor":8,"key":"Gremlin Horn"},{"floor":9,"key":"White Beast Statue"},{"floor":11,"key":"Blood Vial"}],"event_choices":[{"damage_healed":0,"gold_gain":0,"player_choice":"Donut","damage_taken":0,"max_hp_gain":5,"max_hp_loss":0,"event_name":"Big Fish","floor":4,"gold_loss":0}],"is_beta":false,"boss_relics":[],"items_purged_floors":[],"is_endless":false,"potions_floor_spawned":[2,5,11,12,13],"killed_by":"Gremlin Nob","ascension_level":0}}