{"host":"gknpnudn4hog7rzv","time":1612548470,"event":{"mods":["BaseMod","BetterRewards","Downfall","Hermit","Minty Spire (QoL Compilation)","Robot Space Explorer","StSLib","The Bug Knight"],"gold_per_floor":[118,118,118,118,138,138,154,4,51,51,51,51,71,82,82,184,184,169,197,226,237,254,254,269,269,320,320,320,350,350,366,366,366,366],"floor_reached":33,"language":"ENG","playtime":1371,"items_purged":[],"score":280,"play_id":"52aa2820-be8c-4444-a6b0-ccbc3c77bf0e","local_time":"20210205110750","is_ascension_mode":false,"campfire_choices":[{"data":"HollowMod:HeavyBlow","floor":6,"key":"SMITH"},{"data":"HollowMod:PogoStrike","floor":10,"key":"SMITH"},{"data":"HollowMod:FocusHealStart","floor":12,"key":"SMITH"},{"floor":15,"key":"REST"},{"floor":23,"key":"REST"},{"floor":25,"key":"REST"},{"data":"HollowMod:MothsMistake","floor":27,"key":"SMITH"},{"floor":32,"key":"REST"}],"circlet_count":0,"master_deck":["HollowMod:NailStrikeStart","HollowMod:NailStrikeStart","HollowMod:NailStrikeStart","HollowMod:NailStrikeStart","HollowMod:QuickDashStart","HollowMod:QuickDashStart","HollowMod:QuickDashStart","HollowMod:QuickDashStart","HollowMod:FocusHealStart+1","HollowMod:PogoStrike+1","HollowMod:HeavyBlow+1","CurseOfTheBell","CurseOfTheBell","HollowMod:CornifersMapStart","HollowMod:VoidDash","HollowMod:MothsMistake+1","HollowMod:VengefulVoid+1","HollowMod:TaintedHusks+1","HollowMod:DoubleDash+1","Writhe","HollowMod:MantisMark"],"relics":["HollowMod:VesselMask","downfall:ExtraCursedBell","Regal Pillow","HollowMod:LumaflyLanternRelic","FossilizedHelix","Sling","HollowMod:PaleOreRelic","bronze:MakeshiftBattery","HollowMod:GreatKnightMask","Red Mask","Boot","Ornamental Fan","Vajra"],"acts_visited":["Exordium","TheCity"],"potions_floor_usage":[13,13,16,18,20,22,24,31,33],"damage_taken":[{"damage":0,"enemies":"2 Louse","floor":1,"turns":2},{"damage":0,"enemies":"Small Slimes","floor":5,"turns":3},{"damage":0,"enemies":"Cultist","floor":7,"turns":3},{"damage":16,"enemies":"Exordium Thugs","floor":13,"turns":5},{"damage":0,"enemies":"Red Slaver","floor":14,"turns":2},{"damage":78,"enemies":"Hexaghost","floor":16,"turns":12},{"damage":10,"enemies":"2 Thieves","floor":18,"turns":4},{"damage":0,"enemies":"HollowMod:Zote","floor":19,"turns":2},{"damage":44,"enemies":"Masked Bandits","floor":20,"turns":6},{"damage":19,"enemies":"HollowMod:HuskSentry","floor":21,"turns":4},{"damage":24,"enemies":"Cultist and Chosen","floor":22,"turns":6},{"damage":0,"enemies":"Snake Plant","floor":24,"turns":3},{"damage":41,"enemies":"Slavers","floor":29,"turns":4},{"damage":0,"enemies":"Snecko","floor":31,"turns":5},{"damage":26,"enemies":"Champ","floor":33,"turns":4}],"seed_played":"8285807588880527898","potions_obtained":[{"floor":0,"key":"PowerPotion"},{"floor":0,"key":"hexamod:SoulburnPotion"},{"floor":0,"key":"SkillPotion"},{"floor":16,"key":"LiquidBronze"},{"floor":18,"key":"SpeedPotion"},{"floor":20,"key":"DistilledChaos"},{"floor":22,"key":"LiquidBronze"},{"floor":29,"key":"Block Potion"},{"floor":31,"key":"Fire Potion"}],"is_trial":false,"path_per_floor":["M","?","?","?","M","R","M","$","T","R","$","R","M","M","R","B",null,"M","?","?","M","M","R","M","R","T","R","?","E","?","M","R","B"],"character_chosen":"THE_BUGKNIGHT","items_purchased":["Sling"],"campfire_rested":4,"item_purchase_floors":[8],"current_hp_per_floor":[75,75,75,75,75,75,75,75,75,75,75,75,59,59,75,9,75,71,71,37,24,12,49,55,75,75,75,75,34,31,31,68,42,42],"gold":366,"neow_bonus":"THREE_SMALL_POTIONS","is_daily":false,"chose_seed":false,"campfire_upgraded":4,"win_rate":0.0,"timestamp":1612548470,"path_taken":["M","?","?","?","?","R","M","?","T","R","$","R","?","M","R","BOSS","M","?","?","M","M","R","M","R","T","R","?","E","?","M","R","BOSS"],"items_purchased_type":["Relic"],"build_version":"2020-12-22","purchased_purges":0,"victory":false,"max_hp_per_floor":[75,75,75,75,75,75,75,75,75,75,75,75,75,75,75,75,75,75,75,75,75,75,75,75,75,75,75,75,75,75,75,75,75,75],"card_choices":[{"not_picked":["HollowMod:FallenFury","HollowMod:SiblingsShadow"],"picked":"HollowMod:HeavyBlow","floor":1},{"not_picked":["HollowMod:GoodIntentions","HollowMod:AbyssShriek"],"picked":"HollowMod:CornifersMapStart","floor":5},{"not_picked":["HollowMod:InfectedAttack","HollowMod:DashSlash","HollowMod:SoulEater"],"picked":"SKIP","floor":7},{"not_picked":["HollowMod:HeavyBlow","HollowMod:Grubsong","HollowMod:VengefulSpirit"],"picked":"SKIP","floor":13},{"not_picked":["HollowMod:MidwifesHunger","HollowMod:LifebloodCocoon","HollowMod:SiblingsShadow"],"picked":"SKIP","floor":14},{"not_picked":["HollowMod:LordofShades","HollowMod:theNailsmith"],"picked":"HollowMod:VoidDash","floor":16},{"not_picked":["HollowMod:CloakDash","HollowMod:SiblingsSouls","HollowMod:DoubleDash"],"picked":"SKIP","floor":18},{"not_picked":["HollowMod:AbyssShriek","HollowMod:CloakDash"],"picked":"HollowMod:MothsMistake","floor":19},{"not_picked":["HollowMod:SoulSplash","HollowMod:LifebloodCore"],"picked":"HollowMod:VengefulVoid+1","floor":20},{"not_picked":["HollowMod:DreamGate","HollowMod:CloakDash"],"picked":"HollowMod:TaintedHusks+1","floor":21},{"not_picked":["HollowMod:PerfectDash","HollowMod:DashSlash"],"picked":"HollowMod:DoubleDash+1","floor":22},{"not_picked":["HollowMod:VengefulSpirit","HollowMod:HowlingWraiths","HollowMod:DungDefenderAura"],"picked":"SKIP","floor":24},{"not_picked":["HollowMod:WraithStrike+1","HollowMod:SiblingsShadow+1"],"picked":"HollowMod:MantisMark","floor":29},{"not_picked":["HollowMod:SharpenedNail","HollowMod:GoodIntentions","HollowMod:MawleksShell"],"picked":"SKIP","floor":31}],"player_experience":371683,"relics_obtained":[{"floor":2,"key":"Regal Pillow"},{"floor":2,"key":"HollowMod:LumaflyLanternRelic"},{"floor":2,"key":"FossilizedHelix"},{"floor":9,"key":"HollowMod:PaleOreRelic"},{"floor":19,"key":"HollowMod:GreatKnightMask"},{"floor":20,"key":"Red Mask"},{"floor":26,"key":"Boot"},{"floor":29,"key":"Vajra"}],"event_choices":[{"damage_healed":0,"gold_gain":0,"player_choice":"Bought 0 Potions","damage_taken":0,"max_hp_gain":0,"max_hp_loss":0,"event_name":"The Woman in Blue","floor":4,"gold_loss":0},{"damage_healed":0,"gold_gain":0,"player_choice":"Fought Bandits","damage_taken":0,"max_hp_gain":0,"max_hp_loss":0,"event_name":"Masked Bandits","floor":20,"gold_loss":0},{"damage_healed":0,"gold_gain":0,"player_choice":"Opened","damage_taken":0,"relics_obtained":["Ornamental Fan"],"max_hp_gain":0,"max_hp_loss":0,"event_name":"The Mausoleum","floor":28,"gold_loss":0,"cards_obtained":["Writhe"]},{"damage_healed":0,"gold_gain":0,"player_choice":"Punched","damage_taken":3,"max_hp_gain":0,"max_hp_loss":0,"event_name":"Designer","floor":30,"gold_loss":0}],"is_beta":false,"boss_relics":[{"not_picked":["Ectoplasm","Astrolabe"],"picked":"bronze:MakeshiftBattery"}],"items_purged_floors":[],"is_endless":false,"potions_floor_spawned":[5,7,16,18,20,22,29,31],"killed_by":"Champ","ascension_level":0}}