{"host":"v2nniiiz7kpx7fwo","time":1612530142,"event":{"mods":["2.2 Compatiblity","AchievementEnabler","BaseMod","Colored Map","Colored Powertips","DeckTracker","Highlight Path","KOR Keyword Fix","Minty Spire (QoL Compilation)","Permanent Neow","Rare Cards Sparkle","StSLib","SuperFastMode"],"gold_per_floor":[215,233,251,326,401,401,32,32,32,32,48,82,92,109,109,205,205,217,234,14,29,49,79,79,107,107,122,136,164,164,177,177,272,272,290,304,304,304,319,349,361,401,413,443,471,503,515,555,567,579,591,603,26,64,64],"floor_reached":56,"language":"KOR","playtime":2921,"items_purged":["Strike_R","Strike_R"],"score":1609,"play_id":"00807c01-4516-4519-97d2-c94a09ee5095","local_time":"20210205220222","is_ascension_mode":true,"campfire_choices":[{"data":"Sword Boomerang","floor":6.0,"key":"SMITH"},{"data":"Body Slam","floor":8.0,"key":"SMITH"},{"data":"Flex","floor":10.0,"key":"SMITH"},{"data":"Fusion","floor":15.0,"key":"SMITH"},{"floor":24.0,"key":"REST"},{"data":"Echo Form","floor":30.0,"key":"SMITH"},{"data":"DeusExMachina","floor":32.0,"key":"SMITH"},{"floor":41.0,"key":"REST"},{"floor":47.0,"key":"REST"},{"floor":49.0,"key":"RECALL"},{"data":"Shockwave","floor":52,"key":"SMITH"}],"circlet_count":0,"master_deck":["Strike_R+1","Defend_R","Defend_R","Defend_R","Defend_R","Bash","Cleave","Sword Boomerang+1","Shockwave+1","Offering","Flex+1","Body Slam+1","Auto Shields","Fusion+1","Backflip","DeusExMachina+1","Echo Form+1","Dagger Spray+1","WheelKick+1","Self Repair+1","White Noise+1","Skewer+1","Limit Break+1","Conserve Battery+1","Pummel+1","White Noise+1"],"relics":["Burning Blood","PrismaticShard","Ice Cream","Red Skull","Black Star","Brimstone","Art of War","Torii","Gremlin Horn","Darkstone Periapt","HornCleat","Pear","Toxic Egg 2","Empty Cage","Molten Egg 2","MawBank","Bronze Scales","Bottled Lightning","CeramicFish","Pocketwatch","StrikeDummy","Strange Spoon","Whetstone","Akabeko","Centennial Puzzle"],"acts_visited":["Exordium","TheCity","TheBeyond","TheEnding"],"potions_floor_usage":[50,50,50,55,55],"damage_taken":[{"damage":3.0,"enemies":"2 Louse","floor":1.0,"turns":3.0},{"damage":1.0,"enemies":"Cultist","floor":2.0,"turns":3.0},{"damage":0.0,"enemies":"Small Slimes","floor":3.0,"turns":3.0},{"damage":19.0,"enemies":"Exordium Thugs","floor":11.0,"turns":4.0},{"damage":15.0,"enemies":"Lagavulin","floor":12.0,"turns":6.0},{"damage":3.0,"enemies":"Blue Slaver","floor":13.0,"turns":2.0},{"damage":6.0,"enemies":"2 Fungi Beasts","floor":14.0,"turns":2.0},{"damage":13.0,"enemies":"Hexaghost","floor":16.0,"turns":5.0},{"damage":19.0,"enemies":"Chosen","floor":18.0,"turns":5.0},{"damage":28.0,"enemies":"Spheric Guardian","floor":19.0,"turns":4.0},{"damage":6.0,"enemies":"Chosen and Byrds","floor":21.0,"turns":2.0},{"damage":10.0,"enemies":"Cultist and Chosen","floor":22.0,"turns":2.0},{"damage":31.0,"enemies":"Book of Stabbing","floor":23.0,"turns":3.0},{"damage":19.0,"enemies":"Gremlin Leader","floor":25.0,"turns":4.0},{"damage":25.0,"enemies":"Centurion and Healer","floor":27.0,"turns":4.0},{"damage":0.0,"enemies":"Snecko","floor":28.0,"turns":3.0},{"damage":15.0,"enemies":"Book of Stabbing","floor":29.0,"turns":2.0},{"damage":16.0,"enemies":"Snake Plant","floor":31.0,"turns":3.0},{"damage":22.0,"enemies":"Champ","floor":33.0,"turns":6.0},{"damage":19.0,"enemies":"Orb Walker","floor":35.0,"turns":3.0},{"damage":24.0,"enemies":"3 Darklings","floor":36.0,"turns":4.0},{"damage":38.0,"enemies":"Writhing Mass","floor":39.0,"turns":4.0},{"damage":49.0,"enemies":"Nemesis","floor":40.0,"turns":5.0},{"damage":7.0,"enemies":"Reptomancer","floor":42.0,"turns":2.0},{"damage":12.0,"enemies":"4 Shapes","floor":44.0,"turns":4.0},{"damage":55.0,"enemies":"Transient","floor":45.0,"turns":5.0},{"damage":14.0,"enemies":"Spire Growth","floor":46.0,"turns":3.0},{"damage":6.0,"enemies":"Giant Head","floor":48.0,"turns":4.0},{"damage":30,"enemies":"Awakened One","floor":50,"turns":6},{"damage":26,"enemies":"Shield and Spear","floor":54,"turns":2},{"damage":114,"enemies":"The Heart","floor":55,"turns":6}],"seed_played":"-8274559471874857441","potions_obtained":[{"floor":2.0,"key":"SneckoOil"},{"floor":12.0,"key":"Block Potion"},{"floor":13.0,"key":"AttackPotion"},{"floor":16.0,"key":"Fruit Juice"},{"floor":22.0,"key":"SteroidPotion"},{"floor":25.0,"key":"GamblersBrew"},{"floor":27.0,"key":"LiquidBronze"},{"floor":28.0,"key":"LiquidBronze"},{"floor":29.0,"key":"LiquidMemories"},{"floor":31.0,"key":"DistilledChaos"},{"floor":35.0,"key":"Energy Potion"},{"floor":36.0,"key":"EssenceOfSteel"},{"floor":40.0,"key":"Explosive Potion"},{"floor":44.0,"key":"SteroidPotion"},{"floor":46.0,"key":"SkillPotion"},{"floor":54,"key":"Weak Potion"}],"is_trial":false,"path_per_floor":["M","M","M","?","?","R","$","R","T","R","M","E","M","M","R","B",null,"M","M","$","M","M","E","R","E","T","M","M","E","R","M","R","B",null,"M","M","?","T","M","E","R","E","T","M","M","M","R","E","R","B",null,"R","$","E","B",null],"character_chosen":"IRONCLAD","items_purchased":["PrismaticShard","Offering","Flex","Body Slam","Brimstone","BloodPotion","FairyPotion","Pummel+1","Strange Spoon","Whetstone"],"campfire_rested":3,"item_purchase_floors":[7,7,7,7,20,53,53,53,53,53],"current_hp_per_floor":[80,80,80,69,61,61,61,61,61,61,48,39,42,42,42,35,80,72,50,50,50,46,31,56,63,63,64,70,71,71,71,71,65,95,92,74,74,74,52,29,57,66,66,60,21,23,51,61,61,47,95,95,95,85,42],"gold":64,"neow_bonus":"HUNDRED_GOLD","is_daily":false,"chose_seed":false,"campfire_upgraded":7,"win_rate":0.0,"timestamp":1612530142,"path_taken":["M","M","M","?","?","R","$","R","T","R","M","E","M","M","R","BOSS","M","M","?","M","M","E","R","E","T","M","?","E","R","?","R","BOSS","M","M","?","?","M","E","R","E","T","M","M","?","R","E","R","BOSS","R","$","E","BOSS"],"items_purchased_type":["Relic","Card","Card","Card","Relic","Potion","Potion","Card","Relic","Relic"],"build_version":"2020-12-22","purchased_purges":2,"victory":true,"max_hp_per_floor":[80,80,80,80,80,80,80,80,80,80,80,80,80,80,80,80,80,85,85,85,85,85,85,85,85,85,85,85,95,95,95,95,95,95,95,95,95,95,95,95,95,95,95,95,95,95,95,95,95,95,95,95,95,95,95],"card_choices":[{"not_picked":["Sword Boomerang","Anger"],"picked":"Cleave","floor":1.0},{"not_picked":["Clothesline","Fire Breathing"],"picked":"Sword Boomerang","floor":2.0},{"not_picked":["Havoc","Dual Wield"],"picked":"Shockwave","floor":3.0},{"not_picked":["Slice","Madness"],"picked":"Auto Shields","floor":11.0},{"not_picked":["Wallop","EmptyMind"],"picked":"Fusion","floor":12.0},{"not_picked":["Conclude","Protect"],"picked":"Backflip","floor":13.0},{"not_picked":["Gash","Loop"],"picked":"DeusExMachina","floor":14.0},{"not_picked":["Machine Learning","Amplify"],"picked":"Echo Form","floor":16.0},{"not_picked":["ForeignInfluence","Armaments"],"picked":"Dagger Spray+1","floor":18.0},{"not_picked":["Warcry","Quick Slash+1"],"picked":"WheelKick+1","floor":19.0},{"not_picked":["Perfected Strike","ClearTheMind"],"picked":"Self Repair+1","floor":21.0},{"not_picked":["EmptyFist","Clash","Compile Driver+1"],"picked":"SKIP","floor":22.0},{"not_picked":["SashWhip+1","Self Repair+1","Backflip"],"picked":"SKIP","floor":23.0},{"not_picked":["Glass Knife","Compile Driver"],"picked":"White Noise+1","floor":25.0},{"not_picked":["Sword Boomerang+1","SashWhip+1"],"picked":"Skewer","floor":27.0},{"not_picked":["Feel No Pain","EmptyFist","Steam"],"picked":"SKIP","floor":28.0},{"not_picked":["Crescendo+1","SandsOfTime","Gash"],"picked":"SKIP","floor":29.0},{"not_picked":["Acrobatics+1","EmptyFist"],"picked":"Envenom","floor":31.0},{"not_picked":["Transmutation+1","Wraith Form v2"],"picked":"Limit Break+1","floor":33.0},{"not_picked":["Cleave","EmptyBody+1","Indignation+1"],"picked":"SKIP","floor":35.0},{"not_picked":["Streamline+1","Flechettes","Pommel Strike+1"],"picked":"SKIP","floor":36.0},{"not_picked":["Iron Wave+1","Headbutt+1"],"picked":"Conserve Battery+1","floor":39.0},{"not_picked":["Evaluate+1","Dark Shackles+1","Deadly Poison+1"],"picked":"SKIP","floor":40.0},{"not_picked":["Deflect+1","Underhanded Strike+1","Infernal Blade+1"],"picked":"SKIP","floor":42.0},{"not_picked":["Underhanded Strike+1","SignatureMove+1","Wild Strike+1"],"picked":"SKIP","floor":44.0},{"not_picked":["Blizzard+1","Clash+1","TalkToTheHand+1"],"picked":"SKIP","floor":45.0},{"not_picked":["Heel Hook+1","Dagger Throw+1","Fasting2+1"],"picked":"SKIP","floor":46.0},{"not_picked":["Inflame","Flex+1","Underhanded Strike+1"],"picked":"SKIP","floor":48.0},{"not_picked":["Rebound+1","Study"],"picked":"White Noise+1","floor":54}],"player_experience":354320,"relics_obtained":[{"floor":9.0,"key":"Ice Cream"},{"floor":12.0,"key":"Red Skull"},{"floor":23.0,"key":"Art of War"},{"floor":23.0,"key":"Torii"},{"floor":25.0,"key":"Gremlin Horn"},{"floor":25.0,"key":"Darkstone Periapt"},{"floor":26.0,"key":"HornCleat"},{"floor":29.0,"key":"Pear"},{"floor":29.0,"key":"Toxic Egg 2"},{"floor":38.0,"key":"Molten Egg 2"},{"floor":40.0,"key":"MawBank"},{"floor":40.0,"key":"Bronze Scales"},{"floor":42.0,"key":"Bottled Lightning"},{"floor":42.0,"key":"CeramicFish"},{"floor":48.0,"key":"Pocketwatch"},{"floor":48.0,"key":"StrikeDummy"},{"floor":54,"key":"Akabeko"},{"floor":54,"key":"Centennial Puzzle"}],"event_choices":[{"damage_healed":0.0,"max_hp_gain":0.0,"max_hp_loss":0.0,"gold_gain":75.0,"event_name":"World of Goop","player_choice":"Gather Gold","floor":4.0,"gold_loss":0.0,"damage_taken":11.0},{"damage_healed":0.0,"max_hp_gain":0.0,"max_hp_loss":0.0,"gold_gain":75.0,"event_name":"FaceTrader","player_choice":"Touch","floor":5.0,"gold_loss":0.0,"damage_taken":8.0},{"cards_removed":["Envenom"],"damage_healed":0.0,"max_hp_gain":0.0,"max_hp_loss":0.0,"gold_gain":0.0,"event_name":"Falling","player_choice":"Removed Power","floor":37.0,"gold_loss":0.0,"damage_taken":0.0}],"is_beta":false,"boss_relics":[{"not_picked":["Mark of Pain","Ectoplasm"],"picked":"Black Star"},{"not_picked":["Runic Cube","Runic Pyramid"],"picked":"Empty Cage"}],"items_purged_floors":[20,53],"is_endless":false,"potions_floor_spawned":[2,12,13,16,22,25,27,28,29,31,35,36,40,44,46,54],"ascension_level":4}}