{"host":"450g1opcost04h3o","time":1612556941,"event":{"mods":["BaseMod","Colored Powertips","Custom Start","Koishi","Marisa????????","Minty Spire (QoL Compilation)","Prisma Mod","StSLib","Td1madao Mod","The Death Knight","The Servant 0.9.4","Warlord Emblem","thorton"],"gold_per_floor":[117,117,117,137,137,137,177,177,177,215,230,245,27,127,127,253,253,272,45,45,60,135,170,170,211,238,257,273,129,173,193,193,193,193],"floor_reached":33,"language":"ENG","playtime":1477,"items_purged":[],"score":315,"play_id":"650f9e59-62c4-4326-b75b-d910a39acffe","local_time":"20210205212901","is_ascension_mode":false,"campfire_choices":[{"data":"Dualcast","floor":6,"key":"SMITH"},{"floor":8,"key":"REST"},{"floor":15,"key":"REST"},{"data":"Defragment","floor":24,"key":"SMITH"},{"data":"Storm","floor":32,"key":"SMITH"}],"circlet_count":0,"master_deck":["Strike_B","Strike_B","Strike_B","Strike_B","Defend_B","Defend_B","Defend_B","Defend_B","Zap+1","Dualcast+1","Conserve Battery","Barrage","Capacitor","Double Energy+1","Lockon","Genetic Algorithm+1","Defragment+1","Rainbow+1","Defragment+1","Storm+1","Cold Snap+1","Static Discharge","Doom and Gloom+1","Streamline+1","Turbo+1","Tempest+1","Defragment","Tempest+1"],"relics":["Cracked Core","Golden Idol","Shuriken","Meat on the Bone","White Beast Statue","Toxic Egg 2","Lantern","Coffee Dripper","Blood Vial","MealTicket","Boot","Orichalcum","Bag of Preparation"],"acts_visited":["Exordium","TheCity"],"potions_floor_usage":[7,11,12,16,20,21,25,27,28,30,30,33],"damage_taken":[{"damage":7,"enemies":"2 Louse","floor":1,"turns":2},{"damage":0,"enemies":"Jaw Worm","floor":4,"turns":2},{"damage":20,"enemies":"3 Sentries","floor":7,"turns":7},{"damage":37,"enemies":"Lagavulin","floor":10,"turns":6},{"damage":1,"enemies":"Cultist","floor":11,"turns":3},{"damage":12,"enemies":"Lots of Slimes","floor":12,"turns":5},{"damage":55,"enemies":"Slime Boss","floor":16,"turns":11},{"damage":18,"enemies":"3 Byrds","floor":18,"turns":6},{"damage":0,"enemies":"2 Thieves","floor":20,"turns":1},{"damage":13,"enemies":"Shelled Parasite and Fungi","floor":21,"turns":7},{"damage":21,"enemies":"Gremlin Leader","floor":23,"turns":6},{"damage":5,"enemies":"Book of Stabbing","floor":25,"turns":4},{"damage":2,"enemies":"Snecko","floor":27,"turns":3},{"damage":9,"enemies":"Centurion and Healer","floor":28,"turns":3},{"damage":36,"enemies":"Slavers","floor":30,"turns":5},{"damage":0,"enemies":"Snake Plant","floor":31,"turns":2},{"damage":46,"enemies":"Collector","floor":33,"turns":5}],"seed_played":"-6809078211883689677","potions_obtained":[{"floor":1,"key":"DuplicationPotion"},{"floor":10,"key":"FearPotion"},{"floor":11,"key":"SkillPotion"},{"floor":12,"key":"SteroidPotion"},{"floor":16,"key":"SmokeBomb"},{"floor":18,"key":"Weak Potion"},{"floor":21,"key":"Energy Potion"},{"floor":23,"key":"Fire Potion"},{"floor":25,"key":"Block Potion"},{"floor":27,"key":"SneckoOil"},{"floor":28,"key":"SteroidPotion"},{"floor":30,"key":"Swift Potion"},{"floor":31,"key":"AttackPotion"}],"is_trial":false,"path_per_floor":["M","?","T","M","$","R","E","R","T","E","M","M","$","?","R","B",null,"M","$","M","M","?","E","R","E","T","M","M","$","E","M","R","B"],"character_chosen":"DEFECT","items_purchased":["Defragment","Lantern","Storm","Blood Vial","Tempest+1","Defragment"],"campfire_rested":2,"item_purchase_floors":[13,13,19,19,29,29],"current_hp_per_floor":[68,68,68,68,68,68,48,68,68,43,42,42,42,42,62,19,69,51,51,53,42,36,29,29,38,38,38,43,58,36,38,38,0,0],"gold":193,"neow_bonus":"UPGRADE_CARD","is_daily":false,"chose_seed":false,"campfire_upgraded":3,"win_rate":0.0,"timestamp":1612556941,"path_taken":["M","?","?","?","?","R","E","R","T","E","M","?","$","?","R","BOSS","M","$","?","M","?","E","R","E","T","M","?","$","E","M","R","BOSS"],"items_purchased_type":["Card","Relic","Card","Relic","Card","Card"],"build_version":"2020-12-22","purchased_purges":0,"victory":false,"max_hp_per_floor":[75,69,69,69,69,69,69,69,69,69,69,69,69,69,69,69,69,69,69,69,69,69,69,69,69,69,69,69,69,69,69,69,69,69],"card_choices":[{"not_picked":["Gash","Scrape"],"picked":"Conserve Battery","floor":1},{"not_picked":["Gash","Leap"],"picked":"Barrage","floor":4},{"not_picked":["Reprogram","Redo"],"picked":"Capacitor","floor":7},{"not_picked":["Glacier+1","Go for the Eyes"],"picked":"Double Energy+1","floor":10},{"not_picked":["Consume+1","Beam Cell"],"picked":"Lockon","floor":11},{"not_picked":["Stack+1","Rebound"],"picked":"Genetic Algorithm+1","floor":12},{"not_picked":["Seek+1","Meteor Strike"],"picked":"Rainbow+1","floor":16},{"not_picked":["Double Energy+1","Genetic Algorithm+1"],"picked":"Defragment+1","floor":18},{"not_picked":["Streamline+1","Beam Cell"],"picked":"Cold Snap+1","floor":21},{"not_picked":["Compile Driver","Beam Cell+1"],"picked":"Static Discharge","floor":23},{"not_picked":["Compile Driver","Gash"],"picked":"Doom and Gloom+1","floor":25},{"not_picked":["Beam Cell+1","Sunder"],"picked":"Streamline+1","floor":27},{"not_picked":["Streamline","Sunder"],"picked":"Turbo+1","floor":28},{"not_picked":["Gash","Sweeping Beam"],"picked":"Tempest+1","floor":30},{"not_picked":["Hologram+1","Scrape","Redo+1"],"picked":"SKIP","floor":31}],"player_experience":105902,"relics_obtained":[{"floor":3,"key":"Shuriken"},{"floor":7,"key":"Meat on the Bone"},{"floor":9,"key":"White Beast Statue"},{"floor":10,"key":"Toxic Egg 2"},{"floor":23,"key":"MealTicket"},{"floor":25,"key":"Boot"},{"floor":26,"key":"Orichalcum"},{"floor":30,"key":"Bag of Preparation"}],"event_choices":[{"damage_healed":0,"gold_gain":0,"player_choice":"Lose Max HP","damage_taken":0,"relics_obtained":["Golden Idol"],"max_hp_gain":0,"max_hp_loss":6,"event_name":"Golden Idol","floor":2,"gold_loss":0},{"damage_healed":0,"gold_gain":100,"player_choice":"Pray","damage_taken":0,"max_hp_gain":0,"max_hp_loss":0,"event_name":"Golden Shrine","floor":14,"gold_loss":0},{"damage_healed":0,"gold_gain":75,"player_choice":"Touch","damage_taken":6,"max_hp_gain":0,"max_hp_loss":0,"event_name":"FaceTrader","floor":22,"gold_loss":0}],"is_beta":false,"boss_relics":[{"not_picked":["FrozenCore","Fusion Hammer"],"picked":"Coffee Dripper"}],"items_purged_floors":[],"is_endless":false,"potions_floor_spawned":[1,10,11,12,16,18,20,21,23,25,27,28,30,31],"killed_by":"Collector","ascension_level":0}}