{"host":"w3q5ijqu8eoknil3","time":1612551487,"event":{"mods":["AchievementEnabler","BaseMod","Block Reminder","Colored Map","Colored Powertips","Curses Come First","Dark Map","Minty Spire (QoL Compilation)","Quick Restart","Relic Stats","StSLib","ojb\u0027s Better Paths Mod","ojb\u0027s Info Mod","slay the spire mod where everything is the same but ironclad has a cowboy hat"],"gold_per_floor":[119,187,187,337,348,348,377,396,421,421,451,4,4,14,14,87,87,103,121,171,171,189,189,189],"floor_reached":23,"language":"ENG","playtime":511,"items_purged":[],"score":437,"play_id":"791991e7-31ae-43a5-a215-398dfea28180","local_time":"20210205185807","is_ascension_mode":true,"campfire_choices":[{"data":"Neutralize","floor":6,"key":"SMITH"},{"floor":15,"key":"REST"}],"circlet_count":0,"master_deck":["AscendersBane","Strike_G+1","Defend_G","Defend_G","Defend_G","Defend_G","Defend_G","Survivor","Neutralize+1","All Out Attack+1","Doubt","Calculated Gamble","Riddle With Holes","Bane","Blade Dance","Tools of the Trade","Backstab","Catalyst","Venomology","Noxious Fumes+1","Distraction+1","Calculated Gamble+1","Crippling Poison","Poisoned Stab","Skewer"],"relics":["Ring of the Snake","NeowsBlessing","Boot","Potion Belt","Strawberry","Omamori","Meat on the Bone","Astrolabe","Juzu Bracelet"],"acts_visited":["Exordium","TheCity"],"potions_floor_usage":[11,16,18,19,19,22,23,23],"damage_taken":[{"damage":0,"enemies":"Small Slimes","floor":1,"turns":1},{"damage":0,"enemies":"2 Louse","floor":5,"turns":1},{"damage":0,"enemies":"3 Sentries","floor":7,"turns":1},{"damage":12,"enemies":"Jaw Worm","floor":8,"turns":2},{"damage":24,"enemies":"Gremlin Nob","floor":11,"turns":4},{"damage":0,"enemies":"Blue Slaver","floor":14,"turns":3},{"damage":23,"enemies":"Slime Boss","floor":16,"turns":7},{"damage":24,"enemies":"2 Thieves","floor":18,"turns":4},{"damage":4,"enemies":"Chosen","floor":19,"turns":3},{"damage":32,"enemies":"Centurion and Healer","floor":22,"turns":7},{"damage":60,"enemies":"Book of Stabbing","floor":23,"turns":4}],"seed_played":"4601075065485009248","potions_obtained":[{"floor":7,"key":"Fruit Juice"},{"floor":11,"key":"Block Potion"},{"floor":14,"key":"LiquidMemories"},{"floor":18,"key":"CunningPotion"},{"floor":19,"key":"AttackPotion"}],"is_trial":false,"path_per_floor":["M","?","?","?","M","R","E","M","T","?","E","$","?","M","R","B",null,"M","M","?","T","M","E"],"character_chosen":"THE_SILENT","items_purchased":["Meat on the Bone","Tools of the Trade"],"campfire_rested":1,"item_purchase_floors":[12,12],"current_hp_per_floor":[59,59,39,39,39,39,39,27,27,23,4,4,4,16,39,28,66,42,50,50,50,30,0,0],"gold":189,"neow_bonus":"THREE_ENEMY_KILL","is_daily":false,"chose_seed":false,"campfire_upgraded":1,"win_rate":0.0,"timestamp":1612551487,"path_taken":["M","?","?","?","?","R","E","M","T","?","E","$","?","M","R","BOSS","M","M","?","?","M","E"],"items_purchased_type":["Relic","Card"],"build_version":"2020-12-22","purchased_purges":0,"victory":false,"max_hp_per_floor":[66,66,66,66,66,66,66,66,66,73,78,78,78,78,78,78,78,78,78,78,78,78,78,78],"relic_stats":{"counters":[11,37],"Astrolabe":["Noxious Fumes","Distraction","Calculated Gamble"],"Juzu Bracelet":0,"Boot":[117],"obtain_stats":[{"Potion Belt":9,"NeowsBlessing":0,"Strawberry":10,"Astrolabe":17,"Omamori":11,"Juzu Bracelet":21,"Boot":7,"Ring of the Snake":0,"Meat on the Bone":12},{"Potion Belt":4,"NeowsBlessing":0,"Strawberry":4,"Astrolabe":7,"Omamori":5,"Juzu Bracelet":9,"Boot":3,"Ring of the Snake":0,"Meat on the Bone":5},{"Potion Belt":5,"NeowsBlessing":0,"Strawberry":5,"Astrolabe":19,"Omamori":9,"Juzu Bracelet":26,"Boot":3,"Ring of the Snake":0,"Meat on the Bone":9}],"Ring of the Snake":[22],"Meat on the Bone":48},"card_choices":[{"not_picked":["Deadly Poison","Skewer"],"picked":"All Out Attack","floor":1},{"not_picked":["Dodge and Roll","Quick Slash"],"picked":"Calculated Gamble","floor":5},{"not_picked":["Backflip","Envenom"],"picked":"Riddle With Holes","floor":7},{"not_picked":["Prepared","Distraction"],"picked":"Bane","floor":8},{"not_picked":["Bane","Eviscerate"],"picked":"Blade Dance","floor":11},{"not_picked":["PiercingWail","Dagger Throw"],"picked":"Catalyst","floor":14},{"not_picked":["Burst","Die Die Die"],"picked":"Venomology","floor":16},{"not_picked":["Dagger Spray","Backflip"],"picked":"Crippling Poison","floor":18},{"not_picked":["Backstab","Prepared"],"picked":"Poisoned Stab","floor":19},{"not_picked":["Heel Hook+1","Terror"],"picked":"Skewer","floor":22}],"player_experience":1036179,"relics_obtained":[{"floor":7,"key":"Boot"},{"floor":9,"key":"Potion Belt"},{"floor":11,"key":"Omamori"},{"floor":21,"key":"Juzu Bracelet"}],"event_choices":[{"damage_healed":0,"gold_gain":68,"player_choice":"Gained Gold","damage_taken":0,"max_hp_gain":0,"max_hp_loss":0,"event_name":"Golden Wing","floor":2,"gold_loss":0},{"damage_healed":0,"gold_gain":0,"player_choice":"Entered Light","damage_taken":20,"max_hp_gain":0,"max_hp_loss":0,"event_name":"Shining Light","floor":3,"gold_loss":0,"cards_upgraded":["All Out Attack","Strike_G"]},{"damage_healed":0,"gold_gain":150,"player_choice":"AGREE","damage_taken":0,"max_hp_gain":0,"max_hp_loss":0,"event_name":"Liars Game","floor":4,"gold_loss":0,"cards_obtained":["Doubt"]},{"damage_healed":0,"gold_gain":0,"player_choice":"Success","damage_taken":11,"relics_obtained":["Strawberry"],"max_hp_gain":0,"max_hp_loss":0,"event_name":"Scrap Ooze","floor":10,"gold_loss":0},{"damage_healed":0,"gold_gain":0,"cards_transformed":["Strike_G"],"player_choice":"Change","damage_taken":0,"max_hp_gain":0,"max_hp_loss":0,"event_name":"Living Wall","floor":13,"gold_loss":0,"cards_obtained":["Backstab"]},{"damage_healed":0,"gold_gain":50,"player_choice":"Stole From Cult","damage_taken":0,"max_hp_gain":0,"max_hp_loss":0,"event_name":"Nest","floor":20,"gold_loss":0}],"is_beta":false,"boss_relics":[{"not_picked":["HoveringKite","Fusion Hammer"],"picked":"Astrolabe"}],"items_purged_floors":[],"is_endless":false,"potions_floor_spawned":[7,11,14,18,19],"killed_by":"Book of Stabbing","ascension_level":19}}