{"host":"l4p18zw33fr8bdc3","time":1612492181,"event":{"mods":["AchievementEnabler","BaseMod","Bestiary","Block Reminder","Colored Map","Colored Powertips","Curses Come First","Minty Spire (QoL Compilation)","Quick Restart","Rare Cards Sparkle","StSLib"],"gold_per_floor":[113,113,113,129,149,149,35,35,83,33,60,77,103,119,119,215,215,231,245,91,91,102,102,129,139,139,239,267,267,294,33,33,140,140,162,222,241,241,241],"floor_reached":38,"language":"ENG","playtime":2620,"items_purged":["Strike_R","Strike_R"],"score":529,"play_id":"4c7eba36-37e8-47bb-8e91-fdd8ad0fc9c2","local_time":"20210204212941","is_ascension_mode":true,"campfire_choices":[{"data":"Havoc","floor":6,"key":"SMITH"},{"data":"Bash","floor":8,"key":"SMITH"},{"floor":15,"key":"REST"},{"data":"Entrench","floor":23,"key":"SMITH"},{"floor":29,"key":"REST"},{"floor":32,"key":"REST"}],"circlet_count":0,"master_deck":["Strike_R","Strike_R","Defend_R","Defend_R","Defend_R","Defend_R","Bash+1","Havoc+1","Cleave","Seeing Red","Feel No Pain","Barricade","Bloodletting","Shockwave","Body Slam","Fiend Fire","True Grit","Dual Wield","Armaments","Entrench+1","Feel No Pain","Feel No Pain","Cleave+1","Juggernaut","Infernal Blade","Ghostly Armor"],"relics":["Runic Pyramid","Gremlin Horn","Ornamental Fan","Bag of Preparation","Smiling Mask","Philosopher\u0027s Stone","MutagenicStrength","Bronze Scales","CeramicFish","Self Forming Clay","Cursed Key","Turnip"],"acts_visited":["Exordium","TheCity","TheBeyond"],"potions_floor_usage":[13,16,16,24,33,33,36,38],"damage_taken":[{"damage":3,"enemies":"2 Louse","floor":1,"turns":4},{"damage":4,"enemies":"Jaw Worm","floor":4,"turns":4},{"damage":0,"enemies":"Small Slimes","floor":5,"turns":2},{"damage":21,"enemies":"3 Sentries","floor":11,"turns":7},{"damage":17,"enemies":"Exordium Thugs","floor":12,"turns":4},{"damage":5,"enemies":"Gremlin Nob","floor":13,"turns":3},{"damage":5,"enemies":"2 Fungi Beasts","floor":14,"turns":3},{"damage":17,"enemies":"Hexaghost","floor":16,"turns":9},{"damage":7,"enemies":"3 Byrds","floor":18,"turns":4},{"damage":28,"enemies":"2 Thieves","floor":19,"turns":3},{"damage":3,"enemies":"Centurion and Healer","floor":22,"turns":6},{"damage":7,"enemies":"Gremlin Leader","floor":24,"turns":6},{"damage":3,"enemies":"Sentry and Sphere","floor":25,"turns":6},{"damage":0,"enemies":"Snake Plant","floor":28,"turns":4},{"damage":0,"enemies":"Snecko","floor":30,"turns":5},{"damage":3,"enemies":"Collector","floor":33,"turns":6},{"damage":6,"enemies":"Orb Walker","floor":35,"turns":3},{"damage":31,"enemies":"2 Orb Walkers","floor":36,"turns":5},{"damage":23,"enemies":"3 Darklings","floor":37,"turns":4},{"damage":23,"enemies":"Sphere and 2 Shapes","floor":38,"turns":3}],"seed_played":"840077696328275002","potions_obtained":[{"floor":1,"key":"LiquidBronze"},{"floor":5,"key":"AttackPotion"},{"floor":13,"key":"Dexterity Potion"},{"floor":19,"key":"Fire Potion"},{"floor":25,"key":"SkillPotion"},{"floor":30,"key":"SteroidPotion"},{"floor":33,"key":"FearPotion"},{"floor":35,"key":"Fire Potion"}],"is_trial":false,"path_per_floor":["M","?","T","M","M","R","$","R","T","?","E","M","E","M","R","B",null,"M","M","$","?","M","R","E","M","T","?","M","R","M","$","R","B",null,"M","?","M","M"],"character_chosen":"IRONCLAD","items_purchased":["Feel No Pain","Dual Wield","Armaments","Self Forming Clay"],"campfire_rested":3,"item_purchase_floors":[7,20,20,31],"current_hp_per_floor":[77,70,70,66,66,66,66,66,66,66,45,28,23,18,42,25,80,73,45,45,45,42,42,35,32,32,32,32,56,56,56,80,77,80,74,43,20,0,0],"gold":241,"neow_bonus":"BOSS_RELIC","is_daily":false,"chose_seed":false,"campfire_upgraded":3,"win_rate":0.0,"timestamp":1612492181,"path_taken":["M","?","?","M","M","R","$","R","T","?","E","M","E","M","R","BOSS","M","M","$","?","M","R","E","M","T","?","M","R","M","$","R","BOSS","M","?","M","M"],"items_purchased_type":["Card","Card","Card","Relic"],"build_version":"2020-12-22","purchased_purges":2,"victory":false,"max_hp_per_floor":[80,80,80,80,80,80,80,80,80,80,80,80,80,80,80,80,80,80,80,80,80,80,80,80,80,80,80,80,80,80,80,80,80,80,80,80,80,80,80],"card_choices":[{"not_picked":["Heavy Blade","Infernal Blade"],"picked":"Havoc","floor":1},{"not_picked":["Heavy Blade","Thunderclap"],"picked":"Cleave","floor":4},{"not_picked":["Flex","Havoc"],"picked":"Seeing Red","floor":5},{"not_picked":["Clash","Wild Strike"],"picked":"Barricade","floor":11},{"not_picked":["Evolve","Pommel Strike"],"picked":"Bloodletting","floor":12},{"not_picked":["Heavy Blade","Fire Breathing"],"picked":"Shockwave","floor":13},{"not_picked":["Bloodletting","Perfected Strike"],"picked":"Body Slam","floor":14},{"not_picked":["Bludgeon","Limit Break"],"picked":"Fiend Fire","floor":16},{"not_picked":["Sword Boomerang","Perfected Strike","Evolve"],"picked":"SKIP","floor":18},{"not_picked":["Cleave","Warcry"],"picked":"True Grit","floor":19},{"not_picked":["Thunderclap","Cleave"],"picked":"Entrench","floor":22},{"not_picked":["Perfected Strike","Fiend Fire","Heavy Blade+1"],"picked":"SKIP","floor":24},{"not_picked":["Flex+1","Entrench+1"],"picked":"Feel No Pain","floor":25},{"not_picked":["Reckless Charge","Intimidate+1"],"picked":"Feel No Pain","floor":28},{"not_picked":["Searing Blow","Pommel Strike"],"picked":"Cleave+1","floor":30},{"not_picked":["Immolate","Reaper"],"picked":"Juggernaut","floor":33},{"not_picked":["Heavy Blade","Headbutt"],"picked":"Infernal Blade","floor":35},{"not_picked":["Sword Boomerang","Flex"],"picked":"Ghostly Armor","floor":36},{"not_picked":["Clash+1","Anger+1","Reckless Charge"],"picked":"SKIP","floor":37}],"player_experience":233938,"relics_obtained":[{"floor":3,"key":"Ornamental Fan"},{"floor":11,"key":"Bag of Preparation"},{"floor":13,"key":"Smiling Mask"},{"floor":24,"key":"Bronze Scales"},{"floor":26,"key":"CeramicFish"},{"floor":36,"key":"Turnip"}],"event_choices":[{"damage_healed":0,"gold_gain":0,"player_choice":"Success","damage_taken":7,"relics_obtained":["Gremlin Horn"],"max_hp_gain":0,"max_hp_loss":0,"event_name":"Scrap Ooze","floor":2,"gold_loss":0},{"cards_removed":["Strike_R"],"damage_healed":0,"gold_gain":0,"player_choice":"Card Removal","damage_taken":0,"max_hp_gain":0,"max_hp_loss":0,"event_name":"The Cleric","floor":10,"gold_loss":50},{"damage_healed":0,"gold_gain":0,"player_choice":"Inject Mutagens","damage_taken":0,"relics_obtained":["MutagenicStrength"],"max_hp_gain":0,"max_hp_loss":0,"event_name":"Drug Dealer","floor":21,"gold_loss":0},{"damage_healed":0,"gold_gain":100,"player_choice":"Pray","damage_taken":0,"max_hp_gain":0,"max_hp_loss":0,"event_name":"Golden Shrine","floor":27,"gold_loss":0},{"damage_healed":0,"gold_gain":0,"player_choice":"Fight","damage_taken":0,"max_hp_gain":0,"max_hp_loss":0,"event_name":"Mysterious Sphere","floor":36,"gold_loss":0}],"is_beta":false,"boss_relics":[{"not_picked":["Coffee Dripper","Mark of Pain"],"picked":"Philosopher\u0027s Stone"},{"not_picked":["Runic Dome","Sozu"],"picked":"Cursed Key"}],"items_purged_floors":[7,20],"is_endless":false,"potions_floor_spawned":[1,5,13,19,25,30,33,35],"killed_by":"Sphere and 2 Shapes","ascension_level":2}}