{"host":"i70yit5z0kpl303k","time":1612557071,"event":{"mods":["2.2 Compatiblity","Act Like it!","BaseMod","BetterRewards","Downfall","Gensokyo","Infinite Spire","Ironclad Rager","Koishi","Marked Mod","Minty Spire (QoL Compilation)","Relic Stats","Replay The Spire","StSLib","The Marked","thorton"],"gold_per_floor":[18,18,18,32,32,63,77,77,77,90,90,125,135,164,164,266,266,236,236,236,236,236,236,236,236,236,236,236,236,236,236,236,236,236,236,236,236,236,236,236,236,236,236,236,236,236,236,49,49,49,49],"floor_reached":50,"language":"ENG","playtime":1550,"items_purged":[],"score":957,"play_id":"ce90f59b-6103-4ab1-b578-80a12212262f","local_time":"20210205123111","is_ascension_mode":true,"campfire_choices":[{"data":"Spot Weakness","floor":15.0,"key":"SMITH"},{"data":"ICR:VitalStrike","floor":28,"key":"SMITH"},{"data":"Perfected Strike","floor":32,"key":"SMITH"},{"data":"Inflame","floor":40,"key":"SMITH"},{"data":"Demon Form","floor":42,"key":"SMITH"},{"data":"Perfected Strike","floor":44,"key":"SMITH"},{"floor":49,"key":"REST"}],"circlet_count":0,"master_deck":["Bash","Twin Strike","Twin Strike","Twin Strike","Twin Strike","Twin Strike","Iron Wave","Iron Wave","Iron Wave","Iron Wave","Perfected Strike+1","Thunderclap","Iron Wave","Clash","Life Link","Spot Weakness+1","Twin Strike","ReplayTheSpireMod:Limb From Limb","Barricade","Perfected Strike+1","Clash","ReplayTheSpireMod:Limb From Limb","Run Through","ICR:VitalStrike+1","Sword Boomerang+1","Perfected Strike+1","Inflame+1","Perfected Strike+1","Twin Strike","Hemogenesis","Twin Strike+1","Metallicize+1","Pommel Strike","Demon Form+1","Pot Of Greed","Pot Of Greed","Pot Of Greed","Clash+1","Havoc","Pot Of Greed","Clash","Rampage"],"relics":["Burning Blood","Ornamental Fan","Sundial","Replay:Bottled Flurry","Strawberry","Happy Flower","Replay:Grab Bag","Ectoplasm","Painkiller Herb","thethorton:BottledFunds","HandDrill","Replay:Towering Pillar of Hats","Garlic","Durian","Ginger","Red Mask","ChewingGum","Bottled Flame","Grinning Jar","infinitespire:EvilPickle","Boot","Bag of Preparation","Vajra"],"acts_visited":["Exordium","TheCity","TheBeyond"],"potions_floor_usage":[29,50,50,50],"damage_taken":[{"damage":0.0,"enemies":"2 Louse","floor":1.0,"turns":2.0},{"damage":0.0,"enemies":"Small Slimes","floor":4.0,"turns":2.0},{"damage":9.0,"enemies":"Gremlin Nob","floor":6.0,"turns":4.0},{"damage":0.0,"enemies":"Jaw Worm","floor":7.0,"turns":2.0},{"damage":0.0,"enemies":"2 Fungi Beasts","floor":10.0,"turns":2.0},{"damage":11.0,"enemies":"3 Sentries","floor":12.0,"turns":6.0},{"damage":15.0,"enemies":"Exordium Wildlife","floor":13.0,"turns":2.0},{"damage":7.0,"enemies":"Gremlin Nob","floor":14.0,"turns":3.0},{"damage":28.0,"enemies":"Hexaghost","floor":16.0,"turns":7.0},{"damage":7.0,"enemies":"2 Thieves","floor":18.0,"turns":3.0},{"damage":0.0,"enemies":"Chosen","floor":19.0,"turns":3.0},{"damage":0.0,"enemies":"Snecko","floor":20.0,"turns":2.0},{"damage":6.0,"enemies":"Snake Plant","floor":21.0,"turns":3.0},{"damage":29.0,"enemies":"Book of Stabbing","floor":23.0,"turns":3.0},{"damage":18.0,"enemies":"Slavers","floor":25.0,"turns":4.0},{"damage":0.0,"enemies":"Shelled Parasite and Fungi","floor":27.0,"turns":2.0},{"damage":0,"enemies":"3 Cultists","floor":29,"turns":3},{"damage":0,"enemies":"Masked Bandits","floor":30,"turns":3},{"damage":3,"enemies":"Centurion and Healer","floor":31,"turns":3},{"damage":3,"enemies":"Pondfish","floor":33,"turns":5},{"damage":5,"enemies":"Orb Walker","floor":35,"turns":2},{"damage":4,"enemies":"3 Darklings","floor":36,"turns":3},{"damage":0,"enemies":"Jaw Worm Horde","floor":38,"turns":2},{"damage":6,"enemies":"Giant Head","floor":41,"turns":5},{"damage":50,"enemies":"Nemesis","floor":45,"turns":5},{"damage":0,"enemies":"Transient","floor":46,"turns":5},{"damage":11,"enemies":"3 Darklings","floor":47,"turns":3},{"damage":87,"enemies":"Awakened One","floor":50,"turns":6}],"seed_played":"7509534707760295018","potions_obtained":[{"floor":1.0,"key":"Regen Potion"},{"floor":13.0,"key":"Explosive Potion"},{"floor":14.0,"key":"SpeedPotion"},{"floor":30,"key":"sneckomod:MuddlingPotion"},{"floor":47,"key":"HeartOfIron"}],"is_trial":false,"path_per_floor":["M","?","?","M","$","E","M","?","T","M","$","E","M","E","R","B",null,"?","?","?","?","AVR","E","?","E","T","?","T","?","?","?","T","B",null,"?","?","?","?","T","T","E","T","T","T","E","?","?","T","T","B"],"character_chosen":"IRONCLAD","items_purchased":["Vajra","Rampage"],"campfire_rested":1,"item_purchase_floors":[48,48],"current_hp_per_floor":[57,57,54,60,60,57,63,63,63,69,69,71,62,61,61,39,79,78,79,79,79,79,56,56,49,49,55,55,61,67,70,70,73,84,84,84,84,84,84,84,84,84,84,84,40,51,46,46,71,0,0],"gold":49,"neow_bonus":"IRONCLAD_BERSERKER","is_daily":false,"chose_seed":false,"campfire_upgraded":6,"win_rate":0.0,"timestamp":1612557071,"path_taken":["M","?","?","M","$","E","M","?","T","M","?","E","M","E","R","BOSS","?","?","?","?","AVR","E","?","E","T","?","T","?","?","?","T","BOSS","?","?","?","?","?","T","E","T","T","T","E","?","?","T","T","BOSS"],"items_purchased_type":["Relic","Card"],"build_version":"2020-12-22","purchased_purges":0,"victory":false,"max_hp_per_floor":[72,72,72,72,72,72,72,72,72,72,72,79,79,79,79,79,79,79,79,79,79,79,79,79,84,84,84,84,84,84,84,84,84,84,84,84,84,84,84,84,84,84,84,84,84,84,84,84,84,84,84],"relic_stats":{"Happy Flower":[24],"counters":[28,95],"Ornamental Fan":[276],"Sundial":[2],"Ectoplasm":746,"HandDrill":[14],"Bag of Preparation":[6],"Ginger":[6],"Boot":[49],"obtain_stats":[{"Happy Flower":14,"Replay:Towering Pillar of Hats":23,"thethorton:BottledFunds":17,"Replay:Grab Bag":17,"Vajra":48,"Painkiller Herb":17,"Bag of Preparation":45,"Ginger":26,"Boot":43,"Burning Blood":0,"infinitespire:EvilPickle":41,"Bottled Flame":39,"Ornamental Fan":3,"Sundial":6,"Strawberry":12,"ChewingGum":34,"Ectoplasm":17,"Replay:Bottled Flurry":9,"HandDrill":22,"Garlic":24,"Durian":25,"Red Mask":30,"Grinning Jar":41},{"Happy Flower":8,"Replay:Towering Pillar of Hats":14,"thethorton:BottledFunds":9,"Replay:Grab Bag":9,"Vajra":27,"Painkiller Herb":9,"Bag of Preparation":25,"Ginger":15,"Boot":24,"Burning Blood":0,"infinitespire:EvilPickle":24,"Bottled Flame":23,"Ornamental Fan":1,"Sundial":3,"Strawberry":6,"ChewingGum":20,"Ectoplasm":9,"Replay:Bottled Flurry":4,"HandDrill":13,"Garlic":14,"Durian":15,"Red Mask":18,"Grinning Jar":24},{"Happy Flower":23,"Replay:Towering Pillar of Hats":44,"thethorton:BottledFunds":30,"Replay:Grab Bag":30,"Vajra":89,"Painkiller Herb":30,"Bag of Preparation":81,"Ginger":48,"Boot":76,"Burning Blood":0,"infinitespire:EvilPickle":76,"Bottled Flame":71,"Ornamental Fan":2,"Sundial":8,"Strawberry":18,"ChewingGum":64,"Ectoplasm":30,"Replay:Bottled Flurry":10,"HandDrill":41,"Garlic":44,"Durian":48,"Red Mask":56,"Grinning Jar":76}],"Burning Blood":142},"card_choices":[{"not_picked":["Headbutt","Flex"],"picked":"Perfected Strike","floor":1.0},{"not_picked":["Second Wind","ReplayTheSpireMod:Strike From Hell"],"picked":"Thunderclap","floor":4.0},{"not_picked":["Life Link","Heavy Blade"],"picked":"Iron Wave","floor":6.0},{"not_picked":["Rupture","Intimidate"],"picked":"Clash","floor":7.0},{"not_picked":["ReplayTheSpireMod:Stacked","Reckless Charge"],"picked":"Life Link","floor":10.0},{"not_picked":["Massacre","Wild Strike"],"picked":"Spot Weakness","floor":12.0},{"not_picked":["ReplayTheSpireMod:Strike From Hell","Armaments"],"picked":"Twin Strike","floor":13.0},{"not_picked":["Rage","Wild Strike"],"picked":"ReplayTheSpireMod:Limb From Limb","floor":14.0},{"not_picked":["Juggernaut","Eclipse"],"picked":"Barricade","floor":16.0},{"not_picked":["Clothesline","Sentinel"],"picked":"Perfected Strike","floor":18.0},{"not_picked":["Eclipse","Searing Blow"],"picked":"Clash","floor":19.0},{"not_picked":["Havoc","Life Link"],"picked":"ReplayTheSpireMod:Limb From Limb","floor":20.0},{"not_picked":["Battle Trance","Warcry"],"picked":"Run Through","floor":21.0},{"not_picked":["Second Wind","Thunderclap+1"],"picked":"ICR:VitalStrike","floor":23.0},{"not_picked":["True Grit","Anger"],"picked":"Sword Boomerang+1","floor":25.0},{"not_picked":["Massacre+1","True Grit"],"picked":"Perfected Strike","floor":27},{"not_picked":["Warcry","Replay:Undeath\u0027s Touch+1"],"picked":"Inflame","floor":29},{"not_picked":["Heavy Blade","Havoc"],"picked":"Perfected Strike+1","floor":30},{"not_picked":["Heavy Blade","Warcry"],"picked":"Twin Strike","floor":31},{"not_picked":["Impervious","Berserk"],"picked":"Hemogenesis","floor":33},{"not_picked":["Sword Boomerang","Entrench"],"picked":"Twin Strike+1","floor":35},{"not_picked":["ReplayTheSpireMod:Stacked+1","Pummel+1"],"picked":"Metallicize+1","floor":36},{"not_picked":["ReplayTheSpireMod:Strike From Hell+1","Clothesline+1"],"picked":"Pommel Strike","floor":38},{"not_picked":["Pommel Strike+1","Clothesline+1"],"picked":"Demon Form","floor":41},{"not_picked":["Wild Strike+1","Hemokinesis+1"],"picked":"Clash+1","floor":45},{"not_picked":["ReplayTheSpireMod:Corrosion Curse+1","Combust"],"picked":"Havoc","floor":46},{"not_picked":["ReplayTheSpireMod:LeadingStrike","Anger"],"picked":"Clash","floor":47}],"player_experience":245312,"relics_obtained":[{"floor":6.0,"key":"Sundial"},{"floor":9.0,"key":"Replay:Bottled Flurry"},{"floor":12.0,"key":"Strawberry"},{"floor":14.0,"key":"Happy Flower"},{"floor":23.0,"key":"Replay:Towering Pillar of Hats"},{"floor":25.0,"key":"Durian"},{"floor":26.0,"key":"Ginger"},{"floor":30,"key":"Red Mask"},{"floor":39,"key":"Bottled Flame"},{"floor":41,"key":"Grinning Jar"},{"floor":43,"key":"Boot"},{"floor":45,"key":"Bag of Preparation"}],"event_choices":[{"damage_healed":0.0,"max_hp_gain":0.0,"max_hp_loss":0.0,"gold_gain":0.0,"event_name":"Scrap Ooze","player_choice":"Success","floor":3.0,"gold_loss":0.0,"damage_taken":3.0,"relics_obtained":["Ornamental Fan"]},{"damage_healed":0.0,"max_hp_gain":0.0,"max_hp_loss":0.0,"gold_gain":0.0,"event_name":"Living Wall","player_choice":"Grow","floor":8.0,"gold_loss":0.0,"damage_taken":0.0,"cards_upgraded":["Perfected Strike"]},{"damage_healed":0.0,"max_hp_gain":0.0,"max_hp_loss":0.0,"gold_gain":0.0,"event_name":"The Mausoleum","player_choice":"Opened","floor":24.0,"gold_loss":0.0,"damage_taken":0.0,"relics_obtained":["Garlic"]},{"damage_healed":0,"gold_gain":0,"player_choice":"Fought Bandits","damage_taken":0,"max_hp_gain":0,"max_hp_loss":0,"event_name":"Masked Bandits","floor":30,"gold_loss":0},{"damage_healed":0,"gold_gain":222,"player_choice":"Wore Mask","damage_taken":0,"max_hp_gain":0,"max_hp_loss":0,"event_name":"Tomb of Lord Red Mask","floor":37,"gold_loss":0}],"is_beta":false,"boss_relics":[{"not_picked":["SlaversCollar","Replay:Wanted Poster"],"picked":"Replay:Grab Bag"},{"not_picked":["Abe\u0027s Treasure","Ooze Armor"],"picked":"Ectoplasm"},{"not_picked":["Velvet Choker","Sozu"],"picked":"Painkiller Herb"},{"not_picked":["ReplayTheSpireMod:SealedPack","SacredBark"],"picked":"thethorton:BottledFunds"},{"not_picked":["Replay:Bronze Core","Fusion Hammer"],"picked":"ChewingGum"}],"items_purged_floors":[],"is_endless":false,"potions_floor_spawned":[1,13,14,20,23,25,30,31,45,46,47],"killed_by":"Awakened One","ascension_level":4}}