{"host":"kmq7aw60w430zvtx","time":1612515092,"event":{"mods":["BaseMod","Downfall","GifTheSpireLib","Hermit","Hubris","Minty Spire (QoL Compilation)","Reliquary","Replay The Spire","StSLib","The Construct","The Cursed","The Hierophant","The Jungle","The Necromancer","The Runesmith"],"gold_per_floor":[165,165,82,82,92,92,92,92],"floor_reached":7,"language":"ENG","playtime":243,"items_purged":[],"score":55,"play_id":"4839b71e-a3ed-47e6-8df9-470436b06811","local_time":"20210205095132","is_ascension_mode":true,"campfire_choices":[{"floor":6,"key":"RECALL"}],"circlet_count":0,"master_deck":["Strike_G","Strike_G","Strike_G","Strike_G","Defend_G+1","Defend_G","Defend_G","Defend_G+1","Defend_G+1","Survivor","Neutralize","Escape Plan","Sucker Punch","Dark Shackles","Reflex","Heel Hook"],"relics":["Tiny House"],"acts_visited":["Exordium"],"potions_floor_usage":[],"damage_taken":[{"damage":4,"enemies":"2 Louse","floor":1,"turns":4},{"damage":3,"enemies":"Jaw Worm","floor":5,"turns":5},{"damage":51,"enemies":"Gremlin Nob","floor":7,"turns":6}],"seed_played":"8606956337729617616","potions_obtained":[{"floor":0,"key":"champ:CounterPotion"}],"is_trial":false,"path_per_floor":["M","?","$","?","M","R","E"],"character_chosen":"THE_SILENT","items_purchased":["Dark Shackles"],"campfire_rested":0,"item_purchase_floors":[3],"current_hp_per_floor":[64,49,49,49,46,46,0,0],"gold":92,"neow_bonus":"BOSS_RELIC","is_daily":false,"chose_seed":false,"campfire_upgraded":0,"win_rate":0.0,"timestamp":1612515092,"path_taken":["M","?","$","?","M","R","E"],"items_purchased_type":["Card"],"build_version":"2020-12-22","purchased_purges":0,"victory":false,"max_hp_per_floor":[75,75,75,75,75,75,75,75],"card_choices":[{"not_picked":["Quick Slash","Calculated Gamble"],"picked":"Escape Plan","floor":0},{"not_picked":["PiercingWail","Heel Hook"],"picked":"Sucker Punch","floor":1},{"not_picked":["hubris:SlightOfHand","Crippling Poison"],"picked":"Heel Hook","floor":5}],"player_experience":340718,"relics_obtained":[],"event_choices":[{"damage_healed":0,"gold_gain":0,"player_choice":"Entered Light","damage_taken":15,"max_hp_gain":0,"max_hp_loss":0,"event_name":"Shining Light","floor":2,"gold_loss":0,"cards_upgraded":["Defend_G","Defend_G"]},{"damage_healed":0,"gold_gain":0,"cards_transformed":["Strike_G"],"player_choice":"Transformed","damage_taken":0,"max_hp_gain":0,"max_hp_loss":0,"event_name":"Transmorgrifier","floor":4,"gold_loss":0,"cards_obtained":["Reflex"]}],"is_beta":false,"boss_relics":[],"items_purged_floors":[],"is_endless":false,"potions_floor_spawned":[],"killed_by":"Gremlin Nob","ascension_level":8}}