{"host":"dzit4ljil6490tuf","time":1612550091,"event":{"mods":["BaseMod","Downfall","Hermit","Hubris","Minty Spire (QoL Compilation)","StSLib","The Cursed","The Runesmith","The Servant 0.9.4"],"gold_per_floor":[99,114,129,144,144,174,199,214,214,229,254,269,294,324,339,439,439,439,454,469,258,273,273,273,303,303,303,303,333,348,363,378,378,378,378],"floor_reached":33,"language":"ITA","playtime":3017,"items_purged":[],"score":351,"play_id":"1b5080a0-6498-4c90-b26c-ac3ef3e977fc","local_time":"20210205193451","daily_mods":["downfall:Improvised","ControlledChaos","Night Terrors"],"is_ascension_mode":false,"campfire_choices":[{"data":"sneckomod:SnekBite","floor":18,"key":"SMITH"}],"circlet_count":0,"master_deck":["sneckomod:TailWhip+1","sneckomod:SnekBite+1","sneckomod:Unknown+1","sneckomod:Unknown","sneckomod:UnknownCommonAttack","sneckomod:UnknownCommonAttack","sneckomod:UnknownCommonAttack","sneckomod:UnknownCommonSkill","sneckomod:UnknownCommonSkill","sneckomod:UnknownCommonSkill","sneckomod:UnknownUncommonAttack","sneckomod:UnknownUncommonSkill","sneckomod:UnknownUncommonPower","Slimebound:Grow","sneckomod:WideSting+1","sneckomod:RainOfDice","sneckomod:QuickMove","sneckomod:QuickBite","sneckomod:UnknownBlock","sneckomod:UnknownBlock+1","sneckomod:IronFang","sneckomod:UnknownRarePower","sneckomod:UnknownStrength","sneckomod:QuickMove+1","sneckomod:UnknownClassTHE_CHAMP_GRAY+1","sneckomod:UnendingSupply+1","Double Energy","sneckomod:UnknownWeak","sneckomod:UnknownUncommonPower","sneckomod:UnknownUncommonAttack","sneckomod:Unknown1Cost","sneckomod:UnknownCommonAttack","sneckomod:Unknown3Cost","sneckomod:Unknown1Cost","sneckomod:UnendingSupply","sneckomod:SerpentMind","sneckomod:QuickMove+1"],"relics":["sneckomod:SneckoSoul","Frozen Eye","hubris:Icosahedron","hubris:SlimyHat","Tiny Chest","Strawberry","Happy Flower","Omamori","expansioncontent:StudyCardRelic","Matryoshka","champ:DuelingGlove","downfall:RedIOU","Ice Cream"],"acts_visited":["Exordium","TheCity"],"potions_floor_usage":[16,16,33,33],"damage_taken":[{"damage":0,"enemies":"2 Louse","floor":2,"turns":3},{"damage":0,"enemies":"Small Slimes","floor":3,"turns":3},{"damage":6,"enemies":"Cultist","floor":4,"turns":3},{"damage":19,"enemies":"3 Sentries","floor":6,"turns":6},{"damage":5,"enemies":"Exordium Wildlife","floor":8,"turns":4},{"damage":4,"enemies":"Blue Slaver","floor":10,"turns":2},{"damage":16,"enemies":"Exordium Thugs","floor":12,"turns":4},{"damage":17,"enemies":"Gremlin Nob","floor":14,"turns":3},{"damage":6,"enemies":"3 Louse","floor":15,"turns":3},{"damage":21,"enemies":"Hexaghost","floor":16,"turns":11},{"damage":0,"enemies":"Spheric Guardian","floor":19,"turns":1},{"damage":37,"enemies":"Snake Plant","floor":20,"turns":5},{"damage":0,"enemies":"downfall:FleeingMerchant","floor":21,"turns":4},{"damage":1,"enemies":"Snecko","floor":22,"turns":4},{"damage":2,"enemies":"Gremlin Leader","floor":25,"turns":6},{"damage":30,"enemies":"Book of Stabbing","floor":29,"turns":4},{"damage":0,"enemies":"Chosen and Byrds","floor":30,"turns":3},{"damage":0,"enemies":"Cultist and Chosen","floor":31,"turns":4},{"damage":5,"enemies":"Snecko","floor":32,"turns":3},{"damage":24,"enemies":"DF_ARCHETYPE_CLAW","floor":33,"turns":3}],"seed_played":"-8643747277835071688","potions_obtained":[{"floor":2,"key":"sneckomod:DiceRollPotion"},{"floor":4,"key":"Weak Potion"},{"floor":6,"key":"sneckomod:MuddlingPotion"},{"floor":15,"key":"AttackPotion"},{"floor":25,"key":"LiquidBronze"},{"floor":29,"key":"Dexterity Potion"}],"is_trial":false,"path_per_floor":["R","M","M","M","?","E","T","M","?","M","T","M","T","E","M","B",null,"R","M","M","$","M","R","T","E","?","?","?","E","M","M","M","B"],"character_chosen":"THE_SNECKO","items_purchased":["War Paint","sneckomod:UnknownClassTHE_CHAMP_GRAY"],"campfire_rested":0,"item_purchase_floors":[21,21],"current_hp_per_floor":[90,90,90,84,84,65,65,60,60,56,63,47,47,43,37,16,97,97,97,60,60,59,59,59,57,57,57,49,19,19,19,19,0,0,0],"gold":378,"neow_bonus":"","is_daily":true,"chose_seed":false,"campfire_upgraded":1,"win_rate":0.0,"timestamp":1612550091,"path_taken":["R","M","M","M","?","E","T","M","?","?","?","M","?","E","M","BOSS","R","M","M","$","M","R","T","E","?","?","?","E","M","M","M","BOSS"],"items_purchased_type":["Relic","Card"],"build_version":"2020-12-22","purchased_purges":0,"victory":false,"max_hp_per_floor":[90,90,90,90,90,90,90,90,90,90,97,97,97,97,97,97,97,97,97,97,97,97,97,97,97,97,97,97,97,97,97,97,97,97,97],"card_choices":[{"not_picked":["sneckomod:SoulDraw","sneckomod:UnknownWeak"],"picked":"sneckomod:WideSting","floor":2},{"not_picked":["sneckomod:DiceCrush","sneckomod:UnknownCommonAttack"],"picked":"sneckomod:RainOfDice","floor":3},{"not_picked":["sneckomod:SoulDraw","sneckomod:RainOfDice"],"picked":"sneckomod:QuickMove","floor":4},{"not_picked":["sneckomod:PureSnecko","sneckomod:UnknownStrike"],"picked":"sneckomod:QuickBite","floor":6},{"not_picked":["sneckomod:QuickBite","sneckomod:SoulDraw"],"picked":"sneckomod:UnknownBlock","floor":8},{"not_picked":["sneckomod:SoulRoll","sneckomod:DiceBoulder"],"picked":"sneckomod:UnknownBlock","floor":10},{"not_picked":["sneckomod:Unknown2Cost","sneckomod:DiceBlock"],"picked":"sneckomod:IronFang","floor":12},{"not_picked":["sneckomod:SoulExchange","sneckomod:Nope"],"picked":"sneckomod:UnknownExhaust","floor":14},{"not_picked":["sneckomod:UnknownX","sneckomod:Nope","sneckomod:SoulRoll"],"picked":"SKIP","floor":15},{"not_picked":["sneckomod:UnknownRareAttack","sneckomod:UnknownRareSkill"],"picked":"sneckomod:UnknownRarePower","floor":16},{"not_picked":["sneckomod:QuickMove","sneckomod:Nope+1"],"picked":"sneckomod:UnknownStrength","floor":19},{"not_picked":["sneckomod:RainOfDice","sneckomod:SoulCleanse+1","sneckomod:UnknownCommonAttack"],"picked":"SKIP","floor":20},{"not_picked":["sneckomod:DiceBlock","sneckomod:ImprovisedGuard"],"picked":"sneckomod:QuickMove+1","floor":21},{"not_picked":["sneckomod:SerpentIdol","sneckomod:UnknownClassBLUE+1"],"picked":"sneckomod:UnendingSupply+1","floor":22},{"not_picked":["sneckomod:UnknownStrike","sneckomod:UnendingSupply+1","sneckomod:DiceBoulder"],"picked":"SKIP","floor":25},{"not_picked":["sneckomod:QuickBite","sneckomod:TrashToTreasure"],"picked":"sneckomod:Unknown1Cost","floor":29},{"not_picked":["sneckomod:SoulDraw","sneckomod:DiceCrush"],"picked":"sneckomod:UnendingSupply","floor":30},{"not_picked":["sneckomod:QuickMove","sneckomod:Unknown1Cost"],"picked":"sneckomod:SerpentMind","floor":31},{"not_picked":["sneckomod:UnknownUncommonPower","sneckomod:WideSting"],"picked":"sneckomod:QuickMove+1","floor":32}],"player_experience":623601,"relics_obtained":[{"floor":6,"key":"hubris:SlimyHat"},{"floor":7,"key":"Tiny Chest"},{"floor":11,"key":"Strawberry"},{"floor":13,"key":"Happy Flower"},{"floor":14,"key":"Omamori"},{"floor":24,"key":"Matryoshka"},{"floor":25,"key":"champ:DuelingGlove"},{"floor":29,"key":"Ice Cream"}],"event_choices":[{"damage_healed":0,"gold_gain":0,"player_choice":"Upgraded","damage_taken":0,"max_hp_gain":0,"max_hp_loss":0,"event_name":"Upgrade Shrine","floor":9,"gold_loss":0,"cards_upgraded":["sneckomod:WideSting"]}],"is_beta":false,"boss_relics":[{"not_picked":["Ectoplasm","hubris:ScarierMask"],"picked":"expansioncontent:StudyCardRelic"}],"items_purged_floors":[],"is_endless":false,"potions_floor_spawned":[2,4,6,14,15,25,29,30,32],"killed_by":"DF_ARCHETYPE_CLAW","ascension_level":0}}