{"host":"3jjxuhjpio8e4zkv","time":1612552713,"event":{"mods":["BaseMod","Colored Map","Highlight Path","Minty Spire (QoL Compilation)","Permanent Neow","Relic Stats","StSLib"],"gold_per_floor":[109,121,121,135,149,177,191,222,245,225,225,0,32,47,47,47,47],"floor_reached":16,"language":"ENG","playtime":632,"items_purged":["Strike_G"],"score":244,"play_id":"d4307cf1-8b91-4494-966a-7d6c20a9a9f5","local_time":"20210205141833","is_ascension_mode":true,"campfire_choices":[{"floor":11,"key":"REST"},{"data":"Malaise","floor":15,"key":"SMITH"}],"circlet_count":0,"master_deck":["AscendersBane","Strike_G","Strike_G","Strike_G","Defend_G","Defend_G","Defend_G","Defend_G","Defend_G","Survivor","Neutralize","Quick Slash","Quick Slash","Skewer","All Out Attack","Noxious Fumes","Blade Dance","Die Die Die","Malaise+1","PiercingWail"],"relics":["Ring of the Snake","Gambling Chip","Oddly Smooth Stone","Vajra","Smiling Mask"],"acts_visited":["Exordium"],"potions_floor_usage":[6,8,8,13,16],"damage_taken":[{"damage":6,"enemies":"Jaw Worm","floor":1,"turns":8},{"damage":0,"enemies":"Small Slimes","floor":2,"turns":3},{"damage":6,"enemies":"Cultist","floor":4,"turns":4},{"damage":2,"enemies":"2 Fungi Beasts","floor":5,"turns":5},{"damage":22,"enemies":"3 Sentries","floor":6,"turns":8},{"damage":3,"enemies":"Exordium Wildlife","floor":7,"turns":5},{"damage":16,"enemies":"Lagavulin","floor":8,"turns":5},{"damage":5,"enemies":"3 Sentries","floor":13,"turns":3},{"damage":0,"enemies":"Lots of Slimes","floor":14,"turns":2},{"damage":21,"enemies":"Hexaghost","floor":16,"turns":11}],"seed_played":"700123381600124034","potions_obtained":[{"floor":2,"key":"Dexterity Potion"},{"floor":5,"key":"FearPotion"},{"floor":7,"key":"SteroidPotion"},{"floor":8,"key":"Swift Potion"},{"floor":10,"key":"Weak Potion"}],"is_trial":false,"path_per_floor":["M","M","?","M","M","E","M","E","T","?","R","$","E","M","R","B"],"character_chosen":"THE_SILENT","items_purchased":["Malaise"],"campfire_rested":1,"item_purchase_floors":[12],"current_hp_per_floor":[50,50,50,44,42,20,17,1,1,1,24,24,19,19,19,0,0],"gold":47,"neow_bonus":"TWENTY_PERCENT_HP_BONUS","is_daily":false,"chose_seed":false,"campfire_upgraded":1,"win_rate":0.0,"timestamp":1612552713,"path_taken":["M","M","?","M","M","E","M","E","T","?","R","$","E","M","R","BOSS"],"items_purchased_type":["Card"],"build_version":"2020-12-22","purchased_purges":1,"victory":false,"max_hp_per_floor":[78,78,78,78,78,78,78,78,78,78,78,78,78,78,78,78,78],"relic_stats":{"counters":[10,54],"Gambling Chip":[20],"Smiling Mask":0,"obtain_stats":[{"Gambling Chip":6,"Oddly Smooth Stone":8,"Vajra":9,"Smiling Mask":13,"Ring of the Snake":0},{"Gambling Chip":5,"Oddly Smooth Stone":7,"Vajra":7,"Smiling Mask":8,"Ring of the Snake":0},{"Gambling Chip":28,"Oddly Smooth Stone":38,"Vajra":38,"Smiling Mask":41,"Ring of the Snake":0}],"Ring of the Snake":[20]},"card_choices":[{"not_picked":["Sucker Punch","Expertise"],"picked":"Quick Slash","floor":1},{"not_picked":["Bane","Prepared","Quick Slash"],"picked":"SKIP","floor":2},{"not_picked":["Deflect","Dagger Throw"],"picked":"Skewer","floor":4},{"not_picked":["Bouncing Flask","Blur"],"picked":"All Out Attack","floor":5},{"not_picked":["Setup","PiercingWail"],"picked":"Noxious Fumes","floor":6},{"not_picked":["Blur","Prepared"],"picked":"Blade Dance","floor":7},{"not_picked":["Slice","Backflip"],"picked":"Die Die Die","floor":8},{"not_picked":["Prepared","Noxious Fumes","Poisoned Stab"],"picked":"SKIP","floor":13},{"not_picked":["Choke","Catalyst"],"picked":"PiercingWail","floor":14}],"player_experience":1255519,"relics_obtained":[{"floor":6,"key":"Gambling Chip"},{"floor":8,"key":"Oddly Smooth Stone"},{"floor":9,"key":"Vajra"},{"floor":13,"key":"Smiling Mask"}],"event_choices":[{"damage_healed":0,"gold_gain":0,"cards_transformed":["Strike_G"],"player_choice":"Change","damage_taken":0,"max_hp_gain":0,"max_hp_loss":0,"event_name":"Living Wall","floor":3,"gold_loss":0,"cards_obtained":["Quick Slash"]},{"damage_healed":0,"gold_gain":0,"player_choice":"Bought 1 Potion","damage_taken":0,"max_hp_gain":0,"max_hp_loss":0,"event_name":"The Woman in Blue","floor":10,"gold_loss":0}],"is_beta":false,"boss_relics":[],"items_purged_floors":[12],"is_endless":false,"potions_floor_spawned":[2,5,7,8],"killed_by":"Hexaghost","ascension_level":20}}