{"host":"qc8p2flj7wsy3zpg","time":1612562314,"event":{"mods":["BaseMod","Highlight Path","Minty Spire (QoL Compilation)","Monster List Patch","Relic Stats","StSLib"],"gold_per_floor":[114,57,74,94,94,120,120,155,209,209,220,238,238,78,78,156,156,171,103,115,115,127,127,155,155,179,205,224,224,224,239,239,312,312,326,5,5,5,43,78,78,106,106,137,147,165,4,23,23,23,23,23],"floor_reached":51,"language":"ENG","playtime":2520,"items_purged":[],"score":1530,"play_id":"ba22a13b-270d-43e9-b657-c36cbcd954d3","local_time":"20210205155834","is_ascension_mode":true,"campfire_choices":[{"floor":7.0,"key":"REST"},{"floor":10.0,"key":"REST"},{"floor":13.0,"key":"REST"},{"floor":15.0,"key":"REST"},{"floor":23.0,"key":"REST"},{"floor":25.0,"key":"REST"},{"floor":30.0,"key":"REST"},{"data":"Burst","floor":32.0,"key":"SMITH"},{"floor":41.0,"key":"REST"},{"floor":49.0,"key":"RECALL"}],"circlet_count":0,"master_deck":["AscendersBane","Strike_G","Strike_G","Strike_G+1","Strike_G","Strike_G","Defend_G","Defend_G","Defend_G","Defend_G","Defend_G","Survivor","Neutralize","Underhanded Strike","Dagger Throw","Dagger Spray+1","All Out Attack","Deadly Poison","Burst+1","Poisoned Stab","Dash","Catalyst","Crippling Poison","Leg Sweep","Venomology","Catalyst","Skewer","Noxious Fumes","Corpse Explosion","After Image","Apotheosis","Deflect","Writhe","Die Die Die","PiercingWail"],"relics":["Ring of the Snake","Unceasing Top","Singing Bowl","Akabeko","Bag of Preparation","Orrery","Runic Pyramid","Letter Opener","Enchiridion","Whetstone","Ancient Tea Set","Nloth\u0027s Gift","Fusion Hammer","Thread and Needle","Snake Skull","Molten Egg 2","Potion Belt"],"acts_visited":["Exordium","TheCity","TheBeyond"],"potions_floor_usage":[51,51,51],"damage_taken":[{"damage":0.0,"enemies":"2 Louse","floor":1.0,"turns":3.0},{"damage":0.0,"enemies":"Cultist","floor":3.0,"turns":3.0},{"damage":2.0,"enemies":"Jaw Worm","floor":4.0,"turns":5.0},{"damage":24.0,"enemies":"Gremlin Nob","floor":6.0,"turns":4.0},{"damage":34.0,"enemies":"Lagavulin","floor":8.0,"turns":6.0},{"damage":19.0,"enemies":"Exordium Wildlife","floor":11.0,"turns":4.0},{"damage":0.0,"enemies":"2 Fungi Beasts","floor":12.0,"turns":1.0},{"damage":22.0,"enemies":"The Guardian","floor":16.0,"turns":9.0},{"damage":3.0,"enemies":"Chosen","floor":18.0,"turns":5.0},{"damage":13.0,"enemies":"Shell Parasite","floor":20.0,"turns":5.0},{"damage":8.0,"enemies":"Snecko","floor":22.0,"turns":4.0},{"damage":21.0,"enemies":"Slavers","floor":24.0,"turns":4.0},{"damage":10.0,"enemies":"Centurion and Healer","floor":28.0,"turns":8.0},{"damage":9.0,"enemies":"Cultist and Chosen","floor":31.0,"turns":4.0},{"damage":45.0,"enemies":"Collector","floor":33.0,"turns":8.0},{"damage":19.0,"enemies":"3 Darklings","floor":35.0,"turns":3.0},{"damage":1.0,"enemies":"Orb Walker","floor":39.0,"turns":4.0},{"damage":14.0,"enemies":"Giant Head","floor":40.0,"turns":6.0},{"damage":24.0,"enemies":"Nemesis","floor":42.0,"turns":5.0},{"damage":12.0,"enemies":"Reptomancer","floor":44.0,"turns":4.0},{"damage":0.0,"enemies":"Writhing Mass","floor":45.0,"turns":4.0},{"damage":0.0,"enemies":"Spire Growth","floor":46.0,"turns":5.0},{"damage":0.0,"enemies":"Jaw Worm Horde","floor":48.0,"turns":5.0},{"damage":40.0,"enemies":"Time Eater","floor":50.0,"turns":4.0},{"damage":19,"enemies":"Awakened One","floor":51,"turns":6}],"seed_played":"-2679617493500937207","potions_obtained":[{"floor":1.0,"key":"EssenceOfSteel"},{"floor":3.0,"key":"BlessingOfTheForge"},{"floor":4.0,"key":"LiquidMemories"},{"floor":16.0,"key":"AttackPotion"},{"floor":18.0,"key":"DistilledChaos"},{"floor":22.0,"key":"Weak Potion"},{"floor":28.0,"key":"ColorlessPotion"},{"floor":31.0,"key":"Block Potion"},{"floor":35.0,"key":"ColorlessPotion"},{"floor":45.0,"key":"Regen Potion"},{"floor":48.0,"key":"DuplicationPotion"}],"is_trial":false,"path_per_floor":["M","$","M","M","?","E","R","E","T","R","M","M","R","$","R","B",null,"M","?","M","?","M","R","E","R","T","T","M","?","R","M","R","B",null,"M","$","?","?","M","E","R","E","T","E","M","M","$","M","R","B","B"],"character_chosen":"THE_SILENT","items_purchased":["Dagger Throw","Orrery","After Image","Apotheosis","Deflect","Potion Belt"],"campfire_rested":8,"item_purchase_floors":[2,14,36,36,36,47],"current_hp_per_floor":[44,44,44,42,42,18,37,3,3,22,3,5,25,27,48,26,59,58,58,47,26,20,42,21,43,43,43,33,33,55,46,46,1,57,40,40,56,56,57,45,69,47,47,37,39,54,54,56,56,16,0,0],"gold":23,"neow_bonus":"ONE_RARE_RELIC","is_daily":false,"chose_seed":false,"campfire_upgraded":1,"win_rate":0.0,"timestamp":1612562314,"path_taken":["M","$","M","M","?","E","R","E","T","R","M","M","R","$","R","BOSS","M","?","?","?","M","R","E","R","T","?","M","?","R","M","R","BOSS","M","?","?","?","M","E","R","E","T","E","?","M","$","M","R","BOSS","BOSS"],"items_purchased_type":["Card","Relic","Card","Card","Card","Relic"],"build_version":"2020-12-22","purchased_purges":0,"victory":false,"max_hp_per_floor":[66,66,66,66,66,66,66,66,66,66,66,68,68,70,70,70,70,72,72,74,74,76,76,76,76,76,76,76,76,76,76,76,76,76,78,78,78,78,80,82,82,84,84,86,88,88,88,90,90,90,90,90],"relic_stats":{"Singing Bowl":24,"counters":[25,119],"Snake Skull":[37],"Bag of Preparation":[40],"Nloth\u0027s Gift":1,"Letter Opener":[190],"Whetstone":["Dagger Spray","Strike_G"],"obtain_stats":[{"Potion Belt":47,"Girya":24,"Singing Bowl":6,"Enchiridion":21,"Thread and Needle":40,"Snake Skull":42,"Bag of Preparation":9,"Letter Opener":19,"Whetstone":26,"Ancient Tea Set":27,"Akabeko":8,"Orrery":14,"Molten Egg 2":44,"Fusion Hammer":34,"Nloth\u0027s Gift":29,"Unceasing Top":0,"Ring of the Snake":0,"Runic Pyramid":17},{"Potion Belt":22,"Girya":12,"Singing Bowl":4,"Enchiridion":10,"Thread and Needle":18,"Snake Skull":19,"Bag of Preparation":5,"Letter Opener":9,"Whetstone":12,"Ancient Tea Set":12,"Akabeko":5,"Orrery":7,"Molten Egg 2":20,"Fusion Hammer":15,"Nloth\u0027s Gift":13,"Unceasing Top":0,"Ring of the Snake":0,"Runic Pyramid":8},{"Potion Belt":104,"Girya":53,"Singing Bowl":15,"Enchiridion":45,"Thread and Needle":86,"Snake Skull":91,"Bag of Preparation":21,"Letter Opener":40,"Whetstone":53,"Ancient Tea Set":53,"Akabeko":21,"Orrery":26,"Molten Egg 2":95,"Fusion Hammer":73,"Nloth\u0027s Gift":61,"Unceasing Top":0,"Ring of the Snake":0,"Runic Pyramid":35}],"Unceasing Top":[2],"Ring of the Snake":[50]},"card_choices":[{"not_picked":["Blur","Backflip"],"picked":"Underhanded Strike","floor":1.0},{"not_picked":["Eviscerate","Acrobatics"],"picked":"Dagger Spray","floor":3.0},{"not_picked":["Underhanded Strike","Skewer"],"picked":"All Out Attack","floor":4.0},{"not_picked":["Deflect","Expertise"],"picked":"Deadly Poison","floor":6.0},{"not_picked":["Quick Slash","Wraith Form v2"],"picked":"Burst","floor":8.0},{"not_picked":["Leg Sweep","PiercingWail"],"picked":"Poisoned Stab","floor":11.0},{"not_picked":["Predator","Dagger Throw","Infinite Blades"],"picked":"Singing Bowl","floor":12.0},{"not_picked":["Dagger Throw","Setup","Dagger Spray"],"picked":"Singing Bowl","floor":14.0},{"not_picked":["Underhanded Strike","Blade Dance"],"picked":"Dash","floor":14.0},{"not_picked":["Prepared","Eviscerate"],"picked":"Catalyst","floor":14.0},{"not_picked":["Sucker Punch","Concentrate"],"picked":"Crippling Poison","floor":14.0},{"not_picked":["Flying Knee","Dodge and Roll"],"picked":"Leg Sweep","floor":14.0},{"not_picked":["A Thousand Cuts","Unload"],"picked":"Venomology","floor":16.0},{"not_picked":["Eviscerate","Crippling Poison","Backflip"],"picked":"Singing Bowl","floor":18.0},{"not_picked":["Crippling Poison","Flying Knee+1","Outmaneuver"],"picked":"Singing Bowl","floor":20.0},{"not_picked":["Dodge and Roll","Eviscerate","Endless Agony"],"picked":"Singing Bowl","floor":22.0},{"not_picked":["PiercingWail","Prepared"],"picked":"Catalyst","floor":24.0},{"not_picked":["Slice","Dagger Spray"],"picked":"Skewer","floor":28.0},{"not_picked":["Concentrate","Cloak And Dagger"],"picked":"Noxious Fumes","floor":31.0},{"not_picked":["A Thousand Cuts","Phantasmal Killer"],"picked":"Corpse Explosion","floor":33.0},{"not_picked":["A Thousand Cuts","Backstab","Dodge and Roll"],"picked":"Singing Bowl","floor":35.0},{"not_picked":["Choke","Quick Slash","Outmaneuver"],"picked":"Singing Bowl","floor":39.0},{"not_picked":["Blade Dance","Quick Slash+1","Poisoned Stab"],"picked":"Singing Bowl","floor":40.0},{"not_picked":["Heel Hook+1","Endless Agony","Terror"],"picked":"Singing Bowl","floor":42.0},{"not_picked":["Crippling Poison+1","Endless Agony+1","Heel Hook+1"],"picked":"Singing Bowl","floor":44.0},{"not_picked":["Poisoned Stab+1","Caltrops","Dash+1"],"picked":"Singing Bowl","floor":45.0},{"not_picked":["Flechettes+1","Quick Slash+1"],"picked":"PiercingWail","floor":46.0},{"not_picked":["Predator+1","Dagger Spray+1","Accuracy"],"picked":"Singing Bowl","floor":48.0}],"player_experience":2323001,"relics_obtained":[{"floor":6.0,"key":"Singing Bowl"},{"floor":8.0,"key":"Akabeko"},{"floor":9.0,"key":"Bag of Preparation"},{"floor":21.0,"key":"Enchiridion"},{"floor":24.0,"key":"Girya"},{"floor":26.0,"key":"Whetstone"},{"floor":27.0,"key":"Ancient Tea Set"},{"floor":40.0,"key":"Thread and Needle"},{"floor":42.0,"key":"Snake Skull"},{"floor":44.0,"key":"Molten Egg 2"}],"event_choices":[{"damage_healed":0.0,"max_hp_gain":0.0,"max_hp_loss":0.0,"gold_gain":0.0,"event_name":"Shining Light","player_choice":"Ignored","floor":5.0,"gold_loss":0.0,"damage_taken":0.0},{"damage_healed":0.0,"max_hp_gain":0.0,"max_hp_loss":0.0,"gold_gain":0.0,"event_name":"WeMeetAgain","player_choice":"Paid Gold","floor":19.0,"gold_loss":68.0,"damage_taken":0.0,"relics_obtained":["Letter Opener"]},{"damage_healed":0.0,"max_hp_gain":0.0,"max_hp_loss":0.0,"gold_gain":0.0,"event_name":"Cursed Tome","player_choice":"Obtained Book","floor":21.0,"gold_loss":0.0,"damage_taken":21.0},{"damage_healed":0.0,"max_hp_gain":0.0,"max_hp_loss":0.0,"gold_gain":0.0,"event_name":"N\u0027loth","player_choice":"Traded Relic","floor":29.0,"relics_lost":["Girya"],"gold_loss":0.0,"damage_taken":0.0,"relics_obtained":["Nloth\u0027s Gift"]},{"damage_healed":16.0,"max_hp_gain":0.0,"max_hp_loss":0.0,"gold_gain":0.0,"event_name":"Winding Halls","player_choice":"Writhe","floor":37.0,"gold_loss":0.0,"damage_taken":0.0,"cards_obtained":["Writhe"]},{"damage_healed":0.0,"max_hp_gain":0.0,"max_hp_loss":0.0,"gold_gain":0.0,"event_name":"Match and Keep!","player_choice":"1 cards matched","floor":38.0,"gold_loss":0.0,"damage_taken":0.0,"cards_obtained":["Die Die Die"]}],"is_beta":false,"boss_relics":[{"not_picked":["Velvet Choker","Tiny House"],"picked":"Runic Pyramid"},{"not_picked":["Snecko Eye","Ring of the Serpent"],"picked":"Fusion Hammer"}],"items_purged_floors":[],"is_endless":false,"potions_floor_spawned":[1,3,4,16,18,22,28,31,35,45,48],"killed_by":"Awakened One","ascension_level":20}}