{"host":"2m44025v42cyg2u9","time":1612536369,"event":{"mods":["Act Like it!","BaseMod","Custom Start","Downfall","Hallownest","Marisa£®ÏF”Í°°ƒß¿Ì…≥£©","Minty Spire (QoL Compilation)","Reimu£®≤©¿ˆ¡È√Œ£©","Remilia£®¿Ÿ√◊¿Ú—«£©","Replay The Spire","StSLib","The Cursed","The Servant 0.9.4"],"gold_per_floor":[119,119,135,53,53,53,73,87,87,87,101,118,178,209,209,305,305,315,130,130,140,156,156,174,174,174,62,62,73,163,182,182,280,280,294,310,327,337,337,337,348,348,373,392,392,392,405,42,42,42],"floor_reached":51,"language":"ZHS","playtime":3468,"items_purged":["Normality","Parasite"],"score":703,"play_id":"ed78e3bf-470d-48d5-b2fd-856f99190946","local_time":"20210205224609","is_ascension_mode":false,"campfire_choices":[{"data":"LovePray:ReiMu","floor":6.0,"key":"SMITH"},{"data":"CareerPray:ReiMu","floor":10.0,"key":"SMITH"},{"data":"YinYangSange:ReiMu","floor":15.0,"key":"SMITH"},{"floor":23,"key":"REST"},{"data":"FineLineFantasy:ReiMu","floor":25,"key":"SMITH"},{"floor":32,"key":"REST"},{"floor":40,"key":"REST"},{"data":"UniversalSpiritual:ReiMu","floor":42,"key":"SMITH"},{"floor":45,"key":"REST"},{"floor":49,"key":"REST"}],"circlet_count":0,"master_deck":["Strike_Lin:ReiMu","Strike_Lin:ReiMu+1","Strike_Lin:ReiMu","Strike_Lin:ReiMu","Defend_Lin:ReiMu","Defend_Lin:ReiMu","Defend_Lin:ReiMu","NB:ReiMu+1","Stagnation:ReiMu","LovePray:ReiMu+1","CareerPray:ReiMu+1","CareerPray:ReiMu","YinYangSange:ReiMu+1","SafetyPray:ReiMu","Intuition:ReiMu","RainPray2:ReiMu","KamiRite:ReiMu+1","Intuition:ReiMu+1","MikOfLucky:ReiMu+1","Determination:ReiMu+1","KamiRite:ReiMu+1","SubAcupoint:ReiMu+1","Amulet:ReiMu+1","FineLineFantasy:ReiMu+1","PassingAway:ReiMu+1","UpKicking:ReiMu+1","YinYangSange:ReiMu","CeremonyResonance:ReiMu+1","UniversalSpiritual:ReiMu+1","WonderfulDomain:ReiMu+1","PhosphorusFlame:ReiMu+1","KamiSacrifice:ReiMu+1","Apotheosis+1","Replay:Bootleg Shield Generator+1"],"relics":["FlyPower:ReiMu","Replay:Wax Seal","ReplayTheSpireMod:CursedCoin","Blood Vial","Replay:Ringing Soul","Golden Egg","Replay:Kaleidoscope","RedLine:ReiMu","Bottled Tornado","Happy Flower"],"acts_visited":["Exordium","TheCity","TheBeyond"],"potions_floor_usage":[33,44,44],"damage_taken":[{"damage":1.0,"enemies":"2 Louse","floor":1.0,"turns":4.0},{"damage":10.0,"enemies":"Cultist","floor":3.0,"turns":7.0},{"damage":0.0,"enemies":"Small Slimes","floor":7.0,"turns":4.0},{"damage":4.0,"enemies":"2 Fungi Beasts","floor":8.0,"turns":3.0},{"damage":1.0,"enemies":"Red Slaver","floor":11.0,"turns":3.0},{"damage":6.0,"enemies":"Exordium Wildlife","floor":12.0,"turns":5.0},{"damage":14.0,"enemies":"Lagavulin Event","floor":13.0,"turns":7.0},{"damage":21.0,"enemies":"Gremlin Nob","floor":14.0,"turns":4.0},{"damage":15.0,"enemies":"The Guardian","floor":16.0,"turns":11.0},{"damage":11,"enemies":"3 Byrds","floor":18,"turns":4},{"damage":18,"enemies":"Shell Parasite","floor":21,"turns":5},{"damage":45,"enemies":"Sentry and Sphere","floor":22,"turns":6},{"damage":0,"enemies":"Snecko","floor":24,"turns":4},{"damage":16,"enemies":"Centurion and Healer","floor":29,"turns":5},{"damage":2,"enemies":"3 Cultists","floor":31,"turns":4},{"damage":19,"enemies":"Collector","floor":33,"turns":8},{"damage":13,"enemies":"Orb Walker","floor":35,"turns":5},{"damage":31,"enemies":"3 Darklings","floor":36,"turns":4},{"damage":32,"enemies":"4 Shapes","floor":37,"turns":4},{"damage":22,"enemies":"Sphere and 2 Shapes","floor":38,"turns":6},{"damage":26,"enemies":"Writhing Mass","floor":41,"turns":7},{"damage":15,"enemies":"3 Darklings","floor":44,"turns":6},{"damage":20,"enemies":"4 Shapes","floor":47,"turns":4},{"damage":18,"enemies":"Donu and Deca","floor":50,"turns":8}],"seed_played":"-8068077208795441660","potions_obtained":[{"floor":7.0,"key":"Doom Potion"},{"floor":11.0,"key":"Block Potion"},{"floor":12.0,"key":"Swift Potion"},{"floor":22,"key":"ZuzhouPotion:ReiMu"},{"floor":31,"key":"BlessingOfTheForge"},{"floor":38,"key":"Swift Potion"},{"floor":41,"key":"Energy Potion"}],"is_trial":false,"path_per_floor":["M","?","M","$","?","R","M","M","T","R","M","M","?","E","R","B",null,"M","$","?","M","M","R","M","R","T","$","?","M","?","M","R","B",null,"M","M","M","M","?","R","M","R","T","M","R","?","M","$","R","B",null],"character_chosen":"REIMU","items_purchased":["ReplayTheSpireMod:CursedCoin","Blood Vial","MikOfLucky:ReiMu","Determination:ReiMu","PassingAway:ReiMu","UpKicking:ReiMu","Apotheosis","Replay:Bootleg Shield Generator"],"campfire_rested":5,"item_purchase_floors":[4,4,19,19,27,27,48,48],"current_hp_per_floor":[64,64,54,54,54,54,56,54,54,54,58,57,48,32,32,22,80,72,75,78,65,25,53,58,58,58,61,61,50,38,38,69,55,107,94,68,41,21,21,54,33,33,33,20,54,54,39,42,77,61],"gold":42,"neow_bonus":"RANDOM_EVENT","is_daily":false,"chose_seed":false,"campfire_upgraded":5,"win_rate":0.0,"timestamp":1612536369,"path_taken":["M","?","?","$","?","R","M","M","T","R","M","M","?","E","R","BOSS","M","$","?","M","M","R","?","R","T","$","?","M","?","?","R","BOSS","M","?","M","M","?","R","M","R","T","M","R","?","M","$","R","BOSS"],"items_purchased_type":["Relic","Relic","Card","Card","Card","Card","Card","Card"],"build_version":"2020-12-22","purchased_purges":2,"victory":true,"max_hp_per_floor":[65,65,65,65,65,65,65,65,65,65,68,71,74,77,77,80,80,83,86,89,92,95,95,98,98,98,101,101,104,104,104,104,107,107,107,110,113,113,113,113,116,116,116,116,116,116,119,119,119,119],"card_choices":[{"not_picked":["Meditation:ReiMu","RainPray2:ReiMu"],"picked":"NineCharacters:ReiMu","floor":1.0},{"not_picked":["KamiSacrifice:ReiMu","TakeOff:ReiMu"],"picked":"LovePray:ReiMu","floor":3.0},{"not_picked":["TightArray:ReiMu","SubAcupoint:ReiMu"],"picked":"CareerPray:ReiMu","floor":7.0},{"not_picked":["Enchanting:ReiMu","SpiritualOutbreak2:ReiMu"],"picked":"CareerPray:ReiMu","floor":8.0},{"not_picked":["Enchanting:ReiMu","OrbThrow:ReiMu"],"picked":"YinYangSange:ReiMu","floor":11.0},{"not_picked":["CollectionFlower2:ReiMu","Intuition:ReiMu"],"picked":"SafetyPray:ReiMu","floor":12.0},{"not_picked":["ShadowOfCrow2:ReiMu","Dreaming:ReiMu"],"picked":"Intuition:ReiMu","floor":13.0},{"not_picked":["Dreaming:ReiMu","Mountainwind:ReiMu"],"picked":"RainPray2:ReiMu","floor":14.0},{"not_picked":["PrayRite:ReiMu","Authority:ReiMu"],"picked":"KamiRite:ReiMu","floor":16.0},{"not_picked":["ForcedLanding:ReiMu","SpreadBorder2:ReiMu+1"],"picked":"Intuition:ReiMu+1","floor":18},{"not_picked":["AirManeuver:ReiMu+1","SafetyPray:ReiMu"],"picked":"SubAcupoint:ReiMu+1","floor":21},{"not_picked":["AirStrike:ReiMu","ForcedLanding:ReiMu"],"picked":"Amulet:ReiMu+1","floor":22},{"not_picked":["CareerPray:ReiMu+1","AlertArray:ReiMu"],"picked":"FineLineFantasy:ReiMu","floor":24},{"not_picked":["TightArray:ReiMu","BlastKick2:ReiMu"],"picked":"YinYangSange:ReiMu","floor":29},{"not_picked":["Enchanting:ReiMu","OrbThrow:ReiMu","AirStrike:ReiMu"],"picked":"SKIP","floor":31},{"not_picked":["Shading:ReiMu","BlastKick2:ReiMu"],"picked":"CeremonyResonance:ReiMu","floor":33},{"not_picked":["CareerPray:ReiMu","SpreadBorder2:ReiMu+1","PrepareRite:ReiMu+1"],"picked":"SKIP","floor":35},{"not_picked":["RainPray2:ReiMu","SealNeedle:ReiMu"],"picked":"UniversalSpiritual:ReiMu","floor":36},{"not_picked":["TightArray:ReiMu","BarrageOfMoneybags:ReiMu+1"],"picked":"WonderfulDomain:ReiMu+1","floor":37},{"not_picked":["CareerPray:ReiMu","YinYangSign:ReiMu+1","CollectionFlower2:ReiMu+1"],"picked":"SKIP","floor":38},{"not_picked":["BarrageOfMoneybags:ReiMu","RainPray2:ReiMu"],"picked":"PhosphorusFlame:ReiMu+1","floor":41},{"not_picked":["CareerPray:ReiMu","Revelation:ReiMu","SpreadBorder2:ReiMu"],"picked":"SKIP","floor":44},{"not_picked":["UpKicking:ReiMu+1","SafetyPray:ReiMu+1"],"picked":"KamiSacrifice:ReiMu+1","floor":47}],"player_experience":138806,"relics_obtained":[{"floor":9.0,"key":"Replay:Ringing Soul"},{"floor":14.0,"key":"Replay:Kaleidoscope"},{"floor":26,"key":"Bottled Tornado"},{"floor":43,"key":"Happy Flower"}],"event_choices":[{"damage_healed":0.0,"max_hp_gain":0.0,"max_hp_loss":0.0,"gold_gain":0.0,"event_name":"Living Wall","player_choice":"Grow","floor":0.0,"gold_loss":0.0,"damage_taken":0.0,"cards_upgraded":["NB:ReiMu"]},{"cards_removed":["NineCharacters:ReiMu"],"damage_healed":0.0,"max_hp_gain":0.0,"max_hp_loss":0.0,"gold_gain":0.0,"event_name":"WeMeetAgain","player_choice":"Gave Card","floor":2.0,"gold_loss":0.0,"damage_taken":0.0,"relics_obtained":["Replay:Wax Seal"]},{"damage_healed":0.0,"max_hp_gain":0.0,"max_hp_loss":0.0,"gold_gain":0.0,"event_name":"Dead Adventurer","player_choice":"Searched \u00272\u0027 times","floor":13.0,"gold_loss":0.0,"damage_taken":0.0,"relics_obtained":["Golden Egg"]},{"damage_healed":0,"gold_gain":0,"player_choice":"1 cards matched","damage_taken":0,"max_hp_gain":0,"max_hp_loss":0,"event_name":"Match and Keep!","floor":20,"gold_loss":0,"cards_obtained":["KamiRite:ReiMu"]},{"damage_healed":0,"gold_gain":0,"player_choice":"Ignored","damage_taken":0,"max_hp_gain":0,"max_hp_loss":0,"event_name":"Vampires","floor":28,"gold_loss":0},{"damage_healed":0,"gold_gain":90,"player_choice":"GOLD ","damage_taken":12,"max_hp_gain":0,"max_hp_loss":0,"event_name":"Knowing Skull","floor":30,"potions_obtained":[],"gold_loss":0,"cards_obtained":[]},{"damage_healed":0,"gold_gain":0,"player_choice":"Ignored","damage_taken":0,"max_hp_gain":0,"max_hp_loss":0,"event_name":"Tomb of Lord Red Mask","floor":39,"gold_loss":0},{"cards_removed":["Defend_Lin:ReiMu"],"damage_healed":0,"gold_gain":0,"player_choice":"Removed Skill","damage_taken":0,"max_hp_gain":0,"max_hp_loss":0,"event_name":"Falling","floor":46,"gold_loss":0}],"is_beta":false,"boss_relics":[{"not_picked":["Ectoplasm","ChewingGum"],"picked":"RedLine:ReiMu"},{"not_picked":["Snecko Eye","Kintsugi","Painkiller Herb"]}],"items_purged_floors":[4,48],"is_endless":false,"potions_floor_spawned":[7,11,12,22,31,38,41],"ascension_level":0}}