{"host":"h1qktzcccqnez8tx","time":1612497279,"event":{"mods":["AchievementEnabler","BaseMod","Bestiary","Better Note","Block Reminder","Colored Map","Colored Powertips","Curses Come First","Downfall","Highlight Path","Infinite Spire","Minty Spire (QoL Compilation)","Permanent Neow","Quick Restart","Relic Stats","Replay The Spire","Say the Spire","StSLib","The Cursed","UnlockEverythingMod"],"gold_per_floor":[114,134,154,102,120,120,151,171,171,196,196,231,245,245,245,245,245],"floor_reached":16,"language":"ENG","playtime":770,"items_purged":[],"score":184,"play_id":"d55aafab-3e65-45fc-b286-3caefea64c96","local_time":"20210205045439","daily_mods":["Purple Cards"],"is_ascension_mode":true,"campfire_choices":[{"data":"TheCursedMod:CleanUpWorkshop","floor":6,"key":"SMITH"},{"floor":11,"key":"REST"},{"floor":15,"key":"REST"}],"circlet_count":0,"master_deck":["TheCursedMod:Strike_TheCursed+1","TheCursedMod:Strike_TheCursed+1","TheCursedMod:Strike_TheCursed","TheCursedMod:Strike_TheCursed","TheCursedMod:Defend_TheCursed","TheCursedMod:Defend_TheCursed","TheCursedMod:Defend_TheCursed","TheCursedMod:Defend_TheCursed","TheCursedMod:CursedWand","TheCursedMod:CleanUpWorkshop+1","TheCursedMod:Dregs","TheCursedMod:CursedBlade","TheCursedMod:LuckyCharm","TheCursedMod:CursedAmulet","TheCursedMod:SpitefulPray","TheCursedMod:CircleOfFlame","TheCursedMod:LuckyCharm","TheCursedMod:FleshFromBone","TheCursedMod:CursedArmor","TheCursedMod:SmokeScreen","Regret"],"relics":["TheCursedMod:BlackMagic101","infinitespire:WardingShard","Replay:Wax Seal","Gremlin Food","TheCursedMod:BloodyHarpoon","PrismaticShard"],"acts_visited":["Exordium"],"potions_floor_usage":[12],"damage_taken":[{"damage":5,"enemies":"Cultist","floor":1,"turns":4},{"damage":4,"enemies":"Jaw Worm","floor":2,"turns":5},{"damage":4,"enemies":"2 Louse","floor":3,"turns":2},{"damage":0,"enemies":"2 Fungi Beasts","floor":5,"turns":3},{"damage":33,"enemies":"Gremlin Nob","floor":7,"turns":6},{"damage":5,"enemies":"Looter","floor":8,"turns":4},{"damage":0,"enemies":"3 Sentries","floor":10,"turns":7},{"damage":27,"enemies":"Gremlin Nob","floor":12,"turns":5},{"damage":10,"enemies":"Blue Slaver","floor":13,"turns":4},{"damage":9,"enemies":"Hexaghost","floor":16,"turns":6}],"seed_played":"4926891416541484600","potions_obtained":[{"floor":3,"key":"hexamod:SoulburnPotion"},{"floor":5,"key":"Doom Potion"},{"floor":7,"key":"AttackPotion"},{"floor":12,"key":"Explosive Potion"}],"is_trial":true,"path_per_floor":["M","M","M","$","M","R","E","M","T","E","R","E","M","?","R","B"],"character_chosen":"THE_CURSED","items_purchased":["TheCursedMod:CursedAmulet"],"campfire_rested":2,"item_purchase_floors":[4],"current_hp_per_floor":[70,66,62,62,62,62,29,24,24,24,46,19,9,9,31,22,22],"gold":245,"neow_bonus":"","is_daily":false,"chose_seed":false,"campfire_upgraded":1,"win_rate":0.0,"timestamp":1612497279,"path_taken":["M","M","M","$","M","R","E","M","T","E","R","E","M","?","R","BOSS"],"items_purchased_type":["Card"],"build_version":"2020-12-22","purchased_purges":0,"victory":false,"max_hp_per_floor":[75,75,75,75,75,75,75,75,75,75,75,75,75,75,75,75,75],"relic_stats":{"counters":[10,46],"obtain_stats":[{"Gremlin Food":10,"TheCursedMod:BloodyHarpoon":12,"TheCursedMod:BlackMagic101":0,"infinitespire:WardingShard":7,"Replay:Wax Seal":9,"PrismaticShard":14},{"Gremlin Food":7,"TheCursedMod:BloodyHarpoon":8,"TheCursedMod:BlackMagic101":0,"infinitespire:WardingShard":5,"Replay:Wax Seal":6,"PrismaticShard":9},{"Gremlin Food":31,"TheCursedMod:BloodyHarpoon":36,"TheCursedMod:BlackMagic101":0,"infinitespire:WardingShard":20,"Replay:Wax Seal":24,"PrismaticShard":40}]},"card_choices":[{"not_picked":["TheCursedMod:Obscuration","TheCursedMod:Torture"],"picked":"TheCursedMod:CursedBlade","floor":1},{"not_picked":["TheCursedMod:PrepareRite","TheCursedMod:Mangle","TheCursedMod:SpreadPlague"],"picked":"SKIP","floor":2},{"not_picked":["TheCursedMod:Hemoplague","TheCursedMod:SpitefulStrike"],"picked":"TheCursedMod:LuckyCharm","floor":3},{"not_picked":["TheCursedMod:SurpriseAttack","TheCursedMod:Stretching"],"picked":"TheCursedMod:SpitefulPray","floor":5},{"not_picked":["TheCursedMod:CircleOfFocus","TheCursedMod:Torture"],"picked":"TheCursedMod:CircleOfFlame","floor":7},{"not_picked":["TheCursedMod:SpreadPlague","TheCursedMod:CursedBlade"],"picked":"TheCursedMod:LuckyCharm","floor":8},{"not_picked":["TheCursedMod:CircleOfFocus","TheCursedMod:SaltUponWound"],"picked":"TheCursedMod:FleshFromBone","floor":10},{"not_picked":["TheCursedMod:SpreadPlague","TheCursedMod:StingEye"],"picked":"TheCursedMod:CursedArmor","floor":12},{"not_picked":["TheCursedMod:RavingStaff","TheCursedMod:Mangle"],"picked":"TheCursedMod:SmokeScreen","floor":13}],"player_experience":379993,"relics_obtained":[{"floor":7,"key":"infinitespire:WardingShard"},{"floor":9,"key":"Replay:Wax Seal"},{"floor":10,"key":"Gremlin Food"},{"floor":12,"key":"TheCursedMod:BloodyHarpoon"}],"event_choices":[],"is_beta":false,"boss_relics":[],"items_purged_floors":[],"is_endless":false,"potions_floor_spawned":[3,5,7,10,12,13],"killed_by":"Hexaghost","ascension_level":5}}