{"host":"rtnsay39s46sdx80","time":1612510602,"event":{"mods":["2.2 Compatiblity","BaseMod","KinomotoSakuraMod(????)","Lobotomy","Marisa????????","Minty Spire (QoL Compilation)","Rare Cards Sparkle","Reimu??????","Remilia??????","Replay The Spire","StSLib","The Senshi"],"gold_per_floor":[110,110,121,121,133,159,159,194,194,271,271,12,28,38,38,136,136,147,164,116,116,135,167,167,167,167],"floor_reached":25,"language":"ENG","playtime":2786,"items_purged":[],"score":243,"play_id":"145b1581-8a62-4e04-8dac-1ec7bf89a030","local_time":"20210205143642","is_ascension_mode":true,"campfire_choices":[{"floor":7,"key":"REST"},{"data":"ReplayTheSpireMod:Fabricate Wheel","floor":11,"key":"SMITH"},{"floor":24,"key":"REST"}],"circlet_count":0,"master_deck":["Strike_B+1","Strike_B","Strike_B","Strike_B","Defend_B","Defend_B","Defend_B","Defend_B","Zap","Dualcast+1","FIFO Queue","Coolheaded","ReplayTheSpireMod:Restless Dread","Leap","ReplaySort","BasicCrystalCard+1","Seek","Leap","ReplayTheSpireMod:Calculation Training","Beam Cell","Rebound","Creative AI","Loop","Coolheaded","Go for the Eyes","Crystallizer","Conserve Battery","Ball Lightning","Conserve Battery","Auto Shields"],"relics":["Cracked Core","ReplayTheSpireMod:Ring of Collecting","Ring of Misfortune","Replay:Bottled Steam","Darkstone Periapt","ReplayTheSpireMod:Ring of Addiction","Toy Ornithopter","Chameleon Ring","Ring of Hypnosis","Kunai","Replay:Bottled Snecko","Prayer Wheel","Runic Pyramid","Onion Ring"],"acts_visited":["Exordium","TheCity"],"potions_floor_usage":[8,16,18,23],"damage_taken":[{"damage":9,"enemies":"Jaw Worm","floor":1,"turns":4},{"damage":0,"enemies":"Small Slimes","floor":3,"turns":3},{"damage":4,"enemies":"2 Louse","floor":5,"turns":3},{"damage":15,"enemies":"3 Sentries","floor":6,"turns":10},{"damage":4,"enemies":"Replay:BlueRogue","floor":8,"turns":12},{"damage":3,"enemies":"Large Slime","floor":13,"turns":7},{"damage":4,"enemies":"Lots of Slimes","floor":14,"turns":5},{"damage":13,"enemies":"Fading Forest","floor":16,"turns":11},{"damage":10,"enemies":"3 Byrds","floor":18,"turns":7},{"damage":18,"enemies":"Spheric Guardian","floor":19,"turns":10},{"damage":3,"enemies":"Centurion and Healer","floor":22,"turns":12},{"damage":6,"enemies":"Replay:Snechameleon","floor":23,"turns":9},{"damage":64,"enemies":"Slavers","floor":25,"turns":4}],"seed_played":"-890655278906396333","potions_obtained":[{"floor":3,"key":"Energy Potion"},{"floor":6,"key":"Languid Potion"},{"floor":8,"key":"PotionOfCapacity"},{"floor":9,"key":"Ancient Potion"},{"floor":16,"key":"SteroidPotion"},{"floor":22,"key":"Block Potion"}],"is_trial":false,"path_per_floor":["M","?","M","?","M","E","R","E","T","T","R","$","M","M","R","B",null,"M","M","$","?","M","E","R","E"],"character_chosen":"DEFECT","items_purchased":["Replay:Bottled Snecko","Conserve Battery"],"campfire_rested":2,"item_purchase_floors":[12,20],"current_hp_per_floor":[66,66,66,51,47,32,54,50,50,50,50,50,47,43,64,66,71,66,48,48,35,32,31,53,0,0],"gold":167,"neow_bonus":"THREE_CARDS","is_daily":false,"chose_seed":false,"campfire_upgraded":1,"win_rate":0.0,"timestamp":1612510602,"path_taken":["M","?","M","?","M","E","R","E","T","?","R","$","?","M","R","BOSS","M","M","$","?","M","E","R","E"],"items_purchased_type":["Relic","Card"],"build_version":"2020-12-22","purchased_purges":0,"victory":false,"max_hp_per_floor":[75,75,75,75,75,75,75,75,75,75,75,75,73,73,73,71,71,71,71,71,76,74,74,74,74,74],"card_choices":[{"not_picked":["Cold Snap","Streamline"],"picked":"FIFO Queue","floor":0},{"not_picked":["Chaos","Rip and Tear"],"picked":"Coolheaded","floor":1},{"not_picked":["Storm","Stack"],"picked":"Leap","floor":3},{"not_picked":["Stack","Hologram"],"picked":"ReplaySort","floor":5},{"not_picked":["Steam","Go for the Eyes"],"picked":"BasicCrystalCard","floor":6},{"not_picked":["Compile Driver","Turbo"],"picked":"ReplayTheSpireMod:Fabricate Wheel","floor":8},{"not_picked":["Consume","Beam Cell"],"picked":"Leap","floor":13},{"not_picked":["Gash","Rebound"],"picked":"ReplayTheSpireMod:Calculation Training","floor":13},{"not_picked":["Sweeping Beam","Panic Button"],"picked":"Beam Cell","floor":14},{"not_picked":["Storm","Force Field"],"picked":"Rebound","floor":14},{"not_picked":["All For One","Electrodynamics"],"picked":"Creative AI","floor":16},{"not_picked":["Storm","Hologram"],"picked":"Loop","floor":18},{"not_picked":["Beam Cell","Stack"],"picked":"Coolheaded","floor":18},{"not_picked":["FTL+1","Panic Button"],"picked":"Go for the Eyes","floor":19},{"not_picked":["Chill","Stack+1"],"picked":"Crystallizer","floor":19},{"not_picked":["Redo","Static Discharge"],"picked":"Ball Lightning","floor":22},{"not_picked":["Mirror Shield","Gash+1"],"picked":"Conserve Battery","floor":22},{"not_picked":["Streamline","Sweeping Beam"],"picked":"Auto Shields","floor":23}],"player_experience":256825,"relics_obtained":[{"floor":2,"key":"ReplayTheSpireMod:Ring of Collecting"},{"floor":2,"key":"Ring of Misfortune"},{"floor":6,"key":"Replay:Bottled Steam"},{"floor":8,"key":"Darkstone Periapt"},{"floor":9,"key":"ReplayTheSpireMod:Ring of Addiction"},{"floor":9,"key":"Toy Ornithopter"},{"floor":9,"key":"Chameleon Ring"},{"floor":10,"key":"Ring of Hypnosis"},{"floor":10,"key":"Kunai"},{"floor":23,"key":"Onion Ring"}],"event_choices":[{"damage_healed":0,"gold_gain":0,"player_choice":"Entered Light","damage_taken":15,"max_hp_gain":0,"max_hp_loss":0,"event_name":"Shining Light","floor":4,"gold_loss":0,"cards_upgraded":["Dualcast","Strike_B"]},{"damage_healed":0,"gold_gain":0,"player_choice":"Shed Blood","damage_taken":18,"max_hp_gain":5,"max_hp_loss":0,"event_name":"Forgotten Altar","floor":21,"gold_loss":0}],"is_beta":false,"boss_relics":[{"not_picked":["SlaversCollar","Runic Dome"],"picked":"Runic Pyramid"}],"items_purged_floors":[],"is_endless":false,"potions_floor_spawned":[3,6,8,16,22],"killed_by":"Slavers","ascension_level":1}}