{"host":"ssahdsoo349p0ms1","time":1612495597,"event":{"mods":["AchievementEnabler","BaseMod","Colored Powertips","Filter the Spire","Minty Spire (QoL Compilation)","StSLib"],"gold_per_floor":[119,135,135,148,166,199,199,216,242,252,271,271,271],"floor_reached":12,"language":"ENG","playtime":499,"items_purged":[],"score":160,"play_id":"8db5e80c-7cc6-4ad8-998c-7ce99394b4a8","local_time":"20210204212637","is_ascension_mode":true,"campfire_choices":[{"data":"Prepared","floor":7.0,"key":"SMITH"}],"circlet_count":0,"master_deck":["AscendersBane","Strike_G","Strike_G","Strike_G","Strike_G","Strike_G","Defend_G","Defend_G","Defend_G","Defend_G","Defend_G","Survivor","Neutralize","Slice","Poisoned Stab","Glass Knife","Leg Sweep","Bouncing Flask","Prepared+1","Dagger Throw","Poisoned Stab","Dagger Throw"],"relics":["HoveringKite","Anchor"],"acts_visited":["Exordium"],"potions_floor_usage":[12],"damage_taken":[{"damage":9.0,"enemies":"Cultist","floor":1.0,"turns":5.0},{"damage":0.0,"enemies":"2 Louse","floor":2.0,"turns":2.0},{"damage":3.0,"enemies":"Small Slimes","floor":4.0,"turns":3.0},{"damage":14.0,"enemies":"Exordium Thugs","floor":5.0,"turns":5.0},{"damage":11.0,"enemies":"Gremlin Nob","floor":6.0,"turns":3.0},{"damage":8.0,"enemies":"Exordium Wildlife","floor":8.0,"turns":4.0},{"damage":5.0,"enemies":"Gremlin Gang","floor":10.0,"turns":6.0},{"damage":0.0,"enemies":"2 Fungi Beasts","floor":11.0,"turns":3.0},{"damage":10,"enemies":"3 Sentries","floor":12,"turns":2}],"seed_played":"-6961828152426621945","potions_obtained":[{"floor":4.0,"key":"Dexterity Potion"},{"floor":5.0,"key":"Explosive Potion"},{"floor":6.0,"key":"Block Potion"},{"floor":10.0,"key":"Strength Potion"}],"is_trial":false,"path_per_floor":["M","M","?","M","M","E","R","M","T","M","M","E"],"character_chosen":"THE_SILENT","items_purchased":[],"campfire_rested":0,"item_purchase_floors":[],"current_hp_per_floor":[50,50,50,47,33,22,22,14,14,9,9,0,0],"gold":271,"neow_bonus":"BOSS_RELIC","is_daily":false,"chose_seed":false,"campfire_upgraded":1,"win_rate":0.0,"timestamp":1612495597,"path_taken":["M","?","?","M","M","E","R","M","T","M","?","E"],"items_purchased_type":[],"build_version":"2020-12-22","purchased_purges":0,"victory":false,"max_hp_per_floor":[66,66,66,66,66,66,66,66,66,66,66,66,66],"card_choices":[{"not_picked":["Dodge and Roll","PiercingWail"],"picked":"Slice","floor":1.0},{"not_picked":["Dagger Spray","Deflect"],"picked":"Poisoned Stab","floor":2.0},{"not_picked":["Quick Slash","Blade Dance"],"picked":"Bouncing Flask","floor":4.0},{"not_picked":["A Thousand Cuts","Dash"],"picked":"Prepared","floor":5.0},{"not_picked":["Dagger Spray","Blur","Expertise"],"picked":"SKIP","floor":6.0},{"not_picked":["Blade Dance","Unload"],"picked":"Dagger Throw","floor":8.0},{"not_picked":["Distraction","Slice"],"picked":"Poisoned Stab","floor":10.0},{"not_picked":["Outmaneuver","Deadly Poison"],"picked":"Dagger Throw","floor":11.0}],"player_experience":609129,"relics_obtained":[{"floor":6.0,"key":"Anchor"}],"event_choices":[{"damage_healed":0.0,"max_hp_gain":0.0,"max_hp_loss":0.0,"gold_gain":0.0,"event_name":"Match and Keep!","player_choice":"2 cards matched","floor":3.0,"gold_loss":0.0,"damage_taken":0.0,"cards_obtained":["Glass Knife","Leg Sweep"]}],"is_beta":false,"boss_relics":[],"items_purged_floors":[],"is_endless":false,"potions_floor_spawned":[4,5,6,10],"killed_by":"3 Sentries","ascension_level":18}}