{"host":"07xnuutgvbrohvx6","time":1612527046,"event":{"mods":["AchievementEnabler","BaseMod","Colored Powertips","Hermit","Marisa（F雨　魔理沙）","Minty Spire (QoL Compilation)","Reliquary","Shop Mod","StSLib","The Cursed","The Runesmith","【功能Mod】聪明的最终Boss"],"gold_per_floor":[114,134,147,4,19,19,44,44,44,57,57,76,76,76,76,207,207,220,245,13,13,13,13,64,76,76],"floor_reached":25,"language":"ZHS","playtime":1485,"items_purged":["hermit:Defend_Hermit"],"score":221,"play_id":"e2874e70-0056-4259-b9f4-d305c17c7c72","local_time":"20210205201046","is_ascension_mode":false,"campfire_choices":[{"data":"hermit:Snapshot","floor":6,"key":"SMITH"},{"data":"hermit:Combo","floor":8,"key":"SMITH"},{"data":"hermit:Feint","floor":11,"key":"SMITH"},{"data":"hermit:GhostlyPresence","floor":15,"key":"SMITH"},{"data":"hermit:Grudge","floor":23,"key":"SMITH"}],"circlet_count":0,"master_deck":["hermit:Strike_Hermit+1","hermit:Strike_Hermit","hermit:Strike_Hermit","hermit:Strike_Hermit","hermit:Defend_Hermit","hermit:Defend_Hermit","hermit:Defend_Hermit","hermit:Snapshot+1","hermit:Covet","hermit:GhostlyPresence+1","hermit:Feint+1","hermit:Glare","hermit:Ricochet+1","hermit:Combo+1","hermit:PistolWhip","hermit:Grudge+1","Injury","hermit:Dissolve","hermit:Brawl","hermit:Scavenge+1","Shame","hermit:BodyArmor+1"],"relics":["hermit:Momento","Vajra","Nunchaku","MealTicket","Golden Idol","Cursed Key","Nunchaku","Thread and Needle","MawBank"],"acts_visited":["Exordium","TheCity"],"potions_floor_usage":[7,12,18,24],"damage_taken":[{"damage":6,"enemies":"Jaw Worm","floor":1,"turns":3},{"damage":0,"enemies":"2 Louse","floor":2,"turns":4},{"damage":0,"enemies":"Small Slimes","floor":3,"turns":4},{"damage":0,"enemies":"Looter","floor":5,"turns":3},{"damage":10,"enemies":"3 Sentries","floor":7,"turns":7},{"damage":6,"enemies":"Large Slime","floor":10,"turns":4},{"damage":0,"enemies":"Gremlin Gang","floor":12,"turns":3},{"damage":60,"enemies":"The Guardian","floor":16,"turns":12},{"damage":4,"enemies":"2 Thieves","floor":18,"turns":3},{"damage":5,"enemies":"Chosen","floor":19,"turns":4},{"damage":48,"enemies":"Book of Stabbing","floor":24,"turns":6},{"damage":5,"enemies":"Centurion and Healer","floor":25,"turns":4}],"seed_played":"-4363140750898136589","potions_obtained":[{"floor":1,"key":"Explosive Potion"},{"floor":3,"key":"BlessingOfTheForge"},{"floor":7,"key":"FairyPotion"},{"floor":16,"key":"AttackPotion"},{"floor":19,"key":"PowerPotion"}],"is_trial":false,"path_per_floor":["M","M","M","$","M","R","E","R","T","M","R","M","?","?","R","B",null,"M","M","$","?","?","R","E","M"],"character_chosen":"HERMIT","items_purchased":["Vajra","reliquary:FerryPass"],"campfire_rested":0,"item_purchase_floors":[4,20],"current_hp_per_floor":[76,76,76,76,76,76,66,66,66,60,60,60,60,44,44,10,82,78,73,82,82,66,66,18,13,13],"gold":76,"neow_bonus":"TEN_PERCENT_HP_BONUS","is_daily":false,"chose_seed":false,"campfire_upgraded":5,"win_rate":0.0,"timestamp":1612527046,"path_taken":["M","M","M","$","M","R","E","R","T","M","R","M","?","?","R","BOSS","M","M","$","?","?","R","E","M"],"items_purchased_type":["Relic","Relic"],"build_version":"2020-12-22","purchased_purges":1,"victory":false,"max_hp_per_floor":[82,82,82,82,82,82,82,82,82,82,82,82,82,82,82,82,82,82,82,82,82,87,87,87,87,87],"card_choices":[{"not_picked":["hermit:Maintenance","hermit:BodyArmor"],"picked":"hermit:GhostlyPresence","floor":1},{"not_picked":["hermit:NoHoldsBarred","hermit:HoleUp"],"picked":"hermit:Feint","floor":2},{"not_picked":["hermit:ItchyTrigger","hermit:Misfire"],"picked":"hermit:Glare","floor":3},{"not_picked":["hermit:Glare","hermit:CalledShot"],"picked":"hermit:Ricochet","floor":5},{"not_picked":["hermit:Quickdraw","hermit:HighCaliber"],"picked":"hermit:Combo","floor":7},{"not_picked":["hermit:LowProfile","hermit:WideOpen"],"picked":"hermit:PistolWhip","floor":10},{"not_picked":["hermit:HoleUp","hermit:Coalescence"],"picked":"hermit:Grudge","floor":12},{"not_picked":["hermit:FinalCanter","hermit:HighNoon"],"picked":"hermit:Dissolve","floor":16},{"not_picked":["hermit:Manifest","hermit:EyeOfTheStorm"],"picked":"hermit:Brawl","floor":18},{"not_picked":["hermit:TrackingShot+1","hermit:BodyArmor"],"picked":"hermit:Scavenge+1","floor":19},{"not_picked":["hermit:Glare","hermit:Dive+1"],"picked":"hermit:BodyArmor+1","floor":24}],"player_experience":280848,"relics_obtained":[{"floor":7,"key":"Nunchaku"},{"floor":9,"key":"MealTicket"},{"floor":24,"key":"Thread and Needle"},{"floor":24,"key":"MawBank"}],"event_choices":[{"damage_healed":0,"gold_gain":0,"player_choice":"Take Wound","damage_taken":0,"relics_obtained":["Golden Idol"],"max_hp_gain":0,"max_hp_loss":0,"event_name":"Golden Idol","floor":13,"gold_loss":0,"cards_obtained":["Injury"]},{"damage_healed":0,"gold_gain":0,"player_choice":"Entered Light","damage_taken":16,"max_hp_gain":0,"max_hp_loss":0,"event_name":"Shining Light","floor":14,"gold_loss":0,"cards_upgraded":["hermit:Strike_Hermit","hermit:Ricochet"]},{"damage_healed":0,"gold_gain":0,"player_choice":"Stole Relic","damage_taken":0,"relics_obtained":["reliquary:SculptingSteel"],"max_hp_gain":0,"max_hp_loss":0,"event_name":"Addict","floor":21,"gold_loss":0,"cards_obtained":["Shame"]},{"damage_healed":0,"gold_gain":0,"player_choice":"Shed Blood","damage_taken":21,"max_hp_gain":5,"max_hp_loss":0,"event_name":"Forgotten Altar","floor":22,"gold_loss":0}],"is_beta":false,"boss_relics":[{"not_picked":["reliquary:WritOfMandamus","hermit:DentedPlate"],"picked":"Cursed Key"}],"items_purged_floors":[20],"is_endless":false,"potions_floor_spawned":[1,3,7,16,19],"killed_by":"Centurion and Healer","ascension_level":0}}