{"host":"3qkmyeoym75lj4wn","time":1612556701,"event":{"mods":["2.2 Compatiblity","BaseMod","Block Reminder","Colored Powertips","Highlight Path","Minty Spire (QoL Compilation)","Permanent Neow","Potion Indicator Mod","Rare Cards Sparkle","Relic Stats","StSLib","Unceasing Turn Reminder"],"gold_per_floor":[113,5,17,17,27,57,69,92,92,120,133,15,33,66,66,140,140,156,156,1,16,29,29,56,56,56,56,86,104,104,114,114,191,191,207,207,207,207],"floor_reached":37,"language":"ENG","playtime":1361,"items_purged":["Strike_B","Sunder"],"score":883,"play_id":"d6c736be-a456-4766-b238-8016a2b68bb3","local_time":"20210205202501","is_ascension_mode":true,"campfire_choices":[{"floor":15,"key":"REST"},{"floor":23,"key":"REST"},{"floor":27,"key":"REST"},{"floor":30,"key":"REST"},{"data":"Defragment","floor":32,"key":"SMITH"}],"circlet_count":0,"master_deck":["AscendersBane","Defend_B","Zap","Dualcast","Sunder+1","Conserve Battery","Glacier","Loop","Melter","Genetic Algorithm","Biased Cognition","Capacitor","Glacier","Ball Lightning","Steam","Electrodynamics","Cold Snap","Defragment+1","Gash+1","Go for the Eyes","Bite","Bite","Bite","Bite","Bite","Gash","Seek","Static Discharge+1","Rainbow+1","Redo+1","Gash"],"relics":["Cracked Core","Toy Ornithopter","Whetstone","Pantograph","Oddly Smooth Stone","Mercury Hourglass","SlaversCollar","StoneCalendar","White Beast Statue","Ornamental Fan","Astrolabe"],"acts_visited":["Exordium","TheCity","TheBeyond"],"potions_floor_usage":[6,7,10,14,16,21,24,33],"damage_taken":[{"damage":0,"enemies":"Cultist","floor":1,"turns":4},{"damage":0,"enemies":"Jaw Worm","floor":3,"turns":3},{"damage":2,"enemies":"2 Louse","floor":5,"turns":2},{"damage":29,"enemies":"Gremlin Nob","floor":6,"turns":4},{"damage":15,"enemies":"Exordium Wildlife","floor":7,"turns":7},{"damage":7,"enemies":"Lagavulin","floor":10,"turns":4},{"damage":7,"enemies":"Looter","floor":11,"turns":3},{"damage":0,"enemies":"Blue Slaver","floor":13,"turns":3},{"damage":12,"enemies":"Gremlin Nob","floor":14,"turns":4},{"damage":16,"enemies":"Slime Boss","floor":16,"turns":9},{"damage":25,"enemies":"Chosen","floor":18,"turns":6},{"damage":23,"enemies":"2 Thieves","floor":21,"turns":3},{"damage":15,"enemies":"Snake Plant","floor":22,"turns":3},{"damage":9,"enemies":"Book of Stabbing","floor":24,"turns":5},{"damage":24,"enemies":"Slavers","floor":28,"turns":5},{"damage":9,"enemies":"Sentry and Sphere","floor":29,"turns":4},{"damage":10,"enemies":"Centurion and Healer","floor":31,"turns":7},{"damage":22,"enemies":"Champ","floor":33,"turns":13},{"damage":42,"enemies":"Orb Walker","floor":35,"turns":3},{"damage":26,"enemies":"3 Shapes","floor":37,"turns":3}],"seed_played":"-931157959054951329","potions_obtained":[{"floor":3,"key":"FocusPotion"},{"floor":6,"key":"FocusPotion"},{"floor":7,"key":"AttackPotion"},{"floor":14,"key":"Block Potion"},{"floor":21,"key":"FocusPotion"},{"floor":24,"key":"PotionOfCapacity"},{"floor":28,"key":"CultistPotion"},{"floor":29,"key":"FocusPotion"},{"floor":33,"key":"LiquidBronze"}],"is_trial":false,"path_per_floor":["M","$","M","?","M","E","M","T","T","E","M","$","M","E","R","B",null,"M","?","$","M","M","R","E","?","T","R","E","M","R","M","R","B",null,"M","?","M"],"character_chosen":"DEFECT","items_purchased":["Fruit Juice","Glacier","ColorlessPotion"],"campfire_rested":4,"item_purchase_floors":[2,12,20],"current_hp_per_floor":[64,64,64,64,62,33,28,28,28,26,19,19,19,12,34,48,69,44,44,44,26,11,33,29,29,29,44,26,25,40,44,44,53,53,15,15,0,0],"gold":207,"neow_bonus":"TRANSFORM_CARD","is_daily":false,"chose_seed":false,"campfire_upgraded":1,"win_rate":0.0,"timestamp":1612556701,"path_taken":["M","$","M","?","M","E","M","?","T","E","?","$","M","E","R","BOSS","M","?","$","M","M","R","E","?","T","R","E","M","R","M","R","BOSS","M","?","M"],"items_purchased_type":["Potion","Card","Potion"],"build_version":"2020-12-22","purchased_purges":2,"victory":false,"max_hp_per_floor":[71,71,71,71,71,71,76,76,76,76,76,76,76,76,76,76,76,76,76,76,76,76,76,76,53,53,53,53,53,53,53,53,53,53,53,53,53,53],"relic_stats":{"counters":[20,95],"Ornamental Fan":[36],"Pantograph":34,"Astrolabe":["Static Discharge","Rainbow","Redo"],"StoneCalendar":[74],"Whetstone":["Strike_B","Sunder"],"obtain_stats":[{"SlaversCollar":17,"Ornamental Fan":28,"Pantograph":9,"Astrolabe":34,"Oddly Smooth Stone":10,"StoneCalendar":24,"Whetstone":8,"Cracked Core":0,"Toy Ornithopter":6,"White Beast Statue":26,"Mercury Hourglass":14},{"SlaversCollar":10,"Ornamental Fan":15,"Pantograph":5,"Astrolabe":18,"Oddly Smooth Stone":6,"StoneCalendar":14,"Whetstone":5,"Cracked Core":0,"Toy Ornithopter":4,"White Beast Statue":14,"Mercury Hourglass":9},{"SlaversCollar":43,"Ornamental Fan":65,"Pantograph":20,"Astrolabe":89,"Oddly Smooth Stone":24,"StoneCalendar":60,"Whetstone":20,"Cracked Core":0,"Toy Ornithopter":13,"White Beast Statue":60,"Mercury Hourglass":34}],"Toy Ornithopter":35,"Mercury Hourglass":[237]},"card_choices":[{"not_picked":["Leap","Static Discharge"],"picked":"Conserve Battery","floor":1},{"not_picked":["Consume","Reinforced Body"],"picked":"Glacier","floor":3},{"not_picked":["Leap","Sweeping Beam"],"picked":"Loop","floor":5},{"not_picked":["Multi-Cast","All For One"],"picked":"Melter","floor":6},{"not_picked":["Leap","Sweeping Beam"],"picked":"Genetic Algorithm","floor":7},{"not_picked":["Coolheaded","Force Field"],"picked":"Biased Cognition","floor":10},{"not_picked":["Rebound","Steam"],"picked":"Capacitor","floor":11},{"not_picked":["Stack","White Noise"],"picked":"Ball Lightning","floor":13},{"not_picked":["Rebound","Double Energy"],"picked":"Steam","floor":14},{"not_picked":["Creative AI","Amplify"],"picked":"Electrodynamics","floor":16},{"not_picked":["BootSequence","Turbo"],"picked":"Cold Snap","floor":18},{"not_picked":["Redo","FTL"],"picked":"Gash+1","floor":21},{"not_picked":["Darkness","Sweeping Beam"],"picked":"Go for the Eyes","floor":22},{"not_picked":["Beam Cell+1","Steam","Auto Shields+1"],"picked":"SKIP","floor":24},{"not_picked":["Rip and Tear","Machine Learning"],"picked":"Gash","floor":28},{"not_picked":["Stack","Sweeping Beam","Hologram"],"picked":"SKIP","floor":29},{"not_picked":["Steam Power","Hologram","Genetic Algorithm"],"picked":"SKIP","floor":31},{"not_picked":["Amplify","Buffer"],"picked":"Seek","floor":33},{"not_picked":["Compile Driver","Coolheaded"],"picked":"Gash","floor":35}],"player_experience":1729683,"relics_obtained":[{"floor":6,"key":"Toy Ornithopter"},{"floor":8,"key":"Whetstone"},{"floor":9,"key":"Pantograph"},{"floor":10,"key":"Oddly Smooth Stone"},{"floor":14,"key":"Mercury Hourglass"},{"floor":24,"key":"StoneCalendar"},{"floor":26,"key":"White Beast Statue"},{"floor":28,"key":"Ornamental Fan"}],"event_choices":[{"damage_healed":0,"gold_gain":0,"player_choice":"Ignored","damage_taken":0,"max_hp_gain":0,"max_hp_loss":0,"event_name":"Liars Game","floor":4,"gold_loss":0},{"damage_healed":0,"gold_gain":0,"cards_transformed":["Strike_B","Strike_B"],"player_choice":"Became Test Subject","damage_taken":0,"max_hp_gain":0,"max_hp_loss":0,"event_name":"Drug Dealer","floor":19,"gold_loss":0,"cards_obtained":["Sunder","Defragment"]},{"damage_healed":0,"gold_gain":0,"player_choice":"Became a vampire","damage_taken":0,"max_hp_gain":0,"max_hp_loss":23,"event_name":"Vampires","floor":25,"gold_loss":0,"cards_obtained":["Bite","Bite","Bite","Bite","Bite"]},{"damage_healed":0,"gold_gain":0,"player_choice":"Ignored","damage_taken":0,"max_hp_gain":0,"max_hp_loss":0,"event_name":"Tomb of Lord Red Mask","floor":36,"gold_loss":0}],"is_beta":false,"boss_relics":[{"not_picked":["SacredBark","Velvet Choker"],"picked":"SlaversCollar"},{"not_picked":["Tiny House","Black Star"],"picked":"Astrolabe"}],"items_purged_floors":[12,20],"is_endless":false,"potions_floor_spawned":[3,6,7,14,21,24,28,29,31,33,35],"killed_by":"3 Shapes","ascension_level":20}}