{"host":"ffjrj7fisyni1ebk","time":1612544173,"event":{"mods":["2.2 Compatiblity","BaseMod","Bestiary","Colored Map","Colored Powertips","Curses Come First","Highlight Path","Keyboard Shortcuts","Minty Spire (QoL Compilation)","Relic Stats","Slay the Relics Exporter","StSLib","SuperFastMode"],"gold_per_floor":[112,112,112,126,201,201,245,245,268,293,316,332,332,350,350,475,475,496,45,60,81,81,81,125,150,150,150,188,188,188,215,227,358,370,398,102,123,138,152,152,190,190,190,190,226,282,306,306,306,306,306,306,103,138,138,138],"floor_reached":55,"language":"ENG","playtime":4398,"items_purged":["Doppelganger","Parasite"],"score":767,"play_id":"a54a1902-87b6-4942-8a08-a9e080a54ccb","local_time":"20210205185613","is_ascension_mode":false,"campfire_choices":[{"floor":6.0,"key":"REST"},{"floor":13.0,"key":"REST"},{"data":"Noxious Fumes","floor":15.0,"key":"SMITH"},{"data":"Envenom","floor":23.0,"key":"SMITH"},{"floor":27.0,"key":"REST"},{"floor":29.0,"key":"REST"},{"floor":32.0,"key":"RECALL"},{"floor":40.0,"key":"REST"},{"floor":44.0,"key":"REST"},{"floor":49.0,"key":"REST"},{"data":"Accuracy","floor":52.0,"key":"SMITH"}],"circlet_count":0,"master_deck":["Survivor","Neutralize","Sucker Punch+1","Deflect+1","PiercingWail+1","Blade Dance","Prepared","Riddle With Holes","Noxious Fumes+1","Prepared","Backflip","Catalyst","Envenom+1","Crippling Poison","Bane","Cloak And Dagger","Deflect","Backstab","Cloak And Dagger","Accuracy+1","Backflip","Finisher","Distraction+1","Adrenaline","All Out Attack","Blade Dance","Terror","Footwork+1","Noxious Fumes+1","Acrobatics+1","Flechettes+1","Deadly Poison","Infinite Blades+1","Slice+1","Slice+1","A Thousand Cuts+1"],"relics":["Astrolabe","Golden Idol","Blue Candle","Pandora\u0027s Box","Kunai","Pen Nib","Lantern","The Courier","MawBank","Black Star","DollysMirror","Regal Pillow","Anchor","Pear","InkBottle","Eternal Feather","Letter Opener","Tough Bandages","Frozen Egg 2","Orrery","Happy Flower","Pantograph"],"acts_visited":["TheCity","TheBeyond","TheEnding"],"potions_floor_usage":[],"damage_taken":[{"damage":0.0,"enemies":"Jaw Worm","floor":1.0,"turns":6.0},{"damage":0.0,"enemies":"2 Louse","floor":4.0,"turns":3.0},{"damage":31.0,"enemies":"3 Sentries","floor":7.0,"turns":17.0},{"damage":0.0,"enemies":"Small Slimes","floor":10.0,"turns":3.0},{"damage":0.0,"enemies":"3 Louse","floor":11.0,"turns":3.0},{"damage":1.0,"enemies":"Exordium Thugs","floor":12.0,"turns":6.0},{"damage":9.0,"enemies":"Lots of Slimes","floor":14.0,"turns":4.0},{"damage":19.0,"enemies":"The Guardian","floor":16.0,"turns":13.0},{"damage":0.0,"enemies":"Chosen","floor":18.0,"turns":5.0},{"damage":10.0,"enemies":"Shell Parasite","floor":20.0,"turns":5.0},{"damage":13.0,"enemies":"Snecko","floor":21.0,"turns":5.0},{"damage":34.0,"enemies":"Gremlin Leader","floor":24.0,"turns":8.0},{"damage":3.0,"enemies":"Centurion and Healer","floor":25.0,"turns":7.0},{"damage":35.0,"enemies":"Slavers","floor":28.0,"turns":6.0},{"damage":2.0,"enemies":"3 Cultists","floor":31.0,"turns":6.0},{"damage":28.0,"enemies":"Automaton","floor":33.0,"turns":11.0},{"damage":12.0,"enemies":"Orb Walker","floor":35.0,"turns":5.0},{"damage":25.0,"enemies":"3 Darklings","floor":37.0,"turns":4.0},{"damage":0.0,"enemies":"Writhing Mass","floor":38.0,"turns":4.0},{"damage":22.0,"enemies":"Spire Growth","floor":39.0,"turns":5.0},{"damage":34.0,"enemies":"Nemesis","floor":41.0,"turns":5.0},{"damage":26.0,"enemies":"Giant Head","floor":45.0,"turns":8.0},{"damage":40.0,"enemies":"2 Orb Walkers","floor":46.0,"turns":5.0},{"damage":0.0,"enemies":"Sphere and 2 Shapes","floor":47.0,"turns":4.0},{"damage":46.0,"enemies":"Time Eater","floor":50.0,"turns":14.0},{"damage":71,"enemies":"Shield and Spear","floor":54,"turns":7},{"damage":36,"enemies":"The Heart","floor":55,"turns":3}],"seed_played":"-6833678286440241953","potions_obtained":[{"floor":4.0,"key":"Ancient Potion"},{"floor":7.0,"key":"Regen Potion"},{"floor":10.0,"key":"Fire Potion"},{"floor":14.0,"key":"Energy Potion"},{"floor":16.0,"key":"CunningPotion"},{"floor":18.0,"key":"GamblersBrew"},{"floor":21.0,"key":"Swift Potion"},{"floor":25.0,"key":"Regen Potion"},{"floor":31.0,"key":"SpeedPotion"},{"floor":33.0,"key":"Dexterity Potion"},{"floor":35.0,"key":"PowerPotion"},{"floor":39.0,"key":"SneckoOil"},{"floor":46.0,"key":"Explosive Potion"}],"is_trial":false,"path_per_floor":["M","?","?","M","?","R","E","?","T","M","M","M","R","M","R","B",null,"M","$","M","M","?","R","E","M","T","R","E","R","?","M","R","B",null,"M","$","M","M","M","R","E","?","T","R","E","?","M","T","R","B",null,"R","$","E","B"],"character_chosen":"THE_SILENT","items_purchased":["Kunai","Pen Nib","Cloak And Dagger","DollysMirror","Regal Pillow","Orrery"],"campfire_rested":7,"item_purchase_floors":[19,19,19,36,36,53],"current_hp_per_floor":[70,53,58,58,47,69,38,38,38,38,38,37,59,62,62,43,75,75,75,65,52,52,52,18,15,15,37,17,39,39,37,37,9,75,63,63,38,38,16,53,29,29,29,69,43,3,3,3,61,15,85,85,82,11,0,0],"gold":138,"neow_bonus":"BOSS_RELIC","is_daily":false,"chose_seed":false,"campfire_upgraded":3,"win_rate":0.0,"timestamp":1612544173,"path_taken":["M","?","?","M","?","R","E","?","T","M","M","M","R","?","R","BOSS","M","$","?","M","?","R","E","M","T","R","E","R","?","M","R","BOSS","M","$","M","M","M","R","E","?","T","R","E","?","M","?","R","BOSS","R","$","E","BOSS"],"items_purchased_type":["Relic","Relic","Card","Relic","Relic","Relic"],"build_version":"2020-12-22","purchased_purges":2,"victory":false,"max_hp_per_floor":[70,70,75,75,75,75,75,75,75,75,75,75,75,75,75,75,75,75,75,75,75,75,75,75,75,75,75,75,75,75,75,75,75,75,75,75,75,75,75,75,85,85,85,85,85,85,85,85,85,85,85,85,82,82,82,82],"relic_stats":{"Regal Pillow":45,"Happy Flower":[1],"counters":[27,172],"Golden Idol":190,"Astrolabe":["Sucker Punch","Deflect","PiercingWail"],"Blue Candle":[0],"Eternal Feather":18,"Pen Nib":[27],"Letter Opener":[127],"MawBank":72,"Tough Bandages":[57],"Pantograph":25,"Pandora\u0027s Box":["Crippling Poison","Bane","Doppelganger","Cloak And Dagger","Deflect","Backstab"],"Black Star":3,"Kunai":[51],"obtain_stats":[{"Lantern":26,"Regal Pillow":36,"Pear":41,"Happy Flower":54,"Golden Idol":2,"Astrolabe":0,"Blue Candle":7,"Eternal Feather":45,"Pen Nib":19,"The Courier":28,"Letter Opener":45,"Frozen Egg 2":48,"MawBank":30,"Anchor":41,"Tough Bandages":46,"DollysMirror":36,"Pantograph":54,"Orrery":53,"Pandora\u0027s Box":17,"Black Star":34,"Kunai":19,"InkBottle":43,"Ring of the Snake":0},{"Lantern":13,"Regal Pillow":17,"Pear":21,"Happy Flower":26,"Golden Idol":1,"Astrolabe":0,"Blue Candle":3,"Eternal Feather":22,"Pen Nib":9,"The Courier":14,"Letter Opener":22,"Frozen Egg 2":24,"MawBank":14,"Anchor":21,"Tough Bandages":23,"DollysMirror":17,"Pantograph":26,"Orrery":25,"Pandora\u0027s Box":8,"Black Star":16,"Kunai":9,"InkBottle":21,"Ring of the Snake":0},{"Lantern":85,"Regal Pillow":113,"Pear":131,"Happy Flower":169,"Golden Idol":6,"Astrolabe":0,"Blue Candle":26,"Eternal Feather":139,"Pen Nib":60,"The Courier":91,"Letter Opener":139,"Frozen Egg 2":148,"MawBank":91,"Anchor":131,"Tough Bandages":144,"DollysMirror":113,"Pantograph":169,"Orrery":162,"Pandora\u0027s Box":55,"Black Star":108,"Kunai":60,"InkBottle":131,"Ring of the Snake":0}],"InkBottle":[25]},"card_choices":[{"not_picked":["Dagger Throw","Tactician"],"picked":"Blade Dance","floor":1.0},{"not_picked":["Dagger Throw","Underhanded Strike","Eviscerate"],"picked":"SKIP","floor":4.0},{"not_picked":["Tactician","Tools of the Trade"],"picked":"Prepared","floor":7.0},{"not_picked":["Reflex","Dagger Throw"],"picked":"Noxious Fumes","floor":10.0},{"not_picked":["Dodge and Roll","Sucker Punch"],"picked":"Prepared","floor":11.0},{"not_picked":["Underhanded Strike","PiercingWail"],"picked":"Backflip","floor":12.0},{"not_picked":["Dagger Throw","Deflect"],"picked":"Catalyst","floor":14.0},{"not_picked":["Bullet Time","Doppelganger"],"picked":"Envenom","floor":16.0},{"not_picked":["Dodge and Roll+1","Quick Slash","Sucker Punch"],"picked":"SKIP","floor":18.0},{"not_picked":["Outmaneuver","Calculated Gamble"],"picked":"Accuracy","floor":20.0},{"not_picked":["Underhanded Strike","Quick Slash+1"],"picked":"Backflip","floor":21.0},{"not_picked":["Wraith Form v2","Expertise"],"picked":"Finisher","floor":24.0},{"not_picked":["Eviscerate","Backflip","Prepared"],"picked":"SKIP","floor":25.0},{"not_picked":["Deflect","Dagger Spray+1","Flying Knee"],"picked":"SKIP","floor":28.0},{"not_picked":["Poisoned Stab","Acrobatics"],"picked":"Distraction+1","floor":31.0},{"not_picked":["Die Die Die","Bullet Time"],"picked":"Adrenaline","floor":33.0},{"not_picked":["Slice","Eviscerate"],"picked":"All Out Attack","floor":35.0},{"not_picked":["Deadly Poison","PiercingWail+1"],"picked":"Terror","floor":37.0},{"not_picked":["Dodge and Roll","Expertise+1","Quick Slash"],"picked":"SKIP","floor":38.0},{"not_picked":["Dagger Throw","PiercingWail+1"],"picked":"Dash+1","floor":39.0},{"not_picked":["Blur+1","Caltrops"],"picked":"Footwork+1","floor":41.0},{"not_picked":["Crippling Poison","Heel Hook+1"],"picked":"Noxious Fumes+1","floor":45.0},{"not_picked":["Deflect","Underhanded Strike+1"],"picked":"Acrobatics+1","floor":46.0},{"not_picked":["Heel Hook+1","Wraith Form v2","Sucker Punch+1"],"picked":"SKIP","floor":47.0},{"not_picked":["Outmaneuver+1","Sucker Punch+1"],"picked":"Flechettes+1","floor":53.0},{"not_picked":["Eviscerate","Dodge and Roll"],"picked":"Deadly Poison","floor":53.0},{"not_picked":["Well Laid Plans+1","Expertise"],"picked":"Infinite Blades+1","floor":53.0},{"not_picked":["Backstab","Sucker Punch"],"picked":"Slice+1","floor":53.0},{"not_picked":["Grand Finale","Sucker Punch+1"],"picked":"Slice+1","floor":53.0},{"not_picked":["Backflip","Underhanded Strike"],"picked":"A Thousand Cuts+1","floor":54}],"player_experience":299319,"relics_obtained":[{"floor":7.0,"key":"Blue Candle"},{"floor":26.0,"key":"Lantern"},{"floor":28.0,"key":"The Courier"},{"floor":41.0,"key":"Anchor"},{"floor":41.0,"key":"Pear"},{"floor":43.0,"key":"InkBottle"},{"floor":45.0,"key":"Eternal Feather"},{"floor":45.0,"key":"Letter Opener"},{"floor":46.0,"key":"Tough Bandages"},{"floor":48.0,"key":"Frozen Egg 2"},{"floor":54,"key":"Happy Flower"},{"floor":54,"key":"Pantograph"}],"event_choices":[{"damage_healed":0.0,"max_hp_gain":0.0,"max_hp_loss":0.0,"gold_gain":0.0,"event_name":"Golden Idol","player_choice":"Take Damage","floor":2.0,"gold_loss":0.0,"damage_taken":17.0,"relics_obtained":["Golden Idol"]},{"damage_healed":0.0,"max_hp_gain":5.0,"max_hp_loss":0.0,"gold_gain":0.0,"event_name":"Big Fish","player_choice":"Donut","floor":3.0,"gold_loss":0.0,"damage_taken":0.0},{"damage_healed":0.0,"max_hp_gain":0.0,"max_hp_loss":0.0,"gold_gain":75.0,"event_name":"World of Goop","player_choice":"Gather Gold","floor":5.0,"gold_loss":0.0,"damage_taken":11.0},{"damage_healed":0.0,"max_hp_gain":0.0,"max_hp_loss":0.0,"gold_gain":0.0,"cards_transformed":["Strike_G"],"event_name":"Transmorgrifier","player_choice":"Transformed","floor":8.0,"gold_loss":0.0,"damage_taken":0.0,"cards_obtained":["Riddle With Holes"]},{"damage_healed":0.0,"max_hp_gain":0.0,"max_hp_loss":0.0,"gold_gain":0.0,"event_name":"Ghosts","player_choice":"Ignored","floor":22.0,"gold_loss":0.0,"damage_taken":0.0},{"damage_healed":0.0,"max_hp_gain":0.0,"max_hp_loss":0.0,"gold_gain":0.0,"event_name":"The Mausoleum","player_choice":"Opened","floor":30.0,"gold_loss":0.0,"damage_taken":0.0,"relics_obtained":["MawBank"]},{"cards_removed":["Dash"],"damage_healed":0.0,"max_hp_gain":0.0,"max_hp_loss":0.0,"gold_gain":0.0,"event_name":"Falling","player_choice":"Removed Attack","floor":42.0,"gold_loss":0.0,"damage_taken":0.0},{"damage_healed":0.0,"max_hp_gain":0.0,"max_hp_loss":0.0,"gold_gain":0.0,"event_name":"Mysterious Sphere","player_choice":"Fight","floor":46.0,"gold_loss":0.0,"damage_taken":0.0}],"is_beta":false,"boss_relics":[{"not_picked":["Sozu","HoveringKite"],"picked":"Pandora\u0027s Box"},{"not_picked":["Cursed Key","SacredBark"],"picked":"Black Star"}],"items_purged_floors":[36,53],"is_endless":false,"potions_floor_spawned":[4,7,10,14,16,18,21,25,31,33,35,39,46],"killed_by":"The Heart","ascension_level":0}}