{"host":"8is2j71l4wmybkoi","time":1612512003,"event":{"mods":["AchievementEnabler","BaseMod","Colored Map","Minty Spire (QoL Compilation)","Rare Cards Sparkle","StSLib","SuperFastMode"],"gold_per_floor":[116,116,132,10,10,43,43,78,78,78,108,108,135,147,147,220,220,238,238,251,268,278,278,313,328,328,328,328,356,374,374,374,446,446,461,471,471,483,483,515,515,548,548,548,567,587,597,621,621,621,621,621,5,36,36],"floor_reached":56,"language":"KOR","playtime":2275,"items_purged":["Strike_B","Defend_B"],"score":2075,"play_id":"818be0e6-4712-4bf6-9a3d-cf8147e58bb0","local_time":"20210205170003","is_ascension_mode":true,"campfire_choices":[{"data":"Zap","floor":7.0,"key":"SMITH"},{"data":"Streamline","floor":10.0,"key":"SMITH"},{"data":"Dualcast","floor":12.0,"key":"SMITH"},{"data":"Electrodynamics","floor":15.0,"key":"SMITH"},{"data":"Aggregate","floor":23.0,"key":"SMITH"},{"data":"Defragment","floor":27.0,"key":"SMITH"},{"data":"Capacitor","floor":32.0,"key":"SMITH"},{"floor":41.0,"key":"RECALL"},{"floor":44.0,"key":"REST"},{"floor":49.0,"key":"REST"},{"floor":52.0,"key":"REST"}],"circlet_count":0,"master_deck":["AscendersBane","Defend_B+1","Zap+1","Dualcast+1","Glacier","Cold Snap+1","Sweeping Beam","Self Repair","Streamline+1","Ball Lightning","Electrodynamics+1","Storm","Reboot+1","Leap+1","Compile Driver+1","Static Discharge+1","Defragment+1","Aggregate+1","Skim","White Noise","Force Field","Capacitor+1","Genetic Algorithm","Multi-Cast","Thunder Strike+1","Turbo","Reinforced Body","Fusion+1","Storm+1","Consume","Hologram","Fission","Coolheaded+1"],"relics":["Cracked Core","NeowsBlessing","White Beast Statue","InkBottle","Tiny Chest","Kunai","Torii","Lantern","Astrolabe","Question Card","War Paint","Matryoshka","Fusion Hammer","Boot","Pantograph","Omamori","Whetstone","The Courier","DataDisk","Lizard Tail","Vajra","Oddly Smooth Stone","Bottled Tornado"],"acts_visited":["Exordium","TheCity","TheBeyond","TheEnding"],"potions_floor_usage":[55,55],"damage_taken":[{"damage":0.0,"enemies":"Cultist","floor":1.0,"turns":1.0},{"damage":0.0,"enemies":"Jaw Worm","floor":3.0,"turns":1.0},{"damage":0.0,"enemies":"3 Sentries","floor":6.0,"turns":1.0},{"damage":32.0,"enemies":"Gremlin Nob","floor":8.0,"turns":4.0},{"damage":11.0,"enemies":"3 Sentries","floor":11.0,"turns":4.0},{"damage":12.0,"enemies":"Gremlin Nob","floor":13.0,"turns":3.0},{"damage":1.0,"enemies":"2 Louse","floor":14.0,"turns":3.0},{"damage":11.0,"enemies":"Hexaghost","floor":16.0,"turns":7.0},{"damage":0.0,"enemies":"Chosen","floor":18.0,"turns":4.0},{"damage":0.0,"enemies":"3 Byrds","floor":20.0,"turns":1.0},{"damage":29.0,"enemies":"Shelled Parasite and Fungi","floor":21.0,"turns":4.0},{"damage":0.0,"enemies":"Centurion and Healer","floor":22.0,"turns":3.0},{"damage":8.0,"enemies":"Book of Stabbing","floor":24.0,"turns":5.0},{"damage":1.0,"enemies":"3 Cultists","floor":25.0,"turns":2.0},{"damage":12.0,"enemies":"Slavers","floor":29.0,"turns":2.0},{"damage":1.0,"enemies":"Snecko","floor":30.0,"turns":5.0},{"damage":28.0,"enemies":"Automaton","floor":33.0,"turns":12.0},{"damage":21.0,"enemies":"3 Shapes","floor":35.0,"turns":2.0},{"damage":0.0,"enemies":"Orb Walker","floor":36.0,"turns":2.0},{"damage":12.0,"enemies":"Spire Growth","floor":38.0,"turns":4.0},{"damage":0.0,"enemies":"Giant Head","floor":40.0,"turns":8.0},{"damage":56.0,"enemies":"Nemesis","floor":42.0,"turns":7.0},{"damage":27.0,"enemies":"3 Darklings","floor":45.0,"turns":4.0},{"damage":3.0,"enemies":"Transient","floor":46.0,"turns":5.0},{"damage":0.0,"enemies":"Sphere and 2 Shapes","floor":47.0,"turns":3.0},{"damage":65.0,"enemies":"Time Eater","floor":50.0,"turns":8.0},{"damage":50.0,"enemies":"Shield and Spear","floor":54.0,"turns":3.0},{"damage":53,"enemies":"The Heart","floor":55,"turns":8}],"seed_played":"1509817258985775452","potions_obtained":[{"floor":2.0,"key":"Explosive Potion"},{"floor":2.0,"key":"Swift Potion"},{"floor":6.0,"key":"PowerPotion"},{"floor":8.0,"key":"FocusPotion"},{"floor":11.0,"key":"SkillPotion"},{"floor":13.0,"key":"Fruit Juice"},{"floor":14.0,"key":"FocusPotion"},{"floor":16.0,"key":"ColorlessPotion"},{"floor":18.0,"key":"FocusPotion"},{"floor":21.0,"key":"LiquidBronze"},{"floor":22.0,"key":"Fruit Juice"},{"floor":24.0,"key":"BlessingOfTheForge"},{"floor":25.0,"key":"SpeedPotion"},{"floor":29.0,"key":"Fruit Juice"},{"floor":30.0,"key":"Regen Potion"},{"floor":33.0,"key":"Weak Potion"},{"floor":35.0,"key":"SkillPotion"},{"floor":36.0,"key":"EssenceOfSteel"},{"floor":38.0,"key":"SneckoOil"},{"floor":40.0,"key":"Fire Potion"},{"floor":42.0,"key":"PotionOfCapacity"},{"floor":45.0,"key":"Regen Potion"},{"floor":46.0,"key":"Strength Potion"},{"floor":54.0,"key":"Ancient Potion"}],"is_trial":false,"path_per_floor":["M","?","M","$","T","E","R","E","T","R","E","R","E","M","R","B",null,"M","?","M","M","M","R","E","M","T","R","?","E","M","?","R","B",null,"M","M","T","M","?","E","R","E","T","R","M","M","M","T","R","B",null,"R","$","E","B",null],"character_chosen":"DEFECT","items_purchased":["Sweeping Beam","Fission","Lizard Tail","Vajra","Oddly Smooth Stone"],"campfire_rested":3,"item_purchase_floors":[4,53,53,53,53],"current_hp_per_floor":[64,64,64,64,64,64,64,39,39,39,35,35,30,41,41,37,66,73,73,73,51,58,58,57,61,61,61,38,26,37,37,37,31,76,62,69,69,57,57,64,64,15,15,42,22,41,48,48,75,33,77,91,91,48,27],"gold":36,"neow_bonus":"THREE_ENEMY_KILL","is_daily":false,"chose_seed":false,"campfire_upgraded":7,"win_rate":0.0,"timestamp":1612512003,"path_taken":["M","?","?","?","?","E","R","E","T","R","E","R","E","M","R","BOSS","M","?","M","M","M","R","E","M","T","R","?","E","M","?","R","BOSS","M","M","?","M","?","E","R","E","T","R","M","?","?","?","R","BOSS","R","$","E","BOSS"],"items_purchased_type":["Card","Card","Relic","Relic","Relic"],"build_version":"2020-12-22","purchased_purges":2,"victory":true,"max_hp_per_floor":[71,71,71,71,71,71,71,71,71,71,71,71,71,76,76,76,76,76,76,76,76,76,76,76,81,81,81,86,86,91,91,91,91,91,91,91,91,91,91,91,91,91,91,91,91,91,91,91,91,91,91,91,91,91,91],"card_choices":[{"not_picked":["Coolheaded","Stack"],"picked":"Glacier","floor":1.0},{"not_picked":["Barrage","Loop"],"picked":"Cold Snap","floor":3.0},{"not_picked":["All For One","FTL"],"picked":"Self Repair","floor":6.0},{"not_picked":["Conserve Battery","Rebound"],"picked":"Streamline","floor":8.0},{"not_picked":["Turbo","Coolheaded"],"picked":"Ball Lightning","floor":11.0},{"not_picked":["Barrage","FTL"],"picked":"Electrodynamics","floor":13.0},{"not_picked":["Ball Lightning","Tempest"],"picked":"Storm","floor":14.0},{"not_picked":["Machine Learning","Hyperbeam"],"picked":"Reboot","floor":16.0},{"not_picked":["Cold Snap","Redo","Steam"],"picked":"SKIP","floor":18.0},{"not_picked":["Chaos","Barrage","Gash"],"picked":"SKIP","floor":20.0},{"not_picked":["Ball Lightning","Sweeping Beam+1"],"picked":"Aggregate","floor":21.0},{"not_picked":["Ball Lightning","Leap","Hello World"],"picked":"SKIP","floor":22.0},{"not_picked":["Sweeping Beam","White Noise"],"picked":"Skim","floor":24.0},{"not_picked":["Steam","Loop","Streamline+1"],"picked":"White Noise","floor":25.0},{"not_picked":["Reinforced Body","Stack","Conserve Battery"],"picked":"Force Field","floor":29.0},{"not_picked":["Blizzard","BootSequence","Sweeping Beam"],"picked":"Capacitor","floor":30.0},{"not_picked":["Multi-Cast","Biased Cognition","Electrodynamics"],"picked":"Thunder Strike","floor":33.0},{"not_picked":["Steam+1","Recycle","Cold Snap+1","Gash"],"picked":"SKIP","floor":35.0},{"not_picked":["Beam Cell","Loop","Cold Snap+1"],"picked":"Turbo","floor":36.0},{"not_picked":["Go for the Eyes","Electrodynamics","Redo","Turbo"],"picked":"SKIP","floor":38.0},{"not_picked":["Consume","Reinforced Body","Turbo+1"],"picked":"Fusion+1","floor":40.0},{"not_picked":["Rebound","Steam","Defragment"],"picked":"Storm+1","floor":42.0},{"not_picked":["Rebound","Coolheaded","Tempest"],"picked":"Consume","floor":45.0},{"not_picked":["Melter+1","Blizzard","Static Discharge","Rebound"],"picked":"SKIP","floor":46.0},{"not_picked":["Turbo","Stack+1","Recycle"],"picked":"Hologram","floor":47.0},{"not_picked":["Gash+1","Steam","Hologram"],"picked":"Coolheaded+1","floor":54.0}],"player_experience":979763,"relics_obtained":[{"floor":5.0,"key":"White Beast Statue"},{"floor":6.0,"key":"InkBottle"},{"floor":8.0,"key":"Tiny Chest"},{"floor":9.0,"key":"Kunai"},{"floor":11.0,"key":"Torii"},{"floor":13.0,"key":"Lantern"},{"floor":24.0,"key":"Question Card"},{"floor":26.0,"key":"War Paint"},{"floor":29.0,"key":"Matryoshka"},{"floor":37.0,"key":"Boot"},{"floor":37.0,"key":"Pantograph"},{"floor":40.0,"key":"Omamori"},{"floor":42.0,"key":"Whetstone"},{"floor":43.0,"key":"The Courier"},{"floor":48.0,"key":"DataDisk"},{"floor":54.0,"key":"Bottled Tornado"}],"event_choices":[{"damage_healed":0.0,"max_hp_gain":0.0,"max_hp_loss":0.0,"gold_gain":0.0,"event_name":"Lab","player_choice":"Got Potions","floor":2.0,"gold_loss":0.0,"damage_taken":0.0},{"damage_healed":0.0,"max_hp_gain":0.0,"max_hp_loss":0.0,"gold_gain":0.0,"event_name":"The Library","player_choice":"Read","floor":19.0,"gold_loss":0.0,"damage_taken":0.0,"cards_obtained":["Defragment"]},{"damage_healed":0.0,"max_hp_gain":5.0,"max_hp_loss":0.0,"gold_gain":0.0,"event_name":"Forgotten Altar","player_choice":"Shed Blood","floor":28.0,"gold_loss":0.0,"damage_taken":28.0},{"damage_healed":0.0,"max_hp_gain":0.0,"max_hp_loss":0.0,"gold_gain":0.0,"cards_transformed":["Strike_B","Defend_B"],"event_name":"Drug Dealer","player_choice":"Became Test Subject","floor":31.0,"gold_loss":0.0,"damage_taken":0.0,"cards_obtained":["Genetic Algorithm","Multi-Cast"]},{"damage_healed":0.0,"max_hp_gain":0.0,"max_hp_loss":0.0,"gold_gain":0.0,"event_name":"Match and Keep!","player_choice":"1 cards matched","floor":39.0,"gold_loss":0.0,"damage_taken":0.0,"cards_obtained":["Reinforced Body"]}],"is_beta":false,"boss_relics":[{"not_picked":["Runic Pyramid","Pandora\u0027s Box"],"picked":"Astrolabe"},{"not_picked":["Coffee Dripper","Calling Bell"],"picked":"Fusion Hammer"}],"items_purged_floors":[4,53],"is_endless":false,"potions_floor_spawned":[6,8,11,13,14,16,18,20,21,22,24,25,29,30,33,35,36,38,40,42,45,46,47,54],"ascension_level":15}}