{"host":"yd2pjkbo7craqw2u","time":1612537645,"event":{"mods":["Aspiration","BaseMod","Colored Powertips","Conspire","Downfall","Highlight Path","Marisa£®ÏF”Í°°ƒß¿Ì…≥£©","Minty Spire (QoL Compilation)","Practice Mode","Quick Restart","Replay The Spire","Shop Mod","StSLib","SuperFastMode"],"gold_per_floor":[115,115,115,134,148,148,173,173,173,187,187,187,362,425,425,570,570,631,556,576,576,576],"floor_reached":21,"language":"ZHS","playtime":1093,"items_purged":[],"score":197,"play_id":"8a75c97b-f56a-4f42-b5ae-8da470a0382f","local_time":"20210205230725","is_ascension_mode":true,"campfire_choices":[{"data":"Replay:LoomingThreat","floor":6,"key":"SMITH"},{"data":"Crescendo","floor":8,"key":"SMITH"},{"data":"ClearTheMind","floor":11,"key":"SMITH"},{"floor":15,"key":"DIG"}],"circlet_count":0,"master_deck":["Strike_P","Strike_P","Strike_P","Strike_P","Defend_P+1","Defend_P","Defend_P+1","Defend_P","Eruption+1","Vigilance","Replay:LoomingThreat+1","CrushJoints","CutThroughFate","Crescendo+1","ClearTheMind+1","Doubt","FlurryOfBlows","ConjureBlade+1"],"relics":["PureWater","Potion Belt","Golden Egg","Ring of Misfortune","ReplayTheSpireMod:Ring of Challenge","Ice Cream","VioletLotus"],"acts_visited":["Exordium","TheCity"],"potions_floor_usage":[14,18],"damage_taken":[{"damage":0,"enemies":"Small Slimes","floor":1,"turns":2},{"damage":0,"enemies":"Jaw Worm","floor":4,"turns":3},{"damage":0,"enemies":"Cultist","floor":5,"turns":2},{"damage":20,"enemies":"Lagavulin","floor":7,"turns":8},{"damage":5,"enemies":"Blue Slaver","floor":10,"turns":4},{"damage":17,"enemies":"3 Louse","floor":14,"turns":5},{"damage":2,"enemies":"Fading Forest","floor":16,"turns":11},{"damage":29,"enemies":"Spheric Guardian","floor":18,"turns":7},{"damage":0,"enemies":"Chosen","floor":20,"turns":4},{"damage":65,"enemies":"3 Cultists","floor":21,"turns":5}],"seed_played":"3117473902809327606","potions_obtained":[{"floor":1,"key":"FairyPotion"},{"floor":7,"key":"Fruit Juice"},{"floor":16,"key":"EssenceOfSteel"}],"is_trial":false,"path_per_floor":["M","?","?","M","M","R","E","R","T","M","R","?","?","M","R","B",null,"M","?","M","M"],"character_chosen":"WATCHER","items_purchased":[],"campfire_rested":0,"item_purchase_floors":[],"current_hp_per_floor":[65,65,52,52,52,52,32,32,32,27,27,27,27,15,15,23,70,41,41,41,0,0],"gold":576,"neow_bonus":"THREE_RARE_CARDS","is_daily":false,"chose_seed":false,"campfire_upgraded":3,"win_rate":0.0,"timestamp":1612537645,"path_taken":["M","?","?","M","M","R","E","R","T","M","R","?","?","M","R","BOSS","M","?","M","M"],"items_purchased_type":[],"build_version":"2020-12-22","purchased_purges":0,"victory":false,"max_hp_per_floor":[65,65,65,65,65,65,65,65,65,65,65,65,65,70,70,70,70,70,70,70,70,70],"card_choices":[{"not_picked":["Replay:AllIn","Judgement"],"picked":"Replay:LoomingThreat","floor":0},{"not_picked":["Consecrate","Prostrate"],"picked":"CrushJoints","floor":1},{"not_picked":["BowlingBash","Consecrate","Halt"],"picked":"SKIP","floor":4},{"not_picked":["Replay:BluntJabs","Wish"],"picked":"CutThroughFate","floor":5},{"not_picked":["InnerPeace","Conclude"],"picked":"Crescendo","floor":7},{"not_picked":["Crescendo","Evaluate"],"picked":"ClearTheMind","floor":10},{"not_picked":["Replay:BluntJabs","TalkToTheHand"],"picked":"FlurryOfBlows","floor":14},{"not_picked":["Judgement","Replay:LoomingThreat"],"picked":"ConjureBlade","floor":16},{"not_picked":["Replay:ManipulateFuture","Conclude+1","SashWhip+1"],"picked":"SKIP","floor":18},{"not_picked":["Prostrate+1","Replay:ManipulateFuture","Replay:Hum"],"picked":"SKIP","floor":20}],"player_experience":296604,"relics_obtained":[{"floor":7,"key":"Potion Belt"},{"floor":9,"key":"Golden Egg"},{"floor":12,"key":"Ring of Misfortune"},{"floor":12,"key":"ReplayTheSpireMod:Ring of Challenge"},{"floor":15,"key":"Ice Cream"}],"event_choices":[{"damage_healed":0,"gold_gain":0,"player_choice":"Grow","damage_taken":0,"max_hp_gain":0,"max_hp_loss":0,"event_name":"Living Wall","floor":2,"gold_loss":0,"cards_upgraded":["Eruption"]},{"damage_healed":0,"gold_gain":0,"player_choice":"Entered Light","damage_taken":13,"max_hp_gain":0,"max_hp_loss":0,"event_name":"Shining Light","floor":3,"gold_loss":0,"cards_upgraded":["Defend_P","Defend_P"]},{"damage_healed":0,"gold_gain":175,"player_choice":"AGREE","damage_taken":0,"max_hp_gain":0,"max_hp_loss":0,"event_name":"Liars Game","floor":13,"gold_loss":0,"cards_obtained":["Doubt"]},{"cards_removed":["Hallucinations"],"damage_healed":0,"gold_gain":0,"player_choice":"Gave Gold","damage_taken":0,"max_hp_gain":0,"max_hp_loss":0,"event_name":"Beggar","floor":19,"gold_loss":75}],"is_beta":false,"boss_relics":[{"not_picked":["conspire:SlowCooker","Replay:Wanted Poster"],"picked":"VioletLotus"}],"items_purged_floors":[],"is_endless":false,"potions_floor_spawned":[1,7,16],"killed_by":"3 Cultists","ascension_level":2}}