{"host":"r4aerl4ckfvw1dw3","time":1612512249,"event":{"mods":["BaseMod","BetterRewards","Minty Spire (QoL Compilation)","Quick Restart","StSLib"],"gold_per_floor":[119,133,149,149,224,224,242,242,242,255,273,286,286,315,315,414,414,434,450,66,16,33,33,60,60,60,90,90,105,105,28,28,28,28],"floor_reached":33,"language":"ENG","playtime":2209,"items_purged":["Strike_R","Strike_R"],"score":503,"play_id":"ca9fe4f6-3911-464c-bf68-024ec1ba92e9","local_time":"20210205000409","is_ascension_mode":true,"campfire_choices":[{"data":"Sword Boomerang","floor":6.0,"key":"SMITH"},{"data":"Cleave","floor":8.0,"key":"SMITH"},{"floor":13.0,"key":"REST"},{"data":"Carnage","floor":15.0,"key":"SMITH"},{"data":"Pommel Strike","floor":23,"key":"SMITH"},{"data":"Feel No Pain","floor":25,"key":"SMITH"},{"floor":28,"key":"REST"},{"floor":30,"key":"REST"},{"floor":32,"key":"REST"}],"circlet_count":0,"master_deck":["Strike_R","Strike_R","Defend_R","Defend_R","Defend_R","Defend_R","Bash","Pummel","Sword Boomerang+1","Pommel Strike+1","Cleave+1","Entrench+1","Carnage+1","True Grit+1","Shrug It Off+1","Feed","Headbutt","Anger+1","Feel No Pain+1","Intimidate+1","Doubt","Seeing Red+1","Second Wind+1","Flame Barrier+1"],"relics":["Burning Blood","Toxic Egg 2","Magic Flower","Cursed Key","Vajra","Torii","Kunai","Pen Nib"],"acts_visited":["Exordium","TheCity"],"potions_floor_usage":[16,24,27,33],"damage_taken":[{"damage":1.0,"enemies":"Cultist","floor":1.0,"turns":3.0},{"damage":10.0,"enemies":"Small Slimes","floor":2.0,"turns":3.0},{"damage":9.0,"enemies":"2 Louse","floor":3.0,"turns":3.0},{"damage":20.0,"enemies":"Gremlin Gang","floor":7.0,"turns":4.0},{"damage":6.0,"enemies":"3 Louse","floor":10.0,"turns":2.0},{"damage":18.0,"enemies":"Exordium Wildlife","floor":11.0,"turns":4.0},{"damage":11.0,"enemies":"Blue Slaver","floor":12.0,"turns":3.0},{"damage":22.0,"enemies":"3 Sentries","floor":14.0,"turns":7.0},{"damage":41,"enemies":"The Guardian","floor":16,"turns":17},{"damage":27,"enemies":"2 Thieves","floor":18,"turns":5},{"damage":13,"enemies":"Shell Parasite","floor":19,"turns":5},{"damage":1,"enemies":"Cultist and Chosen","floor":22,"turns":6},{"damage":24,"enemies":"Slavers","floor":24,"turns":5},{"damage":52,"enemies":"Book of Stabbing","floor":27,"turns":6},{"damage":21,"enemies":"Centurion and Healer","floor":29,"turns":5},{"damage":87,"enemies":"Automaton","floor":33,"turns":10}],"seed_played":"-7142209473177365276","potions_obtained":[{"floor":7.0,"key":"Strength Potion"},{"floor":11.0,"key":"SteroidPotion"},{"floor":12.0,"key":"Regen Potion"},{"floor":14.0,"key":"BlessingOfTheForge"},{"floor":24,"key":"AttackPotion"},{"floor":29,"key":"Swift Potion"}],"is_trial":false,"path_per_floor":["M","M","M","?","?","R","M","R","T","M","M","M","R","E","R","B",null,"M","M","$","?","M","R","E","R","T","E","R","M","R","$","R","B"],"character_chosen":"IRONCLAD","items_purchased":["Pummel","Fire Potion","Vajra","Block Potion","Feel No Pain","Flame Barrier+1"],"campfire_rested":4,"item_purchase_floors":[0,0,20,20,20,31],"current_hp_per_floor":[77,73,70,63,52,52,38,38,38,38,26,21,45,44,44,12,63,50,51,51,51,64,64,54,54,54,11,38,26,53,53,80,0,0],"gold":28,"neow_bonus":"","is_daily":false,"chose_seed":false,"campfire_upgraded":5,"win_rate":0.0,"timestamp":1612512249,"path_taken":["M","M","?","?","?","R","M","R","T","M","M","M","R","E","R","BOSS","M","M","$","?","?","R","E","R","T","E","R","M","R","$","R","BOSS"],"items_purchased_type":["Card","Potion","Relic","Potion","Card","Card"],"build_version":"2020-12-22","purchased_purges":2,"victory":false,"max_hp_per_floor":[80,80,80,80,80,80,80,80,80,80,80,80,80,80,80,80,80,83,86,86,86,89,89,92,92,92,92,92,92,92,92,92,92,92],"card_choices":[{"not_picked":["Wild Strike","Headbutt"],"picked":"Sword Boomerang","floor":1.0},{"not_picked":["Warcry","Double Tap","Wild Strike"],"picked":"SKIP","floor":2.0},{"not_picked":["Havoc","Flex"],"picked":"Pommel Strike","floor":3.0},{"not_picked":["Rage","Anger"],"picked":"Cleave","floor":7.0},{"not_picked":["Twin Strike","Dark Embrace"],"picked":"Entrench+1","floor":10.0},{"not_picked":["Flex+1","Burning Pact+1"],"picked":"Carnage","floor":11.0},{"not_picked":["Sever Soul","Fire Breathing"],"picked":"True Grit+1","floor":12.0},{"not_picked":["Headbutt","Reaper"],"picked":"Shrug It Off+1","floor":14.0},{"not_picked":["Offering+1","Exhume+1"],"picked":"Feed","floor":16},{"not_picked":["Bloodletting+1","Battle Trance+1"],"picked":"Headbutt","floor":18},{"not_picked":["Iron Wave","Wild Strike"],"picked":"Anger+1","floor":19},{"not_picked":["Thunderclap","Burning Pact+1","Flex+1"],"picked":"SKIP","floor":22},{"not_picked":["Thunderclap","Dual Wield+1"],"picked":"Intimidate+1","floor":24},{"not_picked":["Clash","Twin Strike+1"],"picked":"Seeing Red+1","floor":27},{"not_picked":["Twin Strike","Blood for Blood"],"picked":"Second Wind+1","floor":29}],"player_experience":504100,"relics_obtained":[{"floor":9.0,"key":"Toxic Egg 2"},{"floor":14.0,"key":"Magic Flower"},{"floor":24,"key":"Torii"},{"floor":26,"key":"Kunai"},{"floor":27,"key":"Pen Nib"}],"event_choices":[{"cards_removed":["Strike_R"],"damage_healed":0.0,"max_hp_gain":0.0,"max_hp_loss":0.0,"gold_gain":0.0,"event_name":"Golden Wing","player_choice":"Card Removal","floor":4.0,"gold_loss":0.0,"damage_taken":7.0},{"damage_healed":0.0,"max_hp_gain":0.0,"max_hp_loss":0.0,"gold_gain":75.0,"event_name":"World of Goop","player_choice":"Gather Gold","floor":5.0,"gold_loss":0.0,"damage_taken":11.0},{"damage_healed":0,"gold_gain":0,"player_choice":"Bet on Murderer","damage_taken":0,"max_hp_gain":0,"max_hp_loss":0,"event_name":"The Joust","floor":21,"gold_loss":50}],"is_beta":false,"boss_relics":[{"not_picked":["Busted Crown","Black Blood"],"picked":"Cursed Key"}],"items_purged_floors":[0,20],"is_endless":false,"potions_floor_spawned":[7,11,12,14,24,29],"killed_by":"Automaton","ascension_level":6}}