{"host":"mhr97lg0mj90r8b2","time":1612508299,"event":{"mods":["BaseMod","Minty Spire (QoL Compilation)","Quick Restart","StSLib"],"gold_per_floor":[114,114,114,114,130,130,163,163,163,39,53,70,24,34,34,139,189,205,205,217,235,235,235,235,235],"floor_reached":24,"language":"ZHS","playtime":797,"items_purged":["Strike_P"],"score":296,"play_id":"b09a7ef2-7961-4c26-85cc-0c57b5dfaf83","local_time":"20210205145819","is_ascension_mode":false,"campfire_choices":[{"data":"Eruption","floor":6,"key":"SMITH"},{"data":"Wallop","floor":8,"key":"SMITH"},{"data":"Evaluate","floor":15,"key":"SMITH"},{"data":"TalkToTheHand","floor":23,"key":"SMITH"}],"circlet_count":0,"master_deck":["Strike_P","Defend_P","Defend_P","Defend_P","Defend_P","Eruption+1","Vigilance","Wallop+1","SandsOfTime","Evaluate+1","FearNoEvil","BowlingBash","Sanctity","DevaForm+1","CutThroughFate","Pray","TalkToTheHand+1","WheelKick","CutThroughFate"],"relics":["PureWater","NeowsBlessing","Pen Nib","FossilizedHelix","Pear","Tiny House"],"acts_visited":["Exordium","TheCity"],"potions_floor_usage":[],"damage_taken":[{"damage":0,"enemies":"2 Louse","floor":1,"turns":1},{"damage":0,"enemies":"Jaw Worm","floor":5,"turns":1},{"damage":0,"enemies":"Gremlin Nob","floor":7,"turns":1},{"damage":0,"enemies":"Small Slimes","floor":11,"turns":3},{"damage":0,"enemies":"Looter","floor":12,"turns":2},{"damage":0,"enemies":"Large Slime","floor":14,"turns":4},{"damage":0,"enemies":"Slime Boss","floor":16,"turns":9},{"damage":10,"enemies":"2 Thieves","floor":18,"turns":4},{"damage":13,"enemies":"Shell Parasite","floor":20,"turns":8},{"damage":26,"enemies":"Snake Plant","floor":21,"turns":6},{"damage":26,"enemies":"Gremlin Leader","floor":24,"turns":2}],"seed_played":"4978457597826234802","potions_obtained":[{"floor":12,"key":"LiquidBronze"},{"floor":14,"key":"BlessingOfTheForge"},{"floor":16,"key":"EssenceOfSteel"},{"floor":17,"key":"SpeedPotion"}],"is_trial":false,"path_per_floor":["M","?","?","T","M","R","E","R","T","$","M","M","$","M","R","B",null,"M","?","M","M","?","R","E"],"character_chosen":"WATCHER","items_purchased":["Evaluate","BowlingBash"],"campfire_rested":0,"item_purchase_floors":[10,13],"current_hp_per_floor":[72,72,65,65,65,65,75,75,75,75,75,75,75,75,75,75,87,77,60,47,21,21,21,0,0],"gold":235,"neow_bonus":"THREE_ENEMY_KILL","is_daily":false,"chose_seed":false,"campfire_upgraded":4,"win_rate":0.0,"timestamp":1612508299,"path_taken":["M","?","?","?","M","R","E","R","T","?","M","M","$","M","R","BOSS","M","?","M","M","?","R","E"],"items_purchased_type":["Card","Card"],"build_version":"2020-12-22","purchased_purges":1,"victory":false,"max_hp_per_floor":[72,72,72,72,72,72,82,82,82,82,82,82,82,82,82,82,87,87,92,92,92,92,92,92,92],"card_choices":[{"not_picked":["Consecrate","EmptyBody","CarveReality"],"picked":"SKIP","floor":1},{"not_picked":["Consecrate","EmptyBody"],"picked":"Wallop","floor":5},{"not_picked":["EmptyBody","ClearTheMind"],"picked":"SandsOfTime","floor":7},{"not_picked":["EmptyFist","CrushJoints"],"picked":"FearNoEvil","floor":11},{"not_picked":["JustLucky","Consecrate","PathToVictory"],"picked":"SKIP","floor":12},{"not_picked":["SashWhip","PathToVictory"],"picked":"Sanctity","floor":14},{"not_picked":["Scrawl","Wish"],"picked":"DevaForm","floor":16},{"not_picked":["Prostrate","FlyingSleeves+1"],"picked":"CutThroughFate","floor":18},{"not_picked":["SashWhip","CrushJoints"],"picked":"Pray","floor":20},{"not_picked":["Indignation","Tantrum"],"picked":"TalkToTheHand","floor":21}],"player_experience":127297,"relics_obtained":[{"floor":4,"key":"FossilizedHelix"},{"floor":7,"key":"Pear"}],"event_choices":[{"damage_healed":0,"gold_gain":0,"player_choice":"Box","damage_taken":0,"relics_obtained":["Pen Nib"],"max_hp_gain":0,"max_hp_loss":0,"event_name":"Big Fish","floor":2,"gold_loss":0,"cards_obtained":["Regret"]},{"cards_removed":["Regret"],"damage_healed":0,"gold_gain":0,"player_choice":"Card Removal","damage_taken":7,"max_hp_gain":0,"max_hp_loss":0,"event_name":"Golden Wing","floor":3,"gold_loss":0},{"damage_healed":0,"gold_gain":0,"player_choice":"Shed Blood","damage_taken":22,"max_hp_gain":5,"max_hp_loss":0,"event_name":"Forgotten Altar","floor":19,"gold_loss":0},{"damage_healed":0,"gold_gain":0,"cards_transformed":["Strike_P","Strike_P"],"player_choice":"Became Test Subject","damage_taken":0,"max_hp_gain":0,"max_hp_loss":0,"event_name":"Drug Dealer","floor":22,"gold_loss":0,"cards_obtained":["WheelKick","CutThroughFate"]}],"is_beta":false,"boss_relics":[{"not_picked":["Coffee Dripper","HolyWater"],"picked":"Tiny House"}],"items_purged_floors":[10],"is_endless":false,"potions_floor_spawned":[12,14,16],"killed_by":"Gremlin Leader","ascension_level":0}}