{"host":"qdfumeom6htv8yxl","time":1612549107,"event":{"mods":["AchievementEnabler","BaseMod","Bestiary","Block Reminder","Colored Powertips","Highlight Path","Minty Spire (QoL Compilation)","Quick Restart","Relic Stats"],"gold_per_floor":[115,115,133,148,58,58,76,88,88,116,116,172,247,260,260,331,331,344,344,355,13,13,13,38,52,52,1,30,30,30,41,41,114,114,127,127,142,62,82,82,107,107,107,121,121,135,153,188,200,212,224],"floor_reached":52,"language":"ENG","playtime":3832,"items_purged":["Strike_B"],"score":2529,"play_id":"ab3a7774-c7bb-4dbc-8ac5-b450b4202c56","local_time":"20210205121827","is_ascension_mode":true,"campfire_choices":[{"data":"Sunder","floor":6.0,"key":"SMITH"},{"floor":11.0,"key":"REST"},{"floor":15.0,"key":"REST"},{"data":"Double Energy","floor":23.0,"key":"SMITH"},{"floor":29.0,"key":"REST"},{"floor":32.0,"key":"REST"},{"data":"Echo Form","floor":40.0,"key":"SMITH"},{"data":"Seek","floor":42.0,"key":"SMITH"},{"data":"Reboot","floor":45.0,"key":"SMITH"},{"data":"Double Energy","floor":49,"key":"SMITH"}],"circlet_count":0,"master_deck":["AscendersBane","Strike_B+1","Strike_B","Strike_B+1","Defend_B","Defend_B","Defend_B","Defend_B","Zap","Dualcast","Gash","Reboot+1","Leap","Go for the Eyes","Gash","Sunder+1","Gash","Beam Cell","Gash","Auto Shields","Buffer+1","BootSequence","Beam Cell","Double Energy+1","Beam Cell","Go for the Eyes","Beam Cell","All For One","Self Repair","Echo Form+1","Steam","Seek+1","Scrape","Double Energy+1","Hologram"],"relics":["Runic Pyramid","White Beast Statue","Whetstone","Unceasing Top","Black Star","Shuriken","Bag of Marbles","Cables","Pantograph","Singing Bowl","Symbiotic Virus","SacredBark","Ancient Tea Set","Ginger","Smiling Mask","MawBank","Bird Faced Urn"],"acts_visited":["Exordium","TheCity","TheBeyond"],"potions_floor_usage":[47,47,47,50],"damage_taken":[{"damage":4.0,"enemies":"Jaw Worm","floor":1.0,"turns":4.0},{"damage":1.0,"enemies":"Cultist","floor":3.0,"turns":4.0},{"damage":3.0,"enemies":"Small Slimes","floor":4.0,"turns":3.0},{"damage":0.0,"enemies":"Blue Slaver","floor":7.0,"turns":4.0},{"damage":16.0,"enemies":"2 Fungi Beasts","floor":8.0,"turns":3.0},{"damage":26.0,"enemies":"3 Sentries","floor":10.0,"turns":7.0},{"damage":17.0,"enemies":"Lagavulin Event","floor":12.0,"turns":5.0},{"damage":10.0,"enemies":"Lots of Slimes","floor":14.0,"turns":4.0},{"damage":14.0,"enemies":"Hexaghost","floor":16.0,"turns":8.0},{"damage":1.0,"enemies":"Chosen","floor":18.0,"turns":5.0},{"damage":4.0,"enemies":"2 Thieves","floor":20.0,"turns":5.0},{"damage":14.0,"enemies":"Book of Stabbing","floor":24.0,"turns":5.0},{"damage":27.0,"enemies":"Sentry and Sphere","floor":25.0,"turns":6.0},{"damage":0.0,"enemies":"Slavers","floor":28.0,"turns":4.0},{"damage":0.0,"enemies":"Cultist and Chosen","floor":31.0,"turns":5.0},{"damage":38.0,"enemies":"Collector","floor":33.0,"turns":7.0},{"damage":36.0,"enemies":"3 Darklings","floor":35.0,"turns":5.0},{"damage":12.0,"enemies":"3 Shapes","floor":37.0,"turns":3.0},{"damage":9.0,"enemies":"Writhing Mass","floor":39.0,"turns":4.0},{"damage":0.0,"enemies":"Giant Head","floor":41.0,"turns":5.0},{"damage":0.0,"enemies":"Transient","floor":44.0,"turns":6.0},{"damage":0.0,"enemies":"Spire Growth","floor":46.0,"turns":2.0},{"damage":0,"enemies":"3 Darklings","floor":47,"turns":2},{"damage":0,"enemies":"Nemesis","floor":48,"turns":5},{"damage":17,"enemies":"Awakened One","floor":50,"turns":6},{"damage":81,"enemies":"Time Eater","floor":51,"turns":10}],"seed_played":"7274898962208695931","potions_obtained":[{"floor":1.0,"key":"Regen Potion"},{"floor":4.0,"key":"EntropicBrew"},{"floor":10.0,"key":"EssenceOfSteel"},{"floor":12.0,"key":"SkillPotion"},{"floor":14.0,"key":"Explosive Potion"},{"floor":16.0,"key":"BlessingOfTheForge"},{"floor":20.0,"key":"Explosive Potion"},{"floor":24.0,"key":"PotionOfCapacity"},{"floor":25.0,"key":"SneckoOil"},{"floor":28.0,"key":"DuplicationPotion"},{"floor":31.0,"key":"Swift Potion"},{"floor":33.0,"key":"FearPotion"},{"floor":35.0,"key":"LiquidMemories"},{"floor":37.0,"key":"Energy Potion"},{"floor":39.0,"key":"Energy Potion"},{"floor":41.0,"key":"PowerPotion"},{"floor":44.0,"key":"EntropicBrew"},{"floor":47,"key":"Swift Potion"}],"is_trial":false,"path_per_floor":["M","?","M","M","$","R","M","M","T","E","R","?","?","M","R","B",null,"M","?","M","$","?","R","E","M","T","$","E","R","?","M","R","B",null,"M","?","M","$","M","R","E","R","T","M","R","M","M","E","R","B","B",null],"character_chosen":"DEFECT","items_purchased":["Gash","Sunder","Shuriken","Beam Cell","Scrape"],"campfire_rested":4,"item_purchase_floors":[5,5,21,27,38],"current_hp_per_floor":[60,60,59,56,56,56,56,49,49,23,44,27,16,6,27,13,57,56,56,52,52,52,52,38,11,11,11,11,32,32,32,53,40,63,43,43,40,40,47,47,56,56,56,65,65,72,81,83,83,83,17],"gold":236,"neow_bonus":"BOSS_RELIC","is_daily":false,"chose_seed":false,"campfire_upgraded":6,"win_rate":0.0,"timestamp":1612549107,"path_taken":["M","?","M","?","$","R","M","M","T","E","R","?","?","M","R","BOSS","M","?","M","$","?","R","E","?","T","$","E","R","?","M","R","BOSS","M","?","M","$","M","R","E","R","T","?","R","M","M","E","R","BOSS","BOSS"],"items_purchased_type":["Card","Card","Relic","Card","Card"],"build_version":"2020-12-22","purchased_purges":1,"victory":true,"max_hp_per_floor":[71,71,71,71,71,71,71,71,71,71,71,71,71,71,71,71,71,71,71,71,71,71,71,71,71,71,71,71,71,71,71,71,71,71,73,73,75,75,77,77,79,79,79,81,81,81,83,83,83,83,83],"relic_stats":{"Singing Bowl":12,"counters":[26,127],"Whetstone":["Strike_B","Strike_B"],"Ginger":[1],"Smiling Mask":0,"MawBank":48,"Cables":[61,14,0,47,0],"Shuriken":[72],"Pantograph":18,"Bird Faced Urn":[16],"Black Star":4,"obtain_stats":[{"Singing Bowl":28,"SacredBark":34,"Whetstone":10,"Ginger":41,"Ancient Tea Set":41,"Smiling Mask":43,"MawBank":48,"White Beast Statue":9,"Cables":24,"Shuriken":21,"Pantograph":26,"Bird Faced Urn":48,"Black Star":17,"Bag of Marbles":24,"Cracked Core":0,"Symbiotic Virus":28,"Unceasing Top":12,"Runic Pyramid":0},{"Singing Bowl":14,"SacredBark":16,"Whetstone":6,"Ginger":20,"Ancient Tea Set":20,"Smiling Mask":20,"MawBank":24,"White Beast Statue":5,"Cables":12,"Shuriken":11,"Pantograph":13,"Bird Faced Urn":24,"Black Star":9,"Bag of Marbles":12,"Cracked Core":0,"Symbiotic Virus":14,"Unceasing Top":7,"Runic Pyramid":0},{"Singing Bowl":67,"SacredBark":79,"Whetstone":25,"Ginger":96,"Ancient Tea Set":96,"Smiling Mask":96,"MawBank":111,"White Beast Statue":18,"Cables":57,"Shuriken":52,"Pantograph":63,"Bird Faced Urn":111,"Black Star":42,"Bag of Marbles":57,"Cracked Core":0,"Symbiotic Virus":67,"Unceasing Top":30,"Runic Pyramid":0}],"Unceasing Top":[54]},"card_choices":[{"not_picked":["Tempest","Ball Lightning"],"picked":"Gash","floor":1.0},{"not_picked":["Lockon","Conserve Battery"],"picked":"Leap","floor":3.0},{"not_picked":["Sweeping Beam","Streamline"],"picked":"Go for the Eyes","floor":4.0},{"not_picked":["Coolheaded","Chill"],"picked":"Gash","floor":7.0},{"not_picked":["Steam Power","Sweeping Beam"],"picked":"Beam Cell","floor":8.0},{"not_picked":["Auto Shields","Consume"],"picked":"Gash","floor":10.0},{"not_picked":["Force Field","Ball Lightning"],"picked":"Auto Shields","floor":14.0},{"not_picked":["Meteor Strike","Reboot"],"picked":"Buffer","floor":16.0},{"not_picked":["Cold Snap","Streamline"],"picked":"BootSequence","floor":18.0},{"not_picked":["Steam","Hello World"],"picked":"Double Energy","floor":20.0},{"not_picked":["Steam Power","Redo+1"],"picked":"Beam Cell","floor":24.0},{"not_picked":["Hologram","Barrage"],"picked":"Go for the Eyes","floor":25.0},{"not_picked":["Capacitor","Gash+1"],"picked":"All For One","floor":28.0},{"not_picked":["Glacier","Stack+1"],"picked":"Self Repair","floor":31.0},{"not_picked":["Hyperbeam","Seek"],"picked":"Echo Form","floor":33.0},{"not_picked":["Sweeping Beam","Coolheaded","Go for the Eyes+1"],"picked":"Singing Bowl","floor":35.0},{"not_picked":["Rip and Tear","Electrodynamics","Go for the Eyes"],"picked":"Singing Bowl","floor":37.0},{"not_picked":["Recycle","Coolheaded","Streamline"],"picked":"Singing Bowl","floor":39.0},{"not_picked":["White Noise+1","Force Field+1","Undo"],"picked":"Singing Bowl","floor":41.0},{"not_picked":["Static Discharge+1","Barrage","Redo"],"picked":"Singing Bowl","floor":44.0},{"not_picked":["Skim","Hologram+1"],"picked":"Double Energy","floor":46.0},{"not_picked":["Rip and Tear","Compile Driver","Loop"],"picked":"Singing Bowl","floor":47},{"not_picked":["Redo","Go for the Eyes+1"],"picked":"Hologram","floor":48}],"player_experience":2047040,"relics_obtained":[{"floor":9.0,"key":"White Beast Statue"},{"floor":10.0,"key":"Whetstone"},{"floor":12.0,"key":"Unceasing Top"},{"floor":24.0,"key":"Bag of Marbles"},{"floor":24.0,"key":"Cables"},{"floor":26.0,"key":"Pantograph"},{"floor":28.0,"key":"Singing Bowl"},{"floor":28.0,"key":"Symbiotic Virus"},{"floor":41.0,"key":"Ancient Tea Set"},{"floor":41.0,"key":"Ginger"},{"floor":43.0,"key":"Smiling Mask"},{"floor":48,"key":"MawBank"},{"floor":48,"key":"Bird Faced Urn"}],"event_choices":[{"damage_healed":0.0,"max_hp_gain":0.0,"max_hp_loss":0.0,"gold_gain":0.0,"event_name":"Match and Keep!","player_choice":"1 cards matched","floor":2.0,"gold_loss":0.0,"damage_taken":0.0,"cards_obtained":["Reboot"]},{"damage_healed":0.0,"max_hp_gain":0.0,"max_hp_loss":0.0,"gold_gain":0.0,"event_name":"Dead Adventurer","player_choice":"Searched \u00271\u0027 times","floor":12.0,"gold_loss":0.0,"damage_taken":0.0},{"damage_healed":0.0,"max_hp_gain":0.0,"max_hp_loss":0.0,"gold_gain":75.0,"event_name":"World of Goop","player_choice":"Gather Gold","floor":13.0,"gold_loss":0.0,"damage_taken":11.0},{"damage_healed":0.0,"max_hp_gain":0.0,"max_hp_loss":0.0,"gold_gain":0.0,"event_name":"The Library","player_choice":"Read","floor":19.0,"gold_loss":0.0,"damage_taken":0.0,"cards_obtained":["Beam Cell"]},{"damage_healed":0.0,"max_hp_gain":0.0,"max_hp_loss":0.0,"gold_gain":0.0,"event_name":"Upgrade Shrine","player_choice":"Upgraded","floor":22.0,"gold_loss":0.0,"damage_taken":0.0,"cards_upgraded":["Buffer"]},{"damage_healed":0.0,"max_hp_gain":0.0,"max_hp_loss":0.0,"gold_gain":0.0,"event_name":"Cursed Tome","player_choice":"Ignored","floor":30.0,"gold_loss":0.0,"damage_taken":0.0},{"damage_healed":0.0,"max_hp_gain":0.0,"max_hp_loss":0.0,"gold_gain":0.0,"event_name":"Match and Keep!","player_choice":"2 cards matched","floor":36.0,"gold_loss":0.0,"damage_taken":0.0,"cards_obtained":["Steam","Seek"]}],"is_beta":false,"boss_relics":[{"not_picked":["Astrolabe","Runic Dome"],"picked":"Black Star"},{"not_picked":["Tiny House","Coffee Dripper"],"picked":"SacredBark"}],"items_purged_floors":[21],"is_endless":false,"potions_floor_spawned":[1,4,7,10,12,14,16,18,20,24,25,28,31,33,35,37,39,41,44,46,47,48],"ascension_level":20}}