{"host":"8d3fefv2347kqkpz","time":1612566944,"event":{"mods":["AchievementEnabler","Act Like it!","Aspiration","BaseMod","Better Vampires","Colored Map","Colored Powertips","Conspire","GifTheSpireLib","Highlight Path","Hubris","Mimic Mod","Minty Spire (QoL Compilation)","Quick Restart","Rare Cards Sparkle","Relic Stats","Replay The Spire","Spicy Shops","StSLib","The Jungle","Waifu the Spire"],"gold_per_floor":[313,313,327,373,136,136,167,167,167,185,200,200,210,36,36,132,132,146,166,179,190,210,210,54,69,121,121,156,65,65,96,96,198,198,211,31,31,31,49,80,80,80,110,144,144,156,53,53,53,53],"floor_reached":51,"language":"ZHS","playtime":2493,"items_purged":["Strike_G","Strike_G","Strike_G","Strike_G","Overencumbered","Defend_G"],"score":776,"play_id":"1f3d8c27-7df9-4953-b232-5321ed5ec476","local_time":"20210206071544","is_ascension_mode":true,"campfire_choices":[{"data":"Footwork","floor":6.0,"key":"SMITH"},{"data":"Noxious Fumes","floor":8.0,"key":"SMITH"},{"floor":15.0,"key":"REST"},{"floor":23.0,"key":"REST"},{"data":"Catalyst","floor":27.0,"key":"SMITH"},{"data":"Envenom","floor":32.0,"key":"SMITH"},{"floor":41,"key":"REST"},{"data":"hubris:EnhanceAbility","floor":45,"key":"SMITH"},{"data":"Footwork","floor":49,"key":"SMITH"}],"circlet_count":0,"master_deck":["Strike_G","Defend_G","Defend_G","Defend_G","Defend_G","Survivor","Neutralize+1","Deadly Poison","Footwork+1","Noxious Fumes+1","Dagger Spray+1","Wraith Form v2+1","Dodge and Roll","Envenom+1","Toxin Wave","Footwork+1","Envenom+1","Dagger Spray","Catalyst+1","Poison Darts+1","Finesse+1","Fluid Movement","Dodge and Roll+1","Crippling Poison+1","hubris:EnhanceAbility+1"],"relics":["Ring of the Snake","Old Coin","Anchor","Membership Card","HornCleat","aspiration:HummingbirdHeart","conspire:SpecialSausage","Orrery","Toxic Egg 2","ReplayTheSpireMod:CursedCoin","Guide Book","ReplayTheSpireMod:TigerMarble","ReplayTheSpireMod:ShopPack","Bird Faced Urn","aspiration:SneckoTail","Whetstone"],"acts_visited":["Exordium","TheCity","TheBeyond"],"potions_floor_usage":[],"damage_taken":[{"damage":0.0,"enemies":"Small Slimes","floor":1.0,"turns":6.0},{"damage":8.0,"enemies":"Jaw Worm","floor":3.0,"turns":5.0},{"damage":6.0,"enemies":"3 Sentries","floor":7.0,"turns":8.0},{"damage":0.0,"enemies":"Cultist","floor":10.0,"turns":3.0},{"damage":0.0,"enemies":"3 Louse","floor":11.0,"turns":2.0},{"damage":0.0,"enemies":"Lots of Slimes","floor":13.0,"turns":3.0},{"damage":4.0,"enemies":"The Guardian","floor":16.0,"turns":11.0},{"damage":1.0,"enemies":"Chosen","floor":18.0,"turns":7.0},{"damage":2.0,"enemies":"Spheric Guardian","floor":19.0,"turns":6.0},{"damage":3.0,"enemies":"3 Cultists","floor":20.0,"turns":7.0},{"damage":10.0,"enemies":"Cultist and Chosen","floor":21.0,"turns":7.0},{"damage":7.0,"enemies":"Centurion and Healer","floor":22.0,"turns":6.0},{"damage":0.0,"enemies":"Snake Plant","floor":25.0,"turns":7.0},{"damage":0.0,"enemies":"conspire:Head Lice","floor":28.0,"turns":7.0},{"damage":4.0,"enemies":"conspire:SneckoGhost","floor":31.0,"turns":10.0},{"damage":0.0,"enemies":"conspire:MysteriousRune","floor":33.0,"turns":11.0},{"damage":0.0,"enemies":"3 Darklings","floor":35.0,"turns":5.0},{"damage":0,"enemies":"3 Shapes","floor":39,"turns":6},{"damage":48,"enemies":"Reptomancer","floor":40,"turns":10},{"damage":9,"enemies":"Transient","floor":43,"turns":9},{"damage":0,"enemies":"Nemesis","floor":44,"turns":9},{"damage":9,"enemies":"Transient","floor":46,"turns":5},{"damage":21,"enemies":"Replay:Hell Engine","floor":50,"turns":12}],"seed_played":"-8240355530961421235","potions_obtained":[{"floor":3.0,"key":"Ancient Potion"},{"floor":10.0,"key":"SteroidPotion"},{"floor":18.0,"key":"LifebloodPotion"},{"floor":25.0,"key":"FairyPotion"},{"floor":31.0,"key":"SkillPotion"}],"is_trial":false,"path_per_floor":["M","?","M","T","$","R","E","R","T","M","M","?","M","$","R","B",null,"M","M","M","M","M","R","$","M","T","R","E","$","?","E","R","B",null,"M","$","?","?","M","E","R","?","MIM","E","R","M","$","?","R","B",null],"character_chosen":"THE_SILENT","items_purchased":["Membership Card","Dodge and Roll","Footwork","Orrery","ReplayTheSpireMod:CursedCoin","Finesse+1","Guide Book","Fluid Movement","Crippling Poison+1","ReplayTheSpireMod:ShopPack","FairyPotion"],"campfire_rested":3,"item_purchase_floors":[5,14,24,24,29,29,29,29,36,36,47],"current_hp_per_floor":[70,70,62,62,62,62,56,56,56,56,56,56,56,56,70,66,70,69,67,64,54,47,68,68,68,68,68,68,68,68,64,64,64,70,70,70,70,70,70,22,43,43,48,64,64,61,61,61,61,54],"gold":53,"neow_bonus":"ONE_RARE_RELIC","is_daily":false,"chose_seed":false,"campfire_upgraded":6,"win_rate":0.0,"timestamp":1612566944,"path_taken":["M","?","M","?","$","R","E","R","T","M","?","?","M","$","R","BOSS","M","M","M","M","M","R","?","M","T","R","E","$","?","E","R","BOSS","M","$","?","?","M","E","R","?","MIM","E","R","M","$","?","R","BOSS"],"items_purchased_type":["Relic","Card","Card","Relic","Relic","Card","Relic","Card","Card","Relic","Potion"],"build_version":"2020-12-22","purchased_purges":6,"victory":true,"max_hp_per_floor":[70,70,70,70,70,70,70,70,70,70,70,70,70,70,70,70,70,70,70,70,70,70,70,70,70,70,70,70,70,70,70,70,70,70,70,70,70,70,70,70,70,70,70,70,70,70,70,70,70,70],"relic_stats":{"counters":[23,162],"Bird Faced Urn":[50],"Whetstone":["Neutralize","Dagger Spray"],"obtain_stats":[{"aspiration:SneckoTail":43,"ReplayTheSpireMod:CursedCoin":29,"Guide Book":29,"conspire:SpecialSausage":17,"aspiration:HummingbirdHeart":9,"Whetstone":44,"Old Coin":0,"Anchor":4,"HornCleat":7,"Bird Faced Urn":40,"Orrery":24,"ReplayTheSpireMod:TigerMarble":31,"Membership Card":5,"Toxic Egg 2":28,"Ring of the Snake":0,"ReplayTheSpireMod:ShopPack":36},{"aspiration:SneckoTail":20,"ReplayTheSpireMod:CursedCoin":14,"Guide Book":14,"conspire:SpecialSausage":7,"aspiration:HummingbirdHeart":3,"Whetstone":21,"Old Coin":0,"Anchor":2,"HornCleat":3,"Bird Faced Urn":19,"Orrery":12,"ReplayTheSpireMod:TigerMarble":15,"Membership Card":2,"Toxic Egg 2":14,"Ring of the Snake":0,"ReplayTheSpireMod:ShopPack":17},{"aspiration:SneckoTail":136,"ReplayTheSpireMod:CursedCoin":85,"Guide Book":85,"conspire:SpecialSausage":38,"aspiration:HummingbirdHeart":19,"Whetstone":145,"Old Coin":0,"Anchor":11,"HornCleat":19,"Bird Faced Urn":127,"Orrery":71,"ReplayTheSpireMod:TigerMarble":95,"Membership Card":11,"Toxic Egg 2":85,"Ring of the Snake":0,"ReplayTheSpireMod:ShopPack":111}],"Ring of the Snake":[46]},"card_choices":[{"not_picked":["Deflect","Flying Knee"],"picked":"Deadly Poison","floor":1.0},{"not_picked":["Crippling Poison","Blade Dance"],"picked":"Noxious Fumes","floor":3.0},{"not_picked":["Bane","Cloak And Dagger"],"picked":"Dagger Spray","floor":7.0},{"not_picked":["PiercingWail","Finisher","Poisoned Stab"],"picked":"SKIP","floor":10.0},{"not_picked":["Dagger Spray","Deadly Poison","Hidden Blade"],"picked":"SKIP","floor":11.0},{"not_picked":["Hidden Blade","Quick Slash","Doppelganger"],"picked":"SKIP","floor":13.0},{"not_picked":["Phantasmal Killer","Venomology"],"picked":"Envenom","floor":16.0},{"not_picked":["Poisoned Stab+1","Quick Slash","Blade Dance"],"picked":"SKIP","floor":18.0},{"not_picked":["Backflip","Outmaneuver","Underhanded Strike"],"picked":"SKIP","floor":19.0},{"not_picked":["PiercingWail+1","Cloak And Dagger"],"picked":"Toxin Wave","floor":20.0},{"not_picked":["Storm of Steel","Backflip"],"picked":"Well Laid Plans","floor":21.0},{"not_picked":["Flechettes+1","Escape Plan+1","Backflip"],"picked":"SKIP","floor":22.0},{"not_picked":["Dodge and Roll","Reflex"],"picked":"Envenom","floor":24.0},{"not_picked":["Choke","ReplayTheSpireMod:Scrap Shanks"],"picked":"Dagger Spray","floor":24.0},{"not_picked":["Hidden Blade+1","Leg Sweep"],"picked":"Catalyst","floor":25.0},{"not_picked":["ReplayTheSpireMod:Shiv Toss+1","Skewer"],"picked":"Poison Darts+1","floor":28.0},{"not_picked":["Deadly Poison+1","Cloak And Dagger+1"],"picked":"Dodge and Roll+1","floor":31.0},{"not_picked":["Dodge and Roll+1","Backstab","Flying Knee+1"],"picked":"SKIP","floor":35.0},{"not_picked":["HandOfGreed","Survey Options"],"picked":"hubris:EnhanceAbility","floor":36.0},{"not_picked":["Backstab+1","Slice+1","Prepared+1"],"picked":"SKIP","floor":39},{"not_picked":["Sucker Punch","After Image","hubris:TrickCloak+1"],"picked":"SKIP","floor":40},{"not_picked":["Hidden Blade+1","Bane+1","Backflip+1"],"picked":"SKIP","floor":44},{"not_picked":["PiercingWail+1","ReplayTheSpireMod:Exploit Weakness+1","Bane+1"],"picked":"SKIP","floor":46}],"player_experience":255098,"relics_obtained":[{"floor":4.0,"key":"Anchor"},{"floor":7.0,"key":"HornCleat"},{"floor":9.0,"key":"aspiration:HummingbirdHeart"},{"floor":28.0,"key":"Toxic Egg 2"},{"floor":31.0,"key":"ReplayTheSpireMod:TigerMarble"},{"floor":40,"key":"Bird Faced Urn"},{"floor":43,"key":"aspiration:SneckoTail"},{"floor":44,"key":"Whetstone"}],"event_choices":[{"damage_healed":0.0,"max_hp_gain":0.0,"max_hp_loss":0.0,"gold_gain":0.0,"event_name":"Match and Keep!","player_choice":"1 cards matched","floor":12.0,"gold_loss":0.0,"damage_taken":0.0,"cards_obtained":["Wraith Form v2"]},{"damage_healed":0.0,"max_hp_gain":0.0,"max_hp_loss":0.0,"gold_gain":0.0,"event_name":"Cursed Tome","player_choice":"Ignored","floor":30.0,"gold_loss":0.0,"damage_taken":0.0},{"damage_healed":0,"gold_gain":0,"player_choice":"Ignored","damage_taken":0,"max_hp_gain":0,"max_hp_loss":0,"event_name":"Mysterious Sphere","floor":37,"gold_loss":0},{"cards_removed":["Well Laid Plans"],"damage_healed":0,"gold_gain":0,"player_choice":"Removed Power","damage_taken":0,"max_hp_gain":0,"max_hp_loss":0,"event_name":"Falling","floor":38,"gold_loss":0},{"damage_healed":0,"gold_gain":0,"player_choice":"Bought 0 Potions","damage_taken":0,"max_hp_gain":0,"max_hp_loss":0,"event_name":"The Woman in Blue","floor":42,"gold_loss":0}],"is_beta":false,"boss_relics":[{"not_picked":["Busted Crown","Astrolabe"],"picked":"conspire:SpecialSausage"},{"not_picked":["Coffee Dripper","aspiration:DefectSkillbook","Replay:Fungal Core"]}],"items_purged_floors":[5,5,14,14,29,36],"is_endless":false,"potions_floor_spawned":[3,10,18,21,25,31,46],"ascension_level":1}}