{"host":"woo3p23qa69nkhpk","time":1612553660,"event":{"mods":["BaseMod","Colored Map","Curses Come First","Highlight Path","Minty Spire (QoL Compilation)","StSLib","SuperFastMode"],"gold_per_floor":[118,129,129,129,129,129,163,48,48,48,66,81,81,105,105,224,224,243,65,65,47,57,90,90,106,129,129,129,129,159,179,179,282,282,297,297,347,347,361,361,373,399,399,21,33,33,68,78,78,78,78,78,10,44,44],"floor_reached":56,"language":"ENG","playtime":2243,"items_purged":["Strike_G","Strike_G","Strike_G"],"score":1295,"play_id":"f2821438-3bc8-43df-89d3-f2c0b771853b","local_time":"20210205173420","is_ascension_mode":false,"campfire_choices":[{"data":"Neutralize","floor":6,"key":"SMITH"},{"data":"Terror","floor":10,"key":"SMITH"},{"data":"Survivor","floor":13,"key":"SMITH"},{"data":"Blur","floor":15,"key":"SMITH"},{"data":"Tools of the Trade","floor":24,"key":"SMITH"},{"data":"Blade Dance","floor":29,"key":"SMITH"},{"data":"Adrenaline","floor":32,"key":"SMITH"},{"data":"After Image","floor":40,"key":"SMITH"},{"floor":46,"key":"RECALL"},{"data":"Wraith Form v2","floor":49,"key":"SMITH"},{"data":"Noxious Fumes","floor":52,"key":"SMITH"}],"circlet_count":0,"master_deck":["Defend_G","Defend_G","Defend_G","Defend_G","Defend_G","Survivor+1","Neutralize+1","Quick Slash","Quick Slash","Slice","Terror+1","Slice","Blur+1","Tools of the Trade+1","PiercingWail","Noxious Fumes","Blade Dance+1","Noxious Fumes+1","Dagger Throw","Wraith Form v2+1","Deflect+1","Adrenaline+1","After Image+1","Slice+1","Accuracy+1","Escape Plan","Escape Plan","Dodge and Roll+1","Blur","Night Terror"],"relics":["Ring of the Serpent","NeowsBlessing","Bloody Idol","Regal Pillow","Mummified Hand","Blue Candle","HoveringKite","Toy Ornithopter","MealTicket","Meat on the Bone","Dead Branch","Pocketwatch","Question Card","Bottled Lightning","Incense Burner","Shuriken"],"acts_visited":["Exordium","TheCity","TheBeyond","TheEnding"],"potions_floor_usage":[16,16,23,33,41,50,50,55],"damage_taken":[{"damage":0,"enemies":"Small Slimes","floor":1,"turns":1},{"damage":0,"enemies":"2 Louse","floor":2,"turns":1},{"damage":0,"enemies":"3 Sentries","floor":7,"turns":1},{"damage":0,"enemies":"Jaw Worm","floor":11,"turns":2},{"damage":0,"enemies":"2 Fungi Beasts","floor":12,"turns":2},{"damage":0,"enemies":"Looter","floor":14,"turns":2},{"damage":29,"enemies":"Slime Boss","floor":16,"turns":14},{"damage":0,"enemies":"Chosen","floor":18,"turns":4},{"damage":4,"enemies":"2 Thieves","floor":21,"turns":4},{"damage":6,"enemies":"Centurion and Healer","floor":22,"turns":8},{"damage":24,"enemies":"Gremlin Leader","floor":23,"turns":6},{"damage":5,"enemies":"Cultist and Chosen","floor":25,"turns":5},{"damage":27,"enemies":"Slavers","floor":30,"turns":6},{"damage":0,"enemies":"Snake Plant","floor":31,"turns":5},{"damage":16,"enemies":"Collector","floor":33,"turns":6},{"damage":16,"enemies":"3 Darklings","floor":35,"turns":4},{"damage":0,"enemies":"Mind Bloom Boss Battle","floor":37,"turns":5},{"damage":0,"enemies":"Orb Walker","floor":39,"turns":3},{"damage":11,"enemies":"3 Darklings","floor":41,"turns":6},{"damage":22,"enemies":"Nemesis","floor":42,"turns":5},{"damage":0,"enemies":"Transient","floor":45,"turns":5},{"damage":0,"enemies":"Giant Head","floor":47,"turns":5},{"damage":0,"enemies":"Spire Growth","floor":48,"turns":2},{"damage":39,"enemies":"Time Eater","floor":50,"turns":13},{"damage":21,"enemies":"Shield and Spear","floor":54,"turns":6},{"damage":47,"enemies":"The Heart","floor":55,"turns":8}],"seed_played":"5525280584666997423","potions_obtained":[{"floor":2,"key":"DuplicationPotion"},{"floor":12,"key":"AttackPotion"},{"floor":21,"key":"Explosive Potion"},{"floor":23,"key":"Energy Potion"},{"floor":30,"key":"AttackPotion"},{"floor":37,"key":"Fire Potion"},{"floor":39,"key":"Poison Potion"},{"floor":42,"key":"CunningPotion"}],"is_trial":false,"path_per_floor":["M","M","?","?","?","R","E","$","T","R","M","M","R","M","R","B",null,"M","$","?","M","M","E","R","M","T","?","?","R","E","M","R","B",null,"M","?","?","?","M","R","M","E","T","$","M","R","E","M","R","B",null,"R","$","E","B",null],"character_chosen":"THE_SILENT","items_purchased":["Terror","Noxious Fumes","Bottled Lightning","Blur"],"campfire_rested":0,"item_purchase_floors":[8,19,44,53],"current_hp_per_floor":[70,70,53,46,51,51,51,51,51,51,51,51,51,51,51,22,75,75,75,75,75,74,55,55,55,60,60,60,60,50,55,55,49,75,64,64,69,69,74,74,73,56,56,71,75,75,75,75,75,48,75,75,75,59,29],"gold":44,"neow_bonus":"THREE_ENEMY_KILL","is_daily":false,"chose_seed":false,"campfire_upgraded":10,"win_rate":0.0,"timestamp":1612553660,"path_taken":["M","M","?","?","?","R","E","$","T","R","M","M","R","M","R","BOSS","M","$","?","M","M","E","R","M","T","?","?","R","E","M","R","BOSS","M","?","?","?","M","R","M","E","T","$","M","R","E","M","R","BOSS","R","$","E","BOSS"],"items_purchased_type":["Card","Card","Relic","Card"],"build_version":"2020-12-22","purchased_purges":3,"victory":true,"max_hp_per_floor":[70,70,70,70,75,75,75,75,75,75,75,75,75,75,75,75,75,75,75,75,75,75,75,75,75,75,75,75,75,75,75,75,75,75,75,75,75,75,75,75,75,75,75,75,75,75,75,75,75,75,75,75,75,75,75],"card_choices":[{"not_picked":["Dagger Throw","Outmaneuver"],"picked":"Quick Slash","floor":1},{"not_picked":["Deadly Poison","Masterful Stab"],"picked":"Quick Slash","floor":2},{"not_picked":["Deadly Poison","Backflip"],"picked":"Slice","floor":7},{"not_picked":["Eviscerate","Prepared"],"picked":"Slice","floor":11},{"not_picked":["Acrobatics","Glass Knife","Underhanded Strike"],"picked":"SKIP","floor":12},{"not_picked":["Well Laid Plans","Crippling Poison"],"picked":"Blur","floor":14},{"not_picked":["Doppelganger","Malaise"],"picked":"Tools of the Trade","floor":16},{"not_picked":["Leg Sweep","Heel Hook+1"],"picked":"PiercingWail","floor":18},{"not_picked":["Setup","Masterful Stab"],"picked":"Blade Dance","floor":21},{"not_picked":["Outmaneuver+1","Quick Slash"],"picked":"Noxious Fumes","floor":22},{"not_picked":["Prepared","Underhanded Strike","Poisoned Stab+1"],"picked":"SKIP","floor":23},{"not_picked":["Poisoned Stab+1","Expertise"],"picked":"Reflex","floor":25},{"not_picked":["Flying Knee","Underhanded Strike"],"picked":"Deflect+1","floor":30},{"not_picked":["PiercingWail+1","Dodge and Roll+1"],"picked":"Adrenaline","floor":31},{"not_picked":["A Thousand Cuts","Die Die Die"],"picked":"After Image","floor":33},{"not_picked":["Distraction","Bouncing Flask"],"picked":"Slice+1","floor":35},{"not_picked":["Blade Dance+1","Distraction"],"picked":"Accuracy+1","floor":37},{"not_picked":["Deadly Poison","Bane+1"],"picked":"Escape Plan","floor":39},{"not_picked":["Dagger Throw","Bane","Backflip+1"],"picked":"SKIP","floor":41},{"not_picked":["Distraction+1","Dagger Spray+1","Poisoned Stab"],"picked":"SKIP","floor":42},{"not_picked":["Dodge and Roll+1","Tactician","Riddle With Holes"],"picked":"Escape Plan","floor":45},{"not_picked":["Finisher+1","Distraction+1","Dodge and Roll","Flechettes"],"picked":"SKIP","floor":47},{"not_picked":["Backflip","Bane","Deflect"],"picked":"Dodge and Roll+1","floor":48},{"not_picked":["Bane","Riddle With Holes","Dodge and Roll+1"],"picked":"Night Terror","floor":54}],"player_experience":491508,"relics_obtained":[{"floor":7,"key":"Mummified Hand"},{"floor":9,"key":"Blue Candle"},{"floor":23,"key":"Toy Ornithopter"},{"floor":26,"key":"MealTicket"},{"floor":30,"key":"Dead Branch"},{"floor":37,"key":"Pocketwatch"},{"floor":42,"key":"Question Card"},{"floor":47,"key":"Incense Burner"},{"floor":54,"key":"Shuriken"}],"event_choices":[{"damage_healed":0,"gold_gain":0,"player_choice":"Take Damage","damage_taken":17,"relics_obtained":["Golden Idol"],"max_hp_gain":0,"max_hp_loss":0,"event_name":"Golden Idol","floor":3,"gold_loss":0},{"damage_healed":0,"gold_gain":0,"player_choice":"Success","damage_taken":7,"relics_obtained":["Regal Pillow"],"max_hp_gain":0,"max_hp_loss":0,"event_name":"Scrap Ooze","floor":4,"gold_loss":0},{"damage_healed":0,"gold_gain":0,"player_choice":"Donut","damage_taken":0,"max_hp_gain":5,"max_hp_loss":0,"event_name":"Big Fish","floor":5,"gold_loss":0},{"damage_healed":0,"gold_gain":0,"player_choice":"Gave Idol","damage_taken":0,"relics_obtained":["Bloody Idol"],"max_hp_gain":0,"max_hp_loss":0,"event_name":"Forgotten Altar","floor":20,"relics_lost":["Golden Idol"],"gold_loss":0},{"damage_healed":0,"gold_gain":0,"cards_transformed":["Strike_G","Strike_G"],"player_choice":"Became Test Subject","damage_taken":0,"max_hp_gain":0,"max_hp_loss":0,"event_name":"Drug Dealer","floor":27,"gold_loss":0,"cards_obtained":["Dagger Throw","Wraith Form v2"]},{"damage_healed":0,"gold_gain":0,"player_choice":"Opened","damage_taken":0,"relics_obtained":["Meat on the Bone"],"max_hp_gain":0,"max_hp_loss":0,"event_name":"The Mausoleum","floor":28,"gold_loss":0},{"cards_removed":["Reflex"],"damage_healed":0,"gold_gain":0,"player_choice":"Removed Skill","damage_taken":0,"max_hp_gain":0,"max_hp_loss":0,"event_name":"Falling","floor":36,"gold_loss":0},{"damage_healed":0,"gold_gain":0,"player_choice":"Fight","damage_taken":0,"max_hp_gain":0,"max_hp_loss":0,"event_name":"MindBloom","floor":37,"gold_loss":0},{"damage_healed":0,"gold_gain":0,"player_choice":"Ignored","damage_taken":0,"max_hp_gain":0,"max_hp_loss":0,"event_name":"Mysterious Sphere","floor":38,"gold_loss":0}],"is_beta":false,"boss_relics":[{"not_picked":["Ectoplasm","Black Star"],"picked":"HoveringKite"},{"not_picked":["Coffee Dripper","Pandora\u0027s Box"],"picked":"Ring of the Serpent"}],"items_purged_floors":[8,19,44],"is_endless":false,"potions_floor_spawned":[2,12,21,23,30,37,39,42,45,47],"ascension_level":0}}