{"host":"Koishi","time":1612533184,"event":{"mods":["2.2 Compatiblity","AchievementEnabler","Act Like it!","BaseMod","Better Match","Better Note","Better Sensory Stone","Better Third Choice","Colored Powertips","Gensokyo","Good Game Mod","Hermit","Koishi","Lobotomy","LobotomyExtend","Marisa（霧雨　魔理沙）","Minty Spire (QoL Compilation)","Monster B Gone","Quick Restart","Rare Cards Sparkle","Reimu（博??梦）","Relic Filter Mod","Relic Stats","Spicy Shops","StSLib","The Construct"],"gold_per_floor":[112,132,57,76,76,76,101,101,401,416,429,429,444,471,471,471,471],"floor_reached":16,"language":"ENG","playtime":733,"items_purged":[],"score":121,"play_id":"301d0880-6e0c-4b70-8529-98286315f5ad","local_time":"20210205085304","is_ascension_mode":true,"campfire_choices":[],"circlet_count":0,"master_deck":["SpecialBullet","SpecialBullet","SpecialBullet","SpecialBullet","SpecialBullet","SpecialBullet","SpecialBullet","SpecialBullet","WelfareCode","ControlCode","DisciplinaryCode","Free:ReiMu","Pain","WristCuter","Laetitia_ego+1","RedEyes+1","TT2Protocol","Pain","Soda","MHz","SummonCall","FieryBird","TheSmile"],"relics":["CogitoBucket","REME:ComplimentaryCards","LetterFromLob","Gensokyo:LunaticRedEyes","Kunai","Old Coin","BehaviorAdjustment","Ancient Tea Set"],"acts_visited":["Gensokyo:Gensokyo"],"potions_floor_usage":[11,11,14,16],"damage_taken":[{"damage":0,"enemies":"Gensokyo:3_Fairies","floor":1,"turns":2},{"damage":11,"enemies":"Gensokyo:Gryphon","floor":2,"turns":2},{"damage":0,"enemies":"Gensokyo:Python","floor":4,"turns":2},{"damage":25,"enemies":"Gensokyo:Aya","floor":7,"turns":4},{"damage":1,"enemies":"Gensokyo:Kitsune","floor":10,"turns":2},{"damage":29,"enemies":"Gensokyo:5_Fairies","floor":11,"turns":6},{"damage":17,"enemies":"Gensokyo:CorruptedTreant","floor":13,"turns":2},{"damage":11,"enemies":"Gensokyo:Cirno","floor":14,"turns":4},{"damage":27,"enemies":"Gensokyo:Reimu","floor":16,"turns":5}],"seed_played":"6182765815986938941","potions_obtained":[{"floor":1,"key":"ZuzhouPotion:ReiMu"},{"floor":10,"key":"EntropicBrew"},{"floor":14,"key":"PowerPotion"}],"is_trial":false,"path_per_floor":["M","M","?","M","?","R","E","R","T","M","M","R","M","E","R","B"],"character_chosen":"Angela","items_purchased":[],"campfire_rested":0,"item_purchase_floors":[],"current_hp_per_floor":[84,73,73,73,73,73,48,48,48,48,25,25,10,19,19,0,0],"gold":471,"neow_bonus":"TWENTY_PERCENT_HP_BONUS","is_daily":false,"chose_seed":false,"campfire_upgraded":0,"win_rate":0.0,"timestamp":1612533184,"path_taken":["M","M","?","M","?","R","E","R","T","M","M","R","?","E","R","BOSS"],"items_purchased_type":[],"build_version":"2020-12-18","purchased_purges":0,"victory":false,"max_hp_per_floor":[84,84,84,84,84,84,84,84,84,84,84,84,84,84,84,84,84],"relic_stats":{"counters":[10,30],"Kunai":[7],"obtain_stats":[{"CogitoBucket":0,"REME:ComplimentaryCards":0,"BehaviorAdjustment":11,"LetterFromLob":1,"Kunai":7,"Ancient Tea Set":14,"Gensokyo:LunaticRedEyes":5,"Old Coin":9},{"CogitoBucket":0,"REME:ComplimentaryCards":0,"BehaviorAdjustment":7,"LetterFromLob":1,"Kunai":4,"Ancient Tea Set":9,"Gensokyo:LunaticRedEyes":3,"Old Coin":4},{"CogitoBucket":0,"REME:ComplimentaryCards":0,"BehaviorAdjustment":19,"LetterFromLob":2,"Kunai":10,"Ancient Tea Set":25,"Gensokyo:LunaticRedEyes":6,"Old Coin":10}]},"card_choices":[{"not_picked":["SolemnVow","Regret_ego"],"picked":"SKIP","floor":1},{"not_picked":["SomewhereSpear"],"picked":"WristCuter","floor":2},{"not_picked":["Christmas+1"],"picked":"Laetitia_ego+1","floor":3},{"not_picked":["Lantern+1"],"picked":"RedEyes+1","floor":3},{"not_picked":["TodaysExpression","BlackSwan_ego"],"picked":"SKIP","floor":4},{"not_picked":["SwordSharpenedByTears"],"picked":"Soda","floor":7},{"not_picked":["DespairKnight","CrumblingArmor"],"picked":"MHz","floor":7},{"not_picked":["Pleasure","Harvest"],"picked":"SKIP","floor":10},{"not_picked":["Wellcheers","FairyFestival"],"picked":"FieryBird","floor":11},{"not_picked":["SwordSharpenedByTears","WristCuter"],"picked":"SKIP","floor":11},{"not_picked":["Amita","Loneliness"],"picked":"SKIP","floor":13},{"not_picked":["BlackSwan_ego"],"picked":"TheSmile","floor":14}],"player_experience":229161,"relics_obtained":[{"floor":1,"key":"LetterFromLob"},{"floor":7,"key":"Kunai"},{"floor":9,"key":"Old Coin"},{"floor":14,"key":"Ancient Tea Set"}],"event_choices":[{"damage_healed":0,"gold_gain":0,"player_choice":"2","damage_taken":0,"max_hp_gain":0,"max_hp_loss":0,"event_name":"betterMatch:BetterMatch","floor":3,"gold_loss":0,"cards_obtained":["betterMatch:CommonCard","betterMatch:UncommonCard"]}],"is_beta":true,"boss_relics":[],"items_purged_floors":[],"is_endless":false,"potions_floor_spawned":[1,10,11,13,14],"killed_by":"Gensokyo:Reimu","ascension_level":2}}