{"host":"1ooxfz79hmpvpehx","time":1612555507,"event":{"mods":["BaseMod","Minty Spire (QoL Compilation)","Quick Restart","Replay The Spire","StSLib","SuperFastMode"],"gold_per_floor":[116,116,127,58,58,58,91,109,109,109,109,109,141,152,152,251,301,314,391,455,212,222,222,222],"floor_reached":23,"language":"ENG","playtime":416,"items_purged":["Strike_B"],"score":244,"play_id":"5aa4a69d-0e0d-467e-8e25-71737d26fc7a","local_time":"20210205170507","is_ascension_mode":true,"campfire_choices":[{"data":"Loop","floor":6,"key":"SMITH"},{"data":"Loop","floor":10,"key":"SMITH"},{"data":"Loop","floor":12,"key":"SMITH"},{"data":"Rainbow","floor":15,"key":"SMITH"}],"circlet_count":0,"master_deck":["Strike_B","Strike_B","Strike_B","Defend_B","Defend_B","Defend_B","Defend_B+1","Zap","Dualcast","Loop+1","Loop+1","Loop+1","Rainbow+1","Creative AI","ReplayUltimateDefense"],"relics":["Cracked Core","NeowsBlessing","Centennial Puzzle","Divine Protection","Replay:Antivirus Software","Tiny House","Replay:WaspNest","Pen Nib"],"acts_visited":["Exordium","TheCity"],"potions_floor_usage":[11,11,13,16,23,23,23],"damage_taken":[{"damage":0,"enemies":"Small Slimes","floor":1,"turns":1},{"damage":0,"enemies":"Cultist","floor":3,"turns":1},{"damage":0,"enemies":"Gremlin Nob","floor":7,"turns":1},{"damage":9,"enemies":"2 Louse","floor":8,"turns":3},{"damage":0,"enemies":"3 Sentries","floor":11,"turns":2},{"damage":18,"enemies":"Gremlin Nob","floor":13,"turns":4},{"damage":3,"enemies":"Red Slaver","floor":14,"turns":3},{"damage":26,"enemies":"The Guardian","floor":16,"turns":9},{"damage":7,"enemies":"Spheric Guardian","floor":18,"turns":4},{"damage":19,"enemies":"3 Byrds","floor":22,"turns":3},{"damage":30,"enemies":"Gremlin Leader","floor":23,"turns":2}],"seed_played":"-4173957064003150242","potions_obtained":[{"floor":1,"key":"SmokeBomb"},{"floor":7,"key":"Ancient Potion"},{"floor":8,"key":"Weak Potion"},{"floor":14,"key":"AttackPotion"},{"floor":16,"key":"Adrenaline Potion"},{"floor":17,"key":"FearPotion"},{"floor":18,"key":"Dexterity Potion"}],"is_trial":false,"path_per_floor":["M","?","M","$","?","R","E","M","T","R","E","R","E","M","R","B",null,"M","T","?","$","M","E"],"character_chosen":"DEFECT","items_purchased":["Loop","ReplayUltimateDefense"],"campfire_rested":0,"item_purchase_floors":[4,21],"current_hp_per_floor":[75,75,75,75,75,75,75,66,66,66,66,66,48,45,45,19,80,73,73,41,41,22,0,0],"gold":222,"neow_bonus":"THREE_ENEMY_KILL","is_daily":false,"chose_seed":false,"campfire_upgraded":4,"win_rate":0.0,"timestamp":1612555507,"path_taken":["M","?","?","$","?","R","E","?","T","R","E","R","E","M","R","BOSS","M","?","?","$","M","E"],"items_purchased_type":["Card","Card"],"build_version":"2020-12-22","purchased_purges":1,"victory":false,"max_hp_per_floor":[75,75,75,75,75,75,75,75,75,75,75,75,75,75,75,75,80,80,80,80,80,80,80,80],"card_choices":[{"not_picked":["Skim","Melter","Coolheaded"],"picked":"SKIP","floor":1},{"not_picked":["Panic Button","Static Discharge"],"picked":"Loop","floor":3},{"not_picked":["ReplaySolidLightProjector","Coolheaded","ReplayTheSpireMod:System Scan"],"picked":"SKIP","floor":7},{"not_picked":["Beam Cell","Compile Driver","Rebound"],"picked":"SKIP","floor":8},{"not_picked":["Compile Driver","Chaos"],"picked":"Rainbow","floor":13},{"not_picked":["Redo","Melter","Streamline"],"picked":"SKIP","floor":14},{"not_picked":["Thunder Strike","Seek"],"picked":"Creative AI","floor":16},{"not_picked":["ReplayTheSpireMod:Repulse","Heatsinks","Panic Button"],"picked":"SKIP","floor":18},{"not_picked":["Steam+1","Chaos","Cold Snap"],"picked":"SKIP","floor":22}],"player_experience":20477,"relics_obtained":[{"floor":7,"key":"Centennial Puzzle"},{"floor":9,"key":"Divine Protection"},{"floor":13,"key":"Replay:Antivirus Software"},{"floor":19,"key":"Replay:WaspNest"},{"floor":20,"key":"Pen Nib"}],"event_choices":[{"damage_healed":0,"gold_gain":0,"player_choice":"Bought 0 Potions","damage_taken":0,"max_hp_gain":0,"max_hp_loss":0,"event_name":"The Woman in Blue","floor":2,"gold_loss":0},{"damage_healed":0,"gold_gain":0,"player_choice":"1 cards matched","damage_taken":0,"max_hp_gain":0,"max_hp_loss":0,"event_name":"Match and Keep!","floor":5,"gold_loss":0,"cards_obtained":["Loop"]}],"is_beta":false,"boss_relics":[{"not_picked":["Busted Crown","Fusion Hammer"],"picked":"Tiny House"}],"items_purged_floors":[21],"is_endless":false,"potions_floor_spawned":[1,7,8,14,16,18],"killed_by":"Gremlin Leader","ascension_level":1}}