{"host":"yml0ux6c8lqydjlc","time":1612562191,"event":{"mods":["BaseMod","Conspire","Downfall","Duelist Mod","GungeonMod","Hermit","Jedi Mod","Minty Spire (QoL Compilation)","StSLib"],"gold_per_floor":[119,135,135,146,55,55,66,82,82,100,19,30,305,335,335,440,440,451,464,489,165,165,165],"floor_reached":22,"language":"ENG","playtime":1513,"items_purged":[],"score":188,"play_id":"d8b07971-eda4-4f2f-8180-3fab02c59c25","local_time":"20210205165631","is_ascension_mode":false,"campfire_choices":[{"data":"Swift Strike","floor":6,"key":"SMITH"},{"floor":15,"key":"REST"}],"circlet_count":0,"master_deck":["Strike_R","Strike_R","Strike_R","Strike_R","Strike_R","Defend_R","Defend_R","Defend_R","Defend_R","Bash","Headbutt+1","Iron Wave","Twin Strike","Seeing Red","Swift Strike+1","Sever Soul","Body Slam","Armaments","conspire:Charge","Bloodletting","Regret","Twin Strike","Bludgeon","Flex","Anger","Seeing Red"],"relics":["Burning Blood","Darkstone Periapt","Sundial","SlaversCollar","DemoMod:ClearGuonStone","DemoMod:PinkGuonStone"],"acts_visited":["Exordium","TheCity"],"potions_floor_usage":[4,14,16],"damage_taken":[{"damage":1,"enemies":"Jaw Worm","floor":1,"turns":4},{"damage":1,"enemies":"Cultist","floor":2,"turns":4},{"damage":0,"enemies":"Small Slimes","floor":4,"turns":3},{"damage":11,"enemies":"Red Slaver","floor":7,"turns":3},{"damage":10,"enemies":"Looter","floor":8,"turns":2},{"damage":0,"enemies":"3 Louse","floor":10,"turns":4},{"damage":16,"enemies":"Red Slaver","floor":12,"turns":4},{"damage":39,"enemies":"Lagavulin","floor":14,"turns":7},{"damage":15,"enemies":"Slime Boss","floor":16,"turns":6},{"damage":70,"enemies":"3 Byrds","floor":18,"turns":8},{"damage":19,"enemies":"2 Thieves","floor":19,"turns":4},{"damage":24,"enemies":"conspire:HollyBat","floor":22,"turns":7}],"seed_played":"5359669831636582410","potions_obtained":[{"floor":2,"key":"Ancient Potion"},{"floor":7,"key":"hexamod:SoulburnPotion"},{"floor":12,"key":"BloodPotion"},{"floor":16,"key":"LiquidBronze"}],"is_trial":false,"path_per_floor":["M","M","?","M","$","R","M","M","T","M","$","M","?","E","R","B",null,"M","M","T","$","M"],"character_chosen":"IRONCLAD","items_purchased":["Swift Strike","conspire:Charge","Seeing Red","DemoMod:PinkGuonStone"],"campfire_rested":1,"item_purchase_floors":[5,11,21,21],"current_hp_per_floor":[80,80,80,80,80,80,75,71,71,77,77,67,73,57,82,73,86,22,9,9,16,0,0],"gold":165,"neow_bonus":"THREE_CARDS","is_daily":false,"chose_seed":false,"campfire_upgraded":1,"win_rate":0.0,"timestamp":1612562191,"path_taken":["M","M","?","M","$","R","?","?","T","M","$","M","?","E","R","BOSS","M","M","?","$","M"],"items_purchased_type":["Card","Card","Card","Relic"],"build_version":"2020-12-22","purchased_purges":0,"victory":false,"max_hp_per_floor":[80,80,80,80,80,80,80,80,80,80,80,80,86,86,86,86,86,86,86,86,93,93,93],"card_choices":[{"not_picked":["Disarm","Intimidate"],"picked":"Headbutt","floor":0},{"not_picked":["Twin Strike","Pommel Strike"],"picked":"Iron Wave","floor":1},{"not_picked":["Intimidate","Shockwave"],"picked":"Twin Strike","floor":2},{"not_picked":["Shrug It Off","True Grit"],"picked":"Seeing Red","floor":4},{"not_picked":["Blood for Blood","Dropkick"],"picked":"Sever Soul","floor":7},{"not_picked":["Warcry","Flex"],"picked":"Body Slam","floor":8},{"not_picked":["Warcry","Perfected Strike"],"picked":"Armaments","floor":10},{"not_picked":["jedi:fear","Clash"],"picked":"Bloodletting","floor":12},{"not_picked":["Whirlwind","Disarm"],"picked":"Twin Strike","floor":14},{"not_picked":["conspire:HitWhereItHurts","Juggernaut"],"picked":"Bludgeon","floor":16},{"not_picked":["Sever Soul","Intimidate"],"picked":"Flex","floor":18},{"not_picked":["Warcry","Spot Weakness"],"picked":"Anger","floor":19}],"player_experience":7336,"relics_obtained":[{"floor":9,"key":"Darkstone Periapt"},{"floor":14,"key":"Sundial"},{"floor":20,"key":"DemoMod:ClearGuonStone"}],"event_choices":[{"damage_healed":0,"gold_gain":0,"player_choice":"Forge","damage_taken":0,"max_hp_gain":0,"max_hp_loss":0,"event_name":"Accursed Blacksmith","floor":3,"gold_loss":0,"cards_upgraded":["Headbutt"]},{"damage_healed":0,"gold_gain":275,"player_choice":"Desecrate","damage_taken":0,"max_hp_gain":0,"max_hp_loss":0,"event_name":"Golden Shrine","floor":13,"gold_loss":0,"cards_obtained":["Regret"]}],"is_beta":false,"boss_relics":[{"not_picked":["conspire:RoyalGoblet","conspire:SeveredTorchhead"],"picked":"SlaversCollar"}],"items_purged_floors":[],"is_endless":false,"potions_floor_spawned":[2,7,12,16],"killed_by":"conspire:HollyBat","ascension_level":0}}