{"host":"3e3mwsgb9gfqiuxm","time":1612488226,"event":{"mods":["Act Like it!","BaseMod","BetterRewards","Colored Map","Colored Powertips","Downfall","Gensokyo","Hermit","Infinite Spire","Koishi","Marisa????????","Minty Spire (QoL Compilation)","Quick Restart","Reimu??????","Remilia??????","Replay The Spire","Shop Mod","StSLib","SuperFastMode","The Animator","The Bug Knight","The Cursed","The Jungle","The Servant 0.9.4","everything is the same but u backflip on backflip"],"gold_per_floor":[112,112,37,37,52,84,84,84,136,152,152,152,177,194,194,194,194],"floor_reached":16,"language":"ENG","playtime":700,"items_purged":["Strike_RM"],"score":133,"play_id":"c334f8c4-e191-42b7-983a-d6e764860877","local_time":"20210204202346","is_ascension_mode":false,"campfire_choices":[{"data":"ChaoticDestiny","floor":7,"key":"SMITH"},{"data":"ChainGang","floor":11,"key":"SMITH"}],"circlet_count":0,"master_deck":["Strike_RM","Strike_RM","Defend_RM","Defend_RM","Defend_RM","Defend_RM","RedMoon","ScarletShoot","ChainGang+1","RedRainbow","ChaoticDestiny+1","Stigmanizer","VampireKiss","DiffusionOfMisfortune","BloodRain"],"relics":["ScarletHat","NeowsBlessing","Pear","Gensokyo:CelestialsFlawlessClothing","Omamori","infinitespire:Broken Mirror","ReplayTheSpireMod:TigerMarble","Onion Ring","MealTicket"],"acts_visited":["Gensokyo:Gensokyo"],"potions_floor_usage":[],"damage_taken":[{"damage":0,"enemies":"Gensokyo:Python","floor":1,"turns":1},{"damage":0,"enemies":"Gensokyo:Gryphon","floor":5,"turns":1},{"damage":0,"enemies":"Gensokyo:Cirno","floor":6,"turns":2},{"damage":0,"enemies":"Gensokyo:3_Fairies","floor":10,"turns":2},{"damage":17,"enemies":"Gensokyo:Aya","floor":13,"turns":3},{"damage":2,"enemies":"Gensokyo:2_Rabbits","floor":14,"turns":2},{"damage":46,"enemies":"Gensokyo:Yukari","floor":16,"turns":9}],"seed_played":"-6767103463570052121","potions_obtained":[{"floor":1,"key":"Dexterity Potion"},{"floor":13,"key":"Toxic Potion"},{"floor":14,"key":"SteroidPotion"}],"is_trial":false,"path_per_floor":["M","?","$","?","M","E","R","T","T","M","R","?","E","M","R_BF","B"],"character_chosen":"REMILIA","items_purchased":[],"campfire_rested":0,"item_purchase_floors":[],"current_hp_per_floor":[75,70,70,49,49,49,49,49,49,49,49,49,33,31,31,85,85],"gold":194,"neow_bonus":"THREE_ENEMY_KILL","is_daily":false,"chose_seed":false,"campfire_upgraded":2,"win_rate":0.0,"timestamp":1612488226,"path_taken":["M","?","$","?","?","E","R","?","T","M","R","?","E","M","R_BF","BOSS"],"items_purchased_type":[],"build_version":"2020-12-22","purchased_purges":1,"victory":false,"max_hp_per_floor":[75,85,85,85,85,85,85,85,85,85,85,85,85,85,85,85,85],"card_choices":[{"not_picked":["UnstableMagic","DevilSight"],"picked":"ChainGang","floor":1},{"not_picked":["BloodAndWine","MastersStateliness"],"picked":"RedRainbow","floor":5},{"not_picked":["SuperhumanBloodyKnife","BombardNight"],"picked":"ChaoticDestiny","floor":6},{"not_picked":["AfternoonTea","BombardNight"],"picked":"Stigmanizer","floor":10},{"not_picked":["BombardNight","UnstableMagic"],"picked":"VampireKiss","floor":13},{"not_picked":["VampireKiss","RedRainbow"],"picked":"DiffusionOfMisfortune","floor":14}],"player_experience":1347490,"relics_obtained":[{"floor":6,"key":"Omamori"},{"floor":8,"key":"infinitespire:Broken Mirror"},{"floor":9,"key":"ReplayTheSpireMod:TigerMarble"},{"floor":13,"key":"MealTicket"}],"event_choices":[],"is_beta":false,"boss_relics":[],"items_purged_floors":[3],"is_endless":false,"potions_floor_spawned":[1,13,14],"killed_by":"Gensokyo:Yukari","ascension_level":0}}