{"host":"0kk91h4bq4kgfj0u","time":1612492203,"event":{"mods":["BaseMod","Minty Spire (QoL Compilation)","StSLib"],"gold_per_floor":[109,109,124,135,152,177,177,177,203,221,250,260,260,291,291,391,391,406,422,126,126,126,126,143,169,169,169,16,30,30,58,58,58,58],"floor_reached":33,"language":"ENG","playtime":1035,"items_purged":[],"score":442,"play_id":"ab260228-5a2d-4031-bce9-1d915354983d","local_time":"20210204213003","is_ascension_mode":true,"campfire_choices":[{"data":"Infernal Blade","floor":8.0,"key":"SMITH"},{"floor":13.0,"key":"REST"},{"data":"Uppercut","floor":15.0,"key":"SMITH"},{"data":"Limit Break","floor":23.0,"key":"SMITH"},{"floor":27,"key":"REST"},{"data":"Seeing Red","floor":30,"key":"SMITH"},{"floor":32,"key":"REST"}],"circlet_count":0,"master_deck":["Strike_R","Strike_R","Strike_R","Defend_R","Defend_R","Defend_R","Defend_R","Bash","Uppercut+1","Iron Wave","Anger","Dropkick","Flex","Infernal Blade+1","Good Instincts","Iron Wave","Armaments","Battle Trance","Wild Strike","Heavy Blade","Dropkick+1","Thunderclap+1","Combust+1","Flame Barrier","Flame Barrier","Limit Break+1","Cleave","Seeing Red+1","Metallicize","Fire Breathing","Wild Strike"],"relics":["Burning Blood","Smiling Mask","Oddly Smooth Stone","Akabeko","Peace Pipe","Astrolabe","MealTicket","MutagenicStrength","CaptainsWheel","Question Card","Strawberry","Juzu Bracelet"],"acts_visited":["Exordium","TheCity"],"potions_floor_usage":[25,31,33,33],"damage_taken":[{"damage":4.0,"enemies":"Jaw Worm","floor":1.0,"turns":4.0},{"damage":1.0,"enemies":"Cultist","floor":3.0,"turns":3.0},{"damage":7.0,"enemies":"Small Slimes","floor":4.0,"turns":3.0},{"damage":4.0,"enemies":"Blue Slaver","floor":5.0,"turns":3.0},{"damage":20.0,"enemies":"Lagavulin","floor":6.0,"turns":5.0},{"damage":4.0,"enemies":"Red Slaver","floor":10.0,"turns":2.0},{"damage":24.0,"enemies":"Gremlin Nob","floor":11.0,"turns":4.0},{"damage":0.0,"enemies":"2 Fungi Beasts","floor":12.0,"turns":2.0},{"damage":19.0,"enemies":"3 Sentries","floor":14.0,"turns":8.0},{"damage":55.0,"enemies":"Slime Boss","floor":16.0,"turns":13.0},{"damage":6.0,"enemies":"Chosen","floor":18.0,"turns":3.0},{"damage":24.0,"enemies":"Spheric Guardian","floor":19.0,"turns":5.0},{"damage":9,"enemies":"Centurion and Healer","floor":24,"turns":4},{"damage":26,"enemies":"Slavers","floor":25,"turns":6},{"damage":17,"enemies":"Snake Plant","floor":29,"turns":4},{"damage":22,"enemies":"Gremlin Leader","floor":31,"turns":5},{"damage":111,"enemies":"Collector","floor":33,"turns":6}],"seed_played":"8286020496020056128","potions_obtained":[{"floor":3.0,"key":"BloodPotion"},{"floor":4.0,"key":"ColorlessPotion"},{"floor":11.0,"key":"AttackPotion"},{"floor":25,"key":"Energy Potion"}],"is_trial":false,"path_per_floor":["M","?","M","M","M","E","?","R","T","M","E","M","R","E","R","B",null,"M","M","$","?","?","R","M","E","T","R","$","M","R","E","R","B"],"character_chosen":"IRONCLAD","items_purchased":["MealTicket","Limit Break","Strawberry"],"campfire_rested":3,"item_purchase_floors":[20,20,28],"current_hp_per_floor":[74,74,79,78,80,66,66,66,66,68,50,56,80,67,67,18,65,65,47,47,47,47,47,44,40,40,64,86,75,75,59,85,0,0],"gold":58,"neow_bonus":"THREE_CARDS","is_daily":false,"chose_seed":false,"campfire_upgraded":4,"win_rate":0.0,"timestamp":1612492203,"path_taken":["M","?","M","M","?","E","?","R","T","M","E","M","R","E","R","BOSS","M","M","$","?","?","R","M","E","T","R","?","M","R","E","R","BOSS"],"items_purchased_type":["Relic","Card","Relic"],"build_version":"2020-12-22","purchased_purges":0,"victory":false,"max_hp_per_floor":[80,80,80,80,80,80,80,80,80,80,80,80,80,80,80,80,80,80,80,80,80,80,80,80,80,80,80,87,87,87,87,87,87,87],"card_choices":[{"not_picked":["Twin Strike","Perfected Strike"],"picked":"Uppercut","floor":0.0},{"not_picked":["Heavy Blade","Rupture"],"picked":"Iron Wave","floor":1.0},{"not_picked":["Uppercut","Dual Wield"],"picked":"Anger","floor":3.0},{"not_picked":["Warcry","Rupture"],"picked":"Dropkick","floor":4.0},{"not_picked":["Clothesline","Twin Strike"],"picked":"Flex","floor":5.0},{"not_picked":["Iron Wave","Feel No Pain"],"picked":"Infernal Blade","floor":6.0},{"not_picked":["Rupture","Havoc"],"picked":"Armaments","floor":10.0},{"not_picked":["Carnage","Flex"],"picked":"Battle Trance","floor":11.0},{"not_picked":["Dropkick","Shockwave"],"picked":"Wild Strike","floor":12.0},{"not_picked":["Battle Trance","Clothesline"],"picked":"Heavy Blade","floor":14.0},{"not_picked":["Fiend Fire","Corruption"],"picked":"Offering","floor":16.0},{"not_picked":["Flex+1","Havoc"],"picked":"Flame Barrier","floor":18.0},{"not_picked":["Anger","Bloodletting"],"picked":"Flame Barrier","floor":19.0},{"not_picked":["Heavy Blade","Perfected Strike"],"picked":"Seeing Red","floor":24},{"not_picked":["Combust","True Grit"],"picked":"Metallicize","floor":25},{"not_picked":["Flex","Intimidate+1","Uppercut"],"picked":"Fire Breathing","floor":29},{"not_picked":["Headbutt","True Grit","Twin Strike"],"picked":"Wild Strike","floor":31}],"player_experience":848584,"relics_obtained":[{"floor":6.0,"key":"Smiling Mask"},{"floor":9.0,"key":"Oddly Smooth Stone"},{"floor":11.0,"key":"Akabeko"},{"floor":14.0,"key":"Peace Pipe"},{"floor":25,"key":"CaptainsWheel"},{"floor":26,"key":"Question Card"},{"floor":31,"key":"Juzu Bracelet"}],"event_choices":[{"damage_healed":0.0,"max_hp_gain":0.0,"max_hp_loss":0.0,"gold_gain":0.0,"event_name":"Purifier","player_choice":"Ignored","floor":2.0,"gold_loss":0.0,"damage_taken":0.0},{"damage_healed":0.0,"max_hp_gain":0.0,"max_hp_loss":0.0,"gold_gain":0.0,"event_name":"Match and Keep!","player_choice":"2 cards matched","floor":7.0,"gold_loss":0.0,"damage_taken":0.0,"cards_obtained":["Good Instincts","Iron Wave"]},{"damage_healed":0.0,"max_hp_gain":0.0,"max_hp_loss":0.0,"gold_gain":0.0,"event_name":"Drug Dealer","player_choice":"Inject Mutagens","floor":21.0,"gold_loss":0.0,"damage_taken":0.0,"relics_obtained":["MutagenicStrength"]},{"damage_healed":0.0,"max_hp_gain":0.0,"max_hp_loss":0.0,"gold_gain":0.0,"event_name":"The Library","player_choice":"Read","floor":22.0,"gold_loss":0.0,"damage_taken":0.0,"cards_obtained":["Cleave"]}],"is_beta":false,"boss_relics":[{"not_picked":["Busted Crown","Philosopher\u0027s Stone"],"picked":"Astrolabe"}],"items_purged_floors":[],"is_endless":false,"potions_floor_spawned":[3,4,11,16,19,24,25],"killed_by":"Collector","ascension_level":9}}