{"host":"2haferq23ht5nrlk","time":1612529725,"event":{"mods":["ATMod(°¢èªMod)","BaseMod","BetterRewards","Colored Powertips","Conspire","Dota2Spire","KomeijiMod","Lobotomy","Minty Spire (QoL Compilation)","Quick Restart","Relic Filter Mod","Relic Stats","Reliquary","Replay The Spire","Spicy Shops","StSLib","UnlockEverythingMod","¡¾ÒÅÎï¿¨ÅÆ¡¿REMEMod"],"gold_per_floor":[114,114,137,155,8,47,66,99,99,99,99,118,162,42,42,132,132,147,147,170,186,17,17,58,78,78,167,231,281,326,326],"floor_reached":30,"language":"ZHS","playtime":1897,"items_purged":["HeartBreak_Remiria","Voices"],"score":780,"play_id":"abe4af69-88c3-4051-a06b-4a6b8b27fa60","local_time":"20210205205525","is_ascension_mode":true,"campfire_choices":[{"floor":11,"key":"REST"},{"data":"AT_Dispersion","floor":15,"key":"SMITH"},{"data":"AT_ShrugMaster","floor":23,"key":"SMITH"}],"circlet_count":0,"master_deck":["AscendersBane","Strike_R","Strike_R","Strike_R+1","Strike_R","Strike_R","Defend_R","Defend_R","Defend_R","Defend_R","Bash","AT_ShrugMaster+1","REME_FirmDetermination","AT_Dispersion+1","ReplayTheSpireMod:Muscle Training","Twin Strike+1","Inflame","ReplayTheSpireMod:LeadingStrike+1","Shrug It Off","Heavy Blade","Heavy Blade","Offering","Blood for Blood","Rupture","Armaments","Impervious","Sword Boomerang","Burning Pact","Armaments","True Grit+1","Fiend Fire","AT_BodySlamDance"],"relics":["Burning Blood","AT_ATBox","REME_ComplimentaryCards","AT_SeraphEmbrace","Golden Idol","Frozen Eye","Pear","Peace Pipe","Whetstone","Replay:Grab Bag","Ooze Armor","Sozu","conspire:SpecialSausage","Ring of Fury","ReplayTheSpireMod:Ring of Collecting","Bag of Preparation","Replay:Mystery Machine","ReplayTheSpireMod:Ring of Challenge","Replay:Rubber Ducky"],"acts_visited":["Exordium","TheCity"],"potions_floor_usage":[7,20,30],"damage_taken":[{"damage":3,"enemies":"2 Louse","floor":1,"turns":5},{"damage":8,"enemies":"Jaw Worm","floor":3,"turns":5},{"damage":8,"enemies":"Small Slimes","floor":4,"turns":4},{"damage":33,"enemies":"Gremlin Nob","floor":6,"turns":4},{"damage":27,"enemies":"Gremlin Gang","floor":7,"turns":5},{"damage":3,"enemies":"Lagavulin","floor":8,"turns":5},{"damage":4,"enemies":"Looter","floor":12,"turns":3},{"damage":29,"enemies":"Gremlin Nob","floor":13,"turns":4},{"damage":13,"enemies":"Fading Forest","floor":16,"turns":13},{"damage":6,"enemies":"Spheric Guardian","floor":18,"turns":3},{"damage":0,"enemies":"Chosen","floor":20,"turns":3},{"damage":12,"enemies":"Centurion and Healer","floor":21,"turns":4},{"damage":15,"enemies":"Book of Stabbing","floor":24,"turns":4},{"damage":12,"enemies":"Cultist and Chosen","floor":25,"turns":7},{"damage":45,"enemies":"Gremlin Leader","floor":27,"turns":6},{"damage":7,"enemies":"Sentry and Sphere","floor":28,"turns":4},{"damage":13,"enemies":"REME_1_Revenger","floor":30,"turns":2}],"seed_played":"6705269240471214211","potions_obtained":[{"floor":4,"key":"LiquidBronze"},{"floor":7,"key":"BlessingOfTheForge"},{"floor":8,"key":"SpeedPotion"},{"floor":12,"key":"Elixir"}],"is_trial":false,"path_per_floor":["M","?","M","M","$","E","M","E","T","?","R","M","E","$","R","B",null,"M","?","M","M","$","R","E","M","T","E","M","?","E"],"character_chosen":"IRONCLAD","items_purchased":["AT_ArchangelStaff","AT_ShrugMaster","REME_FirmDetermination","ReplayTheSpireMod:LeadingStrike+1","Frozen Eye","Rupture","Armaments","Armaments"],"campfire_rested":1,"item_purchase_floors":[0,0,0,5,5,14,14,22],"current_hp_per_floor":[58,58,56,54,54,37,16,19,19,15,38,40,17,17,17,18,63,63,63,69,63,63,63,54,48,48,9,8,8,0,0],"gold":326,"neow_bonus":"","is_daily":false,"chose_seed":false,"campfire_upgraded":2,"win_rate":0.0,"timestamp":1612529725,"path_taken":["M","?","M","M","$","E","M","E","T","?","R","M","E","?","R","BOSS","M","?","M","M","$","R","E","M","T","E","M","?","E"],"items_purchased_type":["Relic","Card","Card","Card","Relic","Card","Card","Card"],"build_version":"2020-12-22","purchased_purges":2,"victory":false,"max_hp_per_floor":[75,68,68,68,68,78,78,78,78,78,78,78,78,78,78,78,78,78,78,78,78,78,78,78,78,78,78,78,78,78,78],"relic_stats":{"Peace Pipe":0,"Sozu":2,"counters":[27,127],"Golden Idol":95,"Bag of Preparation":[16],"Whetstone":["Strike_R","Twin Strike"],"obtain_stats":[{"AT_SeraphEmbrace":27,"AT_ATBox":0,"Pear":6,"Torii":0,"Golden Idol":2,"Replay:Grab Bag":17,"Dota2Spire:DrumOfEndurance":7,"conspire:SpecialSausage":17,"Bag of Preparation":10,"Whetstone":13,"Replay:Mystery Machine":26,"AT_ArchangelStaff":0,"Burning Blood":0,"Replay:Rubber Ducky":27,"Peace Pipe":8,"Sozu":17,"Frozen Eye":5,"Ooze Armor":17,"ReplayTheSpireMod:Ring of Collecting":19,"Ring of Fury":19,"ReplayTheSpireMod:Ring of Challenge":26,"ReplayTheSpireMod:DimensionalGlitch":17,"REME_ComplimentaryCards":0},{"AT_SeraphEmbrace":25,"AT_ATBox":0,"Pear":14,"Torii":0,"Golden Idol":11,"Replay:Grab Bag":19,"Dota2Spire:DrumOfEndurance":5,"conspire:SpecialSausage":19,"Bag of Preparation":6,"Whetstone":18,"Replay:Mystery Machine":24,"AT_ArchangelStaff":10,"Burning Blood":0,"Replay:Rubber Ducky":25,"Peace Pipe":16,"Sozu":19,"Frozen Eye":13,"Ooze Armor":19,"ReplayTheSpireMod:Ring of Collecting":20,"Ring of Fury":20,"ReplayTheSpireMod:Ring of Challenge":24,"ReplayTheSpireMod:DimensionalGlitch":8,"REME_ComplimentaryCards":0},{"AT_SeraphEmbrace":119,"AT_ATBox":0,"Pear":64,"Torii":0,"Golden Idol":51,"Replay:Grab Bag":94,"Dota2Spire:DrumOfEndurance":19,"conspire:SpecialSausage":94,"Bag of Preparation":22,"Whetstone":81,"Replay:Mystery Machine":115,"AT_ArchangelStaff":46,"Burning Blood":0,"Replay:Rubber Ducky":121,"Peace Pipe":74,"Sozu":94,"Frozen Eye":60,"Ooze Armor":94,"ReplayTheSpireMod:Ring of Collecting":97,"Ring of Fury":97,"ReplayTheSpireMod:Ring of Challenge":115,"ReplayTheSpireMod:DimensionalGlitch":38,"REME_ComplimentaryCards":0}],"Burning Blood":147},"card_choices":[{"not_picked":["AT_IchimonjiDouble","Twin Strike"],"picked":"ReplayTheSpireMod:Muscle Training","floor":1},{"not_picked":["Massacre","Uppercut"],"picked":"Twin Strike","floor":3},{"not_picked":["AT_DiedThrough","Body Slam"],"picked":"Inflame","floor":4},{"not_picked":["Clothesline","Rampage"],"picked":"Shrug It Off","floor":6},{"not_picked":["Havoc","AT_BodySlamDance"],"picked":"Heavy Blade","floor":7},{"not_picked":["Disarm","Wild Strike"],"picked":"Heavy Blade","floor":8},{"not_picked":["Warcry","Evolve"],"picked":"Offering","floor":12},{"not_picked":["Body Slam","Warcry"],"picked":"Blood for Blood","floor":13},{"not_picked":["conspire:Purge","Juggernaut"],"picked":"Impervious","floor":16},{"not_picked":["Dark Embrace","Havoc"],"picked":"Sword Boomerang","floor":18},{"not_picked":["Life Link","Dropkick+1","Warcry"],"picked":"SKIP","floor":20},{"not_picked":["Evolve","AT_BodySlamDance"],"picked":"Burning Pact","floor":21},{"not_picked":["Headbutt","Perfected Strike"],"picked":"True Grit+1","floor":24},{"not_picked":["Dropkick","Armaments"],"picked":"Fiend Fire","floor":25},{"not_picked":["Warcry","Iron Wave","Rampage"],"picked":"SKIP","floor":27},{"not_picked":["ReplayTheSpireMod:LeadingStrike","Hemokinesis"],"picked":"AT_BodySlamDance","floor":28}],"player_experience":18103,"relics_obtained":[{"floor":6,"key":"Pear"},{"floor":8,"key":"Peace Pipe"},{"floor":13,"key":"Whetstone"},{"floor":19,"key":"Ring of Fury"},{"floor":19,"key":"ReplayTheSpireMod:Ring of Collecting"},{"floor":24,"key":"Bag of Preparation"},{"floor":26,"key":"Replay:Mystery Machine"},{"floor":26,"key":"ReplayTheSpireMod:Ring of Challenge"},{"floor":27,"key":"Replay:Rubber Ducky"}],"event_choices":[{"damage_healed":0,"gold_gain":0,"player_choice":"Lose Max HP","damage_taken":0,"relics_obtained":["Golden Idol"],"max_hp_gain":0,"max_hp_loss":7,"event_name":"Golden Idol","floor":2,"gold_loss":0},{"damage_healed":0,"gold_gain":0,"player_choice":"Leave","damage_taken":0,"max_hp_gain":0,"max_hp_loss":0,"event_name":"conspire:Investor","floor":10,"gold_loss":0},{"damage_healed":0,"gold_gain":100,"player_choice":"Bet on Murderer","damage_taken":0,"max_hp_gain":0,"max_hp_loss":0,"event_name":"The Joust","floor":29,"gold_loss":50}],"is_beta":false,"boss_relics":[{"not_picked":["Runic Pyramid","SacredBark"],"picked":"Replay:Grab Bag"},{"not_picked":["SlaversCollar","Coffee Dripper"],"picked":"Ooze Armor"},{"not_picked":["Cursed Key","Busted Crown"],"picked":"Sozu"},{"not_picked":["Tiny House","Calling Bell"],"picked":"conspire:SpecialSausage"}],"items_purged_floors":[0,22],"is_endless":false,"potions_floor_spawned":[4,7,8,12,16,24,27],"killed_by":"REME_1_Revenger","ascension_level":20}}