{"host":"25hwxgnshg5vqzox","time":1612534810,"event":{"mods":["BaseMod","Highlight Path","Minty Spire (QoL Compilation)","Rare Cards Sparkle","Reliquary","Shop Mod","Spire Arcade","StS++","StSLib"],"gold_per_floor":[113,133,144,144,157,191,191,191,191,201,211,225,236,236,236,339,339,354,370,401,401,401,401],"floor_reached":22,"language":"ENG","playtime":1394,"items_purged":[],"score":200,"play_id":"fc253782-6867-4a7c-98ff-98f2e56cba0b","local_time":"20210205142010","is_ascension_mode":true,"campfire_choices":[{"floor":7,"key":"REST"},{"floor":15,"key":"REST"}],"circlet_count":0,"master_deck":["Strike_G","Strike_G","Strike_G","Strike_G","Strike_G","Defend_G","Defend_G","Defend_G","Defend_G","Defend_G","Survivor","Neutralize","Dagger Spray","StSpp:PoisonousPunch","Noxious Fumes","Flying Knee","Phantasmal Killer","Neutralize","Dodge and Roll","Deadly Poison","StSpp:PoisonousPunch","Terror","Corpse Explosion","Skewer","Dash","StSpp:Lure+1"],"relics":["Ring of the Snake","NeowsBlessing","StSpp:SailorCap","reliquary:BoilingFlask","StSpp:TwinEgg","HoveringKite","Red Mask"],"acts_visited":["Exordium","TheCity"],"potions_floor_usage":[20,20],"damage_taken":[{"damage":0,"enemies":"Cultist","floor":1,"turns":1},{"damage":0,"enemies":"Jaw Worm","floor":2,"turns":1},{"damage":0,"enemies":"2 Louse","floor":3,"turns":1},{"damage":29,"enemies":"Exordium Thugs","floor":5,"turns":7},{"damage":13,"enemies":"3 Sentries","floor":6,"turns":6},{"damage":7,"enemies":"Blue Slaver","floor":10,"turns":4},{"damage":5,"enemies":"Large Slime","floor":11,"turns":5},{"damage":5,"enemies":"3 Louse","floor":12,"turns":3},{"damage":12,"enemies":"Lots of Slimes","floor":13,"turns":4},{"damage":10,"enemies":"The Guardian","floor":16,"turns":7},{"damage":6,"enemies":"Spheric Guardian","floor":18,"turns":3},{"damage":15,"enemies":"Chosen","floor":19,"turns":5},{"damage":34,"enemies":"Masked Bandits","floor":20,"turns":4},{"damage":10,"enemies":"Centurion and Healer","floor":22,"turns":1}],"seed_played":"8987808347053750452","potions_obtained":[{"floor":1,"key":"Poison Potion"},{"floor":6,"key":"FearPotion"},{"floor":12,"key":"Swift Potion"},{"floor":18,"key":"Weak Potion"},{"floor":20,"key":"Swift Potion"}],"is_trial":false,"path_per_floor":["M","M","M","?","M","E","R","?","T","M","M","M","M","?","R","B",null,"M","M","?","?","M"],"character_chosen":"THE_SILENT","items_purchased":[],"campfire_rested":2,"item_purchase_floors":[],"current_hp_per_floor":[70,70,70,63,34,21,42,42,42,35,30,25,13,36,57,47,70,64,49,15,6,0,0],"gold":401,"neow_bonus":"THREE_ENEMY_KILL","is_daily":false,"chose_seed":false,"campfire_upgraded":0,"win_rate":0.0,"timestamp":1612534810,"path_taken":["M","M","?","?","M","E","R","?","T","?","M","?","M","?","R","BOSS","M","M","?","?","M"],"items_purchased_type":[],"build_version":"2020-12-22","purchased_purges":0,"victory":false,"max_hp_per_floor":[70,70,70,70,70,70,70,70,70,70,70,70,70,70,70,70,70,70,70,70,70,70,70],"card_choices":[{"not_picked":["Escape Plan","Blade Dance"],"picked":"Dagger Spray","floor":1},{"not_picked":["StSpp:Dive","Dagger Spray"],"picked":"StSpp:PoisonousPunch","floor":2},{"not_picked":["Deflect","Phantasmal Killer"],"picked":"Noxious Fumes","floor":3},{"not_picked":["Caltrops","Dagger Throw"],"picked":"Flying Knee","floor":5},{"not_picked":["Accuracy","Reflex"],"picked":"Phantasmal Killer","floor":6},{"not_picked":["Backflip","Flying Knee"],"picked":"Dodge and Roll","floor":10},{"not_picked":["Flying Knee","Outmaneuver"],"picked":"Deadly Poison","floor":11},{"not_picked":["Underhanded Strike","Flying Knee"],"picked":"StSpp:PoisonousPunch","floor":12},{"not_picked":["All Out Attack","Backstab"],"picked":"Terror","floor":13},{"not_picked":["Tools of the Trade","Adrenaline"],"picked":"Corpse Explosion","floor":16},{"not_picked":["StSpp:PoisonousPunch","Heel Hook"],"picked":"Skewer","floor":18},{"not_picked":["Calculated Gamble","Quick Slash"],"picked":"Dash","floor":19},{"not_picked":["Outmaneuver","PiercingWail"],"picked":"StSpp:Lure+1","floor":20}],"player_experience":36787,"relics_obtained":[{"floor":6,"key":"reliquary:BoilingFlask"},{"floor":9,"key":"StSpp:TwinEgg"},{"floor":20,"key":"Red Mask"}],"event_choices":[{"damage_healed":0,"gold_gain":0,"player_choice":"Success","damage_taken":7,"relics_obtained":["StSpp:SailorCap"],"max_hp_gain":0,"max_hp_loss":0,"event_name":"Scrap Ooze","floor":4,"gold_loss":0},{"damage_healed":0,"gold_gain":0,"player_choice":"1 cards matched","damage_taken":0,"max_hp_gain":0,"max_hp_loss":0,"event_name":"Match and Keep!","floor":8,"gold_loss":0,"cards_obtained":["Neutralize"]},{"damage_healed":23,"gold_gain":0,"player_choice":"Banana","damage_taken":0,"max_hp_gain":0,"max_hp_loss":0,"event_name":"Big Fish","floor":14,"gold_loss":0},{"damage_healed":0,"gold_gain":0,"player_choice":"Fought Bandits","damage_taken":0,"max_hp_gain":0,"max_hp_loss":0,"event_name":"Masked Bandits","floor":20,"gold_loss":0},{"damage_healed":0,"gold_gain":0,"player_choice":"Stopped","damage_taken":9,"max_hp_gain":0,"max_hp_loss":0,"event_name":"Cursed Tome","floor":21,"gold_loss":0}],"is_beta":false,"boss_relics":[{"not_picked":["Ring of the Serpent","Philosopher\u0027s Stone"],"picked":"HoveringKite"}],"items_purged_floors":[],"is_endless":false,"potions_floor_spawned":[1,6,12,18,20],"killed_by":"Centurion and Healer","ascension_level":1}}