{"host":"2js2pxuugveqjuf7","time":1612491666,"event":{"mods":["BaseMod","Colored Map","Minty Spire (QoL Compilation)","Quick Restart","Random Character Button","Relic Stats","StSLib"],"gold_per_floor":[109,121,134,150,42,42,73,92,92,92,108,108,283,283,283,381,381,393,308,325,325,325,353,38,49,49,59,89,105,105,5,5,110,110,124,124,164,174,222,279,279,279,279,309,309,8,88,88,88,88,88,88,17,52,52,52],"floor_reached":55,"language":"ENG","playtime":7289,"items_purged":["Decay","Defend_P","Strike_P"],"score":1142,"play_id":"80722e8d-2e7e-4ae8-97b9-901297a1dc4c","local_time":"20210204202106","is_ascension_mode":true,"campfire_choices":[{"data":"LessonLearned","floor":6.0,"key":"SMITH"},{"floor":10.0,"key":"REST"},{"data":"Tantrum","floor":12.0,"key":"SMITH"},{"data":"Crescendo","floor":15.0,"key":"SMITH"},{"data":"Vault","floor":30.0,"key":"SMITH"},{"data":"Weave","floor":32.0,"key":"SMITH"},{"floor":41.0,"key":"REST"},{"floor":45.0,"key":"RECALL"},{"floor":49.0,"key":"REST"},{"floor":52.0,"key":"REST"}],"circlet_count":0,"master_deck":["Strike_P+1","Strike_P+1","Defend_P+1","Defend_P+1","Defend_P+1","Eruption+1","Vigilance","LessonLearned+1","Wireheading+1","JustLucky+1","Fasting2+1","Crescendo+1","Weave+1","Tantrum+1","Halt+1","LessonLearned+1","FearNoEvil+1","CutThroughFate+1","CutThroughFate+1","Wireheading+1","JustLucky+1","Vault+1","InnerPeace+1","ClearTheMind+1","Wish+1","ThirdEye","Dramatic Entrance","Panacea","JustLucky+1","Collect+1","Parasite","Nirvana","Sanctity","CrushJoints+1","Nirvana","Tantrum+1","Wireheading","Weave","Writhe","Adaptation","Halt+1","Evaluate+1"],"relics":["PureWater","Matryoshka","Bronze Scales","Dead Branch","Empty Cage","White Beast Statue","Enchiridion","Darkstone Periapt","Nunchaku","Sundial","Akabeko","The Courier","Blue Candle","Fusion Hammer","Anchor","Pear","DollysMirror","Torii","Oddly Smooth Stone"],"acts_visited":["Exordium","TheCity","TheBeyond","TheEnding"],"potions_floor_usage":[55,55],"damage_taken":[{"damage":13.0,"enemies":"Cultist","floor":1.0,"turns":5.0},{"damage":0.0,"enemies":"Jaw Worm","floor":2.0,"turns":3.0},{"damage":0.0,"enemies":"2 Louse","floor":3.0,"turns":2.0},{"damage":9.0,"enemies":"Looter","floor":4.0,"turns":3.0},{"damage":30.0,"enemies":"3 Sentries","floor":7.0,"turns":12.0},{"damage":7.0,"enemies":"Blue Slaver","floor":8.0,"turns":3.0},{"damage":2.0,"enemies":"Red Slaver","floor":11.0,"turns":5.0},{"damage":0.0,"enemies":"Slime Boss","floor":16.0,"turns":5.0},{"damage":12.0,"enemies":"2 Thieves","floor":18.0,"turns":2.0},{"damage":0.0,"enemies":"Spheric Guardian","floor":20.0,"turns":3.0},{"damage":8.0,"enemies":"Book of Stabbing","floor":23.0,"turns":2.0},{"damage":0.0,"enemies":"Snecko","floor":25.0,"turns":2.0},{"damage":0.0,"enemies":"Centurion and Healer","floor":27.0,"turns":4.0},{"damage":7.0,"enemies":"Gremlin Leader","floor":28.0,"turns":5.0},{"damage":0.0,"enemies":"Shelled Parasite and Fungi","floor":29.0,"turns":2.0},{"damage":0.0,"enemies":"Champ","floor":33.0,"turns":5.0},{"damage":8.0,"enemies":"Orb Walker","floor":35.0,"turns":2.0},{"damage":5.0,"enemies":"3 Darklings","floor":37.0,"turns":3.0},{"damage":3.0,"enemies":"Transient","floor":38.0,"turns":6.0},{"damage":0.0,"enemies":"Writhing Mass","floor":39.0,"turns":5.0},{"damage":7.0,"enemies":"Giant Head","floor":40.0,"turns":7.0},{"damage":0.0,"enemies":"Reptomancer","floor":44.0,"turns":4.0},{"damage":1.0,"enemies":"Mind Bloom Boss Battle","floor":47.0,"turns":6.0},{"damage":75.0,"enemies":"Awakened One","floor":50.0,"turns":7.0},{"damage":68.0,"enemies":"Shield and Spear","floor":54.0,"turns":7.0},{"damage":45,"enemies":"The Heart","floor":55,"turns":3}],"seed_played":"8277217165704801045","potions_obtained":[{"floor":1.0,"key":"PowerPotion"},{"floor":2.0,"key":"Swift Potion"},{"floor":11.0,"key":"BottledMiracle"},{"floor":16.0,"key":"Swift Potion"},{"floor":20.0,"key":"DistilledChaos"},{"floor":23.0,"key":"SkillPotion"},{"floor":25.0,"key":"AttackPotion"},{"floor":27.0,"key":"BottledMiracle"},{"floor":28.0,"key":"Regen Potion"},{"floor":29.0,"key":"Swift Potion"},{"floor":33.0,"key":"Fire Potion"},{"floor":35.0,"key":"Fire Potion"},{"floor":37.0,"key":"Strength Potion"},{"floor":38.0,"key":"Block Potion"},{"floor":39.0,"key":"Energy Potion"},{"floor":40.0,"key":"Dexterity Potion"},{"floor":44.0,"key":"BottledMiracle"},{"floor":47.0,"key":"FearPotion"}],"is_trial":false,"path_per_floor":["M","M","M","M","$","R","E","M","T","R","M","R","?","?","R","B",null,"M","?","M","?","T","E","$","M","T","M","E","M","R","$","R","B",null,"M","?","M","M","M","E","R","?","T","E","R","$","?","?","R","B",null,"R","$","E","B"],"character_chosen":"WATCHER","items_purchased":["Weave","Wireheading","Akabeko","Nirvana","DollysMirror","Wireheading","Weave","Adaptation","Halt"],"campfire_rested":4,"item_purchase_floors":[5,24,24,46,46,46,46,53,53],"current_hp_per_floor":[52,52,52,43,43,43,13,6,6,27,25,25,25,25,25,25,60,48,48,48,32,32,24,24,24,24,24,17,22,22,22,22,22,60,52,42,37,34,40,33,56,56,56,66,66,66,65,93,94,19,75,94,94,26,0,0],"gold":52,"neow_bonus":"THREE_RARE_CARDS","is_daily":false,"chose_seed":false,"campfire_upgraded":5,"win_rate":0.0,"timestamp":1612491666,"path_taken":["M","?","M","M","$","R","E","M","T","R","M","R","?","?","R","BOSS","M","?","M","?","?","E","$","M","T","M","E","?","R","$","R","BOSS","M","?","M","M","M","E","R","?","T","E","R","$","?","?","R","BOSS","R","$","E","BOSS"],"items_purchased_type":["Card","Card","Relic","Card","Relic","Card","Card","Card","Card"],"build_version":"2020-12-22","purchased_purges":3,"victory":false,"max_hp_per_floor":[72,72,72,72,72,72,72,72,72,72,72,72,72,72,72,72,72,72,72,72,72,72,72,72,72,72,72,72,72,72,72,72,72,72,72,72,72,72,78,78,78,78,78,88,88,88,88,94,94,94,94,94,94,94,94,94],"relic_stats":{"Darkstone Periapt":12,"Nunchaku":[25],"Torii":2,"counters":[26,113],"Sundial":[6],"Bronze Scales":[141],"Dead Branch":[138],"Blue Candle":[2],"obtain_stats":[{"Darkstone Periapt":22,"Pear":44,"Torii":47,"Dead Branch":9,"Blue Candle":28,"Enchiridion":21,"Oddly Smooth Stone":54,"The Courier":26,"Empty Cage":17,"White Beast Statue":19,"Akabeko":24,"Nunchaku":22,"Anchor":40,"Matryoshka":7,"Sundial":23,"DollysMirror":46,"Bronze Scales":9,"Fusion Hammer":34,"PureWater":0},{"Darkstone Periapt":10,"Pear":22,"Torii":23,"Dead Branch":6,"Blue Candle":14,"Enchiridion":10,"Oddly Smooth Stone":25,"The Courier":12,"Empty Cage":8,"White Beast Statue":9,"Akabeko":11,"Nunchaku":10,"Anchor":21,"Matryoshka":5,"Sundial":11,"DollysMirror":22,"Bronze Scales":6,"Fusion Hammer":16,"PureWater":0},{"Darkstone Periapt":43,"Pear":90,"Torii":96,"Dead Branch":28,"Blue Candle":56,"Enchiridion":43,"Oddly Smooth Stone":110,"The Courier":47,"Empty Cage":38,"White Beast Statue":40,"Akabeko":45,"Nunchaku":43,"Anchor":86,"Matryoshka":25,"Sundial":45,"DollysMirror":90,"Bronze Scales":28,"Fusion Hammer":63,"PureWater":0}]},"card_choices":[{"not_picked":["Establishment","Alpha"],"picked":"LessonLearned","floor":0.0},{"not_picked":["Swivel","Consecrate"],"picked":"Wireheading","floor":1.0},{"not_picked":["Prostrate","PathToVictory"],"picked":"JustLucky","floor":2.0},{"not_picked":["Evaluate","Halt"],"picked":"Fasting2","floor":3.0},{"not_picked":["Prostrate","ThirdEye"],"picked":"Crescendo","floor":4.0},{"not_picked":["Protect","SashWhip","Evaluate"],"picked":"SKIP","floor":7.0},{"not_picked":["Meditate","Halt"],"picked":"Tantrum","floor":8.0},{"not_picked":["FlyingSleeves","Consecrate"],"picked":"Halt","floor":11.0},{"not_picked":["ConjureBlade","Brilliance"],"picked":"LessonLearned","floor":16.0},{"not_picked":["Tantrum+1","EmptyFist+1"],"picked":"FearNoEvil","floor":18.0},{"not_picked":["Indignation","CrushJoints+1"],"picked":"CutThroughFate","floor":20.0},{"not_picked":["Collect","Crescendo"],"picked":"CutThroughFate","floor":23.0},{"not_picked":["Conclude","FlyingSleeves"],"picked":"JustLucky","floor":25.0},{"not_picked":["EmptyFist+1","FlyingSleeves+1"],"picked":"Vault","floor":27.0},{"not_picked":["Judgement","WheelKick"],"picked":"InnerPeace","floor":28.0},{"not_picked":["EmptyFist","Pray"],"picked":"ClearTheMind","floor":29.0},{"not_picked":["Vault","Establishment"],"picked":"Wish","floor":33.0},{"not_picked":["EmptyBody+1","SignatureMove"],"picked":"ThirdEye","floor":35.0},{"not_picked":["Forethought","Mind Blast"],"picked":"Dramatic Entrance","floor":36.0},{"not_picked":["Discovery","Impatience"],"picked":"Dramatic Entrance","floor":36.0},{"not_picked":["Master of Strategy","Madness"],"picked":"Panacea","floor":36.0},{"not_picked":["Indignation","SashWhip"],"picked":"JustLucky","floor":37.0},{"not_picked":["SashWhip","FlyingSleeves+1"],"picked":"Collect+1","floor":38.0},{"not_picked":["Protect+1","CutThroughFate"],"picked":"Nirvana","floor":39.0},{"not_picked":["Study+1","ForeignInfluence"],"picked":"Sanctity","floor":40.0},{"not_picked":["Evaluate+1","WheelKick+1"],"picked":"CrushJoints+1","floor":44.0},{"not_picked":["InnerPeace","ForeignInfluence"],"picked":"Evaluate+1","floor":54.0}],"player_experience":362748,"relics_obtained":[{"floor":7.0,"key":"Matryoshka"},{"floor":9.0,"key":"Bronze Scales"},{"floor":9.0,"key":"Dead Branch"},{"floor":21.0,"key":"Enchiridion"},{"floor":22.0,"key":"Darkstone Periapt"},{"floor":22.0,"key":"Nunchaku"},{"floor":23.0,"key":"Sundial"},{"floor":26.0,"key":"The Courier"},{"floor":28.0,"key":"Blue Candle"},{"floor":40.0,"key":"Anchor"},{"floor":44.0,"key":"Pear"},{"floor":47.0,"key":"Torii"},{"floor":54.0,"key":"Oddly Smooth Stone"}],"event_choices":[{"damage_healed":0.0,"max_hp_gain":0.0,"max_hp_loss":0.0,"gold_gain":175.0,"event_name":"Liars Game","player_choice":"AGREE","floor":13.0,"gold_loss":0.0,"damage_taken":0.0,"cards_obtained":["Doubt"]},{"damage_healed":0.0,"max_hp_gain":0.0,"max_hp_loss":0.0,"gold_gain":0.0,"event_name":"Dead Adventurer","player_choice":"Searched \u00271\u0027 times","floor":14.0,"gold_loss":0.0,"damage_taken":0.0},{"damage_healed":0.0,"max_hp_gain":0.0,"max_hp_loss":0.0,"gold_gain":0.0,"event_name":"Addict","player_choice":"Obtained Relic","floor":19.0,"gold_loss":85.0,"damage_taken":0.0,"relics_obtained":["White Beast Statue"]},{"damage_healed":0.0,"max_hp_gain":0.0,"max_hp_loss":0.0,"gold_gain":0.0,"event_name":"Cursed Tome","player_choice":"Obtained Book","floor":21.0,"gold_loss":0.0,"damage_taken":16.0},{"damage_healed":0.0,"max_hp_gain":0.0,"max_hp_loss":0.0,"gold_gain":0.0,"event_name":"SensoryStone","player_choice":"Memory 3","floor":36.0,"gold_loss":0.0,"damage_taken":10.0},{"cards_removed":["Dramatic Entrance"],"damage_healed":0.0,"max_hp_gain":0.0,"max_hp_loss":0.0,"gold_gain":0.0,"event_name":"Falling","player_choice":"Removed Attack","floor":42.0,"gold_loss":0.0,"damage_taken":0.0},{"damage_healed":0.0,"max_hp_gain":0.0,"max_hp_loss":0.0,"gold_gain":0.0,"event_name":"MindBloom","player_choice":"Fight","floor":47.0,"gold_loss":0.0,"damage_taken":0.0},{"damage_healed":22.0,"max_hp_gain":0.0,"max_hp_loss":0.0,"gold_gain":0.0,"event_name":"Winding Halls","player_choice":"Writhe","floor":48.0,"gold_loss":0.0,"damage_taken":0.0,"cards_obtained":["Writhe"]}],"is_beta":false,"boss_relics":[{"not_picked":["SacredBark","Cursed Key"],"picked":"Empty Cage"},{"not_picked":["Runic Dome","Velvet Choker"],"picked":"Fusion Hammer"}],"items_purged_floors":[5,24,31],"is_endless":false,"potions_floor_spawned":[1,2,11,16,20,23,25,27,28,29,33,35,37,38,39,40,44,47,54],"killed_by":"The Heart","ascension_level":6}}