{"host":"amvb77pwe2wp6zyc","time":1612526317,"event":{"mods":["2.2 Compatiblity","AchievementEnabler","AlwaysNeverKeys","BaseMod","BetterRewards","Downfall","Duelist Mod","GifTheSpireLib","Minty Spire (QoL Compilation)","Permanent Neow","Quick Restart","Relic Filter","Shop Mod","StSLib","SuperFastMode","Trackpad"],"gold_per_floor":[137,137,153,165,22,22,51,51,51,51,51],"floor_reached":10,"language":"DEU","playtime":299,"items_purged":["theDuelist:NaturiaBeast","theDuelist:Sparks"],"score":119,"play_id":"c18d78b0-3e19-4800-a63d-d983f1fc2c9d","local_time":"20210205125837","is_ascension_mode":true,"campfire_choices":[{"floor":6,"key":"DIG"},{"floor":8,"key":"DIG"}],"circlet_count":0,"master_deck":["AscendersBane","theDuelist:CastleWalls","theDuelist:CastleWalls","theDuelist:CastleWalls","theDuelist:NaturiaCliff","theDuelist:NaturiaRock","theDuelist:NaturiaTulip","theDuelist:StormSparks","theDuelist:SeedSacredTree"],"relics":["theDuelist:MillenniumPuzzle","theDuelist:CardPoolRelic","theDuelist:CardPoolBasicRelic","theDuelist:BoosterPackPoolRelic","theDuelist:CardPoolAddRelic","theDuelist:CardPoolMinusRelic","theDuelist:CardPoolSaveRelic","theDuelist:CardPoolOptionsRelic","Shovel","Unceasing Top","Medical Kit","MerchantsRug","trackpad:FieryHotPepper","Calipers","Peace Pipe","Dream Catcher"],"acts_visited":["Exordium"],"potions_floor_usage":[],"damage_taken":[{"damage":0,"enemies":"Jaw Worm","floor":1,"turns":4},{"damage":0,"enemies":"Cultist","floor":3,"turns":4},{"damage":5,"enemies":"Small Slimes","floor":4,"turns":3},{"damage":21,"enemies":"Lagavulin","floor":7,"turns":5},{"damage":5,"enemies":"3 Sentries","floor":10,"turns":1}],"seed_played":"3228367034243712065","potions_obtained":[{"floor":1,"key":"theDuelist:VampireVial"}],"is_trial":false,"path_per_floor":["M","?","M","M","$","R","E","R","T","E"],"character_chosen":"THE_DUELIST","items_purchased":["Shovel","Unceasing Top","Medical Kit","MerchantsRug"],"campfire_rested":0,"item_purchase_floors":[0,0,0,5],"current_hp_per_floor":[31,31,31,26,26,26,5,5,5,0,0],"gold":51,"neow_bonus":"","is_daily":false,"chose_seed":false,"campfire_upgraded":0,"win_rate":0.0,"timestamp":1612526317,"path_taken":["M","?","M","M","$","R","E","R","T","E"],"items_purchased_type":["Relic","Relic","Relic","Relic"],"build_version":"2020-12-22","purchased_purges":2,"victory":false,"max_hp_per_floor":[70,70,70,70,70,70,70,70,70,70,70],"card_choices":[{"not_picked":["theDuelist:NaturiaHydrangea","theDuelist:NaturiaEggplant","theDuelist:NaturiaRosewhip","theDuelist:NaturiaMantis","theDuelist:NaturiaBambooShoot"],"picked":"SKIP","floor":1},{"not_picked":["theDuelist:StormSparks"],"picked":"SKIP","floor":3},{"not_picked":["theDuelist:NaturiaDragonfly","theDuelist:NaturiaCliff","theDuelist:NaturiaRagweed","theDuelist:NaturiaAntjaw","theDuelist:NaturiaBrambi"],"picked":"SKIP","floor":4},{"not_picked":["theDuelist:NaturiaEggplant","theDuelist:NaturiaRagweed","theDuelist:NaturiaCliff","theDuelist:FossilDig","theDuelist:NaturiaHydrangea"],"picked":"SKIP","floor":7}],"player_experience":404896,"relics_obtained":[{"floor":6,"key":"trackpad:FieryHotPepper"},{"floor":7,"key":"Calipers"},{"floor":8,"key":"Peace Pipe"},{"floor":9,"key":"Dream Catcher"}],"event_choices":[{"damage_healed":0,"gold_gain":0,"cards_transformed":["theDuelist:Sparks"],"player_choice":"Transformed","damage_taken":0,"max_hp_gain":0,"max_hp_loss":0,"event_name":"Transmorgrifier","floor":2,"gold_loss":0,"cards_obtained":["theDuelist:SeedSacredTree"]}],"is_beta":false,"boss_relics":[],"items_purged_floors":[0,0],"is_endless":false,"potions_floor_spawned":[1],"killed_by":"3 Sentries","ascension_level":16}}