{"host":"lku4gktzilv18rfq","time":1612557606,"event":{"mods":["BaseMod","Minty Spire (QoL Compilation)","Permanent Neow","StSLib","thorton"],"gold_per_floor":[120,138,138,162,162,162,202,225,225,246,246,8,8,74,74,239,239,298,298,223,247,307,307,361,361,430,460,460,460],"floor_reached":27,"language":"ENG","playtime":1422,"items_purged":["Normality"],"score":224,"play_id":"fad42813-09db-4457-9bd8-af7f6078c2b4","local_time":"20210205124006","is_ascension_mode":true,"campfire_choices":[{"data":"thethorton:Heckle","floor":6.0,"key":"SMITH"},{"floor":11.0,"key":"REST"},{"data":"thethorton:Portfolio","floor":13.0,"key":"SMITH"},{"floor":15.0,"key":"REST"},{"data":"thethorton:Strike","floor":23,"key":"PURGE"},{"data":"thethorton:Strike","floor":25,"key":"PURGE"}],"circlet_count":0,"master_deck":["thethorton:Defend","thethorton:Defend","thethorton:Defend","thethorton:Defend","thethorton:Heckle+1","thethorton:CreditCard","The Bomb","thethorton:LongTermPayoff","thethorton:SheetShred","thethorton:ChartProject","thethorton:BusinessBurst","thethorton:OddChange","thethorton:Portfolio+1","thethorton:PocketChange","thethorton:CardboardBox","thethorton:GoldBuffer","thethorton:GoldBuffer","thethorton:CoinShield+1"],"relics":["thethorton:CouragePotion","Golden Idol","Bronze Scales","The Courier","Bag of Preparation","Odd Mushroom","Runic Dome","Peace Pipe","Boot","Turnip"],"acts_visited":["Exordium","TheCity"],"potions_floor_usage":[],"damage_taken":[{"damage":4.0,"enemies":"Cultist","floor":1.0,"turns":3.0},{"damage":0.0,"enemies":"Small Slimes","floor":2.0,"turns":3.0},{"damage":0.0,"enemies":"2 Louse","floor":4.0,"turns":4.0},{"damage":14.0,"enemies":"3 Sentries","floor":7.0,"turns":4.0},{"damage":4.0,"enemies":"2 Fungi Beasts","floor":8.0,"turns":5.0},{"damage":20.0,"enemies":"3 Louse","floor":10.0,"turns":4.0},{"damage":20.0,"enemies":"The Mushroom Lair","floor":14.0,"turns":6.0},{"damage":18.0,"enemies":"Hexaghost","floor":16.0,"turns":9.0},{"damage":3.0,"enemies":"Shell Parasite","floor":18.0,"turns":8.0},{"damage":21,"enemies":"2 Thieves","floor":21,"turns":5},{"damage":7,"enemies":"3 Cultists","floor":22,"turns":4},{"damage":30,"enemies":"Shelled Parasite and Fungi","floor":24,"turns":5},{"damage":5,"enemies":"Snake Plant","floor":27,"turns":2}],"seed_played":"5028152975763184130","potions_obtained":[{"floor":1.0,"key":"Ancient Potion"},{"floor":8.0,"key":"EntropicBrew"},{"floor":10.0,"key":"SpeedPotion"},{"floor":14.0,"key":"ColorlessPotion"},{"floor":21,"key":"GamblersBrew"},{"floor":24,"key":"AttackPotion"}],"is_trial":false,"path_per_floor":["M","M","?","M","?","R","E","M","T","M","R","$","R","?","R","B",null,"M","?","?","M","M","R","M","R","T","M"],"character_chosen":"THE_THORT","items_purchased":["thethorton:Portfolio","Bag of Preparation"],"campfire_rested":2,"item_purchase_floors":[12,12],"current_hp_per_floor":[46,46,46,46,46,46,32,28,28,8,26,26,26,6,24,6,63,60,60,60,39,32,32,2,2,2,0,0,0],"gold":460,"neow_bonus":"RANDOM_COLORLESS_2","is_daily":false,"chose_seed":false,"campfire_upgraded":2,"win_rate":0.0,"timestamp":1612557606,"path_taken":["M","?","?","M","?","R","E","M","T","M","R","$","R","?","R","BOSS","M","?","?","M","M","R","M","R","T","M"],"items_purchased_type":["Card","Relic"],"build_version":"2020-12-22","purchased_purges":1,"victory":false,"max_hp_per_floor":[68,68,63,63,63,63,63,63,63,63,63,63,63,63,63,63,63,63,63,63,63,63,63,63,63,63,63,63,63],"card_choices":[{"not_picked":["Metamorphosis","Transmutation"],"picked":"The Bomb","floor":0.0},{"not_picked":["thethorton:DualBap","thethorton:RunningKick"],"picked":"thethorton:LongTermPayoff","floor":1.0},{"not_picked":["thethorton:PocketChange","thethorton:LongDaysWork"],"picked":"thethorton:SheetShred","floor":2.0},{"not_picked":["thethorton:GoldBuffer","thethorton:FocusStrength"],"picked":"thethorton:ChartProject","floor":4.0},{"not_picked":["thethorton:FeelNoBrain","thethorton:CashBash","thethorton:ShoutAndRun"],"picked":"SKIP","floor":7.0},{"not_picked":["thethorton:TakeAccounts","thethorton:SheetShred"],"picked":"thethorton:BusinessBurst","floor":8.0},{"not_picked":["thethorton:HitAhead","thethorton:LongDaysWork"],"picked":"thethorton:OddChange","floor":10.0},{"not_picked":["thethorton:ShoutAndRun","thethorton:DockPay"],"picked":"thethorton:PocketChange","floor":14.0},{"not_picked":["thethorton:Jackpot","thethorton:PennyToss"],"picked":"thethorton:CardboardBox","floor":16.0},{"not_picked":["thethorton:LongTermPayoff","thethorton:TakeAccounts"],"picked":"thethorton:GoldBuffer","floor":18.0},{"not_picked":["thethorton:SicklyRun+1","thethorton:BusinessCard"],"picked":"thethorton:GoldBuffer","floor":21},{"not_picked":["thethorton:CoffeeBlast","thethorton:AngerMoment","thethorton:StumblingSlap"],"picked":"SKIP","floor":22},{"not_picked":["thethorton:BusinessBash+1","thethorton:FeelNoBrain"],"picked":"thethorton:CoinShield+1","floor":24}],"player_experience":914270,"relics_obtained":[{"floor":7.0,"key":"Bronze Scales"},{"floor":9.0,"key":"The Courier"},{"floor":14.0,"key":"Odd Mushroom"}],"event_choices":[{"damage_healed":0.0,"max_hp_gain":0.0,"max_hp_loss":5.0,"gold_gain":0.0,"event_name":"Golden Idol","player_choice":"Lose Max HP","floor":3.0,"gold_loss":0.0,"damage_taken":0.0,"relics_obtained":["Golden Idol"]},{"cards_removed":["thethorton:Strike"],"damage_healed":0.0,"max_hp_gain":0.0,"max_hp_loss":0.0,"gold_gain":0.0,"event_name":"Living Wall","player_choice":"Forget","floor":5.0,"gold_loss":0.0,"damage_taken":0.0},{"damage_healed":0.0,"max_hp_gain":0.0,"max_hp_loss":0.0,"gold_gain":0.0,"event_name":"Mushrooms","player_choice":"Fought Mushrooms","floor":14.0,"gold_loss":0.0,"damage_taken":0.0},{"damage_healed":0,"gold_gain":0,"player_choice":"Ignored","damage_taken":0,"max_hp_gain":0,"max_hp_loss":0,"event_name":"Cursed Tome","floor":19,"gold_loss":0},{"cards_removed":["thethorton:Strike"],"damage_healed":0,"gold_gain":0,"player_choice":"Gave Gold","damage_taken":0,"max_hp_gain":0,"max_hp_loss":0,"event_name":"Beggar","floor":20,"gold_loss":75}],"is_beta":false,"boss_relics":[{"not_picked":["Ectoplasm","Cursed Key"],"picked":"Runic Dome"}],"items_purged_floors":[12],"is_endless":false,"potions_floor_spawned":[1,8,10,14,21,24],"killed_by":"Snake Plant","ascension_level":1}}