{"host":"cc6r8m2qe4jvlwua","time":1612491275,"event":{"mods":["BaseMod","Hermit","Hubris","Marisa????????","Minty Spire (QoL Compilation)","Replay The Spire","Spicy Shops","StSLib","The Cursed","The Marked"],"gold_per_floor":[17,35,49,49,67,100,100,100,127,127,152,162,218,246,246,346,346,361,374,147,159,175,200,200,7,7,7,42,42,42],"floor_reached":29,"language":"ENG","playtime":1391,"items_purged":["Strike_MRS"],"score":373,"play_id":"fa47da96-5bd3-472c-a98c-c7501842e8de","local_time":"20210204201435","is_ascension_mode":true,"campfire_choices":[{"data":"GasGiant","floor":7,"key":"SMITH"},{"floor":15,"key":"REST"},{"data":"Thinking Ahead","floor":24,"key":"SMITH"}],"circlet_count":0,"master_deck":["Strike_MRS","Strike_MRS","Strike_MRS","Defend_MRS","Defend_MRS","Defend_MRS","Defend_MRS","MasterSpark","UpSweep","Thinking Ahead+1","GasGiant+1","WitchLeyline","StarlightTyphoon","GalacticHalo","SprinkleStarSeal","BlazingStar","MachineGunSpark+1","ManaConvection","Terror","BinaryStars"],"relics":["MiniHakkero","Orichalcum","hubris:DisguiseKit","Bag of Preparation","Regal Pillow","Bag of Marbles","Vajra","SacredBark","TheAbacus","hubris:Potato","Gremlin Horn","FossilizedHelix"],"acts_visited":["Exordium","TheCity"],"potions_floor_usage":[6,13,13,18,23,23,23,28],"damage_taken":[{"damage":10,"enemies":"Small Slimes","floor":1,"turns":3},{"damage":2,"enemies":"Jaw Worm","floor":2,"turns":3},{"damage":1,"enemies":"Cultist","floor":3,"turns":3},{"damage":4,"enemies":"Large Slime","floor":5,"turns":4},{"damage":21,"enemies":"3 Sentries","floor":6,"turns":7},{"damage":0,"enemies":"Exordium Wildlife","floor":12,"turns":3},{"damage":19,"enemies":"Lagavulin Event","floor":13,"turns":4},{"damage":0,"enemies":"Gremlin Nob","floor":14,"turns":2},{"damage":33,"enemies":"Fading Forest","floor":16,"turns":11},{"damage":7,"enemies":"3 Byrds","floor":18,"turns":5},{"damage":0,"enemies":"Chosen","floor":19,"turns":2},{"damage":0,"enemies":"Snecko","floor":21,"turns":3},{"damage":25,"enemies":"Shelled Parasite and Fungi","floor":22,"turns":6},{"damage":7,"enemies":"Slavers","floor":23,"turns":4},{"damage":19,"enemies":"Gremlin Leader","floor":28,"turns":5}],"seed_played":"6857174872913313398","potions_obtained":[{"floor":1,"key":"SneckoOil"},{"floor":6,"key":"BlessingOfTheForge"},{"floor":12,"key":"SneckoOil"},{"floor":13,"key":"Weak Potion"},{"floor":14,"key":"ColorlessPotion"},{"floor":18,"key":"Fire Potion"},{"floor":19,"key":"EntropicBrew"}],"is_trial":false,"path_per_floor":["M","M","M","$","M","E","R","?","T","?","T","M","?","E","R","B",null,"M","M","$","M","M","E","R","$","T","?","E","?"],"character_chosen":"MARISA","items_purchased":["TheAbacus","BinaryStars","BottledSpark"],"campfire_rested":1,"item_purchase_floors":[20,25,25],"current_hp_per_floor":[65,63,62,62,58,37,37,25,25,50,50,50,31,31,68,43,67,60,60,60,60,35,28,28,28,28,28,9,0,0],"gold":42,"neow_bonus":"RANDOM_COLORLESS_2","is_daily":false,"chose_seed":false,"campfire_upgraded":2,"win_rate":0.0,"timestamp":1612491275,"path_taken":["M","M","M","$","M","E","R","?","T","?","?","?","?","E","R","BOSS","M","M","$","M","M","E","R","$","T","?","E","?"],"items_purchased_type":["Relic","Card","Potion"],"build_version":"2020-12-22","purchased_purges":1,"victory":false,"max_hp_per_floor":[75,75,75,75,75,75,75,75,75,75,75,75,75,75,75,75,75,75,75,75,75,75,75,75,75,75,75,75,80,80],"card_choices":[{"not_picked":["Transmutation","Magnetism"],"picked":"Thinking Ahead","floor":0},{"not_picked":["EventHorizon","RefractionSpark","BlazeAway"],"picked":"SKIP","floor":1},{"not_picked":["AlicesGift","MysteriousBeam"],"picked":"GasGiant","floor":2},{"not_picked":["IllusionStar","StarBarrage","ChargeUpSpray"],"picked":"SKIP","floor":3},{"not_picked":["UnstableBomb","WitchOfGreed"],"picked":"WitchLeyline","floor":5},{"not_picked":["MeteoricShower","EnergyRecoil"],"picked":"StarlightTyphoon","floor":6},{"not_picked":["StarlightTyphoon","GravityBeat","SporeBomb","ReplayTheSpireMod:Shiv Toss"],"picked":"SKIP","floor":12},{"not_picked":["Robbery","PowerUp","Quick Slash"],"picked":"GalacticHalo","floor":13},{"not_picked":["MagicAbsorber","Occultation","Underhanded Strike"],"picked":"SprinkleStarSeal","floor":14},{"not_picked":["CasketOfStar","MillisecondPulsars","Wraith Form v2"],"picked":"BlazingStar","floor":16},{"not_picked":["Acceleration","BlazeAway","LuminesStrike","hubris:SlightOfHand"],"picked":"SKIP","floor":18},{"not_picked":["PowerUp","StarlightTyphoon","UnstableBomb","Reflex"],"picked":"SKIP","floor":19},{"not_picked":["GravityBeat","MysteriousBeam","Cloak And Dagger"],"picked":"MachineGunSpark+1","floor":21},{"not_picked":["UnstableBomb","AsteroidBelt","Deflect"],"picked":"ManaConvection","floor":22},{"not_picked":["Robbery","LuminesStrike","StarlightTyphoon+1"],"picked":"Terror","floor":23},{"not_picked":["LuminesStrike+1","ChargingUp","DarkMatter","ReplayTheSpireMod:Speed Training"],"picked":"SKIP","floor":28}],"player_experience":237989,"relics_obtained":[{"floor":6,"key":"Orichalcum"},{"floor":9,"key":"Bag of Preparation"},{"floor":11,"key":"Regal Pillow"},{"floor":13,"key":"Bag of Marbles"},{"floor":14,"key":"Vajra"},{"floor":23,"key":"hubris:Potato"},{"floor":26,"key":"Gremlin Horn"},{"floor":28,"key":"FossilizedHelix"}],"event_choices":[{"damage_healed":0,"gold_gain":0,"player_choice":"Success","damage_taken":12,"relics_obtained":["hubris:DisguiseKit"],"max_hp_gain":0,"max_hp_loss":0,"event_name":"Scrap Ooze","floor":8,"gold_loss":0},{"damage_healed":25,"gold_gain":0,"player_choice":"Banana","damage_taken":0,"max_hp_gain":0,"max_hp_loss":0,"event_name":"Big Fish","floor":10,"gold_loss":0},{"damage_healed":0,"gold_gain":0,"player_choice":"Searched \u00271\u0027 times","damage_taken":0,"max_hp_gain":0,"max_hp_loss":0,"event_name":"Dead Adventurer","floor":13,"gold_loss":0},{"damage_healed":0,"gold_gain":0,"player_choice":"Ignored","damage_taken":0,"max_hp_gain":0,"max_hp_loss":0,"event_name":"Vampires","floor":27,"gold_loss":0}],"is_beta":false,"boss_relics":[{"not_picked":["hubris:CrackedHourglass","Honey Jar"],"picked":"SacredBark"}],"items_purged_floors":[20],"is_endless":false,"potions_floor_spawned":[1,6,12,13,14,18,19,22],"ascension_level":5}}