{"host":"f0gpob8hq9vgebej","time":1612531938,"event":{"mods":["AchievementEnabler","BaseMod","Minty Spire (QoL Compilation)","Quick Restart","SuperFastMode"],"gold_per_floor":[114,39,39,39,54,87,87,113,113,127,155,155,173,187,187,262,262,275,31,31,40,40,40],"floor_reached":22,"language":"KOR","playtime":467,"items_purged":["Strike_R"],"score":424,"play_id":"ca27544c-8b33-4a2b-98f5-f3cec6b16d8b","local_time":"20210205223218","is_ascension_mode":true,"campfire_choices":[{"data":"Flex","floor":7,"key":"SMITH"},{"floor":15,"key":"REST"}],"circlet_count":0,"master_deck":["AscendersBane","Strike_R","Strike_R","Defend_R+1","Defend_R","Defend_R","Defend_R","Bash+1","Perfected Strike","Flex+1","Bludgeon","True Grit","Blood for Blood","Spot Weakness","Immolate","CurseOfTheBell"],"relics":["Burning Blood","NeowsBlessing","Self Forming Clay","Vajra","Bird Faced Urn","Girya","Calling Bell","Ancient Tea Set","Matryoshka","Calipers","Happy Flower"],"acts_visited":["Exordium","TheCity"],"potions_floor_usage":[16,18],"damage_taken":[{"damage":0,"enemies":"Jaw Worm","floor":1,"turns":1},{"damage":0,"enemies":"2 Louse","floor":5,"turns":1},{"damage":0,"enemies":"3 Sentries","floor":6,"turns":2},{"damage":32,"enemies":"Lagavulin","floor":8,"turns":5},{"damage":7,"enemies":"Small Slimes","floor":10,"turns":3},{"damage":17,"enemies":"Gremlin Nob","floor":11,"turns":4},{"damage":11,"enemies":"Exordium Thugs","floor":13,"turns":4},{"damage":8,"enemies":"Blue Slaver","floor":14,"turns":7},{"damage":28,"enemies":"The Guardian","floor":16,"turns":15},{"damage":10,"enemies":"Chosen","floor":18,"turns":5},{"damage":23,"enemies":"2 Thieves","floor":21,"turns":4},{"damage":22,"enemies":"Snake Plant","floor":22,"turns":3}],"seed_played":"-4733587736194848180","potions_obtained":[{"floor":5,"key":"SneckoOil"},{"floor":6,"key":"EssenceOfSteel"},{"floor":11,"key":"BlessingOfTheForge"},{"floor":16,"key":"Block Potion"},{"floor":18,"key":"Ancient Potion"}],"is_trial":false,"path_per_floor":["M","?","?","$","M","E","R","E","T","M","E","?","M","M","R","B",null,"M","$","?","M","M"],"character_chosen":"IRONCLAD","items_purchased":["Happy Flower"],"campfire_rested":1,"item_purchase_floors":[19],"current_hp_per_floor":[74,74,51,51,57,63,63,37,37,36,25,18,13,11,33,11,59,55,55,44,27,5,5],"gold":40,"neow_bonus":"THREE_ENEMY_KILL","is_daily":false,"chose_seed":false,"campfire_upgraded":1,"win_rate":0.0,"timestamp":1612531938,"path_taken":["M","?","?","$","M","E","R","E","T","M","E","?","M","M","R","BOSS","M","$","?","M","M"],"items_purchased_type":["Relic"],"build_version":"2020-12-22","purchased_purges":1,"victory":false,"max_hp_per_floor":[75,75,75,75,75,75,75,75,75,75,75,75,75,75,75,75,75,75,75,75,75,75,75],"card_choices":[{"not_picked":["Iron Wave","Burning Pact","Headbutt"],"picked":"SKIP","floor":1},{"not_picked":["Feel No Pain","Iron Wave"],"picked":"Perfected Strike","floor":5},{"not_picked":["Clothesline","Heavy Blade"],"picked":"Flex","floor":6},{"not_picked":["Twin Strike","Shrug It Off"],"picked":"Bludgeon","floor":8},{"not_picked":["Dropkick","Anger"],"picked":"True Grit","floor":10},{"not_picked":["Searing Blow","Headbutt"],"picked":"Blood for Blood","floor":11},{"not_picked":["Headbutt","Combust","Flex"],"picked":"SKIP","floor":13},{"not_picked":["Thunderclap","Rampage"],"picked":"Spot Weakness","floor":14},{"not_picked":["Berserk","Juggernaut"],"picked":"Immolate","floor":16},{"not_picked":["Perfected Strike+1","Wild Strike","Combust"],"picked":"SKIP","floor":18},{"not_picked":["Metallicize","Pommel Strike","Heavy Blade"],"picked":"SKIP","floor":21}],"player_experience":378494,"relics_obtained":[{"floor":6,"key":"Self Forming Clay"},{"floor":8,"key":"Vajra"},{"floor":9,"key":"Bird Faced Urn"},{"floor":11,"key":"Girya"},{"floor":17,"key":"Ancient Tea Set"},{"floor":17,"key":"Matryoshka"},{"floor":17,"key":"Calipers"}],"event_choices":[{"cards_removed":["Strike_R"],"damage_healed":0,"gold_gain":0,"player_choice":"Card Removal","damage_taken":0,"max_hp_gain":0,"max_hp_loss":0,"event_name":"The Cleric","floor":2,"gold_loss":75},{"damage_healed":0,"gold_gain":0,"player_choice":"Entered Light","damage_taken":23,"max_hp_gain":0,"max_hp_loss":0,"event_name":"Shining Light","floor":3,"gold_loss":0,"cards_upgraded":["Bash","Defend_R"]},{"cards_removed":["Strike_R"],"damage_healed":0,"gold_gain":0,"player_choice":"Card Removal","damage_taken":7,"max_hp_gain":0,"max_hp_loss":0,"event_name":"Golden Wing","floor":12,"gold_loss":0},{"damage_healed":0,"gold_gain":0,"player_choice":"Damaged","damage_taken":11,"max_hp_gain":0,"max_hp_loss":0,"event_name":"Wheel of Change","floor":20,"gold_loss":0}],"is_beta":false,"boss_relics":[{"not_picked":["Tiny House","Busted Crown"],"picked":"Calling Bell"}],"items_purged_floors":[19],"is_endless":false,"potions_floor_spawned":[5,6,11,16,18,21],"killed_by":"Snake Plant","ascension_level":17}}