{"host":"8u7tvcybuv0u72fd","time":1612498419,"event":{"mods":["BaseMod","BetterRewards","Colored Map","Colored Powertips","Minty Spire (QoL Compilation)","Quick Restart","Shop Mod"],"gold_per_floor":[111,286,286,304,324,324,399,399,399,428,438,458,458,458,458,458,458],"floor_reached":16,"language":"ENG","playtime":557,"items_purged":["Strike_R"],"score":150,"play_id":"fc39d1c8-6ab5-4968-9492-62b5bdb3cd04","local_time":"20210204231339","is_ascension_mode":false,"campfire_choices":[{"data":"Bash","floor":6.0,"key":"SMITH"},{"data":"Sword Boomerang","floor":8.0,"key":"SMITH"},{"data":"Rage","floor":15.0,"key":"SMITH"}],"circlet_count":0,"master_deck":["Strike_R","Strike_R","Strike_R","Strike_R","Defend_R","Defend_R","Defend_R","Defend_R","Bash+1","Sword Boomerang+1","Headbutt","Doubt","Shrug It Off","Rage+1"],"relics":["Burning Blood","Lee\u0027s Waffle","Champion Belt","Eternal Feather","Frozen Egg 2","Juzu Bracelet","Golden Idol","MealTicket"],"acts_visited":["Exordium"],"potions_floor_usage":[16,16],"damage_taken":[{"damage":2.0,"enemies":"2 Louse","floor":1.0,"turns":3.0},{"damage":3.0,"enemies":"Small Slimes","floor":4.0,"turns":3.0},{"damage":6.0,"enemies":"Cultist","floor":5.0,"turns":3.0},{"damage":26.0,"enemies":"3 Sentries","floor":10.0,"turns":5.0},{"damage":19.0,"enemies":"Large Slime","floor":11.0,"turns":6.0},{"damage":7.0,"enemies":"Looter","floor":12.0,"turns":2.0},{"damage":47,"enemies":"Slime Boss","floor":16,"turns":11}],"seed_played":"1941334736119715834","potions_obtained":[{"floor":3.0,"key":"Swift Potion"},{"floor":3.0,"key":"EssenceOfSteel"},{"floor":4.0,"key":"Explosive Potion"},{"floor":12.0,"key":"Dexterity Potion"}],"is_trial":false,"path_per_floor":["M","?","?","M","M","R","?","R","T","E","M","M","?","?","R","B"],"character_chosen":"IRONCLAD","items_purchased":["Lee\u0027s Waffle","Champion Belt","Eternal Feather","Sword Boomerang","Strength Potion"],"campfire_rested":0,"item_purchase_floors":[0,0,0,0,0],"current_hp_per_floor":[87,87,87,87,87,87,76,82,82,62,49,48,48,36,42,0,0],"gold":458,"neow_bonus":"","is_daily":false,"chose_seed":false,"campfire_upgraded":3,"win_rate":0.0,"timestamp":1612498419,"path_taken":["M","?","?","M","?","R","?","R","T","E","M","M","?","?","R","BOSS"],"items_purchased_type":["Relic","Relic","Relic","Card","Potion"],"build_version":"2020-12-22","purchased_purges":1,"victory":false,"max_hp_per_floor":[87,87,87,87,87,87,87,87,87,87,87,87,81,81,81,81,81],"card_choices":[{"not_picked":["Iron Wave","Rupture"],"picked":"Headbutt","floor":1.0},{"not_picked":["Heavy Blade","True Grit","Infernal Blade"],"picked":"SKIP","floor":4.0},{"not_picked":["Pummel","Sever Soul","Infernal Blade"],"picked":"SKIP","floor":5.0},{"not_picked":["Pommel Strike","Entrench","Demon Form+1"],"picked":"SKIP","floor":10.0},{"not_picked":["Reckless Charge","Iron Wave"],"picked":"Shrug It Off","floor":11.0},{"not_picked":["Burning Pact","True Grit"],"picked":"Rage","floor":12.0}],"player_experience":1499588,"relics_obtained":[{"floor":9.0,"key":"Frozen Egg 2"},{"floor":10.0,"key":"Juzu Bracelet"}],"event_choices":[{"damage_healed":0.0,"max_hp_gain":0.0,"max_hp_loss":0.0,"gold_gain":175.0,"event_name":"Liars Game","player_choice":"AGREE","floor":2.0,"gold_loss":0.0,"damage_taken":0.0,"cards_obtained":["Doubt"]},{"damage_healed":0.0,"max_hp_gain":0.0,"max_hp_loss":0.0,"gold_gain":0.0,"event_name":"Lab","player_choice":"Got Potions","floor":3.0,"gold_loss":0.0,"damage_taken":0.0},{"damage_healed":0.0,"max_hp_gain":0.0,"max_hp_loss":0.0,"gold_gain":75.0,"event_name":"World of Goop","player_choice":"Gather Gold","floor":7.0,"gold_loss":0.0,"damage_taken":11.0},{"damage_healed":0.0,"max_hp_gain":0.0,"max_hp_loss":6.0,"gold_gain":0.0,"event_name":"Golden Idol","player_choice":"Lose Max HP","floor":13.0,"gold_loss":0.0,"damage_taken":0.0,"relics_obtained":["Golden Idol"]},{"damage_healed":0.0,"max_hp_gain":0.0,"max_hp_loss":0.0,"gold_gain":0.0,"event_name":"Scrap Ooze","player_choice":"Success","floor":14.0,"gold_loss":0.0,"damage_taken":12.0,"relics_obtained":["MealTicket"]}],"is_beta":false,"boss_relics":[],"items_purged_floors":[0],"is_endless":false,"potions_floor_spawned":[4,12],"killed_by":"Slime Boss","ascension_level":0}}