{"host":"za9ilm1uiwmpmin1","time":1612544392,"event":{"mods":["AchievementEnabler","Act Like it!","BaseMod","Dota2Spire","Downfall","Friendly Minions","KomeijiMod","Lobotomy","LobotomyExtend","Minty Spire (QoL Compilation)","MostiFishMod","Reorder Act Four","RumiaBox-露米娅的神秘盒子","StSLib","TestMod","Waifu the Spire","[IsaacMod]以撒尖塔","【功能Mod】混沌之环修复补丁"],"gold_per_floor":[116,41,110,123,123,166,166,210,210,210,253,274,294,53,53,212,212,212,236,236,256,297,353,353,353,377,377,419,455,498,541,541,686,686,737,737,750,117,171,239,239,312,338,408,408,472,488,532,532,562,562,562,32,32,93,123],"floor_reached":57,"language":"ZHS","playtime":2379,"items_purged":["sneckomod:Strike","sneckomod:Strike","sneckomod:Defend","Writhe","sneckomod:Unknown+1"],"score":2302,"play_id":"8f30e702-4788-455d-9c33-2d4d8e6ece72","local_time":"20210206005952","is_ascension_mode":true,"campfire_choices":[{"floor":10.0,"key":"RECALL"},{"data":"sneckomod:GlitteringGambit","floor":15.0,"key":"SMITH"},{"data":"sneckomod:TrashToTreasure","floor":24.0,"key":"SMITH"},{"data":"sneckomod:Transmogrify","floor":27.0,"key":"SMITH"},{"data":"sneckomod:TailWhip","floor":32.0,"key":"SMITH"},{"data":"sneckomod:Defend","floor":41.0,"key":"SMITH"},{"data":"sneckomod:Strike","floor":49.0,"key":"SMITH"},{"data":"sneckomod:SnekBite","floor":54,"key":"SMITH"}],"circlet_count":0,"master_deck":["sneckomod:Strike+1","sneckomod:Defend+1","sneckomod:Defend+1","sneckomod:TailWhip+1","sneckomod:SnekBite+1","sneckomod:Unknown+1","sneckomod:GlitteringGambit+1","sneckomod:Transmogrify+1","sneckomod:TrashToTreasure+1","sneckomod:Cheat+1","sneckomod:QuickMove+1","sneckomod:UnknownUncommonPower+1"],"relics":["DaveBox","HushsDoor","testmod-TestBox","BookofShadows","ChiXiaoBlade","Dota2Spire:RefresherOrb","SynthV:TestCard","LetterFromLob","Golden Idol","BelialBook","testmod-ArcanaOfDestiny","Busted Crown","DeadEye","Dota2Spire:Vanguard","SynthV:C4","Dota2Spire:PhaseBoots","Black Star","MagicDraw2","GodSword5","Dota2Spire:ShadowBlade","Blood Vial","PreservedInsect","War Paint","testmod-Justice","Nunchaku","Bag of Preparation","testmod-BouquetWithThorns","sneckomod:CleanMud","ZombieArmy","testmod-Nyarlathotep","Singing Bowl","SSSystem","Ornamental Fan","Lee\u0027s Waffle","HornCleat","White Beast Statue","Strawberry"],"acts_visited":["Exordium","TheCity","TheBeyond","TheEnding"],"potions_floor_usage":[56,56],"damage_taken":[{"damage":7.0,"enemies":"Jaw Worm","floor":1.0,"turns":3.0},{"damage":0.0,"enemies":"Cultist","floor":4.0,"turns":3.0},{"damage":0.0,"enemies":"Lagavulin","floor":6.0,"turns":9.0},{"damage":0.0,"enemies":"3 Sentries","floor":8.0,"turns":2.0},{"damage":5.0,"enemies":"Lagavulin","floor":11.0,"turns":4.0},{"damage":0.0,"enemies":"2 Louse","floor":12.0,"turns":2.0},{"damage":5.0,"enemies":"Large Slime","floor":13.0,"turns":6.0},{"damage":0.0,"enemies":"The Guardian","floor":16.0,"turns":6.0},{"damage":2.0,"enemies":"Shell Parasite","floor":19.0,"turns":3.0},{"damage":14.0,"enemies":"Spheric Guardian","floor":21.0,"turns":4.0},{"damage":8.0,"enemies":"3 Cultists","floor":22.0,"turns":5.0},{"damage":0.0,"enemies":"Book of Stabbing","floor":23.0,"turns":4.0},{"damage":5.0,"enemies":"Snecko","floor":28.0,"turns":4.0},{"damage":12.0,"enemies":"Snake Plant","floor":29.0,"turns":3.0},{"damage":0.0,"enemies":"Cultist and Chosen","floor":30.0,"turns":3.0},{"damage":2.0,"enemies":"Slavers","floor":31.0,"turns":4.0},{"damage":0.0,"enemies":"Champ","floor":33.0,"turns":9.0},{"damage":0.0,"enemies":"Orb Walker","floor":35.0,"turns":3.0},{"damage":6.0,"enemies":"3 Darklings","floor":37.0,"turns":6.0},{"damage":8.0,"enemies":"Sphere and 2 Shapes","floor":39.0,"turns":6.0},{"damage":0.0,"enemies":"Reptomancer","floor":40.0,"turns":4.0},{"damage":0.0,"enemies":"Giant Head","floor":42.0,"turns":5.0},{"damage":20.0,"enemies":"Nemesis","floor":44.0,"turns":5.0},{"damage":0.0,"enemies":"Reptomancer","floor":46.0,"turns":4.0},{"damage":0.0,"enemies":"4 Shapes","floor":47.0,"turns":1.0},{"damage":0.0,"enemies":"Maw","floor":48.0,"turns":2.0},{"damage":6,"enemies":"Time Eater","floor":50,"turns":3},{"damage":0,"enemies":"Shield and Spear","floor":55,"turns":1},{"damage":0,"enemies":"The Heart","floor":56,"turns":4}],"seed_played":"-4965393258042805907","potions_obtained":[{"floor":1.0,"key":"Guardian:BlockOnCardUsePotion"},{"floor":8.0,"key":"Energy Potion"},{"floor":12.0,"key":"champ:CounterPotion"},{"floor":13.0,"key":"DuplicationPotion"}],"is_trial":false,"path_per_floor":["M","$","?","M","?","E","T","E","T","R","E","M","M","$","R","B",null,"M","M","?","M","M","E","R","?","T","R","M","M","M","E","R","B",null,"M","?","M","$","M","E","R","E","T","E","?","E","M","M","R","B",null,null,"$","R","E","B",null],"character_chosen":"THE_SNECKO","items_purchased":["testmod-ArcanaOfDestiny","sneckomod:CleanMud","GodSword5","Ornamental Fan","Lee\u0027s Waffle"],"campfire_rested":0,"item_purchase_floors":[14,38,38,53,53],"current_hp_per_floor":[74,74,59,59,37,37,37,37,37,37,32,44,39,39,39,39,76,76,74,74,60,52,52,52,37,37,37,32,20,20,18,18,18,65,65,65,59,59,51,51,51,53,53,35,45,47,51,53,53,49,49,81,90,90,99,99],"gold":123,"neow_bonus":"BOSS_RELIC","is_daily":false,"chose_seed":false,"campfire_upgraded":7,"win_rate":0.0,"timestamp":1612544392,"path_taken":["M","$","?","M","?","E","?","E","T","R","E","M","M","$","R","BOSS","M","M","?","M","M","E","R","?","T","R","M","?","M","E","R","BOSS","M","?","M","$","M","E","R","E","T","E","?","E","M","M","R","BOSS","$","R","E","BOSS"],"items_purchased_type":["Relic","Relic","Relic","Relic","Relic"],"build_version":"2020-12-22","purchased_purges":5,"victory":true,"max_hp_per_floor":[90,90,90,90,90,90,90,90,90,90,90,93,93,93,93,93,88,88,88,88,88,88,88,88,88,88,88,88,88,88,88,88,88,81,81,81,81,81,81,81,81,81,81,81,81,81,83,83,83,83,83,83,90,90,99,99],"card_choices":[{"not_picked":["sneckomod:UnknownUncommonPower","sneckomod:UnknownColorless","sneckomod:DefensiveFlair"],"picked":"SKIP","floor":1.0},{"not_picked":["sneckomod:SlitherStrike","sneckomod:WideSting","sneckomod:SoulCleanse","sneckomod:DangerNoodle","sneckomod:DiceBlock"],"picked":"SKIP","floor":4.0},{"not_picked":["sneckomod:Nope","sneckomod:DiceCrush","sneckomod:Unknown1Cost","sneckomod:UnendingSupply"],"picked":"Bomb","floor":6.0},{"not_picked":["sneckomod:UnknownCommonAttack","sneckomod:UnknownRareAttack","sneckomod:UnknownX","sneckomod:MasterEye","sneckomod:DiceBoulder"],"picked":"SKIP","floor":8.0},{"not_picked":["sneckomod:SoulRoll","sneckomod:UnknownUncommonSkill","sneckomod:DiceBlock","sneckomod:Unknown1Cost"],"picked":"sneckomod:GlitteringGambit","floor":11.0},{"not_picked":["sneckomod:DefensiveFlair","sneckomod:UnknownUncommonSkill","sneckomod:ImprovisedGuard","sneckomod:QuickBite","sneckomod:UnknownCommonAttack"],"picked":"SKIP","floor":12.0},{"not_picked":["sneckomod:UnknownUncommonAttack","sneckomod:MasterEye","sneckomod:UnknownBlock","sneckomod:DefensiveFlair","sneckomod:DiceCrush"],"picked":"SKIP","floor":13.0},{"not_picked":["sneckomod:UnknownBoss","sneckomod:Mudshield","sneckomod:UnlimitedRolls","sneckomod:SoulExchange"],"picked":"sneckomod:Transmogrify","floor":16.0},{"not_picked":["sneckomod:UnknownCommonAttack","sneckomod:DiceCrush","sneckomod:QuickBite"],"picked":"SKIP","floor":19.0},{"not_picked":["sneckomod:SerpentIdol+1","sneckomod:CheapStock+1","sneckomod:UnknownClassRED+1"],"picked":"SKIP","floor":21.0},{"not_picked":["sneckomod:QuickBite","sneckomod:DefensiveFlair","sneckomod:UnknownBlock"],"picked":"SKIP","floor":22.0},{"not_picked":["sneckomod:UnknownBlock","sneckomod:CheapStock"],"picked":"sneckomod:TrashToTreasure","floor":23.0},{"not_picked":["sneckomod:Unknown1Cost+1","sneckomod:WideSting","sneckomod:UnknownBlock"],"picked":"SKIP","floor":28.0},{"not_picked":["sneckomod:SoulRoll","sneckomod:UnknownCommonAttack","sneckomod:UnknownVulnerable"],"picked":"SKIP","floor":29.0},{"not_picked":["sneckomod:DiceBlock","sneckomod:UnknownStrength+1","sneckomod:UnknownColorless"],"picked":"SKIP","floor":30.0},{"not_picked":["sneckomod:WideSting","sneckomod:MasterEye+1","sneckomod:SoulRoll"],"picked":"SKIP","floor":31.0},{"not_picked":["sneckomod:UnknownRareAttack","sneckomod:GlitteringGambit"],"picked":"sneckomod:Cheat","floor":33.0},{"not_picked":["sneckomod:Nope","sneckomod:UnknownX","sneckomod:MixItUp"],"picked":"SKIP","floor":35.0},{"not_picked":["sneckomod:UnknownBlock","sneckomod:UnknownStrike+1","sneckomod:UnknownVulnerable"],"picked":"SKIP","floor":37.0},{"not_picked":["sneckomod:ImprovisedAttack","sneckomod:UnknownBlock+1"],"picked":"sneckomod:QuickMove+1","floor":39.0},{"not_picked":["sneckomod:UnknownUncommonAttack+1","sneckomod:QuickMove","sneckomod:UnknownDraw"],"picked":"SKIP","floor":40.0},{"not_picked":["sneckomod:DiceBoulder","sneckomod:Unknown2Cost+1","sneckomod:SerpentMind"],"picked":"SKIP","floor":42.0},{"not_picked":["sneckomod:QuickBite+1","sneckomod:DiceBoulder","sneckomod:UnknownClassRED+1"],"picked":"SKIP","floor":44.0},{"not_picked":["sneckomod:QuickMove+1","sneckomod:UnknownCommonAttack+1","sneckomod:UnknownWeak+1"],"picked":"SKIP","floor":46.0},{"not_picked":["sneckomod:DiceCrush+1","sneckomod:QuickBite+1","sneckomod:UnknownClassRED"],"picked":"Singing Bowl","floor":47.0},{"not_picked":["sneckomod:UnknownRareAttack","sneckomod:DiceBoulder+1"],"picked":"sneckomod:UnknownUncommonPower+1","floor":48.0},{"not_picked":["sneckomod:IronFang","sneckomod:DangerNoodle","sneckomod:RainOfDice"],"picked":"Singing Bowl","floor":55}],"player_experience":1095972,"relics_obtained":[{"floor":1.0,"key":"SynthV:TestCard"},{"floor":1.0,"key":"LetterFromLob"},{"floor":6.0,"key":"hexamod:CandleOfCauterizing"},{"floor":7.0,"key":"MagicDraw2"},{"floor":8.0,"key":"BelialBook"},{"floor":11.0,"key":"HornCleat"},{"floor":19.0,"key":"HornCleat"},{"floor":21.0,"key":"testmod-Justice"},{"floor":22.0,"key":"DeadEye"},{"floor":23.0,"key":"HornCleat"},{"floor":23.0,"key":"Dota2Spire:Vanguard"},{"floor":26.0,"key":"PreservedInsect"},{"floor":28.0,"key":"testmod-BouquetWithThorns"},{"floor":29.0,"key":"testmod-Justice"},{"floor":30.0,"key":"PreservedInsect"},{"floor":31.0,"key":"PreservedInsect"},{"floor":31.0,"key":"Dota2Spire:PhaseBoots"},{"floor":33.0,"key":"Dota2Spire:PhaseBoots"},{"floor":35.0,"key":"Black Star"},{"floor":37.0,"key":"MagicDraw2"},{"floor":39.0,"key":"PreservedInsect"},{"floor":40.0,"key":"HornCleat"},{"floor":40.0,"key":"Dota2Spire:ShadowBlade"},{"floor":40.0,"key":"Blood Vial"},{"floor":42.0,"key":"PreservedInsect"},{"floor":42.0,"key":"HornCleat"},{"floor":42.0,"key":"GnawedLeaf"},{"floor":42.0,"key":"War Paint"},{"floor":43.0,"key":"SSSystem"},{"floor":44.0,"key":"testmod-Justice"},{"floor":44.0,"key":"Nunchaku"},{"floor":44.0,"key":"Bag of Preparation"},{"floor":46.0,"key":"testmod-BouquetWithThorns"},{"floor":46.0,"key":"sneckomod:CleanMud"},{"floor":46.0,"key":"ZombieArmy"},{"floor":46.0,"key":"testmod-Nyarlathotep"},{"floor":47.0,"key":"Singing Bowl"},{"floor":48.0,"key":"SSSystem"},{"floor":55,"key":"HornCleat"},{"floor":55,"key":"White Beast Statue"},{"floor":55,"key":"Strawberry"}],"event_choices":[{"damage_healed":0.0,"max_hp_gain":0.0,"max_hp_loss":0.0,"gold_gain":0.0,"event_name":"Golden Idol","player_choice":"Take Damage","floor":5.0,"gold_loss":0.0,"damage_taken":22.0,"relics_obtained":["Golden Idol"]},{"damage_healed":0.0,"max_hp_gain":0.0,"max_hp_loss":0.0,"gold_gain":0.0,"event_name":"The Mausoleum","player_choice":"Opened","floor":20.0,"gold_loss":0.0,"damage_taken":0.0,"relics_obtained":["Dota2Spire:AghanimScepter"],"cards_obtained":["Writhe"]},{"damage_healed":0.0,"max_hp_gain":0.0,"max_hp_loss":0.0,"gold_gain":0.0,"event_name":"给自己的盒子","player_choice":"Swap Relic","floor":36.0,"relics_lost":["Technique"],"gold_loss":0.0,"damage_taken":0.0,"relics_obtained":["Technique"]}],"is_beta":false,"boss_relics":[{"not_picked":["testmod-IncinerationGenerator","Astrolabe"],"picked":"Busted Crown"},{"not_picked":[]},{"not_picked":["SoulBox","testmod-Prudence"],"picked":"Black Star"},{"not_picked":[]}],"items_purged_floors":[2,17,34,38,53],"is_endless":false,"potions_floor_spawned":[1,8,12,13,22,28,29,33,35,42,44,46,48,55],"ascension_level":6}}