{"host":"ELF","time":1612511692,"event":{"mods":["BaseMod","Bestiary","Minty Spire (QoL Compilation)","Relic Stats","Slay the Relics Exporter"],"gold_per_floor":[116,134,134,149,224,224,249,249,249,281,294,373,391,391,391,391,391],"floor_reached":16,"language":"ENG","playtime":514,"items_purged":[],"score":215,"play_id":"70df2713-5261-40a3-aba3-9f104705e606","local_time":"20210205015452","is_ascension_mode":true,"campfire_choices":[{"data":"Combust","floor":6.0,"key":"SMITH"},{"floor":8.0,"key":"REST"},{"floor":15.0,"key":"REST"}],"circlet_count":0,"master_deck":["AscendersBane","Strike_R","Strike_R","Strike_R","Strike_R","Strike_R","Defend_R","Defend_R","Defend_R","Defend_R","Bash","Combust+1","Havoc","Headbutt","Shrug It Off","Dark Embrace","Corruption","Combust","Body Slam"],"relics":["Burning Blood","NeowsBlessing","White Beast Statue","The Courier","Vajra","Bottled Lightning","Mummified Hand"],"acts_visited":["Exordium"],"potions_floor_usage":[],"damage_taken":[{"damage":0.0,"enemies":"Cultist","floor":1.0,"turns":1.0},{"damage":0.0,"enemies":"Small Slimes","floor":2.0,"turns":1.0},{"damage":0.0,"enemies":"Jaw Worm","floor":4.0,"turns":1.0},{"damage":51.0,"enemies":"Lagavulin","floor":7.0,"turns":6.0},{"damage":35.0,"enemies":"3 Sentries","floor":10.0,"turns":7.0},{"damage":6.0,"enemies":"2 Fungi Beasts","floor":11.0,"turns":5.0},{"damage":11.0,"enemies":"Blue Slaver","floor":13.0,"turns":7.0},{"damage":44,"enemies":"The Guardian","floor":16,"turns":8}],"seed_played":"6702639702769583360","potions_obtained":[{"floor":1.0,"key":"GamblersBrew"},{"floor":7.0,"key":"EssenceOfSteel"},{"floor":10.0,"key":"Weak Potion"},{"floor":11.0,"key":"SneckoOil"},{"floor":13.0,"key":"BloodPotion"}],"is_trial":false,"path_per_floor":["M","M","?","M","?","R","E","R","T","E","M","T","M","?","R","B"],"character_chosen":"IRONCLAD","items_purchased":[],"campfire_rested":2,"item_purchase_floors":[],"current_hp_per_floor":[74,75,75,75,64,64,19,41,41,12,12,12,22,22,44,0,0],"gold":391,"neow_bonus":"THREE_ENEMY_KILL","is_daily":false,"chose_seed":false,"campfire_upgraded":1,"win_rate":0.0,"timestamp":1612511692,"path_taken":["M","M","?","?","?","R","E","R","T","E","M","?","M","?","R","BOSS"],"items_purchased_type":[],"build_version":"2020-12-18","purchased_purges":0,"victory":false,"max_hp_per_floor":[75,75,75,75,75,75,75,75,75,75,75,75,75,75,75,75,75],"relic_stats":{"counters":[8,36],"Mummified Hand":[6],"obtain_stats":[{"NeowsBlessing":0,"Mummified Hand":14,"Vajra":10,"The Courier":9,"Bottled Lightning":12,"Burning Blood":0,"White Beast Statue":7},{"NeowsBlessing":0,"Mummified Hand":7,"Vajra":5,"The Courier":4,"Bottled Lightning":6,"Burning Blood":0,"White Beast Statue":4},{"NeowsBlessing":0,"Mummified Hand":28,"Vajra":16,"The Courier":9,"Bottled Lightning":21,"Burning Blood":0,"White Beast Statue":9}],"Burning Blood":31},"card_choices":[{"not_picked":["Sword Boomerang","Heavy Blade"],"picked":"Combust","floor":1.0},{"not_picked":["Dual Wield","Perfected Strike"],"picked":"Havoc","floor":2.0},{"not_picked":["Infernal Blade","True Grit"],"picked":"Shrug It Off","floor":4.0},{"not_picked":["Cleave","Armaments"],"picked":"Dark Embrace","floor":7.0},{"not_picked":["Intimidate","Thunderclap"],"picked":"Corruption","floor":10.0},{"not_picked":["Wild Strike","Searing Blow"],"picked":"Combust","floor":11.0},{"not_picked":["Dropkick","Blood for Blood"],"picked":"Body Slam","floor":13.0}],"player_experience":3403554,"relics_obtained":[{"floor":7.0,"key":"White Beast Statue"},{"floor":9.0,"key":"The Courier"},{"floor":10.0,"key":"Vajra"},{"floor":12.0,"key":"Bottled Lightning"}],"event_choices":[{"damage_healed":0.0,"max_hp_gain":0.0,"max_hp_loss":0.0,"gold_gain":0.0,"event_name":"Match and Keep!","player_choice":"1 cards matched","floor":3.0,"gold_loss":0.0,"damage_taken":0.0,"cards_obtained":["Headbutt"]},{"damage_healed":0.0,"max_hp_gain":0.0,"max_hp_loss":0.0,"gold_gain":75.0,"event_name":"World of Goop","player_choice":"Gather Gold","floor":5.0,"gold_loss":0.0,"damage_taken":11.0},{"damage_healed":0.0,"max_hp_gain":0.0,"max_hp_loss":0.0,"gold_gain":0.0,"event_name":"Dead Adventurer","player_choice":"Searched \u00271\u0027 times","floor":14.0,"gold_loss":0.0,"damage_taken":0.0,"relics_obtained":["Mummified Hand"]}],"is_beta":true,"boss_relics":[],"items_purged_floors":[],"is_endless":false,"potions_floor_spawned":[1,7,10,11,13],"killed_by":"The Guardian","ascension_level":19}}