{"host":"i73ch23exsqar74a","time":1612511551,"event":{"mods":["AchievementEnabler","Arknights","Aspiration","Astrologer","Bard","Bartender","BaseMod","Beaked The Cultist","Better Sensory Stone","CCEM2","CapriCore","Challenge The Spire","ChefMod","Chen","Colored Map","Colored Powertips","Conjunction","Conspire","Downfall","Fireblade Mod","FutureSeer","GifTheSpireLib","Glutton Mod","Gremlin Mod","Halation","Hermit","Highlight Path","HololiveMod","Hubris","Infinite Spire","Jedi Mod","Lobotomy","LobotomyExtend","Luminous","Marked Mod","Minty Spire (QoL Compilation)","Prisma Mod","Quarter Circle Forward PUNCH!","Quick Restart","Random Character Button","RatMod","Relic Sorter","Reliquary","Replay The Spire","SOS???????","Shade Mod","Spicy Shops","Spikes Relics","Spire Arcade","StSLib","Stuff the Spire","The Alterego","The Animator","The Bug Knight","The Construct","The Cursed","The Druid","The Exalted","The Immortal","The Judge","The Poker Player","The Sage","The Wild Card","TheHero","TheSwordswoman","TheVacant","TheVelvet","Thieving Mod","Yuri Mod","???Mod??????Boss","???mod?????"],"gold_per_floor":[99,115,115,115,133,167,239,139,155,155,165,185,27,44,56,160,160,160,170,170,186,186,186,186,201,201,218,218,234,134,69,85,180,180,80,99,110,110,110,229,283,293,293,428,448,460,460,58,76,76,76,76,106,28,28,28,28],"floor_reached":58,"language":"ENG","playtime":2715,"items_purged":[],"score":1195,"play_id":"f631ded1-cb4f-4530-a22d-523d860a39c3","local_time":"20210205115231","is_ascension_mode":false,"campfire_choices":[{"data":"bronze:Replicate","floor":1.0,"key":"SMITH"},{"data":"bronze:ChosenStrike","floor":8.0,"key":"SMITH"},{"data":"Good Instincts","floor":10.0,"key":"SMITH"},{"data":"expansioncontent:Chronoboost","floor":18.0,"key":"SMITH"},{"data":"bronze:FineTuning","floor":23.0,"key":"SMITH"},{"floor":26.0,"key":"RECALL"},{"floor":30.0,"key":"REST"},{"data":"expansioncontent:StudyTheSpire","floor":35.0,"key":"SMITH"},{"data":"bronze:Iterate","floor":43.0,"key":"SMITH"},{"data":"bronze:Shell","floor":47.0,"key":"SMITH"},{"data":"bronze:HardenedForm","floor":55,"key":"SMITH"}],"circlet_count":0,"master_deck":["bronze:Strike","bronze:Strike","bronze:Strike","bronze:Defend","bronze:Defend","bronze:Defend","bronze:Defend","bronze:Replicate+1","bronze:Goto","bronze:Invalidate","Good Instincts+1","bronze:ChosenStrike+1","bronze:Overheat","bronze:DelayedSlice","bronze:WhirlingStrike","bronze:Format","bronze:Iterate","expansioncontent:Chronoboost+1","bronze:FineTuning","bronze:FineTuning+1","bronze:Iterate+1","bronze:ThunderWave","bronze:FollowUp+1","bronze:ChildClass","bronze:CutThrough","bronze:WildBeam+1","bronze:Overheat+1","expansioncontent:StudyTheSpire+1","bronze:Repair","bronze:Verify+1","bronze:FineTuning+1","bronze:Shell+1","bronze:ClassDefault","bronze:HardenedForm+1"],"relics":["bronze:BronzeCore","hubris:Icosahedron","LetterFromLob","reliquary:ExpiredCoupon","InkBottle","downfall:HeartBlessingGreen","jedi:crownofsimplicity","infinitespire:Cupcake","Gaze_r","ChewingGum","jedi:shrinkray","CCEMRelics:GrapeVine","downfall:HeartBlessingRed","Replay:Grab Bag","CosmicIsotope","beaked:SacredNecklace","halation:PinkAlligatorPlush","downfall:HeartBlessingBlue","halation:PromiseList","sagemod:Red_Beast_Statue","CCEMRelics:SpiritsEdge","reliquary:JackalopeAntler","HornCleat","HandDrill"],"acts_visited":["Exordium","TheCity","TheBeyond","TheEnding"],"potions_floor_usage":[56,56,57],"damage_taken":[{"damage":0.0,"enemies":"Small Slimes","floor":2.0,"turns":3.0},{"damage":0.0,"enemies":"2 Louse","floor":5.0,"turns":2.0},{"damage":27.0,"enemies":"Gremlin Nob","floor":6.0,"turns":4.0},{"damage":0.0,"enemies":"Cultist","floor":9.0,"turns":2.0},{"damage":0.0,"enemies":"Large Slime","floor":11.0,"turns":2.0},{"damage":0.0,"enemies":"Exordium Wildlife","floor":12.0,"turns":3.0},{"damage":0.0,"enemies":"downfall:FleeingMerchant","floor":13.0,"turns":4.0},{"damage":9.0,"enemies":"Exordium Thugs","floor":14.0,"turns":2.0},{"damage":4.0,"enemies":"Large Slime","floor":15.0,"turns":2.0},{"damage":19.0,"enemies":"IC_STATUS_ARCHETYPE","floor":16.0,"turns":5.0},{"damage":18.0,"enemies":"Shell Parasite","floor":19.0,"turns":3.0},{"damage":1.0,"enemies":"Cultist and Chosen","floor":20.0,"turns":3.0},{"damage":0.0,"enemies":"Cultist and Chosen","floor":21.0,"turns":4.0},{"damage":0.0,"enemies":"Centurion and Healer","floor":25.0,"turns":2.0},{"damage":0.0,"enemies":"Sentry and Sphere","floor":27.0,"turns":3.0},{"damage":4.0,"enemies":"Cultist and Chosen","floor":29.0,"turns":3.0},{"damage":0.0,"enemies":"downfall:FleeingMerchant","floor":31.0,"turns":3.0},{"damage":9.0,"enemies":"conspire:HollyBat","floor":32.0,"turns":6.0},{"damage":17.0,"enemies":"DF_ARCHETYPE_CLAW","floor":33.0,"turns":6.0},{"damage":6.0,"enemies":"3 Shapes","floor":36.0,"turns":1.0},{"damage":4.0,"enemies":"Orb Walker","floor":37.0,"turns":2.0},{"damage":15.0,"enemies":"Spire Growth","floor":40.0,"turns":3.0},{"damage":7.0,"enemies":"Maw","floor":42.0,"turns":4.0},{"damage":79.0,"enemies":"Nightmare","floor":44.0,"turns":5.0},{"damage":11.0,"enemies":"Transient","floor":45.0,"turns":5.0},{"damage":1.0,"enemies":"4 Shapes","floor":46.0,"turns":3.0},{"damage":0,"enemies":"Jaw Worm Horde","floor":49,"turns":2},{"damage":22,"enemies":"SI_POISON_ARCHETYPE","floor":50,"turns":7},{"damage":21,"enemies":"downfall:CharBossMerchant","floor":53,"turns":6},{"damage":25,"enemies":"downfall:NeowBoss","floor":56,"turns":13},{"damage":56,"enemies":"downfall:NeowBossFinal","floor":57,"turns":11}],"seed_played":"-1074355445719507470","potions_obtained":[{"floor":11.0,"key":"jedi:tentaclejuice"},{"floor":12.0,"key":"DuplicationPotion"},{"floor":15.0,"key":"bronze:FreeFunctionsPotion"},{"floor":45.0,"key":"bronze:BuildAFunctionPotion"}],"is_trial":false,"path_per_floor":["R","M","?","?","M","E","T","R","M","R","M","M","$","M","M","B",null,"R","M","M","M","AVR","R","T","M","R","M","?","M","R","$","M","B",null,"R","M","M","?","?","M","T","M","R","NM","M","M","R","$","M","B",null,null,"E","$","R","B","B",null],"character_chosen":"THE_AUTOMATON","items_purchased":["expansioncontent:Chronoboost","bronze:FineTuning","expansioncontent:StudyTheSpire","CCEMRelics:SpiritsEdge","reliquary:JackalopeAntler","bronze:ClassDefault","HandDrill"],"campfire_rested":1,"item_purchase_floors":[13,13,31,48,48,48,54],"current_hp_per_floor":[77,77,77,77,77,50,50,50,50,50,50,50,50,41,37,18,77,77,59,58,58,58,58,58,58,58,58,58,54,77,77,68,58,77,87,81,77,77,77,69,69,69,69,87,76,82,82,82,82,69,69,87,66,66,66,48,87],"gold":28,"neow_bonus":"TEN_PERCENT_HP_BONUS","is_daily":false,"chose_seed":false,"campfire_upgraded":9,"win_rate":0.0,"timestamp":1612511551,"path_taken":["R","M","?","?","M","E","T","R","M","R","M","?","$","M","M","BOSS","R","M","M","M","AVR","R","T","M","R","M","?","M","R","?","M","BOSS","R","M","M","?","?","M","T","M","R","NM","M","?","R","$","M","BOSS","E","$","R","BOSS","BOSS"],"items_purchased_type":["Card","Card","Card","Relic","Relic","Card","Relic"],"build_version":"2020-12-22","purchased_purges":0,"victory":true,"max_hp_per_floor":[77,77,77,77,77,77,77,77,77,77,77,77,77,77,77,77,77,77,77,77,77,77,77,77,77,77,77,77,77,77,77,77,77,77,87,87,87,87,87,87,87,87,87,87,87,87,87,87,87,87,87,87,87,87,87,87,87],"card_choices":[{"not_picked":["bronze:DelayedGuard","bronze:OilSpill"],"picked":"bronze:Invalidate","floor":2.0},{"not_picked":["Sharp Hide","Replay:BasicMightCard"],"picked":"Good Instincts","floor":3.0},{"not_picked":["bronze:BitShift","bronze:DigitalCarnage"],"picked":"bronze:ChosenStrike","floor":5.0},{"not_picked":["bronze:Invalidate","bronze:BurnOut"],"picked":"bronze:Overheat","floor":6.0},{"not_picked":["bronze:MaxOutput","bronze:OilSpill"],"picked":"bronze:DelayedSlice","floor":9.0},{"not_picked":["bronze:BronzeArmor","bronze:ChildClass"],"picked":"bronze:WhirlingStrike","floor":11.0},{"not_picked":["bronze:Turbo","bronze:Shield"],"picked":"bronze:Format","floor":12.0},{"not_picked":["bronze:BugBarrage","bronze:BuggyMess"],"picked":"bronze:Iterate","floor":13.0},{"not_picked":["bronze:DelayedSlice","bronze:Overheat"],"picked":"bronze:FineTuning","floor":14.0},{"not_picked":["bronze:DarkDash","bronze:BitShift"],"picked":"bronze:Iterate","floor":15.0},{"not_picked":["bronze:SpaghettiCode","bronze:Virus"],"picked":"bronze:ThunderWave","floor":16.0},{"not_picked":["bronze:Branch+1","bronze:DigitalCarnage+1"],"picked":"bronze:FollowUp+1","floor":19.0},{"not_picked":["bronze:OilSpill","bronze:DelayedGuard"],"picked":"bronze:ChildClass","floor":21.0},{"not_picked":["bronze:ShipIt","bronze:DarkDash","bronze:BuggyMess"],"picked":"SKIP","floor":25.0},{"not_picked":["bronze:ForceShield","bronze:BitShift+1"],"picked":"bronze:CutThrough","floor":27.0},{"not_picked":["bronze:Invalidate","bronze:Deprecate"],"picked":"bronze:WildBeam+1","floor":29.0},{"not_picked":["bronze:BitShift","bronze:Invalidate"],"picked":"bronze:Overheat+1","floor":31.0},{"not_picked":["bronze:Deprecate","bronze:Branch"],"picked":"bronze:Repair","floor":32.0},{"not_picked":["bronze:RecursiveStrike","bronze:SpaghettiCode"],"picked":"bronze:Verify","floor":33.0},{"not_picked":["bronze:Repair","bronze:DarkDash+1","bronze:DigitalCarnage"],"picked":"SKIP","floor":36.0},{"not_picked":["bronze:DigitalCarnage","bronze:ChosenStrike+1"],"picked":"bronze:FineTuning+1","floor":37.0},{"not_picked":["bronze:WhirlingStrike+1","bronze:Safeguard","bronze:DarkDash"],"picked":"SKIP","floor":40.0},{"not_picked":["bronze:Overheat+1","bronze:Shield+1","bronze:Turbo+1"],"picked":"SKIP","floor":42.0},{"not_picked":["bronze:Overheat+1","bronze:BitShift","bronze:Branch+1"],"picked":"SKIP","floor":44.0},{"not_picked":["bronze:DarkDash","bronze:Overheat+1","bronze:BuggyMess"],"picked":"SKIP","floor":45.0},{"not_picked":["bronze:Deprecate","bronze:WildBeam"],"picked":"bronze:Shell","floor":46.0},{"not_picked":["bronze:CutThrough+1","bronze:Turbo+1"],"picked":"bronze:HardenedForm","floor":49},{"not_picked":["bronze:DarkDash+1","bronze:BitShift+1","bronze:WildBeam"],"picked":"SKIP","floor":53}],"player_experience":1407105,"relics_obtained":[{"floor":2.0,"key":"LetterFromLob"},{"floor":6.0,"key":"reliquary:ExpiredCoupon"},{"floor":7.0,"key":"InkBottle"},{"floor":24.0,"key":"CCEMRelics:GrapeVine"},{"floor":41.0,"key":"halation:PromiseList"},{"floor":44.0,"key":"sagemod:Red_Beast_Statue"},{"floor":53,"key":"HornCleat"}],"event_choices":[{"damage_healed":0.0,"max_hp_gain":0.0,"max_hp_loss":0.0,"gold_gain":1.0,"event_name":"betterStone:BetterStone","player_choice":"1","floor":3.0,"gold_loss":0.0,"damage_taken":0.0},{"damage_healed":0.0,"max_hp_gain":0.0,"max_hp_loss":0.0,"gold_gain":0.0,"event_name":"NoteForYourself","player_choice":"Ignored","floor":4.0,"gold_loss":0.0,"damage_taken":0.0}],"is_beta":false,"boss_relics":[{"not_picked":["ReplayTheSpireMod:DimensionalGlitch","Painkiller Herb"],"picked":"infinitespire:Cupcake"},{"not_picked":["Snecko Heart","halation:Yufonium"],"picked":"Replay:Grab Bag"},{"not_picked":["jedi:hotpepper","aspiration:FutureDiary"],"picked":"CosmicIsotope"},{"not_picked":["Philosopher\u0027s Stone","Coffee Dripper"],"picked":"beaked:SacredNecklace"},{"not_picked":["halation:LoveArrow","halation:PlatinumPhoenix"],"picked":"halation:PinkAlligatorPlush"}],"items_purged_floors":[],"is_endless":false,"potions_floor_spawned":[11,12,15,16,19,21,25,29,33,40,45,46,49,53],"ascension_level":0}}