{"host":"uzcks4yhskks9i02","time":1612547662,"event":{"mods":["BaseMod","Minty Spire (QoL Compilation)","Quick Restart"],"gold_per_floor":[109,124,49,49,49,49,78,78,78,78,110,125,136,155,155,227,227,243,277,277,277],"floor_reached":20,"language":"ENG","playtime":2177,"items_purged":["Pain"],"score":328,"play_id":"77522433-0128-4e05-8007-637a6c87242e","local_time":"20210205105422","is_ascension_mode":true,"campfire_choices":[{"data":"Bash","floor":6.0,"key":"SMITH"},{"floor":15.0,"key":"REST"}],"circlet_count":0,"master_deck":["AscendersBane","Bash+1","Twin Strike","Rampage+1","Carnage","Headbutt","Combust","Battle Trance","Offering","Impervious","Warcry","Corruption","Sever Soul","Intimidate","Havoc","Fiend Fire","Combust","Infernal Blade","Wild Strike","Flame Barrier","Whirlwind"],"relics":["Burning Blood","Pocketwatch","Calipers","Sundial","CultistMask","Art of War","Pandora\u0027s Box","Red Mask"],"acts_visited":["Exordium","TheCity"],"potions_floor_usage":[16],"damage_taken":[{"damage":14.0,"enemies":"Cultist","floor":1.0,"turns":4.0},{"damage":3.0,"enemies":"Small Slimes","floor":2.0,"turns":2.0},{"damage":25.0,"enemies":"Lagavulin","floor":7.0,"turns":6.0},{"damage":25.0,"enemies":"3 Sentries","floor":11.0,"turns":7.0},{"damage":7.0,"enemies":"Jaw Worm","floor":12.0,"turns":3.0},{"damage":14.0,"enemies":"Exordium Thugs","floor":13.0,"turns":3.0},{"damage":17.0,"enemies":"3 Louse","floor":14.0,"turns":3.0},{"damage":43,"enemies":"Slime Boss","floor":16,"turns":7},{"damage":11,"enemies":"3 Byrds","floor":18,"turns":3},{"damage":46,"enemies":"Masked Bandits","floor":19,"turns":4},{"damage":19,"enemies":"Spheric Guardian","floor":20,"turns":3}],"seed_played":"3739981681322284277","potions_obtained":[{"floor":1.0,"key":"GamblersBrew"},{"floor":12.0,"key":"Regen Potion"},{"floor":13.0,"key":"BloodPotion"},{"floor":16,"key":"LiquidMemories"}],"is_trial":false,"path_per_floor":["M","M","$","?","$","R","E","$","T","?","E","M","M","M","R","B",null,"M","?","M"],"character_chosen":"IRONCLAD","items_purchased":[],"campfire_rested":1,"item_purchase_floors":[],"current_hp_per_floor":[60,63,63,63,63,63,44,44,44,44,25,24,16,20,42,20,61,56,16,0,0],"gold":277,"neow_bonus":"ONE_RARE_RELIC","is_daily":false,"chose_seed":false,"campfire_upgraded":1,"win_rate":0.0,"timestamp":1612547662,"path_taken":["M","M","$","?","?","R","E","$","T","?","E","M","?","M","R","BOSS","M","?","M"],"items_purchased_type":[],"build_version":"2020-12-22","purchased_purges":1,"victory":false,"max_hp_per_floor":[75,75,75,75,75,75,75,75,75,75,75,75,75,75,75,75,75,75,75,75,75],"card_choices":[{"not_picked":["True Grit","Flex"],"picked":"Twin Strike","floor":1.0},{"not_picked":["Intimidate","Burning Pact"],"picked":"Rampage","floor":2.0},{"not_picked":["Warcry","Flex"],"picked":"Carnage","floor":7.0},{"not_picked":["Pommel Strike","Reckless Charge"],"picked":"Headbutt","floor":11.0},{"not_picked":["Clash","Intimidate"],"picked":"Combust","floor":12.0},{"not_picked":["Fire Breathing","Clothesline"],"picked":"Battle Trance","floor":13.0},{"not_picked":["Thunderclap","True Grit"],"picked":"Offering","floor":14.0},{"not_picked":["Corruption","Fiend Fire"],"picked":"Impervious","floor":16},{"not_picked":["Wild Strike","True Grit"],"picked":"Flame Barrier","floor":18},{"not_picked":["Warcry","True Grit"],"picked":"Whirlwind","floor":19}],"player_experience":564828,"relics_obtained":[{"floor":7.0,"key":"Calipers"},{"floor":9.0,"key":"Sundial"},{"floor":11.0,"key":"Art of War"},{"floor":19,"key":"Red Mask"}],"event_choices":[{"damage_healed":0.0,"max_hp_gain":0.0,"max_hp_loss":0.0,"gold_gain":0.0,"event_name":"Upgrade Shrine","player_choice":"Upgraded","floor":4.0,"gold_loss":0.0,"damage_taken":0.0,"cards_upgraded":["Rampage"]},{"damage_healed":0.0,"max_hp_gain":0.0,"max_hp_loss":0.0,"gold_gain":0.0,"event_name":"FaceTrader","player_choice":"Trade","floor":10.0,"gold_loss":0.0,"damage_taken":0.0,"relics_obtained":["CultistMask"]},{"damage_healed":0,"gold_gain":0,"player_choice":"Fought Bandits","damage_taken":0,"max_hp_gain":0,"max_hp_loss":0,"event_name":"Masked Bandits","floor":19,"gold_loss":0}],"is_beta":false,"boss_relics":[{"not_picked":["Calling Bell","Philosopher\u0027s Stone"],"picked":"Pandora\u0027s Box"}],"items_purged_floors":[3],"is_endless":false,"potions_floor_spawned":[1,12,13,16],"killed_by":"Spheric Guardian","ascension_level":16}}