{"host":"2pmmafybkq7zb6na","time":1612521776,"event":{"mods":["AchievementEnabler","BaseMod","Colored Map","Highlight Path","Keyboard Shortcuts","Minty Spire (QoL Compilation)","Quick Restart","StSLib","SuperFastMode"],"gold_per_floor":[117,136,151,6,6,6,181,197,197,147,173,204,204,214,214,214,214],"floor_reached":16,"language":"KOR","playtime":644,"items_purged":[],"score":105,"play_id":"85447720-9d03-44e2-bdd1-fbbe820d172c","local_time":"20210205194256","is_ascension_mode":true,"campfire_choices":[{"data":"Shrug It Off","floor":6.0,"key":"SMITH"},{"data":"Strike_R","floor":13.0,"key":"PURGE"},{"data":"Strike_R","floor":15,"key":"PURGE"}],"circlet_count":0,"master_deck":["Strike_R","Strike_R","Defend_R","Defend_R","Defend_R","Bash","Thunderclap","Carnage","Shrug It Off+1","Flex","Headbutt+1"],"relics":["Burning Blood","Tiny Chest","Molten Egg 2","Nunchaku","Peace Pipe"],"acts_visited":["Exordium"],"potions_floor_usage":[16,16],"damage_taken":[{"damage":1.0,"enemies":"2 Louse","floor":1.0,"turns":3.0},{"damage":0.0,"enemies":"Small Slimes","floor":2.0,"turns":2.0},{"damage":1.0,"enemies":"Cultist","floor":3.0,"turns":3.0},{"damage":5.0,"enemies":"Large Slime","floor":8.0,"turns":6.0},{"damage":27.0,"enemies":"3 Sentries","floor":12.0,"turns":9.0},{"damage":5.0,"enemies":"3 Louse","floor":14.0,"turns":3.0},{"damage":58,"enemies":"Hexaghost","floor":16,"turns":9}],"seed_played":"6253668983948606365","potions_obtained":[{"floor":1.0,"key":"AttackPotion"},{"floor":3.0,"key":"Explosive Potion"},{"floor":14,"key":"Block Potion"}],"is_trial":false,"path_per_floor":["M","M","M","$","?","R","?","M","T","?","T","E","R","M","R","B"],"character_chosen":"IRONCLAD","items_purchased":["Tiny Chest"],"campfire_rested":0,"item_purchase_floors":[4],"current_hp_per_floor":[72,72,72,72,77,77,77,77,77,77,77,56,56,57,57,0,0],"gold":214,"neow_bonus":"REMOVE_TWO","is_daily":false,"chose_seed":false,"campfire_upgraded":1,"win_rate":0.0,"timestamp":1612521776,"path_taken":["M","M","M","$","?","R","?","M","T","?","?","E","R","?","R","BOSS"],"items_purchased_type":["Relic"],"build_version":"2020-12-22","purchased_purges":0,"victory":false,"max_hp_per_floor":[72,72,72,72,77,77,77,77,77,77,77,77,77,77,77,77,77],"card_choices":[{"not_picked":["Fire Breathing","Shockwave"],"picked":"Thunderclap","floor":1.0},{"not_picked":["Combust","Dual Wield"],"picked":"Carnage","floor":2.0},{"not_picked":["Shockwave","Cleave"],"picked":"Shrug It Off","floor":3.0},{"not_picked":["Blood for Blood","Heavy Blade"],"picked":"Flex","floor":8.0},{"not_picked":["Perfected Strike+1","Sever Soul+1"],"picked":"Headbutt+1","floor":12.0},{"not_picked":["Disarm","Iron Wave+1","Shrug It Off"],"picked":"SKIP","floor":14}],"player_experience":103261,"relics_obtained":[{"floor":9.0,"key":"Molten Egg 2"},{"floor":11.0,"key":"Nunchaku"},{"floor":12.0,"key":"Peace Pipe"}],"event_choices":[{"damage_healed":0.0,"max_hp_gain":5.0,"max_hp_loss":0.0,"gold_gain":0.0,"event_name":"Big Fish","player_choice":"Donut","floor":5.0,"gold_loss":0.0,"damage_taken":0.0},{"damage_healed":0.0,"max_hp_gain":0.0,"max_hp_loss":0.0,"gold_gain":175.0,"event_name":"Liars Game","player_choice":"AGREE","floor":7.0,"gold_loss":0.0,"damage_taken":0.0,"cards_obtained":["Doubt"]},{"cards_removed":["Doubt"],"damage_healed":0.0,"max_hp_gain":0.0,"max_hp_loss":0.0,"gold_gain":0.0,"event_name":"The Cleric","player_choice":"Card Removal","floor":10.0,"gold_loss":50.0,"damage_taken":0.0}],"is_beta":false,"boss_relics":[],"items_purged_floors":[],"is_endless":false,"potions_floor_spawned":[1,3,14],"killed_by":"Hexaghost","ascension_level":1}}