{"host":"eaiphzh066bwqdh7","time":1612569344,"event":{"mods":["BaseMod","Better Note","Halation","Hubris","Minty Spire (QoL Compilation)","Reliquary","Replay The Spire","StSLib"],"gold_per_floor":[112,127,127,137,62,96,96,115,142,160,160,189,189,204,204,303,303,290,290,290,300,300,300,40,40,40,66,66,16,91,103,103,198,198,218,235,235,235,87,87,87],"floor_reached":40,"language":"ENG","playtime":1318,"items_purged":["hubris:Strike_Merchant"],"score":674,"play_id":"2d665022-707d-4fc0-aa47-9dd88e93d0c1","local_time":"20210205185544","is_ascension_mode":true,"campfire_choices":[{"floor":7,"key":"REST"},{"floor":11,"key":"REST"},{"data":"Worship","floor":13,"key":"SMITH"},{"floor":15,"key":"REST"},{"floor":23,"key":"REST"},{"floor":25,"key":"REST"},{"floor":28,"key":"REST"},{"floor":32,"key":"REST"}],"circlet_count":0,"master_deck":["Strike_P","Strike_P","Strike_P","Strike_P","Defend_P","Defend_P","Defend_P","Defend_P","Eruption","Vigilance","Strike_P","Worship+1","ConjureBlade","CarveReality","Alpha","RitualDagger","Replay:ManipulateFuture+1","Sickly","Wish","Prostrate+1","Worship+1"],"relics":["PureWater","Thread and Needle","Bronze Scales","reliquary:TuningFork","reliquary:Boomerang","GoldenEye","hubris:Towel","ReplayTheSpireMod:Ring of Exchange","ReplayTheSpireMod:Ring of Addiction","White Beast Statue","Chameleon Ring","Onion Ring","Mango","Anchor","halation:Komachan","Juzu Bracelet"],"acts_visited":["Exordium","TheCity","TheBeyond"],"potions_floor_usage":[6,12,14,18,27,27,31,33,33,35,36,40,40],"damage_taken":[{"damage":3,"enemies":"Small Slimes","floor":1,"turns":4},{"damage":0,"enemies":"Cultist","floor":2,"turns":2},{"damage":0,"enemies":"Jaw Worm","floor":4,"turns":4},{"damage":26,"enemies":"3 Sentries","floor":6,"turns":7},{"damage":7,"enemies":"Exordium Wildlife","floor":8,"turns":4},{"damage":2,"enemies":"Looter","floor":10,"turns":4},{"damage":4,"enemies":"Replay:BlueRogue","floor":12,"turns":5},{"damage":26,"enemies":"2 Fungi Beasts","floor":14,"turns":3},{"damage":34,"enemies":"Hexaghost","floor":16,"turns":7},{"damage":19,"enemies":"2 Thieves","floor":18,"turns":4},{"damage":18,"enemies":"Shell Parasite","floor":21,"turns":5},{"damage":36,"enemies":"Slavers","floor":27,"turns":3},{"damage":23,"enemies":"3 Cultists","floor":31,"turns":4},{"damage":73,"enemies":"Pondfish","floor":33,"turns":8},{"damage":18,"enemies":"Orb Walker","floor":35,"turns":4},{"damage":20,"enemies":"3 Shapes","floor":36,"turns":6},{"damage":87,"enemies":"Giant Head","floor":40,"turns":6}],"seed_played":"5990848277067858077","potions_obtained":[{"floor":4,"key":"CultistPotion"},{"floor":6,"key":"SkillPotion"},{"floor":12,"key":"GamblersBrew"},{"floor":14,"key":"Toxic Potion"},{"floor":16,"key":"ColorlessPotion"},{"floor":21,"key":"CultistPotion"},{"floor":22,"key":"ColorlessPotion"},{"floor":27,"key":"ColorlessPotion"},{"floor":31,"key":"StancePotion"},{"floor":33,"key":"PowerPotion"},{"floor":35,"key":"Swift Potion"},{"floor":36,"key":"SteroidPotion"}],"is_trial":false,"path_per_floor":["M","M","?","M","$","E","R","M","T","M","R","E","R","M","R","B",null,"M","?","?","M","?","R","$","R","T","E","R","$","?","M","R","B",null,"M","M","?","?","$","E"],"character_chosen":"WATCHER","items_purchased":["Onion Ring","Fire Potion","Juzu Bracelet"],"campfire_rested":7,"item_purchase_floors":[24,29,39],"current_hp_per_floor":[69,69,69,69,69,43,64,57,57,55,72,68,68,42,63,29,72,53,53,47,29,29,50,50,71,84,48,73,73,73,50,74,1,82,64,44,44,44,44,0,0],"gold":87,"neow_bonus":"ONE_RARE_RELIC","is_daily":false,"chose_seed":false,"campfire_upgraded":1,"win_rate":0.0,"timestamp":1612569344,"path_taken":["M","M","?","?","$","E","R","M","T","M","R","E","R","M","R","BOSS","M","?","?","M","?","R","$","R","T","E","R","$","?","M","R","BOSS","M","M","?","?","$","E"],"items_purchased_type":["Relic","Potion","Relic"],"build_version":"2020-12-22","purchased_purges":1,"victory":false,"max_hp_per_floor":[72,72,72,72,72,72,72,72,72,72,72,72,72,72,72,72,72,72,72,72,72,72,72,72,72,84,84,84,84,84,82,82,82,82,82,82,82,82,82,80,80],"card_choices":[{"not_picked":["CutThroughFate","Adaptation","EmptyBody"],"picked":"SKIP","floor":1},{"not_picked":["Conclude","WaveOfTheHand","CutThroughFate"],"picked":"SKIP","floor":2},{"not_picked":["Replay:AtTheReady","TalkToTheHand"],"picked":"Worship","floor":4},{"not_picked":["BowlingBash","Conclude","Replay:Hum"],"picked":"SKIP","floor":6},{"not_picked":["FollowUp","Protect","Crescendo"],"picked":"SKIP","floor":8},{"not_picked":["FearNoEvil","CrushJoints","JustLucky"],"picked":"SKIP","floor":10},{"not_picked":["EmptyBody","ReachHeaven"],"picked":"ConjureBlade","floor":12},{"not_picked":["Consecrate","SashWhip"],"picked":"CarveReality","floor":14},{"not_picked":["Scrawl","DevaForm"],"picked":"Alpha","floor":16},{"not_picked":["ThirdEye","FollowUp","Evaluate"],"picked":"SKIP","floor":18},{"not_picked":["Consecrate+1","SpiritShield"],"picked":"Replay:ManipulateFuture+1","floor":21},{"not_picked":["EmptyBody","LikeWater","JustLucky+1"],"picked":"SKIP","floor":27},{"not_picked":["FlurryOfBlows","ThirdEye","CrushJoints+1"],"picked":"SKIP","floor":31},{"not_picked":["Replay:AllIn","Ragnarok"],"picked":"Wish","floor":33},{"not_picked":["Indignation+1","Crescendo+1"],"picked":"Prostrate+1","floor":35},{"not_picked":["ThirdEye","Swivel+1","Replay:AtTheReady+1"],"picked":"SKIP","floor":36}],"player_experience":268447,"relics_obtained":[{"floor":3,"key":"Bronze Scales"},{"floor":6,"key":"reliquary:TuningFork"},{"floor":9,"key":"reliquary:Boomerang"},{"floor":12,"key":"GoldenEye"},{"floor":22,"key":"ReplayTheSpireMod:Ring of Exchange"},{"floor":22,"key":"ReplayTheSpireMod:Ring of Addiction"},{"floor":22,"key":"White Beast Statue"},{"floor":22,"key":"Chameleon Ring"},{"floor":26,"key":"Mango"},{"floor":27,"key":"Anchor"}],"event_choices":[{"damage_healed":0,"gold_gain":0,"player_choice":"Relic","damage_taken":0,"max_hp_gain":0,"max_hp_loss":0,"event_name":"Wheel of Change","floor":3,"gold_loss":0},{"damage_healed":0,"gold_gain":0,"player_choice":"Joined the Cult","damage_taken":6,"max_hp_gain":0,"max_hp_loss":0,"event_name":"Nest","floor":20,"gold_loss":0,"cards_obtained":["RitualDagger"]},{"damage_healed":0,"gold_gain":0,"player_choice":"Ignored","damage_taken":0,"max_hp_gain":0,"max_hp_loss":0,"event_name":"Tomb of Lord Red Mask","floor":37,"gold_loss":0},{"damage_healed":0,"gold_gain":0,"player_choice":"Copied","damage_taken":0,"max_hp_gain":0,"max_hp_loss":0,"event_name":"Duplicator","floor":38,"gold_loss":0,"cards_obtained":["Worship"]}],"is_beta":false,"boss_relics":[{"not_picked":["hubris:GrandSneckoEye","Fusion Hammer","ChewingGum"]},{"not_picked":["Snecko Eye","Replay:Ancient Bell"],"picked":"halation:Komachan"}],"items_purged_floors":[5],"is_endless":false,"potions_floor_spawned":[4,6,12,14,16,21,27,31,33,35,36],"killed_by":"Giant Head","ascension_level":4}}