{"host":"3vgzk5mhz751jdrj","time":1612501212,"event":{"mods":["2.2 Compatiblity","AchievementEnabler","Act Like it!","Aspiration","BaseMod","Better Altar","Better Match","Better Note","Better Sensory Stone","Better Skull","Better Third Choice","Block Reminder","CCEM2","Colored Map","Conspire","Curses Come First","Dark Map","Displayed Cursed Tome","Downfall","Friendly Minions","GifTheSpireLib","Halation","Hubris","Ironclad Rager","Marked Mod","Mimic Mod","Minty Spire (QoL Compilation)","Quick Restart","Rare Cards Sparkle","Replay The Spire","Reworked Bosses","Shop Mod","Smile Girya","Spicy Shops","Spikes Relics","Spire Arcade","StSLib","Stuff the Spire","Trackpad"],"gold_per_floor":[109,62,62,81,96,131,131,150,177,196,223,233,233,243,243,340,340,354,368,368,368,388,388,388],"floor_reached":23,"language":"ENG","playtime":1347,"items_purged":[],"score":205,"play_id":"b2406c0b-b11a-4802-93ee-3f8e748c8117","local_time":"20210205000012","is_ascension_mode":false,"campfire_choices":[{"data":"Replay:Bag of Tricks","floor":7.0,"key":"SMITH"},{"data":"theextravagant:GlyphOfTime","floor":13.0,"key":"SMITH"},{"data":"theextravagant:Urgency","floor":15.0,"key":"SMITH"}],"circlet_count":0,"master_deck":["theextravagant:SlyStrike","theextravagant:SlyStrike","theextravagant:Fence","theextravagant:Fence","theextravagant:Fence","theextravagant:Fence","theextravagant:QuickAttack","theextravagant:Triumph","theextravagant:Impulse","theextravagant:Shove","Replay:Bag of Tricks+1","theextravagant:Firework","theextravagant:SharpTalons","theextravagant:Drift","theextravagant:Urgency+1","theextravagant:Riot","theextravagant:GlyphOfTime+1","theextravagant:Firework","theextravagant:FocusStab","theextravagant:AuroraForm","theextravagant:Redemption","theextravagant:ShootingStar","theextravagant:SpiritBolt+1"],"relics":["theextravagant:TranslucentFeather","NeowsBlessing","Replay:PocketPolymizer","CCEMRelics:TechnogenicHelmet","Eternal Feather","Pondfish Scales","halation:LoveArrow","GremlinMask"],"acts_visited":["Exordium","TheCity"],"potions_floor_usage":[19,22,22,23],"damage_taken":[{"damage":0.0,"enemies":"Cultist","floor":1.0,"turns":1.0},{"damage":0.0,"enemies":"Jaw Worm","floor":4.0,"turns":1.0},{"damage":0.0,"enemies":"2 Louse","floor":5.0,"turns":1.0},{"damage":16.0,"enemies":"Replay:BlueRogue","floor":6.0,"turns":9.0},{"damage":0.0,"enemies":"Looter","floor":8.0,"turns":2.0},{"damage":0.0,"enemies":"Exordium Wildlife","floor":10.0,"turns":3.0},{"damage":18.0,"enemies":"Gremlin Nob","floor":11.0,"turns":3.0},{"damage":0.0,"enemies":"3 Louse","floor":12.0,"turns":3.0},{"damage":0.0,"enemies":"2 Fungi Beasts","floor":14.0,"turns":3.0},{"damage":9.0,"enemies":"Hexaghost","floor":16.0,"turns":6.0},{"damage":15.0,"enemies":"2 Thieves","floor":18.0,"turns":4.0},{"damage":43,"enemies":"Spheric Guardian","floor":19,"turns":6},{"damage":1,"enemies":"Snecko","floor":22,"turns":5},{"damage":18,"enemies":"conspire:Head Lice","floor":23,"turns":6}],"seed_played":"-3697127844330133689","potions_obtained":[{"floor":4.0,"key":"bronze:BurnAndBuffPotion"},{"floor":6.0,"key":"bronze:BurnAndBuffPotion"},{"floor":11.0,"key":"Guardian:BlockOnCardUsePotion"},{"floor":12.0,"key":"PowerPotion"},{"floor":16.0,"key":"Venom Potion"},{"floor":18.0,"key":"PowerPotion"},{"floor":19,"key":"Adrenaline Potion"},{"floor":21,"key":"LifebloodPotion"},{"floor":21,"key":"BlessingOfTheForge"}],"is_trial":false,"path_per_floor":["M","$","?","M","M","E","R","M","T","M","E","M","R","M","R","B",null,"M","M","?","?","M","E"],"character_chosen":"THE_EXTRAVAGANT","items_purchased":["theextravagant:Shove"],"campfire_rested":0,"item_purchase_floors":[2],"current_hp_per_floor":[75,75,56,56,56,40,49,49,49,49,31,31,40,40,52,43,75,60,17,17,17,16,0,0],"gold":388,"neow_bonus":"THREE_ENEMY_KILL","is_daily":false,"chose_seed":false,"campfire_upgraded":3,"win_rate":0.0,"timestamp":1612501212,"path_taken":["M","$","?","M","M","E","R","M","T","M","E","M","R","M","R","BOSS","M","M","?","?","?","E"],"items_purchased_type":["Card"],"build_version":"2020-12-22","purchased_purges":0,"victory":false,"max_hp_per_floor":[75,75,75,75,75,75,75,75,75,75,75,75,75,75,75,75,75,75,75,75,75,75,75,75],"card_choices":[{"not_picked":["theextravagant:SharpTalons","theextravagant:Masquerade"],"picked":"theextravagant:Impulse","floor":1.0},{"not_picked":["theextravagant:Defy","theextravagant:StepBack"],"picked":"theextravagant:Firework","floor":4.0},{"not_picked":["theextravagant:HeavyBlows","theextravagant:Repell"],"picked":"theextravagant:SharpTalons","floor":5.0},{"not_picked":["theextravagant:Shake","theextravagant:Glamour","theextravagant:GustOfWind"],"picked":"SKIP","floor":6.0},{"not_picked":["theextravagant:ManifestIllusion","theextravagant:Shove"],"picked":"theextravagant:Urgency","floor":8.0},{"not_picked":["theextravagant:Shake","theextravagant:Comeback"],"picked":"theextravagant:Riot","floor":10.0},{"not_picked":["theextravagant:PuffUp","theextravagant:Vintage"],"picked":"theextravagant:GlyphOfTime","floor":11.0},{"not_picked":["theextravagant:GlyphOfTime","theextravagant:PerfectTheBasics"],"picked":"theextravagant:Firework","floor":12.0},{"not_picked":["theextravagant:Shake","theextravagant:Tension"],"picked":"theextravagant:FocusStab","floor":14.0},{"not_picked":["theextravagant:RiskyStrike","theextravagant:TwilightTone"],"picked":"theextravagant:Redemption","floor":16.0},{"not_picked":["theextravagant:SpiritBolt","theextravagant:FocusStab+1"],"picked":"theextravagant:ShootingStar","floor":18.0},{"not_picked":["theextravagant:Clairvoyance","theextravagant:HeavyBlows+1"],"picked":"theextravagant:SpiritBolt+1","floor":19},{"not_picked":["theextravagant:Shove","theextravagant:Supersonic","theextravagant:GlyphOfTime"],"picked":"SKIP","floor":22}],"player_experience":436395,"relics_obtained":[{"floor":6.0,"key":"Eternal Feather"},{"floor":11.0,"key":"Pondfish Scales"}],"event_choices":[{"damage_healed":0.0,"max_hp_gain":0.0,"max_hp_loss":0.0,"gold_gain":1.0,"event_name":"betterThird:BetterScrap","player_choice":"Card Relic Relic ","floor":3.0,"gold_loss":0.0,"damage_taken":19.0,"cards_obtained":["Replay:Bag of Tricks","Replay:AllIn"]},{"damage_healed":0,"gold_gain":0,"player_choice":"Trade","damage_taken":0,"relics_obtained":["GremlinMask"],"max_hp_gain":0,"max_hp_loss":0,"event_name":"FaceTrader","floor":20,"gold_loss":0},{"damage_healed":0,"gold_gain":0,"player_choice":"Got Potions","damage_taken":0,"max_hp_gain":0,"max_hp_loss":0,"event_name":"Lab","floor":21,"gold_loss":0}],"is_beta":false,"boss_relics":[{"not_picked":["halation:HeavySnake","Calling Bell"],"picked":"halation:LoveArrow"}],"items_purged_floors":[],"is_endless":false,"potions_floor_spawned":[4,6,11,12,16,18,19],"killed_by":"conspire:Head Lice","ascension_level":0}}