{"host":"5rycm1ajjg5acc5q","time":1612493521,"event":{"mods":["BaseMod","Better Third Choice","Downfall","Highlight Path","Infinite Spire","Minty Spire (QoL Compilation)","Replay The Spire","StSLib"],"gold_per_floor":[110,121,121,121,136,136,15,15,15,38,4,4,4,37,37,160,160,174,89,102,102,180,180,194,194,194,208,208,5,5,21,21,142,142,160,180,198,33,33,33,58,58,58,121,142,157,157,157],"floor_reached":47,"language":"ENG","playtime":3696,"items_purged":[],"score":600,"play_id":"d984c95c-d419-477a-89ae-b8cb0c42687f","local_time":"20210204205201","is_ascension_mode":false,"campfire_choices":[{"data":"Dualcast","floor":6,"key":"SMITH"},{"floor":8,"key":"REST"},{"floor":12,"key":"RECALL"},{"floor":15,"key":"REST"},{"floor":23,"key":"REST"},{"data":"Coolheaded","floor":25,"key":"SMITH"},{"data":"ReplayTheSpireMod:Omega Cannon","floor":28,"key":"SMITH"},{"data":"Go for the Eyes","floor":30,"key":"SMITH"},{"data":"Iron Wave","floor":32,"key":"SMITH"},{"data":"Echo Form","floor":40,"key":"SMITH"},{"data":"All For One","floor":42,"key":"SMITH"}],"circlet_count":0,"master_deck":["Strike_B","Strike_B","Strike_B","Strike_B","Defend_B","Defend_B","Defend_B","Defend_B","Zap+1","Dualcast+1","Coolheaded+1","FTL","Blur+1","Melter+1","Reboot+1","Hologram+1","Sweeping Beam","Iron Wave+1","ReplayTheSpireMod:Omega Cannon+1","Blizzard+1","Go for the Eyes+1","infinitespire:Execution+1","Barrage","BootSequence+1","Scrape+1","Redo+1","Mirror Shield+1","Echo Form+1","Undo+1","Steam+1","All For One+1","Looming Evil","FIFO Queue+1","Doom and Gloom+1","Scrape+1","Beam Cell+1"],"relics":["Cracked Core","Golden Idol","Gremlin Food","Replay:Bottled Flurry","Sozu","infinitespire:Beetle Shell","Toxic Egg 2","infinitespire:Eraser","Eternal Feather","Blue Doll","Busted Crown","ReplayTheSpireMod:Ring of Exchange","ReplayTheSpireMod:Ring of Challenge","Frozen Egg 2","CaptainsWheel"],"acts_visited":["Exordium","TheCity","TheBeyond"],"potions_floor_usage":[33],"damage_taken":[{"damage":1,"enemies":"Jaw Worm","floor":1,"turns":3},{"damage":10,"enemies":"Small Slimes","floor":2,"turns":3},{"damage":0,"enemies":"Cultist","floor":5,"turns":3},{"damage":2,"enemies":"Blue Slaver","floor":10,"turns":2},{"damage":22,"enemies":"3 Sentries","floor":14,"turns":6},{"damage":38,"enemies":"The Guardian","floor":16,"turns":11},{"damage":0,"enemies":"2 Thieves","floor":18,"turns":1},{"damage":1,"enemies":"3 Byrds","floor":20,"turns":3},{"damage":7,"enemies":"Centurion and Healer","floor":24,"turns":6},{"damage":5,"enemies":"3 Cultists","floor":27,"turns":3},{"damage":2,"enemies":"Snake Plant","floor":31,"turns":3},{"damage":69,"enemies":"Collector","floor":33,"turns":8},{"damage":0,"enemies":"Orb Walker","floor":35,"turns":3},{"damage":6,"enemies":"3 Shapes","floor":36,"turns":4},{"damage":0,"enemies":"Transient","floor":37,"turns":5},{"damage":0,"enemies":"4 Shapes","floor":41,"turns":2},{"damage":0,"enemies":"Mind Bloom Boss Battle","floor":44,"turns":8},{"damage":21,"enemies":"Writhing Mass","floor":45,"turns":7},{"damage":46,"enemies":"3 Darklings","floor":46,"turns":3},{"damage":11,"enemies":"Reptomancer","floor":47,"turns":2}],"seed_played":"7784516858239846866","potions_obtained":[{"floor":1,"key":"GamblersBrew"},{"floor":16,"key":"Weak Potion"}],"is_trial":false,"path_per_floor":["M","M","?","?","M","R","$","R","T","M","$","R","?","E","R","B",null,"M","?","M","AVR","?","R","M","R","T","M","R","$","R","M","R","B",null,"M","M","M","$","?","R","M","R","T","?","M","M","E"],"character_chosen":"DEFECT","items_purchased":["Reboot+1","Sweeping Beam","Blue Doll","Redo+1","Steam+1","All For One"],"campfire_rested":3,"item_purchase_floors":[7,11,29,29,38,38],"current_hp_per_floor":[74,64,46,37,37,37,37,59,59,57,57,57,57,35,57,19,75,75,75,74,74,44,66,59,59,59,54,69,69,75,73,75,6,75,75,69,69,69,69,75,75,75,75,75,54,8,0,0],"gold":157,"neow_bonus":"UPGRADE_CARD","is_daily":false,"chose_seed":false,"campfire_upgraded":7,"win_rate":0.0,"timestamp":1612493521,"path_taken":["M","M","?","?","M","R","$","R","T","M","?","R","?","E","R","BOSS","M","?","M","AVR","?","R","M","R","T","M","R","$","R","M","R","BOSS","M","M","M","$","?","R","M","R","T","?","M","M","E"],"items_purchased_type":["Card","Card","Relic","Card","Card","Card"],"build_version":"2020-12-22","purchased_purges":0,"victory":false,"max_hp_per_floor":[75,75,75,75,75,75,75,75,75,75,75,75,75,75,75,75,75,75,75,75,75,75,75,75,75,75,75,75,75,75,75,75,75,75,75,75,75,75,75,75,75,75,75,75,75,75,75,75],"card_choices":[{"not_picked":["Panic Button","Streamline"],"picked":"Coolheaded","floor":1},{"not_picked":["Coolheaded","Defragment"],"picked":"FTL","floor":2},{"not_picked":["Rebound","Redo"],"picked":"Melter","floor":5},{"not_picked":["Storm","Streamline"],"picked":"Hologram","floor":10},{"not_picked":["Compile Driver","Gash","Leap"],"picked":"SKIP","floor":14},{"not_picked":["Thunder Strike","ReplayTheSpireMod:Fabricate Wheel"],"picked":"ReplayTheSpireMod:Omega Cannon","floor":16},{"not_picked":["Ball Lightning","Time Bomb"],"picked":"Blizzard+1","floor":18},{"not_picked":["Stack","Storm+1"],"picked":"Go for the Eyes","floor":20},{"not_picked":["Redo+1","Streamline"],"picked":"Barrage","floor":22},{"not_picked":["Lockon","Tempest+1"],"picked":"BootSequence+1","floor":24},{"not_picked":["Hello World","Beam Cell"],"picked":"Scrape+1","floor":27},{"not_picked":["Steam Power+1","Steam+1"],"picked":"Mirror Shield+1","floor":31},{"not_picked":["Electrodynamics","Rainbow+1"],"picked":"Echo Form","floor":33},{"not_picked":["Ball Lightning"],"picked":"SKIP","floor":35},{"not_picked":[],"picked":"Undo+1","floor":36},{"not_picked":["Streamline+1"],"picked":"SKIP","floor":37},{"not_picked":[],"picked":"FIFO Queue+1","floor":41},{"not_picked":[],"picked":"Doom and Gloom+1","floor":44},{"not_picked":[],"picked":"Scrape+1","floor":45},{"not_picked":[],"picked":"Beam Cell+1","floor":46}],"player_experience":151232,"relics_obtained":[{"floor":14,"key":"Replay:Bottled Flurry"},{"floor":22,"key":"infinitespire:Eraser"},{"floor":26,"key":"Eternal Feather"},{"floor":39,"key":"ReplayTheSpireMod:Ring of Exchange"},{"floor":39,"key":"ReplayTheSpireMod:Ring of Challenge"},{"floor":43,"key":"Frozen Egg 2"},{"floor":44,"key":"CaptainsWheel"}],"event_choices":[{"damage_healed":0,"gold_gain":0,"player_choice":"Take Damage","damage_taken":18,"relics_obtained":["Golden Idol"],"max_hp_gain":0,"max_hp_loss":0,"event_name":"Golden Idol","floor":3,"gold_loss":0},{"cards_removed":["Sweeping Beam"],"damage_healed":0,"gold_gain":0,"player_choice":"Took Card","damage_taken":0,"max_hp_gain":0,"max_hp_loss":0,"event_name":"NoteForYourself","floor":13,"gold_loss":0,"cards_obtained":["Iron Wave"]},{"damage_healed":0,"gold_gain":0,"player_choice":"Obtained Relic","damage_taken":0,"relics_obtained":["infinitespire:Beetle Shell"],"max_hp_gain":0,"max_hp_loss":0,"event_name":"Addict","floor":19,"gold_loss":85},{"damage_healed":0,"gold_gain":0,"player_choice":"Fight","damage_taken":0,"max_hp_gain":0,"max_hp_loss":0,"event_name":"MindBloom","floor":44,"gold_loss":0}],"is_beta":false,"boss_relics":[{"not_picked":["ReplayTheSpireMod:DimensionalGlitch","Coffee Dripper"],"picked":"Sozu"},{"not_picked":["Abe\u0027s Treasure","SacredBark"],"picked":"Busted Crown"}],"items_purged_floors":[],"is_endless":false,"potions_floor_spawned":[1,16,24,27,31,35,44,45,46],"killed_by":"Reptomancer","ascension_level":0}}