{"host":"aaqofma31c3gm2hj","time":1612517381,"event":{"mods":["BaseMod","GungeonMod","Minty Spire (QoL Compilation)","Replay The Spire","Spicy Shops","StSLib"],"gold_per_floor":[111,186,26,26,45,76,76,95,129,129,129,129,149,164,179,238,250,269,269,343,343,358,358,358,376,2,18,18,37,37,66,66,66,66,100,115,126,151,165,165,165,237,237,255,309,91,91,116,127,27,55,55,80,96,110,110,187,220,231,251,269,281,281,281,281,281,281,281,281,28,58,58],"floor_reached":73,"language":"ZHS","playtime":3430,"items_purged":["Strike_B","ReplayTheSpireMod:Repulse","Strike_B","Defend_B"],"score":3487,"play_id":"14a29fc7-7a89-4272-929e-8d930ec42485","local_time":"20210205172941","is_ascension_mode":true,"campfire_choices":[{"data":"Seek","floor":7.0,"key":"SMITH"},{"data":"Sunder","floor":12.0,"key":"SMITH"},{"data":"Dualcast","floor":19.0,"key":"SMITH"},{"data":"Apotheosis","floor":28.0,"key":"SMITH"},{"floor":30.0,"key":"RECALL"},{"data":"Skim","floor":40.0,"key":"SMITH"},{"data":"Heatsinks","floor":52.0,"key":"SMITH"},{"data":"Reboot","floor":56.0,"key":"SMITH"},{"floor":64.0,"key":"REST"},{"data":"Reboot","floor":69.0,"key":"SMITH"}],"circlet_count":0,"master_deck":["AscendersBane","Zap","Dualcast+1","Seek+1","Sunder+1","Cold Snap","Skim+1","Electrodynamics","Force Field+1","Double Energy+1","Biased Cognition+1","Biased Cognition+1","Recycle","Apotheosis+1","Turbo","Coolheaded","Glacier+1","Reboot+1","Mirror Shield","Gash","Capacitor","Coolheaded+1","Heatsinks+1","Fission","Skim","Reboot+1","Hologram+1","Turbo","Defragment","Crystallizer","Midas Touch","Purity","Storm"],"relics":["Cracked Core","NeowsBlessing","OrangePellets","Bird Faced Urn","Vajra","ReplayTheSpireMod:TigerMarble","Replay:Bottled Flurry","DemoMod:PinkGuonStone","Astrolabe","ReplayTheSpireMod:ShopPack","Anchor","Prayer Wheel","Incense Burner","Chameleon Ring","Strawberry","The Courier","Empty Cage","Prayer Wheel","Medical Kit","Unceasing Top","Prayer Wheel","Kunai","Pantograph","DemoMod:ChaffGrenade","Mummified Hand","Membership Card","DemoMod:GlassGuonStoneRelic","DemoMod:MemoryAlloy"],"acts_visited":["Exordium","TheCity","TheBeyond","TheEnding"],"potions_floor_usage":[72,72],"damage_taken":[{"damage":0.0,"enemies":"Small Slimes","floor":1.0,"turns":1.0},{"damage":0.0,"enemies":"Jaw Worm","floor":5.0,"turns":1.0},{"damage":0.0,"enemies":"Lagavulin","floor":6.0,"turns":1.0},{"damage":0.0,"enemies":"Cultist","floor":8.0,"turns":3.0},{"damage":23.0,"enemies":"3 Sentries","floor":9.0,"turns":7.0},{"damage":0.0,"enemies":"Looter","floor":13.0,"turns":2.0},{"damage":2.0,"enemies":"2 Fungi Beasts","floor":14.0,"turns":2.0},{"damage":0.0,"enemies":"Lots of Slimes","floor":15.0,"turns":1.0},{"damage":9.0,"enemies":"Gremlin Nob","floor":16.0,"turns":3.0},{"damage":2.0,"enemies":"Looter","floor":17.0,"turns":3.0},{"damage":7.0,"enemies":"Red Slaver","floor":18.0,"turns":2.0},{"damage":12.0,"enemies":"The Guardian","floor":20.0,"turns":12.0},{"damage":0.0,"enemies":"3 Byrds","floor":22.0,"turns":1.0},{"damage":7.0,"enemies":"2 Thieves","floor":25.0,"turns":2.0},{"damage":0.0,"enemies":"3 Cultists","floor":27.0,"turns":3.0},{"damage":3.0,"enemies":"Snecko","floor":29.0,"turns":4.0},{"damage":21.0,"enemies":"Slavers","floor":31.0,"turns":2.0},{"damage":0.0,"enemies":"Gremlin Leader","floor":35.0,"turns":4.0},{"damage":9.0,"enemies":"Snake Plant","floor":36.0,"turns":3.0},{"damage":0.0,"enemies":"Centurion and Healer","floor":37.0,"turns":4.0},{"damage":13.0,"enemies":"Replay:Snechameleon","floor":38.0,"turns":5.0},{"damage":0.0,"enemies":"Sentry and Sphere","floor":39.0,"turns":3.0},{"damage":22.0,"enemies":"Automaton","floor":42.0,"turns":11.0},{"damage":0.0,"enemies":"3 Darklings","floor":44.0,"turns":3.0},{"damage":2.0,"enemies":"2 Orb Walkers","floor":45.0,"turns":6.0},{"damage":25.0,"enemies":"Mind Bloom Boss Battle","floor":48.0,"turns":8.0},{"damage":0.0,"enemies":"3 Shapes","floor":49.0,"turns":4.0},{"damage":13.0,"enemies":"R_Hoarder","floor":51.0,"turns":14.0},{"damage":0.0,"enemies":"Giant Head","floor":53.0,"turns":6.0},{"damage":0.0,"enemies":"Sphere and 2 Shapes","floor":54.0,"turns":2.0},{"damage":0.0,"enemies":"Maw","floor":55.0,"turns":6.0},{"damage":0.0,"enemies":"Reptomancer","floor":58.0,"turns":4.0},{"damage":0.0,"enemies":"Jaw Worm Horde","floor":59.0,"turns":2.0},{"damage":0.0,"enemies":"Writhing Mass","floor":60.0,"turns":3.0},{"damage":0.0,"enemies":"4 Shapes","floor":61.0,"turns":1.0},{"damage":0.0,"enemies":"Sphere and 2 Shapes","floor":62.0,"turns":3.0},{"damage":0.0,"enemies":"Awakened One","floor":66.0,"turns":5.0},{"damage":0.0,"enemies":"Donu and Deca","floor":67.0,"turns":3.0},{"damage":11,"enemies":"Shield and Spear","floor":71,"turns":2},{"damage":41,"enemies":"The Heart","floor":72,"turns":5}],"seed_played":"-4198900970188943299","potions_obtained":[{"floor":1.0,"key":"Fruit Juice"},{"floor":14.0,"key":"Toxic Potion"},{"floor":15.0,"key":"Energy Potion"},{"floor":16.0,"key":"DistilledChaos"},{"floor":20.0,"key":"DemoMod:LeadSkinPotion"},{"floor":22.0,"key":"SkillPotion"},{"floor":34.0,"key":"Fruit Juice"},{"floor":34.0,"key":"Swift Potion"},{"floor":37.0,"key":"DuplicationPotion"},{"floor":39.0,"key":"Explosive Potion"},{"floor":44.0,"key":"AttackPotion"},{"floor":48.0,"key":"Ancient Potion"},{"floor":51.0,"key":"ColorlessPotion"}],"is_trial":false,"path_per_floor":["M","?","$","?","M","E","R","M","E","T","T","R","M","M","M","?","M","M","R","B",null,"M","?","?","M","$","M","R","M","R","E","T","T","R","E","M","M","E","M","R","R","B",null,"M","?","$","?","?","M","$","E","R","E","M","M","R","T","E","M","M","M","M","?","R","R","B","B",null,"R","$","E","B",null],"character_chosen":"DEFECT","items_purchased":["OrangePellets","ReplayTheSpireMod:ShopPack","Anchor","Medical Kit","Membership Card","PowerPotion"],"campfire_rested":1,"item_purchase_floors":[3,26,26,46,70,70],"current_hp_per_floor":[64,53,53,53,53,53,53,53,30,30,30,30,32,30,30,33,31,24,24,12,65,69,69,69,68,68,78,78,79,79,64,64,64,71,84,79,85,76,82,82,82,66,89,95,95,95,92,75,83,83,78,78,88,92,92,92,92,92,92,92,92,92,87,92,92,92,92,92,92,92,92,92],"gold":58,"neow_bonus":"THREE_ENEMY_KILL","is_daily":false,"chose_seed":false,"campfire_upgraded":8,"win_rate":0.0,"timestamp":1612517381,"path_taken":["M","?","$","?","M","E","R","M","E","T","T","R","?","M","M","?","M","M","R","BOSS","M","?","?","?","$","M","R","M","R","E","T","T","R","E","M","M","E","M","R","R","BOSS","M","?","$","?","?","M","?","E","R","E","M","M","R","T","E","M","M","M","?","?","R","R","BOSS","BOSS","R","$","E","BOSS"],"items_purchased_type":["Relic","Relic","Relic","Relic","Relic","Potion"],"build_version":"2020-12-22","purchased_purges":4,"victory":true,"max_hp_per_floor":[71,71,71,71,71,71,71,71,71,71,71,71,71,71,71,83,83,83,83,83,83,83,83,83,83,83,83,83,83,83,83,83,83,90,97,97,97,97,97,97,97,97,97,97,97,97,92,92,92,92,92,92,92,92,92,92,92,92,92,92,92,92,92,92,92,92,92,92,92,92,92,92],"card_choices":[{"not_picked":["Gash","Compile Driver"],"picked":"Ball Lightning","floor":1.0},{"not_picked":["Genetic Algorithm","ReplaySort"],"picked":"Seek","floor":5.0},{"not_picked":["Panic Button","Conserve Battery","Multi-Cast"],"picked":"SKIP","floor":6.0},{"not_picked":["Go for the Eyes","Redo"],"picked":"Sunder","floor":8.0},{"not_picked":["Gash","Sunder"],"picked":"Cold Snap","floor":9.0},{"not_picked":["Beam Cell","Gash","Sweeping Beam"],"picked":"SKIP","floor":13.0},{"not_picked":["Panic Button","ReplayTheSpireMod:Repulse","Doom and Gloom"],"picked":"SKIP","floor":14.0},{"not_picked":["Panic Button","Streamline"],"picked":"Ball Lightning","floor":15.0},{"not_picked":["Amplify","Chaos"],"picked":"Skim","floor":17.0},{"not_picked":["Ball Lightning","Compile Driver","Tempest"],"picked":"SKIP","floor":18.0},{"not_picked":["Creative AI","Rainbow"],"picked":"Electrodynamics","floor":20.0},{"not_picked":["Sweeping Beam","ReplayTheSpireMod:GoodbyeWorld"],"picked":"ReplayTheSpireMod:Repulse","floor":22.0},{"not_picked":["Compile Driver","Leap"],"picked":"Recycle","floor":25.0},{"not_picked":["Chrysalis","Sadistic Nature"],"picked":"Apotheosis","floor":26.0},{"not_picked":["Stack","Cold Snap","Ball Lightning"],"picked":"SKIP","floor":27.0},{"not_picked":["Go for the Eyes+1","Compile Driver"],"picked":"Turbo","floor":29.0},{"not_picked":["Tempest","Doom and Gloom","Ball Lightning"],"picked":"SKIP","floor":31.0},{"not_picked":["ReplayTheSpireMod:Calculation Training","Go for the Eyes"],"picked":"Coolheaded","floor":35.0},{"not_picked":["ReplayTheSpireMod:System Scan+1","Barrage","Reprogram"],"picked":"SKIP","floor":36.0},{"not_picked":["Recycle","Cold Snap","Rebound"],"picked":"SKIP","floor":36.0},{"not_picked":["Stack","Genetic Algorithm","Sweeping Beam"],"picked":"SKIP","floor":37.0},{"not_picked":["Conserve Battery","Cold Snap","Beam Cell"],"picked":"SKIP","floor":37.0},{"not_picked":["Meteor Strike","Steam","Ball Lightning"],"picked":"SKIP","floor":38.0},{"not_picked":["Defragment","Sunder"],"picked":"Glacier+1","floor":39.0},{"not_picked":["ReplayTheSpireMod:Reroute Power","BasicCrystalCard","Streamline"],"picked":"SKIP","floor":39.0},{"not_picked":["Fission","Multi-Cast"],"picked":"Mirror Shield","floor":42.0},{"not_picked":["Steam+1","BootSequence+1"],"picked":"Gash","floor":44.0},{"not_picked":["Hologram","Redo","Capacitor"],"picked":"SKIP","floor":44.0},{"not_picked":["Hologram","Redo"],"picked":"Capacitor","floor":44.0},{"not_picked":["Fusion","Redo"],"picked":"Coolheaded+1","floor":49.0},{"not_picked":["Glacier","Redo+1","Thunder Strike"],"picked":"SKIP","floor":49.0},{"not_picked":["BasicCrystalCard","Coolheaded","Reprogram"],"picked":"SKIP","floor":49.0},{"not_picked":["Genetic Algorithm","Go for the Eyes"],"picked":"Heatsinks","floor":51.0},{"not_picked":["Fusion+1","Loop"],"picked":"Fission","floor":53.0},{"not_picked":["Go for the Eyes","Redo+1"],"picked":"Skim","floor":54.0},{"not_picked":["Doom and Gloom","Undo","Coolheaded+1"],"picked":"SKIP","floor":54.0},{"not_picked":["Steam","Blizzard+1","Beam Cell+1"],"picked":"SKIP","floor":54.0},{"not_picked":["Rip and Tear","ReplayTheSpireMod:Reroute Power","Storm"],"picked":"SKIP","floor":54.0},{"not_picked":["Hologram","Scrape"],"picked":"Reboot","floor":55.0},{"not_picked":["Blizzard","Streamline"],"picked":"Hologram+1","floor":55.0},{"not_picked":["Storm","Beam Cell","Steam+1"],"picked":"SKIP","floor":55.0},{"not_picked":["Rip and Tear","Hologram+1","Sweeping Beam+1"],"picked":"SKIP","floor":55.0},{"not_picked":["BasicCrystalCard","Conserve Battery","Meteor Strike"],"picked":"SKIP","floor":58.0},{"not_picked":["Panic Button","Coolheaded"],"picked":"Turbo","floor":59.0},{"not_picked":["BasicCrystalCard","Auto Shields","Darkness"],"picked":"SKIP","floor":59.0},{"not_picked":["Stack","Steam","Recycle"],"picked":"SKIP","floor":59.0},{"not_picked":["Compile Driver+1","Double Energy","Redo+1"],"picked":"SKIP","floor":59.0},{"not_picked":["Conserve Battery","Panic Button","FTL"],"picked":"SKIP","floor":60.0},{"not_picked":["Fusion","Conserve Battery","Stack"],"picked":"SKIP","floor":60.0},{"not_picked":["Coolheaded+1","Compile Driver","Chaos+1"],"picked":"SKIP","floor":60.0},{"not_picked":["Sunder","Scrape","Thunder Strike"],"picked":"SKIP","floor":60.0},{"not_picked":["Skim","Steam+1"],"picked":"Defragment","floor":61.0},{"not_picked":["Rebound","Streamline","BasicCrystalCard"],"picked":"SKIP","floor":61.0},{"not_picked":["Static Discharge","Storm","Leap+1"],"picked":"SKIP","floor":61.0},{"not_picked":["Force Field","Rebound","Leap"],"picked":"SKIP","floor":61.0},{"not_picked":["Aggregate","Meteor Strike"],"picked":"Crystallizer","floor":62.0},{"not_picked":["Conserve Battery","Leap","Turbo"],"picked":"SKIP","floor":62.0},{"not_picked":["FTL","Rebound","Steam"],"picked":"SKIP","floor":62.0},{"not_picked":["ReplayTheSpireMod:Reroute Power","Compile Driver","Consume+1"],"picked":"SKIP","floor":62.0},{"not_picked":["Apotheosis","Survey Options"],"picked":"Midas Touch","floor":63.0},{"not_picked":["Trip","Panache"],"picked":"Purity","floor":63.0},{"not_picked":["Ball Lightning","Gash+1","Coolheaded"],"picked":"SKIP","floor":71}],"player_experience":651419,"relics_obtained":[{"floor":6.0,"key":"Bird Faced Urn"},{"floor":9.0,"key":"Vajra"},{"floor":10.0,"key":"ReplayTheSpireMod:TigerMarble"},{"floor":11.0,"key":"Replay:Bottled Flurry"},{"floor":16.0,"key":"DemoMod:PinkGuonStone"},{"floor":31.0,"key":"Incense Burner"},{"floor":33.0,"key":"Chameleon Ring"},{"floor":35.0,"key":"Strawberry"},{"floor":38.0,"key":"The Courier"},{"floor":45.0,"key":"Prayer Wheel"},{"floor":48.0,"key":"Unceasing Top"},{"floor":51.0,"key":"Kunai"},{"floor":53.0,"key":"Pantograph"},{"floor":57.0,"key":"DemoMod:ChaffGrenade"},{"floor":58.0,"key":"Mummified Hand"},{"floor":71,"key":"DemoMod:MemoryAlloy"}],"event_choices":[{"damage_healed":0.0,"max_hp_gain":0.0,"max_hp_loss":0.0,"gold_gain":75.0,"event_name":"World of Goop","player_choice":"Gather Gold","floor":2.0,"gold_loss":0.0,"damage_taken":11.0},{"damage_healed":0.0,"max_hp_gain":0.0,"max_hp_loss":0.0,"gold_gain":0.0,"event_name":"Dead Adventurer","player_choice":"Searched \u00271\u0027 times","floor":16.0,"gold_loss":0.0,"damage_taken":0.0},{"damage_healed":0.0,"max_hp_gain":0.0,"max_hp_loss":0.0,"gold_gain":0.0,"event_name":"Vampires","player_choice":"Ignored","floor":23.0,"gold_loss":0.0,"damage_taken":0.0},{"damage_healed":0.0,"max_hp_gain":0.0,"max_hp_loss":0.0,"gold_gain":0.0,"event_name":"Duplicator","player_choice":"Copied","floor":24.0,"gold_loss":0.0,"damage_taken":0.0,"cards_obtained":["Biased Cognition"]},{"damage_healed":0.0,"max_hp_gain":0.0,"max_hp_loss":0.0,"gold_gain":0.0,"event_name":"Mysterious Sphere","player_choice":"Fight","floor":45.0,"gold_loss":0.0,"damage_taken":0.0},{"damage_healed":0.0,"max_hp_gain":0.0,"max_hp_loss":5.0,"gold_gain":0.0,"event_name":"Winding Halls","player_choice":"Max HP","floor":47.0,"gold_loss":0.0,"damage_taken":0.0},{"damage_healed":0.0,"max_hp_gain":0.0,"max_hp_loss":0.0,"gold_gain":0.0,"event_name":"MindBloom","player_choice":"Fight","floor":48.0,"gold_loss":0.0,"damage_taken":0.0},{"damage_healed":0.0,"max_hp_gain":0.0,"max_hp_loss":0.0,"gold_gain":0.0,"event_name":"SensoryStone","player_choice":"Memory 2","floor":63.0,"gold_loss":0.0,"damage_taken":5.0}],"is_beta":false,"boss_relics":[{"not_picked":["FrozenCore","Replay:Bronze Core"],"picked":"Astrolabe"},{"not_picked":["Busted Crown","ChewingGum"],"picked":"Empty Cage"}],"items_purged_floors":[26,46,50,70],"is_endless":false,"potions_floor_spawned":[1,14,15,16,20,22,27,37,39,44,45,48,51,58,59],"ascension_level":20}}