{"host":"jwbw4f4imxd0v0b0","time":1612512477,"event":{"mods":["BaseMod","Colored Map","Highlight Path","Minty Spire (QoL Compilation)","Relic Stats","StSLib"],"gold_per_floor":[112,187,152,152,171,171,183,183,183,213,241,255,289,303,303,303,303],"floor_reached":16,"language":"ENG","playtime":661,"items_purged":[],"score":220,"play_id":"ea9a900f-6f94-49e4-a9d8-73d71fbf854a","local_time":"20210205020757","is_ascension_mode":true,"campfire_choices":[{"data":"White Noise","floor":6.0,"key":"SMITH"},{"data":"Sunder","floor":8.0,"key":"SMITH"},{"data":"Capacitor","floor":15.0,"key":"SMITH"}],"circlet_count":0,"master_deck":["AscendersBane","Strike_B","Strike_B","Strike_B","Defend_B","Defend_B","Defend_B","Defend_B","Zap","Dualcast","Capacitor+1","White Noise+1","Sunder+1","Barrage","Genetic Algorithm","Auto Shields","Ball Lightning","Coolheaded"],"relics":["Cracked Core","Symbiotic Virus","Odd Mushroom","Singing Bowl","Pen Nib"],"acts_visited":["Exordium"],"potions_floor_usage":[16],"damage_taken":[{"damage":2.0,"enemies":"Jaw Worm","floor":1.0,"turns":3.0},{"damage":3.0,"enemies":"Small Slimes","floor":5.0,"turns":4.0},{"damage":0.0,"enemies":"Cultist","floor":7.0,"turns":3.0},{"damage":0.0,"enemies":"The Mushroom Lair","floor":10.0,"turns":2.0},{"damage":25.0,"enemies":"Lagavulin","floor":11.0,"turns":6.0},{"damage":8.0,"enemies":"Large Slime","floor":12.0,"turns":4.0},{"damage":22.0,"enemies":"Gremlin Nob","floor":13.0,"turns":4.0},{"damage":8.0,"enemies":"3 Louse","floor":14.0,"turns":3.0},{"damage":14,"enemies":"Hexaghost","floor":16,"turns":7}],"seed_played":"-6431305056560232506","potions_obtained":[{"floor":5.0,"key":"AttackPotion"},{"floor":7.0,"key":"ColorlessPotion"},{"floor":11.0,"key":"Block Potion"},{"floor":14.0,"key":"ColorlessPotion"}],"is_trial":false,"path_per_floor":["M","?","?","?","M","R","M","R","T","?","E","M","E","M","R","B"],"character_chosen":"DEFECT","items_purchased":[],"campfire_rested":0,"item_purchase_floors":[],"current_hp_per_floor":[69,58,77,77,74,74,74,74,74,74,49,41,19,11,11,0,0],"gold":303,"neow_bonus":"TEN_PERCENT_HP_BONUS","is_daily":false,"chose_seed":false,"campfire_upgraded":3,"win_rate":0.0,"timestamp":1612512477,"path_taken":["M","?","?","?","M","R","?","R","T","?","E","M","E","M","R","BOSS"],"items_purchased_type":[],"build_version":"2020-12-22","purchased_purges":0,"victory":false,"max_hp_per_floor":[78,78,78,78,78,78,78,78,78,78,78,78,78,78,78,78,78],"relic_stats":{"Singing Bowl":0,"counters":[9,36],"Pen Nib":[1],"obtain_stats":[{"Singing Bowl":11,"Pen Nib":13,"Odd Mushroom":10,"Cracked Core":0,"Symbiotic Virus":9},{"Singing Bowl":5,"Pen Nib":7,"Odd Mushroom":4,"Cracked Core":0,"Symbiotic Virus":3},{"Singing Bowl":18,"Pen Nib":26,"Odd Mushroom":12,"Cracked Core":0,"Symbiotic Virus":10}]},"card_choices":[{"not_picked":["Barrage","Stack"],"picked":"Capacitor","floor":1.0},{"not_picked":["Rebound","Go for the Eyes"],"picked":"White Noise","floor":5.0},{"not_picked":["Sweeping Beam","Conserve Battery"],"picked":"Sunder","floor":7.0},{"not_picked":["Sweeping Beam","Multi-Cast"],"picked":"Barrage","floor":10.0},{"not_picked":["Hello World","Reinforced Body"],"picked":"Genetic Algorithm","floor":11.0},{"not_picked":["Steam Power","Stack"],"picked":"Auto Shields","floor":12.0},{"not_picked":["Aggregate","Beam Cell"],"picked":"Ball Lightning","floor":13.0},{"not_picked":["Sunder","Chill"],"picked":"Coolheaded","floor":14.0}],"player_experience":1208056,"relics_obtained":[{"floor":9.0,"key":"Symbiotic Virus"},{"floor":10.0,"key":"Odd Mushroom"},{"floor":11.0,"key":"Singing Bowl"},{"floor":13.0,"key":"Pen Nib"}],"event_choices":[{"damage_healed":0.0,"max_hp_gain":0.0,"max_hp_loss":0.0,"gold_gain":75.0,"event_name":"World of Goop","player_choice":"Gather Gold","floor":2.0,"gold_loss":0.0,"damage_taken":11.0},{"damage_healed":19.0,"max_hp_gain":0.0,"max_hp_loss":0.0,"gold_gain":0.0,"event_name":"The Cleric","player_choice":"Healed","floor":3.0,"gold_loss":35.0,"damage_taken":0.0},{"cards_removed":["Strike_B"],"damage_healed":0.0,"max_hp_gain":0.0,"max_hp_loss":0.0,"gold_gain":0.0,"event_name":"Purifier","player_choice":"Purged","floor":4.0,"gold_loss":0.0,"damage_taken":0.0},{"damage_healed":0.0,"max_hp_gain":0.0,"max_hp_loss":0.0,"gold_gain":0.0,"event_name":"Mushrooms","player_choice":"Fought Mushrooms","floor":10.0,"gold_loss":0.0,"damage_taken":0.0}],"is_beta":false,"boss_relics":[],"items_purged_floors":[],"is_endless":false,"potions_floor_spawned":[5,7,11,14],"killed_by":"Hexaghost","ascension_level":20}}