{"host":"vex7walpoxzv48nx","time":1612552578,"event":{"mods":["AchievementEnabler","BaseMod","Bestiary","Highlight Path","Minty Spire (QoL Compilation)","Permanent Neow","Quick Restart","Relic Stats","StSLib","UnlockEverythingMod"],"gold_per_floor":[230,116,136,152,36,36,36,64,64,87,87,112,124,135,148,148,225,225,243,253,269,286,12,12,40,40,64,64,9,23,23,36,36,110,110,128,140,140,157,157,157,177,51,131,150,202,219,219,50,50,50,50],"floor_reached":50,"language":"ENG","playtime":4541,"items_purged":["Defend_B","Strike_B","Auto Shields"],"score":977,"play_id":"c226ee94-0757-43a8-8bbf-b058c9d30d3e","local_time":"20210205201618","is_ascension_mode":true,"campfire_choices":[{"data":"Static Discharge","floor":6,"key":"SMITH"},{"data":"Glacier","floor":8,"key":"SMITH"},{"data":"Zap","floor":10,"key":"SMITH"},{"floor":15,"key":"REST"},{"floor":23,"key":"REST"},{"floor":27,"key":"REST"},{"data":"Echo Form","floor":30,"key":"SMITH"},{"floor":32,"key":"REST"},{"floor":40,"key":"REST"},{"floor":47,"key":"REST"},{"floor":49,"key":"REST"}],"circlet_count":0,"master_deck":["AscendersBane","Defend_B+1","Defend_B+1","Zap+1","Dualcast","Go for the Eyes+1","Glacier+1","Static Discharge+1","Ball Lightning","Genetic Algorithm","Streamline","Sweeping Beam","Echo Form+1","Ball Lightning+1","Melter+1","Go for the Eyes+1","Coolheaded","Chill","Defragment","Turbo","Necronomicurse","Skim","Conserve Battery","Seek","Ball Lightning+1","Ball Lightning","Capacitor","FTL","Coolheaded","Stack"],"relics":["Cracked Core","War Paint","Ancient Tea Set","Smiling Mask","Astrolabe","Art of War","Bronze Scales","Necronomicon","Regal Pillow","Sozu","Anchor","Frozen Eye"],"acts_visited":["Exordium","TheCity","TheBeyond"],"potions_floor_usage":[7,11,14,16,16,18,24,24,33,38],"damage_taken":[{"damage":2,"enemies":"Jaw Worm","floor":1,"turns":3},{"damage":1,"enemies":"Cultist","floor":2,"turns":3},{"damage":12,"enemies":"Small Slimes","floor":3,"turns":3},{"damage":4,"enemies":"Lagavulin","floor":7,"turns":7},{"damage":18,"enemies":"Gremlin Nob","floor":11,"turns":4},{"damage":4,"enemies":"Exordium Wildlife","floor":12,"turns":4},{"damage":0,"enemies":"Blue Slaver","floor":13,"turns":3},{"damage":0,"enemies":"Exordium Thugs","floor":14,"turns":3},{"damage":26,"enemies":"Slime Boss","floor":16,"turns":9},{"damage":16,"enemies":"Shell Parasite","floor":18,"turns":2},{"damage":4,"enemies":"3 Byrds","floor":19,"turns":2},{"damage":10,"enemies":"3 Cultists","floor":20,"turns":5},{"damage":18,"enemies":"Snecko","floor":21,"turns":6},{"damage":9,"enemies":"Book of Stabbing","floor":24,"turns":5},{"damage":5,"enemies":"Chosen and Byrds","floor":29,"turns":5},{"damage":6,"enemies":"3 Cultists","floor":31,"turns":4},{"damage":51,"enemies":"Champ","floor":33,"turns":8},{"damage":18,"enemies":"3 Shapes","floor":35,"turns":5},{"damage":7,"enemies":"3 Darklings","floor":36,"turns":5},{"damage":15,"enemies":"Writhing Mass","floor":38,"turns":5},{"damage":0,"enemies":"Sphere and 2 Shapes","floor":41,"turns":6},{"damage":22,"enemies":"Maw","floor":44,"turns":7},{"damage":29,"enemies":"Jaw Worm Horde","floor":46,"turns":3},{"damage":75,"enemies":"Time Eater","floor":50,"turns":11}],"seed_played":"8073252645211475920","potions_obtained":[{"floor":2,"key":"PowerPotion"},{"floor":3,"key":"FearPotion"},{"floor":12,"key":"Fire Potion"},{"floor":13,"key":"EntropicBrew"},{"floor":20,"key":"Swift Potion"},{"floor":21,"key":"Regen Potion"},{"floor":31,"key":"PowerPotion"}],"is_trial":false,"path_per_floor":["M","M","M","$","?","R","E","R","T","R","E","M","M","M","R","B",null,"M","M","M","M","$","R","E","?","T","R","$","M","R","M","R","B",null,"M","M","?","M","?","R","M","$","T","M","T","M","R","$","R","B"],"character_chosen":"DEFECT","items_purchased":["Static Discharge","Art of War","Turbo","Strength Potion","FTL","Frozen Eye"],"campfire_rested":7,"item_purchase_floors":[4,22,22,28,42,48],"current_hp_per_floor":[49,62,61,49,49,49,49,45,45,45,45,27,23,23,23,44,18,58,42,38,28,10,10,31,36,15,15,51,51,46,46,40,71,20,58,40,33,33,18,18,53,53,53,53,31,31,2,37,37,67,0,0],"gold":50,"neow_bonus":"REMOVE_CARD","is_daily":false,"chose_seed":false,"campfire_upgraded":4,"win_rate":0.0,"timestamp":1612552578,"path_taken":["M","M","M","$","?","R","E","R","T","R","E","M","M","M","R","BOSS","M","M","M","?","$","R","E","?","T","R","$","M","R","M","R","BOSS","M","M","?","M","?","R","?","?","T","M","?","M","R","$","R","BOSS"],"items_purchased_type":["Card","Relic","Card","Potion","Card","Relic"],"build_version":"2020-12-22","purchased_purges":3,"victory":false,"max_hp_per_floor":[76,71,71,71,71,71,71,71,71,71,71,71,71,71,71,71,71,71,71,71,71,71,71,71,71,71,71,71,71,71,71,71,71,71,71,71,71,67,67,67,67,67,67,67,67,67,67,67,67,67,67,67],"relic_stats":{"Sozu":3,"Regal Pillow":65,"counters":[24,118],"Astrolabe":["Ball Lightning","Melter","Go for the Eyes"],"Bronze Scales":[204],"Art of War":[6],"Necronomicon":[6],"War Paint":["Defend_B","Defend_B"],"Smiling Mask":125,"obtain_stats":[{"Sozu":34,"Frozen Eye":48,"Regal Pillow":26,"Anchor":45,"Astrolabe":17,"Bronze Scales":24,"Art of War":22,"Necronomicon":25,"War Paint":7,"Cracked Core":0,"Ancient Tea Set":9,"Smiling Mask":11},{"Sozu":17,"Frozen Eye":23,"Regal Pillow":14,"Anchor":22,"Astrolabe":9,"Bronze Scales":14,"Art of War":13,"Necronomicon":14,"War Paint":4,"Cracked Core":0,"Ancient Tea Set":4,"Smiling Mask":5},{"Sozu":76,"Frozen Eye":107,"Regal Pillow":59,"Anchor":104,"Astrolabe":39,"Bronze Scales":59,"Art of War":54,"Necronomicon":59,"War Paint":16,"Cracked Core":0,"Ancient Tea Set":16,"Smiling Mask":20}]},"card_choices":[{"not_picked":["Conserve Battery","Steam"],"picked":"Auto Shields","floor":1},{"not_picked":["Streamline","Cold Snap"],"picked":"Go for the Eyes","floor":2},{"not_picked":["Cold Snap","Chaos"],"picked":"Glacier","floor":3},{"not_picked":["Melter","Static Discharge"],"picked":"Ball Lightning","floor":7},{"not_picked":["Leap","Redo"],"picked":"Genetic Algorithm","floor":11},{"not_picked":["Steam","Coolheaded","Storm"],"picked":"SKIP","floor":12},{"not_picked":["Heatsinks","Creative AI"],"picked":"Streamline","floor":13},{"not_picked":["Turbo","Streamline"],"picked":"Sweeping Beam","floor":14},{"not_picked":["All For One","Core Surge"],"picked":"Echo Form","floor":16},{"not_picked":["Scrape","FTL"],"picked":"Coolheaded","floor":18},{"not_picked":["Gash","White Noise+1"],"picked":"Chill","floor":19},{"not_picked":["Undo","Steam"],"picked":"Defragment","floor":20},{"not_picked":["Reprogram","Rebound","Beam Cell"],"picked":"SKIP","floor":21},{"not_picked":["Heatsinks","Steam","Auto Shields"],"picked":"SKIP","floor":24},{"not_picked":["Consume","Fusion+1"],"picked":"Skim","floor":29},{"not_picked":["Stack","Hello World"],"picked":"Conserve Battery","floor":31},{"not_picked":["Reboot","Creative AI"],"picked":"Seek","floor":33},{"not_picked":["Turbo","Redo","Streamline"],"picked":"SKIP","floor":35},{"not_picked":["Chaos","Fission"],"picked":"Ball Lightning+1","floor":36},{"not_picked":["Rip and Tear+1","Redo+1"],"picked":"Ball Lightning","floor":38},{"not_picked":["Cold Snap","Defragment"],"picked":"Capacitor","floor":41},{"not_picked":["Consume","Sunder"],"picked":"Coolheaded","floor":44},{"not_picked":["Hello World+1","Cold Snap"],"picked":"Stack","floor":46}],"player_experience":259624,"relics_obtained":[{"floor":7,"key":"War Paint"},{"floor":9,"key":"Ancient Tea Set"},{"floor":11,"key":"Smiling Mask"},{"floor":24,"key":"Bronze Scales"},{"floor":25,"key":"Necronomicon"},{"floor":26,"key":"Regal Pillow"},{"floor":45,"key":"Anchor"}],"event_choices":[{"damage_healed":0,"gold_gain":0,"player_choice":"Forge","damage_taken":0,"max_hp_gain":0,"max_hp_loss":0,"event_name":"Accursed Blacksmith","floor":5,"gold_loss":0,"cards_upgraded":["Go for the Eyes"]},{"damage_healed":0,"gold_gain":0,"player_choice":"Obtained Book","damage_taken":21,"max_hp_gain":0,"max_hp_loss":0,"event_name":"Cursed Tome","floor":25,"gold_loss":0},{"damage_healed":0,"gold_gain":0,"player_choice":"Max HP","damage_taken":0,"max_hp_gain":0,"max_hp_loss":4,"event_name":"Winding Halls","floor":37,"gold_loss":0},{"damage_healed":0,"gold_gain":0,"player_choice":"Memory 1","damage_taken":0,"max_hp_gain":0,"max_hp_loss":0,"event_name":"SensoryStone","floor":39,"gold_loss":0}],"is_beta":false,"boss_relics":[{"not_picked":["Coffee Dripper","SacredBark"],"picked":"Astrolabe"},{"not_picked":["Runic Pyramid","Philosopher\u0027s Stone"],"picked":"Sozu"}],"items_purged_floors":[4,22,42],"is_endless":false,"potions_floor_spawned":[2,3,12,13,20,21,31,35,38,44],"killed_by":"Time Eater","ascension_level":20}}