{"host":"cxvb37eaaiijvrl4","time":1612494749,"event":{"mods":["ATMod(阿瑾Mod)","BaseMod","Better Third Choice","Minty Spire (QoL Compilation)","MostiFishMod","Quick Restart","Rare Cards Sparkle","Shop Mod","Spicy Shops","StSLib","TestMod","Uncapped","残留之物"],"gold_per_floor":[112,122,73,91,141,476,486,361,361,381,381,381,509,529,529,627,627,639,721,655,675,675,675,800,815,815,815,863,994,994,1005,1005,1205,1205,1219,1230,1230,1630,1630,1630,1759,1772,1772,1772,1871,1882,2014,2037,2037,2246,2246,2246,2246,2481,2586],"floor_reached":56,"language":"ZHS","playtime":1588,"items_purged":["PlaceholderMod:BaseStrike","Doubt","PlaceholderMod:BaseStrike","PlaceholderMod:BaseStrike","PlaceholderMod:BaseStrike","PlaceholderMod:PoisonWhip","PlaceholderMod:BaseDefend","PlaceholderMod:BaseDefend","PlaceholderMod:Crystallization+1","PlaceholderMod:Hard+1"],"score":2041,"play_id":"389957d1-c644-4076-bf35-9e5d707bc51e","local_time":"20210204191229","is_ascension_mode":true,"campfire_choices":[{"data":"PlaceholderMod:HardStrike","floor":11,"key":"SMITH"},{"data":"PlaceholderMod:MultiReaction","floor":15,"key":"SMITH"},{"data":"PlaceholderMod:MultiReaction","floor":23,"key":"SMITH"},{"data":"PlaceholderMod:Corrosion","floor":32,"key":"SMITH"},{"floor":40,"key":"RECALL"},{"data":"PlaceholderMod:Crystal","floor":44,"key":"SMITH"},{"data":"PlaceholderMod:BaseDefend","floor":49,"key":"SMITH"},{"floor":52,"key":"REST"}],"circlet_count":0,"master_deck":["PlaceholderMod:BaseDefend+1","PlaceholderMod:BaseDefend+1","PlaceholderMod:BaseDefend+1","PlaceholderMod:Crystal+1","AT_ShadowStep+1","PlaceholderMod:HardStrike+1","PlaceholderMod:HardStrike+1","PlaceholderMod:InnerStable+1","PlaceholderMod:Corrosion+1","PlaceholderMod:MultiReaction+1","PlaceholderMod:MultiReaction+1","PlaceholderMod:Crystallization+1","PlaceholderMod:InnerStable+1","testmod-BackupPower+1","PlaceholderMod:HighConcentration+1"],"relics":["PlaceholderMod:Tancle","DaveBox","AT_ATBox","DiscerningMonocle","testmod-TimeTraveler","SynthV:TestCard","BirthdayGift-Icosahedron","AT_TheCollector","Regal Pillow","AT_BladeRuinedKing","PlaceholderMod:FlatBlood","MerchantsRug","Frozen Egg 2","testmod-Déjàvu","HandDrill","Darkstone Periapt","MealTicket","PlaceholderMod:SoulofChaos","Omamori","Technique","testmod-ArcanaOfDestiny","Pear","Eternal Feather","testmod-CardMagician","Singing Bowl","AT_Kusabimaru","testmod-Hope","Toy Ornithopter","Lantern","TimeFreeze","Strange Spoon","Boot","Turnip","Toxic Egg 2","testmod-Fortitude","BionicSphere","White Beast Statue","testmod-Register","TakeMeEscape","Pen Nib","testmod-Fanaticism","testmod-ThousandKnives","War Paint","Meat on the Bone","ImprovedEquipment","ClockworkSouvenir","Civilization","Ancient Tea Set","Pocketwatch","ThornShield","testmod-TheFather","TheAbacus","PlaceholderMod:DaolothFragment","Oddly Smooth Stone","Toolbox","Bird Faced Urn"],"acts_visited":["Exordium","TheCity","TheBeyond","TheEnding"],"potions_floor_usage":[3,35,55,55,55],"damage_taken":[{"damage":2.0,"enemies":"Small Slimes","floor":1.0,"turns":3.0},{"damage":0.0,"enemies":"Cultist","floor":2.0,"turns":3.0},{"damage":0,"enemies":"2 Louse","floor":4,"turns":1},{"damage":0,"enemies":"3 Sentries","floor":6,"turns":2},{"damage":0,"enemies":"Looter","floor":7,"turns":2},{"damage":0,"enemies":"Red Slaver","floor":10,"turns":1},{"damage":0,"enemies":"Gremlin Nob","floor":13,"turns":1},{"damage":7,"enemies":"3 Louse","floor":14,"turns":2},{"damage":0,"enemies":"Slime Boss","floor":16,"turns":3},{"damage":0,"enemies":"Chosen","floor":18,"turns":1},{"damage":4,"enemies":"3 Byrds","floor":21,"turns":1},{"damage":0,"enemies":"Book of Stabbing","floor":24,"turns":2},{"damage":0,"enemies":"Centurion and Healer","floor":25,"turns":2},{"damage":3,"enemies":"Slavers","floor":29,"turns":3},{"damage":0,"enemies":"Snecko","floor":31,"turns":3},{"damage":0,"enemies":"Automaton","floor":33,"turns":3},{"damage":0,"enemies":"3 Shapes","floor":35,"turns":3},{"damage":0,"enemies":"3 Darklings","floor":36,"turns":2},{"damage":0,"enemies":"Reptomancer","floor":41,"turns":2},{"damage":0,"enemies":"4 Shapes","floor":42,"turns":3},{"damage":0,"enemies":"Maw","floor":46,"turns":2},{"damage":0,"enemies":"Giant Head","floor":47,"turns":3},{"damage":0,"enemies":"Sphere and 2 Shapes","floor":48,"turns":1},{"damage":0,"enemies":"Donu and Deca","floor":50,"turns":2},{"damage":0,"enemies":"Shield and Spear","floor":54,"turns":3},{"damage":0,"enemies":"The Heart","floor":55,"turns":3}],"seed_played":"1037729231013900678","potions_obtained":[{"floor":6,"key":"Strength Potion"},{"floor":16,"key":"FairyPotion"},{"floor":24,"key":"PlaceholderMod:PlaceholderPotion"},{"floor":35,"key":"Fruit Juice"},{"floor":36,"key":"SkillPotion"},{"floor":41,"key":"Dexterity Potion"}],"is_trial":false,"path_per_floor":["M","M","$","M","$","E","M","$","T","M","R","?","E","M","R","B",null,"M","T","$","M","?","R","E","M","T","?","$","E","?","M","R","B",null,"M","M","T","?","?","R","E","M","T","R","$","M","E","M","R","B",null,"R","$","E","B",null],"character_chosen":"THE_PLACEHOLDER","items_purchased":["BirthdayGift-Icosahedron","AT_TheCollector","Regal Pillow","AT_BladeRuinedKing","PlaceholderMod:FlatBlood","PlaceholderMod:HardStrike","MerchantsRug","testmod-SpacePotion","testmod-TestPotion","ColorlessPotion","testmod-TimePotion","Frozen Egg 2","testmod-Déjàvu","HandDrill","Darkstone Periapt","MealTicket","PlaceholderMod:HardStrike","FairyPotion","SneckoOil","Energy Potion","Fire Potion","Omamori","Technique","testmod-ArcanaOfDestiny","Pear","BlessingOfTheForge","SkillPotion","Energy Potion","AT_Kusabimaru","testmod-Hope","Toy Ornithopter","Lantern","TimeFreeze","Strange Spoon","EntropicBrew","testmod-EscapePotion","SteroidPotion","Explosive Potion","Toxic Egg 2","testmod-Fortitude","BionicSphere","White Beast Statue","testmod-Register","TakeMeEscape","PlaceholderMod:Crystallization+1","ColorlessPotion","Dexterity Potion","SkillPotion","FairyPotion","ImprovedEquipment","ClockworkSouvenir","Civilization","Ancient Tea Set","Pocketwatch","ThornShield","SneckoOil","SpeedPotion","PowerPotion","PowerPotion","testmod-BackupPower+1","TheAbacus","PlaceholderMod:DaolothFragment","Oddly Smooth Stone","Toolbox","PlaceholderMod:HighConcentration+1"],"campfire_rested":1,"item_purchase_floors":[3,3,3,3,3,3,3,3,3,3,3,5,5,5,5,5,5,5,5,5,5,8,8,8,8,8,8,8,20,20,20,20,20,20,20,20,20,20,28,28,28,28,28,28,28,28,28,28,28,45,45,45,45,45,45,45,45,45,45,45,53,53,53,53,53],"current_hp_per_floor":[76,76,76,77,77,78,78,88,88,88,88,91,91,85,91,91,91,91,94,94,96,99,102,104,104,104,85,100,100,103,106,112,115,121,128,128,131,134,137,137,139,141,141,141,141,144,148,155,155,160,160,160,160,167,172],"gold":2586,"neow_bonus":"UPGRADE_CARD","is_daily":false,"chose_seed":false,"campfire_upgraded":6,"win_rate":0.0,"timestamp":1612494749,"path_taken":["M","M","$","M","$","E","M","$","T","M","R","?","E","M","R","BOSS","M","?","$","?","?","R","E","M","T","?","$","E","?","M","R","BOSS","M","M","?","?","?","R","E","M","T","R","$","M","E","M","R","BOSS","R","$","E","BOSS"],"items_purchased_type":["Relic","Relic","Relic","Relic","Relic","Card","Relic","Potion","Potion","Potion","Potion","Relic","Relic","Relic","Relic","Relic","Card","Potion","Potion","Potion","Potion","Relic","Relic","Relic","Relic","Potion","Potion","Potion","Relic","Relic","Relic","Relic","Relic","Relic","Potion","Potion","Potion","Potion","Relic","Relic","Relic","Relic","Relic","Relic","Card","Potion","Potion","Potion","Potion","Relic","Relic","Relic","Relic","Relic","Relic","Potion","Potion","Potion","Potion","Card","Relic","Relic","Relic","Relic","Card"],"build_version":"2020-12-22","purchased_purges":10,"victory":true,"max_hp_per_floor":[78,78,78,78,78,78,78,88,88,88,88,91,91,91,91,91,91,91,94,94,99,102,102,104,104,104,112,112,114,117,119,119,121,121,128,128,131,134,137,137,139,141,141,141,141,144,148,155,155,160,160,160,160,167,172],"card_choices":[{"not_picked":["PlaceholderMod:ProliferateStrike","PlaceholderMod:Turn","PlaceholderMod:TriggerStrike"],"picked":"SKIP","floor":1.0},{"not_picked":["PlaceholderMod:DirectingGroup","PlaceholderMod:ChainPoly","PlaceholderMod:OHStrongAttack","PlaceholderMod:Polyp"],"picked":"PlaceholderMod:Crystallization","floor":2.0},{"not_picked":["PlaceholderMod:Colorful","PlaceholderMod:HornyCollision","PlaceholderMod:AttackAsDefend","PlaceholderMod:MultipleOxi"],"picked":"PlaceholderMod:HardStrike","floor":4},{"not_picked":["PlaceholderMod:AttackAsDefend","PlaceholderMod:ParasiteChange","PlaceholderMod:Hyperplasia","PlaceholderMod:DissolvingSpikes"],"picked":"PlaceholderMod:InnerStable","floor":6},{"not_picked":["PlaceholderMod:Polyp","PlaceholderMod:OHStrongAttack","PlaceholderMod:DirectingGroup","PlaceholderMod:FastReaction","PlaceholderMod:AttackAsDefend"],"picked":"SKIP","floor":7},{"not_picked":["PlaceholderMod:HardStinger","PlaceholderMod:Colorful","PlaceholderMod:PoisonBlast+1","PlaceholderMod:HornyBlast","PlaceholderMod:SeverePoisonStrike"],"picked":"SKIP","floor":10},{"not_picked":["PlaceholderMod:HornyBlast","PlaceholderMod:HealingAttack","PlaceholderMod:TriggerStrike","PlaceholderMod:PoisonAbsorb"],"picked":"PlaceholderMod:MultiReaction","floor":13},{"not_picked":["PlaceholderMod:SeverePoisonStrike","PlaceholderMod:Package","PlaceholderMod:SelectReaction","PlaceholderMod:CrystallizationStrike","PlaceholderMod:DirectingGroup"],"picked":"SKIP","floor":14},{"not_picked":["PlaceholderMod:PericyclicReaction","PlaceholderMod:ReactionCatalyze","PlaceholderMod:Inner+1","PlaceholderMod:FinalSpray"],"picked":"PlaceholderMod:MultiReaction","floor":16},{"not_picked":["PlaceholderMod:AttackAsDefend","PlaceholderMod:StrongAcid","PlaceholderMod:SprayAttack","PlaceholderMod:Sweep","PlaceholderMod:DiffusionChemical"],"picked":"SKIP","floor":18},{"not_picked":["PlaceholderMod:StrongAcid","PlaceholderMod:StressReaction","PlaceholderMod:FastReaction+1","PlaceholderMod:PoisonAbsorb+1","PlaceholderMod:SubstitutionNucleophilic1"],"picked":"Singing Bowl","floor":21},{"not_picked":["PlaceholderMod:StrongAcid","PlaceholderMod:InnerStable","PlaceholderMod:ProliferateStrike+1","PlaceholderMod:Internalization+1","PlaceholderMod:TriggerStrike+1"],"picked":"Singing Bowl","floor":24},{"not_picked":["PlaceholderMod:Sweep","PlaceholderMod:PoisonAbsorb","PlaceholderMod:MultipleOxi","PlaceholderMod:TriggerStrike"],"picked":"PlaceholderMod:Hard+1","floor":25},{"not_picked":["PlaceholderMod:SeverePoisonStrike+1","PlaceholderMod:FinalSpray+1","PlaceholderMod:Stratification+1","PlaceholderMod:Eat","PlaceholderMod:DissolvingSpikes"],"picked":"Singing Bowl","floor":29},{"not_picked":["PlaceholderMod:ConsolidateHit","PlaceholderMod:PoisonExcitation","PlaceholderMod:SeverePoisonStrike","PlaceholderMod:SprayAttack","PlaceholderMod:NutritionAbsorb+1"],"picked":"Singing Bowl","floor":31},{"not_picked":["PlaceholderMod:HornyCollision","PlaceholderMod:Eat","PlaceholderMod:InnerSoften+1","PlaceholderMod:QualitativeChange+1","PlaceholderMod:DoublePoint+1"],"picked":"Singing Bowl","floor":33},{"not_picked":["PlaceholderMod:InnerStable+1","PlaceholderMod:CrystallizationStrike","PlaceholderMod:TriggerStrike+1","PlaceholderMod:Sweep","PlaceholderMod:Corrosion+1"],"picked":"Singing Bowl","floor":35},{"not_picked":["PlaceholderMod:DissolvingSpikes","PlaceholderMod:SprayAttack+1","PlaceholderMod:PoisonAbsorb+1","PlaceholderMod:Sweep"],"picked":"PlaceholderMod:InnerStable+1","floor":36},{"not_picked":["PlaceholderMod:ConsolidateHit","PlaceholderMod:AbsorbTouch","PlaceholderMod:ContinueSpray","PlaceholderMod:Stratification+1","PlaceholderMod:Corrosion+1"],"picked":"Singing Bowl","floor":41},{"not_picked":["PlaceholderMod:OHStrongAttack","PlaceholderMod:ProliferateStrike+1","PlaceholderMod:InnerStable+1","PlaceholderMod:EnergyAbsorb+1","PlaceholderMod:AttackAsDefend+1"],"picked":"Singing Bowl","floor":42},{"not_picked":["PlaceholderMod:StressReaction+1","PlaceholderMod:ConsolidateHit","PlaceholderMod:ProliferateStrike+1","PlaceholderMod:ParasiteChange+1","PlaceholderMod:Sweep"],"picked":"Singing Bowl","floor":46},{"not_picked":["PlaceholderMod:Hard+1","PlaceholderMod:AttackAsDefend+1","PlaceholderMod:SprayAttack","PlaceholderMod:HornyCollision","PlaceholderMod:HardStrike"],"picked":"Singing Bowl","floor":47},{"not_picked":["PlaceholderMod:HardStinger+1","PlaceholderMod:SprayAttack+1","PlaceholderMod:EvolutionSpray","PlaceholderMod:HornyBlast","PlaceholderMod:Package+1"],"picked":"Singing Bowl","floor":48},{"not_picked":["PlaceholderMod:Hard+1","PlaceholderMod:Colorful+1","PlaceholderMod:Eat","PlaceholderMod:Internalization+1","PlaceholderMod:PoisonAbsorb+1"],"picked":"Singing Bowl","floor":54}],"player_experience":738569,"relics_obtained":[{"floor":1.0,"key":"SynthV:TestCard"},{"floor":6,"key":"PlaceholderMod:SoulofChaos"},{"floor":13,"key":"Eternal Feather"},{"floor":19,"key":"Singing Bowl"},{"floor":24,"key":"Boot"},{"floor":26,"key":"Turnip"},{"floor":29,"key":"Pen Nib"},{"floor":37,"key":"testmod-ThousandKnives"},{"floor":41,"key":"War Paint"},{"floor":43,"key":"Meat on the Bone"},{"floor":47,"key":"testmod-TheFather"},{"floor":54,"key":"Bird Faced Urn"}],"event_choices":[{"damage_healed":0,"gold_gain":0,"cards_transformed":["PlaceholderMod:BaseStrike"],"player_choice":"Transformed","damage_taken":0,"max_hp_gain":0,"max_hp_loss":0,"event_name":"Transmorgrifier","floor":12,"gold_loss":0,"cards_obtained":["PlaceholderMod:Corrosion"]},{"damage_healed":0,"gold_gain":0,"player_choice":"Ignored","damage_taken":0,"max_hp_gain":0,"max_hp_loss":0,"event_name":"Ghosts","floor":22,"gold_loss":0},{"damage_healed":0,"gold_gain":0,"player_choice":"Shed Blood","damage_taken":27,"max_hp_gain":5,"max_hp_loss":0,"event_name":"Forgotten Altar","floor":27,"gold_loss":0},{"cards_removed":["PlaceholderMod:HardStrike"],"damage_healed":0,"gold_gain":0,"player_choice":"Purged","damage_taken":0,"max_hp_gain":0,"max_hp_loss":0,"event_name":"Purifier","floor":30,"gold_loss":0},{"damage_healed":0,"gold_gain":400,"player_choice":"Sell","damage_taken":0,"max_hp_gain":0,"max_hp_loss":0,"event_name":"恩洛斯的盘子","floor":38,"relics_lost":["testmod-TestBox"],"gold_loss":0},{"damage_healed":0,"gold_gain":0,"player_choice":"Upgraded","damage_taken":0,"max_hp_gain":0,"max_hp_loss":0,"event_name":"Upgrade Shrine","floor":39,"gold_loss":0,"cards_upgraded":["PlaceholderMod:HardStrike"]}],"is_beta":false,"boss_relics":[{"not_picked":["Velvet Choker","testmod-Nine"],"picked":"testmod-CardMagician"},{"not_picked":["xbg","HereWithMe"],"picked":"testmod-Fanaticism"}],"items_purged_floors":[3,3,5,8,8,20,20,28,45,53],"is_endless":false,"potions_floor_spawned":[6,7,16,24,29,31,33,35,36,41,42,46,47,48,54],"ascension_level":4}}