{"host":"rolltorest","time":1612507567,"event":{"mods":["BaseMod","Minty Spire (QoL Compilation)","Relic Stats","Slay the Relics Exporter","StSLib"],"gold_per_floor":[113,188,198,198,123,157,157,432,483,526,53,72,112,130,130,220,220,233,253,253,253],"floor_reached":20,"language":"ENG","playtime":546,"items_purged":["Strike_R","Regret"],"score":434,"play_id":"d30f5632-93fe-47c8-a085-39c6a3f7ad01","local_time":"20210204224607","is_ascension_mode":true,"campfire_choices":[{"data":"Searing Blow","floor":7,"key":"SMITH"},{"data":"Searing Blow+1","floor":15,"key":"SMITH"}],"circlet_count":0,"master_deck":["AscendersBane","Strike_R","Strike_R","Strike_R","Strike_R","Defend_R","Defend_R","Defend_R","Defend_R","Bash","Headbutt","Searing Blow+2","Armaments","Immolate","Offering","Shrug It Off","Flame Barrier","Corruption","Spot Weakness"],"relics":["Burning Blood","NeowsBlessing","Golden Idol","The Courier","Art of War","Vajra","Pantograph","Bag of Marbles","Black Star"],"acts_visited":["Exordium","TheCity"],"potions_floor_usage":[10,16,18],"damage_taken":[{"damage":0,"enemies":"Jaw Worm","floor":1,"turns":1},{"damage":0,"enemies":"Small Slimes","floor":3,"turns":1},{"damage":0,"enemies":"3 Sentries","floor":6,"turns":2},{"damage":52,"enemies":"Lagavulin","floor":10,"turns":8},{"damage":6,"enemies":"2 Louse","floor":12,"turns":2},{"damage":11,"enemies":"3 Sentries","floor":13,"turns":4},{"damage":7,"enemies":"Lots of Slimes","floor":14,"turns":2},{"damage":32,"enemies":"The Guardian","floor":16,"turns":15},{"damage":18,"enemies":"Shell Parasite","floor":18,"turns":4},{"damage":30,"enemies":"3 Byrds","floor":19,"turns":5},{"damage":6,"enemies":"Sentry and Sphere","floor":20,"turns":3}],"seed_played":"-925911178937493469","potions_obtained":[{"floor":3,"key":"Weak Potion"},{"floor":10,"key":"Energy Potion"},{"floor":14,"key":"DistilledChaos"}],"is_trial":false,"path_per_floor":["M","?","M","?","$","E","R","?","T","E","$","M","E","M","R","B",null,"M","M","M"],"character_chosen":"IRONCLAD","items_purchased":["Pantograph","Offering","Shrug It Off"],"campfire_rested":0,"item_purchase_floors":[11,11,11],"current_hp_per_floor":[74,63,69,68,68,68,68,68,68,22,22,22,17,16,16,15,55,43,19,13,13],"gold":253,"neow_bonus":"THREE_ENEMY_KILL","is_daily":false,"chose_seed":false,"campfire_upgraded":2,"win_rate":0.0,"timestamp":1612507567,"path_taken":["M","?","M","?","$","E","R","?","T","E","$","?","E","M","R","BOSS","M","?","M"],"items_purchased_type":["Relic","Card","Card"],"build_version":"2020-12-18","purchased_purges":2,"victory":false,"max_hp_per_floor":[75,75,75,68,68,68,68,68,68,68,68,68,68,68,68,68,68,68,68,68,68],"relic_stats":{"counters":[11,47],"Golden Idol":57,"Pantograph":25,"Art of War":[7],"Black Star":0,"obtain_stats":[{"NeowsBlessing":0,"Golden Idol":4,"Pantograph":11,"Vajra":10,"The Courier":6,"Art of War":9,"Bag of Marbles":13,"Black Star":17,"Burning Blood":0},{"NeowsBlessing":0,"Golden Idol":2,"Pantograph":4,"Vajra":4,"The Courier":3,"Art of War":3,"Bag of Marbles":6,"Black Star":8,"Burning Blood":0},{"NeowsBlessing":0,"Golden Idol":2,"Pantograph":12,"Vajra":12,"The Courier":4,"Art of War":4,"Bag of Marbles":18,"Black Star":35,"Burning Blood":0}],"Burning Blood":54},"card_choices":[{"not_picked":["Perfected Strike","Burning Pact"],"picked":"Headbutt","floor":1},{"not_picked":["Cleave","Combust"],"picked":"Searing Blow","floor":3},{"not_picked":["Thunderclap","Rampage"],"picked":"Armaments","floor":6},{"not_picked":["Spot Weakness","Body Slam"],"picked":"Immolate","floor":10},{"not_picked":["Sever Soul","Metallicize"],"picked":"Flame Barrier","floor":12},{"not_picked":["Pummel","Flex","Warcry"],"picked":"SKIP","floor":13},{"not_picked":["Hemokinesis","Anger","Reckless Charge"],"picked":"SKIP","floor":14},{"not_picked":["Bludgeon","Demon Form"],"picked":"Corruption","floor":16},{"not_picked":["Anger+1","Warcry"],"picked":"Spot Weakness","floor":18},{"not_picked":["Anger","Fire Breathing","True Grit"],"picked":"SKIP","floor":19}],"player_experience":1858975,"relics_obtained":[{"floor":6,"key":"The Courier"},{"floor":9,"key":"Art of War"},{"floor":10,"key":"Vajra"},{"floor":13,"key":"Bag of Marbles"}],"event_choices":[{"damage_healed":0,"gold_gain":75,"player_choice":"Gather Gold","damage_taken":11,"max_hp_gain":0,"max_hp_loss":0,"event_name":"World of Goop","floor":2,"gold_loss":0},{"damage_healed":0,"gold_gain":0,"player_choice":"Lose Max HP","damage_taken":0,"relics_obtained":["Golden Idol"],"max_hp_gain":0,"max_hp_loss":7,"event_name":"Golden Idol","floor":4,"gold_loss":0},{"damage_healed":0,"gold_gain":275,"player_choice":"Desecrate","damage_taken":0,"max_hp_gain":0,"max_hp_loss":0,"event_name":"Golden Shrine","floor":8,"gold_loss":0,"cards_obtained":["Regret"]}],"is_beta":true,"boss_relics":[{"not_picked":["Astrolabe","Fusion Hammer"],"picked":"Black Star"}],"items_purged_floors":[5,11],"is_endless":false,"potions_floor_spawned":[3,10,14],"killed_by":"Sentry and Sphere","ascension_level":20}}