{"host":"1ooxfz79hmpvpehx","time":1612497516,"event":{"mods":["BaseMod","Minty Spire (QoL Compilation)","Quick Restart","Replay The Spire","StSLib","SuperFastMode"],"gold_per_floor":[10,14,14,24,24,24,57,7,60,75,75,75,75,104,104,206,206,219,0,0,0,10,39,39,58,83,353,383,394,394,413,413,517,517,537,587,430,480,480,480,480,480,529,529,561,578,590,605,605,605],"floor_reached":51,"language":"ENG","playtime":1076,"items_purged":["Shame","Strike_B"],"score":794,"play_id":"8e3b53d4-7e1a-4f0b-89ca-d3b2170f1342","local_time":"20210205005836","is_ascension_mode":false,"campfire_choices":[{"data":"Storm","floor":6,"key":"SMITH"},{"data":"Machine Learning","floor":11,"key":"SMITH"},{"data":"Force Field","floor":13,"key":"SMITH"},{"data":"Zap","floor":15,"key":"SMITH"},{"data":"Defragment","floor":24,"key":"SMITH"},{"data":"Shame","floor":32,"key":"PURGE"},{"data":"Electrodynamics","floor":40,"key":"SMITH"},{"data":"Self Repair","floor":42,"key":"SMITH"},{"data":"Self Repair","floor":44,"key":"SMITH"}],"circlet_count":0,"master_deck":["Defend_B","Defend_B+1","Defend_B","Defend_B+1","Zap+1","Dualcast","Force Field+1","Defragment+1","Storm+1","Machine Learning+1","Ball Lightning","Thunder Strike+1","Genetic Algorithm+1","Defragment+1","Ghostly","Ghostly","Ghostly","Ghostly+1","Ghostly","Ball Lightning","Redo+1","Electrodynamics+1","Self Repair+1","Self Repair+1","Madness","Madness"],"relics":["Cracked Core","ReplayTheSpireMod:CursedCoin","Eternal Feather","Juzu Bracelet","Busted Crown","Guide Book","Iron Hammer","Letter Opener","Boot","White Beast Statue","Nloth\u0027s Gift","Sozu","Pocketwatch","Replay:Kaleidoscope","Simple Rune","Girya"],"acts_visited":["Exordium","TheCity","TheBeyond"],"potions_floor_usage":[16,28,28,33,33,33],"damage_taken":[{"damage":12,"enemies":"Small Slimes","floor":1,"turns":3},{"damage":9,"enemies":"2 Louse","floor":4,"turns":3},{"damage":19,"enemies":"Lagavulin","floor":7,"turns":5},{"damage":0,"enemies":"Cultist","floor":10,"turns":3},{"damage":34,"enemies":"3 Sentries","floor":14,"turns":6},{"damage":1,"enemies":"Slime Boss","floor":16,"turns":5},{"damage":0,"enemies":"Spheric Guardian","floor":18,"turns":3},{"damage":3,"enemies":"Shell Parasite","floor":22,"turns":5},{"damage":3,"enemies":"Book of Stabbing","floor":23,"turns":5},{"damage":4,"enemies":"Shelled Parasite and Fungi","floor":25,"turns":5},{"damage":0,"enemies":"Gremlin Leader","floor":28,"turns":5},{"damage":0,"enemies":"Snake Plant","floor":29,"turns":3},{"damage":1,"enemies":"Sentry and Sphere","floor":31,"turns":4},{"damage":3,"enemies":"Automaton","floor":33,"turns":7},{"damage":2,"enemies":"3 Darklings","floor":35,"turns":3},{"damage":2,"enemies":"2 Orb Walkers","floor":36,"turns":4},{"damage":0,"enemies":"Mind Bloom Boss Battle","floor":38,"turns":3},{"damage":18,"enemies":"Nemesis","floor":45,"turns":4},{"damage":7,"enemies":"3 Shapes","floor":46,"turns":3},{"damage":3,"enemies":"Sphere and 2 Shapes","floor":47,"turns":3},{"damage":1,"enemies":"Transient","floor":48,"turns":5},{"damage":3,"enemies":"Time Eater","floor":50,"turns":6}],"seed_played":"2076672665487136626","potions_obtained":[{"floor":10,"key":"FearPotion"},{"floor":16,"key":"SkillPotion"},{"floor":18,"key":"Fire Potion"},{"floor":23,"key":"SteroidPotion"},{"floor":29,"key":"Energy Potion"},{"floor":31,"key":"AttackPotion"},{"floor":33,"key":"Elixir"}],"is_trial":false,"path_per_floor":["M","$","?","M","?","R","E","?","T","M","R","?","R","E","R","B",null,"M","$","?","?","M","E","R","M","T","?","E","M","?","M","R","B",null,"M","?","$","?","?","R","?","R","T","R","E","M","M","M","R","B",null],"character_chosen":"DEFECT","items_purchased":["ReplayTheSpireMod:CursedCoin","Storm","Defragment","Guide Book","Self Repair"],"campfire_rested":0,"item_purchase_floors":[2,2,19,19,37],"current_hp_per_floor":[63,63,63,54,54,54,35,35,35,35,41,34,40,6,12,11,75,75,75,37,37,34,31,37,33,33,6,6,6,6,5,17,14,37,35,33,33,37,32,37,37,37,37,37,29,22,37,37,37,37],"gold":605,"neow_bonus":"TRANSFORM_TWO_CARDS","is_daily":false,"chose_seed":false,"campfire_upgraded":8,"win_rate":0.0,"timestamp":1612497516,"path_taken":["M","$","?","M","?","R","E","?","T","M","R","?","R","E","R","BOSS","M","$","?","?","M","E","R","M","T","?","E","M","?","M","R","BOSS","M","?","$","?","?","R","?","R","T","R","E","M","M","M","R","BOSS"],"items_purchased_type":["Relic","Card","Card","Relic","Card"],"build_version":"2020-12-22","purchased_purges":2,"victory":true,"max_hp_per_floor":[75,75,75,75,75,75,75,75,75,75,75,75,75,75,75,75,75,75,75,37,37,37,37,37,37,37,37,37,37,37,37,37,37,37,37,37,37,37,37,37,37,37,37,37,37,37,37,37,37,37],"card_choices":[{"not_picked":["Redo","Melter"],"picked":"Defragment","floor":1},{"not_picked":["Steam","Leap","Stack"],"picked":"SKIP","floor":4},{"not_picked":["Panic Button","Gash"],"picked":"Machine Learning","floor":7},{"not_picked":["BasicCrystalCard","ReplayTheSpireMod:Reroute Power","Go for the Eyes"],"picked":"SKIP","floor":10},{"not_picked":["Melter","Doom and Gloom"],"picked":"Ball Lightning","floor":14},{"not_picked":["Fission","Reboot"],"picked":"Thunder Strike","floor":16},{"not_picked":[],"picked":"Genetic Algorithm","floor":18},{"not_picked":["Panic Button"],"picked":"SKIP","floor":22},{"not_picked":[],"picked":"Ball Lightning","floor":23},{"not_picked":["Hologram"],"picked":"SKIP","floor":25},{"not_picked":[],"picked":"Redo+1","floor":28},{"not_picked":["Beam Cell+1"],"picked":"SKIP","floor":29},{"not_picked":["Hologram"],"picked":"SKIP","floor":31},{"not_picked":[],"picked":"Electrodynamics","floor":33},{"not_picked":["ReplayTheSpireMod:Calculation Training"],"picked":"SKIP","floor":35},{"not_picked":["Streamline"],"picked":"SKIP","floor":45},{"not_picked":["Ball Lightning+1"],"picked":"SKIP","floor":46},{"not_picked":["Conserve Battery"],"picked":"SKIP","floor":47},{"not_picked":["Panic Button"],"picked":"SKIP","floor":48}],"player_experience":14398,"relics_obtained":[{"floor":7,"key":"Eternal Feather"},{"floor":9,"key":"Juzu Bracelet"},{"floor":14,"key":"Shuriken"},{"floor":23,"key":"Letter Opener"},{"floor":26,"key":"Boot"},{"floor":28,"key":"White Beast Statue"},{"floor":36,"key":"Pocketwatch"},{"floor":38,"key":"Replay:Kaleidoscope"},{"floor":43,"key":"Simple Rune"},{"floor":45,"key":"Girya"}],"event_choices":[{"damage_healed":0,"gold_gain":0,"player_choice":"Grow","damage_taken":0,"max_hp_gain":0,"max_hp_loss":0,"event_name":"Living Wall","floor":3,"gold_loss":0,"cards_upgraded":["Defragment"]},{"cards_removed":["Strike_B"],"damage_healed":0,"gold_gain":0,"player_choice":"Card Removal","damage_taken":0,"max_hp_gain":0,"max_hp_loss":0,"event_name":"The Cleric","floor":8,"gold_loss":50},{"damage_healed":0,"gold_gain":0,"player_choice":"Damaged","damage_taken":7,"max_hp_gain":0,"max_hp_loss":0,"event_name":"Wheel of Change","floor":12,"gold_loss":0},{"damage_healed":0,"gold_gain":0,"player_choice":"Became a Ghost","damage_taken":0,"max_hp_gain":0,"max_hp_loss":38,"event_name":"Ghosts","floor":20,"gold_loss":0,"cards_obtained":["Ghostly","Ghostly","Ghostly","Ghostly","Ghostly"]},{"damage_healed":0,"gold_gain":0,"player_choice":"Stole Relic","damage_taken":0,"relics_obtained":["Iron Hammer"],"max_hp_gain":0,"max_hp_loss":0,"event_name":"Addict","floor":21,"gold_loss":0,"cards_obtained":["Shame"]},{"damage_healed":0,"gold_gain":270,"player_choice":"GOLD GOLD GOLD ","damage_taken":27,"max_hp_gain":0,"max_hp_loss":0,"event_name":"Knowing Skull","floor":27,"potions_obtained":[],"gold_loss":0,"cards_obtained":[]},{"damage_healed":0,"gold_gain":0,"player_choice":"Traded Relic","damage_taken":0,"relics_obtained":["Nloth\u0027s Gift"],"max_hp_gain":0,"max_hp_loss":0,"event_name":"N\u0027loth","floor":30,"relics_lost":["Shuriken"],"gold_loss":0},{"damage_healed":0,"gold_gain":0,"player_choice":"Fight","damage_taken":0,"max_hp_gain":0,"max_hp_loss":0,"event_name":"Mysterious Sphere","floor":36,"gold_loss":0},{"damage_healed":0,"gold_gain":0,"player_choice":"Fight","damage_taken":0,"max_hp_gain":0,"max_hp_loss":0,"event_name":"MindBloom","floor":38,"gold_loss":0},{"damage_healed":0,"gold_gain":0,"player_choice":"Embrace Madness","damage_taken":5,"max_hp_gain":0,"max_hp_loss":0,"event_name":"Winding Halls","floor":39,"gold_loss":0,"cards_obtained":["Madness","Madness"]},{"damage_healed":0,"gold_gain":0,"player_choice":"Memory 1","damage_taken":0,"max_hp_gain":0,"max_hp_loss":0,"event_name":"SensoryStone","floor":41,"gold_loss":0}],"is_beta":false,"boss_relics":[{"not_picked":["Coffee Dripper","Replay:Bronze Core"],"picked":"Busted Crown"},{"not_picked":["Fusion Hammer","SacredBark"],"picked":"Sozu"}],"items_purged_floors":[2,37],"is_endless":false,"potions_floor_spawned":[10,16,18,23,25,29,31,33,35,36,38,45,46,47,48],"ascension_level":0}}