{"host":"63nbeequuhdffoms","time":1612565447,"event":{"mods":["BaseMod","Card Forge","Hermit","Minty Spire (QoL Compilation)","Quick Restart","Relic Stats","StSLib","The Cursed","The Hierophant"],"gold_per_floor":[113,19,35,55,55,55,94,60,86,125,125,150,150,171,171,171,171],"floor_reached":16,"language":"ENG","playtime":911,"items_purged":[],"score":121,"play_id":"fb2b668c-a7bc-48f6-94b6-d649c305f53f","local_time":"20210205175047","is_ascension_mode":true,"campfire_choices":[{"data":"Enlightenment","floor":6,"key":"SMITH"},{"floor":15,"key":"REST"}],"circlet_count":0,"master_deck":["Strike_B","Strike_B","Strike_B","Strike_B","Defend_B","Defend_B","Defend_B","Defend_B","Zap","Dualcast+1","Defragment","Enlightenment+1","Coolheaded+1","Melter","FTL","Double Energy","Compile Driver","Auto Shields","Cold Snap"],"relics":["Cracked Core","Hammer of Thor","Seething Fire","Anvil of the Gods","NeowsBlessing","Golden Idol","MealTicket","Blood Vial","War Paint","Eternal Feather"],"acts_visited":["Exordium"],"potions_floor_usage":[5,7,16],"damage_taken":[{"damage":0,"enemies":"2 Louse","floor":1,"turns":1},{"damage":0,"enemies":"Small Slimes","floor":3,"turns":1},{"damage":0,"enemies":"Jaw Worm","floor":4,"turns":1},{"damage":30,"enemies":"Gremlin Nob","floor":7,"turns":4},{"damage":32,"enemies":"Lagavulin","floor":10,"turns":7},{"damage":28,"enemies":"Lots of Slimes","floor":12,"turns":4},{"damage":6,"enemies":"Looter","floor":14,"turns":2},{"damage":62,"enemies":"Slime Boss","floor":16,"turns":12}],"seed_played":"-2876407365924844374","potions_obtained":[{"floor":1,"key":"ColorlessPotion"},{"floor":3,"key":"Fruit Juice"},{"floor":7,"key":"Ancient Potion"},{"floor":14,"key":"Strength Potion"}],"is_trial":false,"path_per_floor":["M","$","M","M","?","R","E","$","T","E","?","M","T","M","R","B"],"character_chosen":"DEFECT","items_purchased":["Enlightenment","Double Energy"],"campfire_rested":1,"item_purchase_floors":[2,8],"current_hp_per_floor":[75,75,75,75,74,74,44,59,59,29,53,27,27,23,54,0,0],"gold":171,"neow_bonus":"THREE_ENEMY_KILL","is_daily":false,"chose_seed":false,"campfire_upgraded":1,"win_rate":0.0,"timestamp":1612565447,"path_taken":["M","$","M","M","?","R","E","$","T","E","?","M","?","M","R","BOSS"],"items_purchased_type":["Card","Card"],"build_version":"2020-12-22","purchased_purges":0,"victory":false,"max_hp_per_floor":[75,75,75,75,74,74,74,74,74,74,74,74,74,74,74,74,74],"relic_stats":{"Blood Vial":8,"counters":[8,32],"Golden Idol":25,"MealTicket":15,"Eternal Feather":9,"War Paint":["Dualcast","Coolheaded"],"obtain_stats":[{"Blood Vial":9,"NeowsBlessing":0,"Anvil of the Gods":0,"Golden Idol":5,"MealTicket":7,"Eternal Feather":13,"Hammer of Thor":0,"Seething Fire":0,"War Paint":10,"Cracked Core":0},{"Blood Vial":4,"NeowsBlessing":0,"Anvil of the Gods":0,"Golden Idol":3,"MealTicket":4,"Eternal Feather":6,"Hammer of Thor":0,"Seething Fire":0,"War Paint":5,"Cracked Core":0},{"Blood Vial":7,"NeowsBlessing":0,"Anvil of the Gods":0,"Golden Idol":3,"MealTicket":7,"Eternal Feather":18,"Hammer of Thor":0,"Seething Fire":0,"War Paint":14,"Cracked Core":0}]},"card_choices":[{"not_picked":["Redo","Double Energy"],"picked":"Defragment","floor":1},{"not_picked":["Compile Driver","Conserve Battery"],"picked":"Coolheaded","floor":3},{"not_picked":["Steam Power","Hello World"],"picked":"Melter","floor":4},{"not_picked":["Compile Driver","Heatsinks"],"picked":"FTL","floor":7},{"not_picked":["Go for the Eyes","Auto Shields"],"picked":"Compile Driver","floor":10},{"not_picked":["Heatsinks","Aggregate"],"picked":"Auto Shields","floor":12},{"not_picked":["Hyperbeam","Hologram"],"picked":"Cold Snap","floor":14}],"player_experience":75340,"relics_obtained":[{"floor":7,"key":"MealTicket"},{"floor":9,"key":"Blood Vial"},{"floor":10,"key":"War Paint"},{"floor":13,"key":"Eternal Feather"}],"event_choices":[{"damage_healed":0,"gold_gain":0,"player_choice":"Lose Max HP","damage_taken":0,"relics_obtained":["Golden Idol"],"max_hp_gain":0,"max_hp_loss":6,"event_name":"Golden Idol","floor":5,"gold_loss":0},{"damage_healed":24,"gold_gain":0,"player_choice":"Banana","damage_taken":0,"max_hp_gain":0,"max_hp_loss":0,"event_name":"Big Fish","floor":11,"gold_loss":0}],"is_beta":false,"boss_relics":[],"items_purged_floors":[],"is_endless":false,"potions_floor_spawned":[1,3,7,14],"killed_by":"Slime Boss","ascension_level":2}}