{"host":"xp5rvh2jwe2ejyfm","time":1612534197,"event":{"mods":["2.2 Compatiblity","Aspiration","BaseMod","BetterRewards","Colored Powertips","Conspire","Downfall","GifTheSpireLib","Gremlin Mod","Hermit","Hubris","Jorbs\u0027s Wanderer Trilogy","Minty Spire (QoL Compilation)","Replay The Spire","Robot Space Explorer","Shade Mod","Somnambulant","StSLib","The Bug Knight","The Clintock","The Construct","The Cursed","The Disciple","The Forsaken","The Hierophant","The Necromancer","The Runesmith","The Servant 0.9.4","The Valiant","The Witch","thorton"],"gold_per_floor":[117,128,140,125,153,153,185,185,185,185,202,202,202],"floor_reached":11,"language":"ENG","playtime":283,"items_purged":[],"score":65,"play_id":"69d4e6b9-8b18-4e1e-9446-b37b2de67ccb","local_time":"20210205090957","is_ascension_mode":false,"campfire_choices":[{"floor":6,"key":"RECALL"},{"floor":8,"key":"REST"}],"circlet_count":0,"master_deck":["thethorton:Strike","thethorton:Strike","thethorton:Strike","thethorton:Strike","thethorton:Defend","thethorton:Defend","thethorton:Defend","thethorton:Defend","thethorton:Heckle","thethorton:CreditCard","Normality","thethorton:BusinessBoom","thethorton:BusinessBurst","thethorton:GoldBuffer","thethorton:StampSmack","thethorton:WhirlingBriefcase","thethorton:BusinessCard"],"relics":["thethorton:CouragePotion","NeowsBlessing","Replay:Rubber Ducky","conspire:Flyswatter"],"acts_visited":["Exordium"],"potions_floor_usage":[11],"damage_taken":[{"damage":0,"enemies":"Cultist","floor":1,"turns":1},{"damage":0,"enemies":"2 Louse","floor":2,"turns":1},{"damage":0,"enemies":"Small Slimes","floor":3,"turns":1},{"damage":12,"enemies":"Looter","floor":4,"turns":4},{"damage":6,"enemies":"Exordium Wildlife","floor":5,"turns":7},{"damage":4,"enemies":"Blue Slaver","floor":7,"turns":4},{"damage":72,"enemies":"Lagavulin","floor":11,"turns":9}],"seed_played":"5403938219417066812","potions_obtained":[{"floor":1,"key":"Doom Potion"},{"floor":2,"key":"Energy Potion"},{"floor":5,"key":"Dexterity Potion"}],"is_trial":false,"path_per_floor":["M","M","M","M","M","R","M","R","T","?","E"],"character_chosen":"THE_THORT","items_purchased":[],"campfire_rested":1,"item_purchase_floors":[],"current_hp_per_floor":[68,68,68,56,50,50,46,66,66,66,0,0,0],"gold":202,"neow_bonus":"THREE_ENEMY_KILL","is_daily":false,"chose_seed":false,"campfire_upgraded":0,"win_rate":0.0,"timestamp":1612534197,"path_taken":["M","?","M","M","M","R","M","R","T","?","E"],"items_purchased_type":[],"build_version":"2020-12-22","purchased_purges":0,"victory":false,"max_hp_per_floor":[68,68,68,68,68,68,68,68,68,68,68,68,68],"card_choices":[{"not_picked":["thethorton:BattleTrash","thethorton:BookBash"],"picked":"thethorton:BusinessBoom","floor":1},{"not_picked":["thethorton:SeeingDouble","thethorton:FearfulRun"],"picked":"thethorton:BusinessBurst","floor":2},{"not_picked":["thethorton:AngerMoment","thethorton:Distance"],"picked":"thethorton:GoldBuffer","floor":3},{"not_picked":["thethorton:BusinessBurst","thethorton:CoinShield"],"picked":"thethorton:StampSmack","floor":4},{"not_picked":["thethorton:DownPayment","thethorton:SicklyRun"],"picked":"thethorton:WhirlingBriefcase","floor":5},{"not_picked":["thethorton:RunningFeint","thethorton:DownPayment"],"picked":"thethorton:BusinessCard","floor":7}],"player_experience":431610,"relics_obtained":[{"floor":9,"key":"Replay:Rubber Ducky"}],"event_choices":[{"damage_healed":0,"gold_gain":0,"player_choice":"Bought 0 Potions","damage_taken":0,"max_hp_gain":0,"max_hp_loss":0,"event_name":"The Woman in Blue","floor":10,"gold_loss":0}],"is_beta":false,"boss_relics":[],"items_purged_floors":[],"is_endless":false,"potions_floor_spawned":[1,2,5],"killed_by":"Lagavulin","ascension_level":0}}