{"host":"5p9hybygolzp0efr","time":1612504056,"event":{"mods":["AchievementEnabler","BaseMod","Bestiary","Colored Map","Minty Spire (QoL Compilation)","Permanent Neow","Relic Stats"],"gold_per_floor":[114,129,144,144,144,174,174,174,174],"floor_reached":8,"language":"ENG","playtime":415,"items_purged":[],"score":81,"play_id":"ebe206a7-2152-4481-9853-678e49f800c7","local_time":"20210205134736","daily_mods":["Specialized","ControlledChaos","Elite Swarm"],"is_ascension_mode":false,"campfire_choices":[{"data":"Eruption","floor":7,"key":"SMITH"}],"circlet_count":0,"master_deck":["Strike_P","Strike_P","Strike_P","Defend_P","Defend_P","Defend_P","Defend_P","Eruption+1","Vigilance","FlyingSleeves","FlyingSleeves","FlyingSleeves","FlyingSleeves","FlyingSleeves","CutThroughFate","Study"],"relics":["PureWater","Frozen Eye","Centennial Puzzle"],"acts_visited":["Exordium"],"potions_floor_usage":[],"damage_taken":[{"damage":0,"enemies":"2 Louse","floor":1,"turns":2},{"damage":0,"enemies":"Small Slimes","floor":2,"turns":3},{"damage":1,"enemies":"Cultist","floor":3,"turns":3},{"damage":27,"enemies":"3 Sentries","floor":6,"turns":6},{"damage":54,"enemies":"Gremlin Nob","floor":8,"turns":5}],"seed_played":"-8643747277835071688","potions_obtained":[{"floor":1,"key":"BottledMiracle"},{"floor":3,"key":"ColorlessPotion"}],"is_trial":false,"path_per_floor":["M","M","M","?","?","E","R","E"],"character_chosen":"WATCHER","items_purchased":[],"campfire_rested":0,"item_purchase_floors":[],"current_hp_per_floor":[72,72,71,71,71,44,44,0,0],"gold":174,"neow_bonus":"","is_daily":true,"chose_seed":false,"campfire_upgraded":1,"win_rate":0.0,"timestamp":1612504056,"path_taken":["M","M","M","?","?","E","R","E"],"items_purchased_type":[],"build_version":"2020-12-22","purchased_purges":0,"victory":false,"max_hp_per_floor":[72,72,72,72,72,72,72,72,72],"relic_stats":{"Centennial Puzzle":[3],"counters":[5,19],"obtain_stats":[{"Frozen Eye":0,"Centennial Puzzle":6,"PureWater":0},{"Frozen Eye":0,"Centennial Puzzle":4,"PureWater":0},{"Frozen Eye":0,"Centennial Puzzle":14,"PureWater":0}]},"card_choices":[{"not_picked":["Sanctity","Conclude","BowlingBash"],"picked":"SKIP","floor":1},{"not_picked":["CrushJoints","Consecrate"],"picked":"CutThroughFate","floor":2},{"not_picked":["TalkToTheHand","Prostrate"],"picked":"Study","floor":3},{"not_picked":["Alpha","MasterReality","ConjureBlade"],"picked":"SKIP","floor":6}],"player_experience":594913,"relics_obtained":[{"floor":6,"key":"Centennial Puzzle"}],"event_choices":[{"damage_healed":0,"gold_gain":0,"player_choice":"Ignored","damage_taken":0,"max_hp_gain":0,"max_hp_loss":0,"event_name":"Liars Game","floor":4,"gold_loss":0},{"cards_removed":["Strike_P"],"damage_healed":0,"gold_gain":0,"player_choice":"Purged","damage_taken":0,"max_hp_gain":0,"max_hp_loss":0,"event_name":"Purifier","floor":5,"gold_loss":0}],"is_beta":false,"boss_relics":[],"items_purged_floors":[],"is_endless":false,"potions_floor_spawned":[1,3],"killed_by":"Gremlin Nob","ascension_level":0}}