{"host":"37ccm3d17clopct7","time":1612499607,"event":{"mods":["BaseMod","Hermit","Lobotomy","Minty Spire (QoL Compilation)","StSLib","The Bug Knight","The Cursed","The Hierophant","The Jungle","The Runesmith"],"gold_per_floor":[118,218,120,20,38,72,72,95,119,119,158,198,224,250,250,250,250],"floor_reached":16,"language":"KOR","playtime":627,"items_purged":["hierophant:Defend_Hierophant","hierophant:Defend_Hierophant"],"score":118,"play_id":"043fd162-6707-4adc-8c2a-87e219baac6d","local_time":"20210205133327","is_ascension_mode":false,"campfire_choices":[{"floor":7,"key":"REST"},{"data":"hierophant:ChurchCoffers","floor":10,"key":"SMITH"},{"floor":15,"key":"REST"}],"circlet_count":0,"master_deck":["hierophant:Strike_Hierophant","hierophant:Strike_Hierophant","hierophant:Strike_Hierophant","hierophant:Strike_Hierophant","hierophant:Punish","hierophant:Defend_Hierophant","hierophant:Defend_Hierophant","hierophant:ChurchCoffers+1","hierophant:OrnateBuckler","hierophant:RepressedViolence","hierophant:OrnateBuckler","hierophant:PristineSoul","hierophant:RepressedViolence","hierophant:OrnateBuckler+1"],"relics":["SlaversCollar","Bronze Scales","Nunchaku","WingedGreaves","Toxic Egg 2","Odd Mushroom"],"acts_visited":["Exordium"],"potions_floor_usage":[6,11,16,16],"damage_taken":[{"damage":3,"enemies":"Small Slimes","floor":1,"turns":3},{"damage":1,"enemies":"Cultist","floor":5,"turns":4},{"damage":36,"enemies":"Lagavulin","floor":6,"turns":10},{"damage":7,"enemies":"2 Louse","floor":8,"turns":2},{"damage":17,"enemies":"Gremlin Nob","floor":11,"turns":4},{"damage":3,"enemies":"3 Sentries","floor":12,"turns":7},{"damage":7,"enemies":"Large Slime","floor":13,"turns":7},{"damage":9,"enemies":"The Mushroom Lair","floor":14,"turns":3},{"damage":37,"enemies":"The Guardian","floor":16,"turns":10}],"seed_played":"5681890143888934123","potions_obtained":[{"floor":1,"key":"SteroidPotion"},{"floor":8,"key":"DuplicationPotion"},{"floor":12,"key":"EssenceOfSteel"},{"floor":14,"key":"BlessingOfTheForge"}],"is_trial":false,"path_per_floor":["M","?","$","$","M","E","R","M","T","R","E","E","M","?","R","B"],"character_chosen":"HIEROPHANT","items_purchased":["hierophant:RepressedViolence"],"campfire_rested":2,"item_purchase_floors":[3],"current_hp_per_floor":[72,72,72,72,71,35,57,50,50,50,33,30,23,14,36,0,0],"gold":250,"neow_bonus":"BOSS_RELIC","is_daily":false,"chose_seed":false,"campfire_upgraded":1,"win_rate":0.0,"timestamp":1612499607,"path_taken":["M","?","?","$","M","E","R","M","T","R","E","E","M","?","R","BOSS"],"items_purchased_type":["Card"],"build_version":"2020-12-22","purchased_purges":2,"victory":false,"max_hp_per_floor":[75,75,75,75,75,75,75,75,75,75,75,75,75,75,75,75,75],"card_choices":[{"not_picked":["hierophant:Prophecy","hierophant:HolyVerse"],"picked":"hierophant:OrnateBuckler","floor":1},{"not_picked":["hierophant:Shelter","hierophant:AuricBeam","hierophant:Purify"],"picked":"SKIP","floor":5},{"not_picked":["hierophant:Shelter","hierophant:Doubloon","hierophant:Chorus"],"picked":"SKIP","floor":6},{"not_picked":["hierophant:PassingBell","hierophant:AuricBeam"],"picked":"hierophant:OrnateBuckler","floor":8},{"not_picked":["hierophant:Blessing","hierophant:AuricBeam"],"picked":"hierophant:PristineSoul","floor":11},{"not_picked":["hierophant:AuricBeam","hierophant:Sermon+1"],"picked":"hierophant:RepressedViolence","floor":12},{"not_picked":["hierophant:Repentance+1","hierophant:AuricBeam","hierophant:EyeForCoin+1"],"picked":"SKIP","floor":13},{"not_picked":["hierophant:Cornucopia+1","hierophant:RepressedViolence"],"picked":"hierophant:OrnateBuckler+1","floor":14}],"player_experience":122748,"relics_obtained":[{"floor":6,"key":"Bronze Scales"},{"floor":9,"key":"Nunchaku"},{"floor":11,"key":"WingedGreaves"},{"floor":12,"key":"Toxic Egg 2"},{"floor":14,"key":"Odd Mushroom"}],"event_choices":[{"damage_healed":0,"gold_gain":100,"player_choice":"Pray","damage_taken":0,"max_hp_gain":0,"max_hp_loss":0,"event_name":"Golden Shrine","floor":2,"gold_loss":0},{"damage_healed":0,"gold_gain":0,"player_choice":"Fought Mushrooms","damage_taken":0,"max_hp_gain":0,"max_hp_loss":0,"event_name":"Mushrooms","floor":14,"gold_loss":0}],"is_beta":false,"boss_relics":[],"items_purged_floors":[3,4],"is_endless":false,"potions_floor_spawned":[1,8,12,14],"killed_by":"The Guardian","ascension_level":0}}