{"host":"knspyp6dy614fx6e","time":1612538915,"event":{"mods":["ATMod(°¢èªMod)","Aspiration","BaseMod","Better Altar","Better Skull","Better Third Choice","Card Filter","DeckTracker","Dota2Spire","Energized Spire","Jedi Mod","Minty Spire (QoL Compilation)","Quick Restart","Relic Filter Mod","Relic Stats","Reliquary","Shop Mod","Spicy Shops","StSLib","TestMod","Waifu the Spire"],"gold_per_floor":[219,219,230,249,249,249,275,50,50,50,50,50,50,50,50,50,50,50,50,50,50,50,50,70,82,94,137,164,176,203,247,259,376,388,419,450,462,624,654,699,199,230,309,338,387,402,33,33,33,33,33,33,42,71,71],"floor_reached":56,"language":"ZHS","playtime":2656,"items_purged":["Strike_B","Zap","Defend_B"],"score":1688,"play_id":"882e6b19-168a-48c1-86c4-3cb23d268521","local_time":"20210205232834","is_ascension_mode":true,"campfire_choices":[{"data":"Sunder","floor":6.0,"key":"SMITH"},{"data":"Phantasmal Killer","floor":10.0,"key":"SMITH"},{"floor":15.0,"key":"REST"},{"data":"Tactician","floor":23.0,"key":"SMITH"},{"data":"Dualcast","floor":25.0,"key":"SMITH"},{"data":"Skim","floor":32.0,"key":"SMITH"},{"floor":49.0,"key":"RECALL"},{"data":"Concentrate","floor":52.0,"key":"SMITH"}],"circlet_count":0,"master_deck":["Dualcast+1","Steam+1","Tactician+1","Phantasmal Killer+1","Concentrate+1","Heatsinks+1","Sunder+1","Gash","Skim+1","Cold Snap","Machine Learning+1","Self Repair+1","jedi:bruteforce+1","White Noise","Double Energy+1","Defragment+1","Self Repair+1","Defragment+1","Meteor Strike","Creative AI+1","Coolheaded","jedi:hex+1","AT_DarkMatter+1","Buffer+1","Storm+1"],"relics":["Cracked Core","AT_ATBox","testmod-TestBox","Dota2Spire:EchoSabre","reliquary:Aerogel","jedi:ominousloannote","Frozen Egg 2","reliquary:TridentHead","Runic Pyramid","Dota2Spire:Butterfly","Ancient Tea Set","Dota2Spire:MonkeyKingBar","reliquary:RedCape","Mummified Hand","MerchantsRug","reliquary:PorcupineQuills","DataDisk","testmod-RealStoneCalender","Dota2Spire:ShivaGuard","jedi:superconductor","aspiration:EnhancedActuators"],"acts_visited":["Exordium","TheCity","TheBeyond","TheEnding"],"potions_floor_usage":[55],"damage_taken":[{"damage":4.0,"enemies":"Small Slimes","floor":1.0,"turns":3.0},{"damage":0.0,"enemies":"Cultist","floor":3.0,"turns":3.0},{"damage":1.0,"enemies":"Jaw Worm","floor":4.0,"turns":3.0},{"damage":5.0,"enemies":"3 Sentries","floor":7.0,"turns":4.0},{"damage":12.0,"enemies":"2 Fungi Beasts","floor":11.0,"turns":2.0},{"damage":0.0,"enemies":"Large Slime","floor":12.0,"turns":3.0},{"damage":25.0,"enemies":"Hexaghost","floor":16.0,"turns":6.0},{"damage":10.0,"enemies":"Shell Parasite","floor":18.0,"turns":3.0},{"damage":2.0,"enemies":"Spheric Guardian","floor":20.0,"turns":4.0},{"damage":6.0,"enemies":"3 Cultists","floor":21.0,"turns":4.0},{"damage":21.0,"enemies":"Centurion and Healer","floor":22.0,"turns":5.0},{"damage":28.0,"enemies":"Slavers","floor":24.0,"turns":3.0},{"damage":9.0,"enemies":"Gremlin Leader","floor":27.0,"turns":4.0},{"damage":0.0,"enemies":"Cultist and Chosen","floor":28.0,"turns":2.0},{"damage":6.0,"enemies":"3 Cultists","floor":30.0,"turns":3.0},{"damage":13.0,"enemies":"Book of Stabbing","floor":31.0,"turns":5.0},{"damage":7.0,"enemies":"Champ","floor":33.0,"turns":4.0},{"damage":6.0,"enemies":"3 Shapes","floor":35.0,"turns":2.0},{"damage":0.0,"enemies":"Orb Walker","floor":36.0,"turns":3.0},{"damage":18.0,"enemies":"3 Darklings","floor":39.0,"turns":3.0},{"damage":7.0,"enemies":"Nemesis","floor":40.0,"turns":4.0},{"damage":0.0,"enemies":"Giant Head","floor":42.0,"turns":4.0},{"damage":0.0,"enemies":"Nemesis","floor":44.0,"turns":3.0},{"damage":12.0,"enemies":"2 Orb Walkers","floor":45.0,"turns":3.0},{"damage":0.0,"enemies":"Spire Growth","floor":46.0,"turns":3.0},{"damage":7.0,"enemies":"Time Eater","floor":50.0,"turns":4.0},{"damage":7.0,"enemies":"Shield and Spear","floor":54.0,"turns":5.0},{"damage":16,"enemies":"The Heart","floor":55,"turns":5}],"seed_played":"3889497333950906025","potions_obtained":[{"floor":1.0,"key":"jedi:StrikingPotion"},{"floor":4.0,"key":"Energy Potion"},{"floor":22.0,"key":"PotionOfCapacity"},{"floor":27.0,"key":"Dota2Spire:HealingSalve"},{"floor":30.0,"key":"Ancient Potion"},{"floor":31.0,"key":"AttackPotion"},{"floor":40.0,"key":"ColorlessPotion"},{"floor":42.0,"key":"PowerPotion"},{"floor":54.0,"key":"FairyPotion"}],"is_trial":false,"path_per_floor":["M","?","M","M","?","R","E","$","T","R","M","M","?","?","R","B",null,"M","?","M","M","M","R","E","R","T","E","M","?","M","E","R","B",null,"M","M","?","?","M","E","$","E","T","E","?","M","$","T","R","B",null,"R","$","E","B",null],"character_chosen":"DEFECT","items_purchased":["jedi:ominousloannote","Frozen Egg 2","reliquary:TridentHead","Skim","War Paint","MerchantsRug","reliquary:PorcupineQuills","Dota2Spire:ShivaGuard","jedi:superconductor"],"campfire_rested":1,"item_purchase_floors":[8,8,8,8,41,41,41,47,47],"current_hp_per_floor":[71,71,71,70,52,52,47,47,47,47,35,35,24,17,39,14,60,50,50,58,62,51,51,33,33,33,34,54,54,68,75,75,75,75,75,75,75,75,75,75,75,75,75,75,75,75,75,75,75,75,75,75,75,75,75],"gold":71,"neow_bonus":"HUNDRED_GOLD","is_daily":false,"chose_seed":false,"campfire_upgraded":6,"win_rate":0.0,"timestamp":1612538914,"path_taken":["M","?","?","?","?","R","E","$","T","R","M","M","?","?","R","BOSS","M","?","M","?","M","R","E","R","T","E","M","?","M","E","R","BOSS","M","M","?","?","M","E","$","E","T","E","?","?","?","?","R","BOSS","R","$","E","BOSS"],"items_purchased_type":["Relic","Relic","Relic","Card","Relic","Relic","Relic","Relic","Relic"],"build_version":"2020-12-22","purchased_purges":3,"victory":true,"max_hp_per_floor":[75,75,75,75,75,75,75,75,75,75,75,75,75,75,75,75,75,75,75,75,75,75,75,75,75,75,75,75,75,75,75,75,75,75,75,75,75,75,75,75,75,75,75,75,75,75,75,75,75,75,75,75,75,75,75],"relic_stats":{"counters":[28,100],"Mummified Hand":[103],"obtain_stats":[{"Dota2Spire:EchoSabre":5,"AT_ATBox":0,"reliquary:Aerogel":7,"reliquary:Firecrackers":44,"reliquary:RedCape":34,"Ancient Tea Set":27,"reliquary:TridentHead":8,"aspiration:EnhancedActuators":54,"Mummified Hand":40,"reliquary:Buckler":26,"Cracked Core":0,"Runic Pyramid":17,"MerchantsRug":41,"testmod-TestBox":0,"Dota2Spire:ShivaGuard":47,"Frozen Egg 2":8,"War Paint":41,"MawBank":9,"testmod-RealStoneCalender":45,"DataDisk":42,"Dota2Spire:Butterfly":24,"reliquary:PorcupineQuills":41,"jedi:superconductor":47,"jedi:ominousloannote":8,"Dota2Spire:MonkeyKingBar":31},{"Dota2Spire:EchoSabre":3,"AT_ATBox":0,"reliquary:Aerogel":4,"reliquary:Firecrackers":23,"reliquary:RedCape":17,"Ancient Tea Set":13,"reliquary:TridentHead":4,"aspiration:EnhancedActuators":27,"Mummified Hand":21,"reliquary:Buckler":12,"Cracked Core":0,"Runic Pyramid":7,"MerchantsRug":21,"testmod-TestBox":0,"Dota2Spire:ShivaGuard":25,"Frozen Egg 2":4,"War Paint":21,"MawBank":4,"testmod-RealStoneCalender":24,"DataDisk":22,"Dota2Spire:Butterfly":12,"reliquary:PorcupineQuills":21,"jedi:superconductor":25,"jedi:ominousloannote":4,"Dota2Spire:MonkeyKingBar":16},{"Dota2Spire:EchoSabre":9,"AT_ATBox":0,"reliquary:Aerogel":13,"reliquary:Firecrackers":80,"reliquary:RedCape":61,"Ancient Tea Set":47,"reliquary:TridentHead":13,"aspiration:EnhancedActuators":95,"Mummified Hand":73,"reliquary:Buckler":43,"Cracked Core":0,"Runic Pyramid":24,"MerchantsRug":73,"testmod-TestBox":0,"Dota2Spire:ShivaGuard":86,"Frozen Egg 2":13,"War Paint":73,"MawBank":13,"testmod-RealStoneCalender":83,"DataDisk":77,"Dota2Spire:Butterfly":43,"reliquary:PorcupineQuills":73,"jedi:superconductor":86,"jedi:ominousloannote":13,"Dota2Spire:MonkeyKingBar":57}]},"card_choices":[{"not_picked":["Auto Shields","Undo"],"picked":"Steam","floor":1.0},{"not_picked":["AT_WarpDrive","jedi:hex"],"picked":"Heatsinks","floor":3.0},{"not_picked":["jedi:blockon","Cold Snap"],"picked":"Sunder","floor":4.0},{"not_picked":["Undo","AT_HeatAcrobatics"],"picked":"Gash","floor":7.0},{"not_picked":["Melter","Undo"],"picked":"Cold Snap","floor":11.0},{"not_picked":["Go for the Eyes","jedi:blockon","Leap"],"picked":"SKIP","floor":12.0},{"not_picked":["Thunder Strike","jedi:gatheringstorm"],"picked":"Machine Learning+1","floor":16.0},{"not_picked":["AT_ThunderBolt+1","Coolheaded"],"picked":"Self Repair+1","floor":18.0},{"not_picked":["jedi:BurstFrost","Ball Lightning+1","jedi:locknload+1"],"picked":"SKIP","floor":20.0},{"not_picked":["jedi:BurstFrost","Skim+1"],"picked":"White Noise","floor":21.0},{"not_picked":["Steam","Consume"],"picked":"Double Energy","floor":22.0},{"not_picked":["Reboot","Reprogram"],"picked":"Defragment+1","floor":24.0},{"not_picked":["Stack","Hello World+1"],"picked":"Self Repair+1","floor":27.0},{"not_picked":["AT_EMC2+1","Steam","Blizzard"],"picked":"SKIP","floor":28.0},{"not_picked":["Sweeping Beam+1","Rip and Tear","Ball Lightning"],"picked":"SKIP","floor":30.0},{"not_picked":["Stack","Melter"],"picked":"Meteor Strike","floor":31.0},{"not_picked":["Reboot","Echo Form+1"],"picked":"Creative AI+1","floor":33.0},{"not_picked":["Leap","Double Energy+1","Sweeping Beam"],"picked":"SKIP","floor":35.0},{"not_picked":["Ball Lightning","Melter"],"picked":"Coolheaded","floor":36.0},{"not_picked":["Rebound+1","Rainbow","Beam Cell"],"picked":"SKIP","floor":39.0},{"not_picked":["Cold Snap+1","Rebound+1","Heatsinks+1"],"picked":"SKIP","floor":40.0},{"not_picked":["Go for the Eyes+1","Steam","Hello World+1"],"picked":"SKIP","floor":42.0},{"not_picked":["White Noise","Ball Lightning+1"],"picked":"jedi:hex+1","floor":44.0},{"not_picked":["jedi:overflow","Cold Snap"],"picked":"AT_DarkMatter+1","floor":45.0},{"not_picked":["Lockon+1","Barrage+1"],"picked":"Buffer+1","floor":46.0},{"not_picked":["jedi:reiji+1","jedi:markofdeath+1"],"picked":"Storm+1","floor":54.0}],"player_experience":323466,"relics_obtained":[{"floor":7.0,"key":"reliquary:Aerogel"},{"floor":9.0,"key":"MawBank"},{"floor":24.0,"key":"Dota2Spire:Butterfly"},{"floor":26.0,"key":"reliquary:Buckler"},{"floor":27.0,"key":"Ancient Tea Set"},{"floor":31.0,"key":"Dota2Spire:MonkeyKingBar"},{"floor":40.0,"key":"Mummified Hand"},{"floor":42.0,"key":"DataDisk"},{"floor":44.0,"key":"reliquary:Firecrackers"},{"floor":45.0,"key":"testmod-RealStoneCalender"},{"floor":54.0,"key":"aspiration:EnhancedActuators"}],"event_choices":[{"damage_healed":0.0,"max_hp_gain":0.0,"max_hp_loss":0.0,"gold_gain":0.0,"event_name":"betterThird:BetterScrap","player_choice":"Relic ","floor":5.0,"gold_loss":0.0,"damage_taken":18.0,"cards_obtained":["Night Terror"]},{"damage_healed":0.0,"max_hp_gain":0.0,"max_hp_loss":0.0,"gold_gain":75.0,"event_name":"World of Goop","player_choice":"Gather Gold","floor":13.0,"gold_loss":0.0,"damage_taken":11.0},{"cards_removed":["Strike_B"],"damage_healed":0.0,"max_hp_gain":0.0,"max_hp_loss":0.0,"gold_gain":0.0,"event_name":"Golden Wing","player_choice":"Card Removal","floor":14.0,"gold_loss":0.0,"damage_taken":7.0},{"damage_healed":0.0,"max_hp_gain":0.0,"max_hp_loss":0.0,"gold_gain":0.0,"cards_transformed":["Strike_B"],"event_name":"Transmorgrifier","player_choice":"Transformed","floor":19.0,"gold_loss":0.0,"damage_taken":0.0,"cards_obtained":["jedi:bruteforce"]},{"damage_healed":0.0,"max_hp_gain":0.0,"max_hp_loss":0.0,"gold_gain":0.0,"event_name":"The Library","player_choice":"Read","floor":29.0,"gold_loss":0.0,"damage_taken":0.0,"cards_obtained":["Defragment"]},{"cards_removed":["Strike_B"],"damage_healed":0.0,"max_hp_gain":0.0,"max_hp_loss":0.0,"gold_gain":0.0,"event_name":"Falling","player_choice":"Removed Attack","floor":37.0,"gold_loss":0.0,"damage_taken":0.0},{"damage_healed":0.0,"max_hp_gain":0.0,"max_hp_loss":0.0,"gold_gain":150.0,"event_name":"¶÷ÂåË¹µÄÅÌ×Ó","player_choice":"Sell","floor":38.0,"relics_lost":["reliquary:Buckler"],"gold_loss":0.0,"damage_taken":0.0},{"damage_healed":0.0,"max_hp_gain":0.0,"max_hp_loss":0.0,"gold_gain":0.0,"event_name":"Mysterious Sphere","player_choice":"Fight","floor":45.0,"gold_loss":0.0,"damage_taken":0.0}],"is_beta":false,"boss_relics":[{"not_picked":["jedi:hotpepper","jedi:paperlyon"],"picked":"Runic Pyramid"},{"not_picked":["Velvet Choker","aspiration:SecretTechniqueScroll"],"picked":"reliquary:RedCape"}],"items_purged_floors":[8,41,47],"is_endless":false,"potions_floor_spawned":[1,4,22,27,30,31,36,40,42,45,46,54],"ascension_level":5}}