{"host":"k7m72kgq8xdir5ne","time":1612486745,"event":{"mods":["ATMod(阿瑾Mod)","AchievementEnabler","Act Like it!","Arknights","BaseMod","Friendly Minions","Gensokyo","LagranYue(拉格朗・月)","Minty Spire (QoL Compilation)","RumiaBox-露米娅的神秘盒子","Shop Mod","Spicy Shops","StSLib","SuperFastMode","TestMod","【功能Mod】Neow奖励","【功能Mod】混沌之环修复补丁","篝火指南"],"gold_per_floor":[112,287,362,373,773,803,803,112,163,196,213,247,257,277,277,376,376,393,438,475,475,566,623,222,285,309,377,479,556,519,579,579,706,706,844,844,930,930,1005,1060,894,936,962,1105,1216,1216,1259,1259,806,831,831,614,312,393,418],"floor_reached":56,"language":"ZHS","playtime":3215,"items_purged":["Regret","Doubt","ats:Emotion Absorption"],"score":1447,"play_id":"c5eca917-a531-4c49-81f3-b3803b7f7a35","local_time":"20210205085905","is_ascension_mode":false,"campfire_choices":[{"floor":15.0,"key":"REST"},{"floor":32.0,"key":"RECALL"}],"circlet_count":0,"master_deck":["AT_ShrugMaster","ats:Calcification","ats:Very Hot Blade","ats:Hook Shot","ats:Overload","ats:Overload","ats:Mental Burst","ats:Powerful Strike","ats:Directed Diagnosis+1","ats:Blood Oath","ats:Demon Strength","Bloodletting","ats:Very Hot Blade+1","ats:Leaping Hammer+1","ats:Composite Medical Shells","ats:Volcano","ats:Rapid Magazine","ats:Absolute Focus+1","ats:Wolf Pack","ats:Sashimi Platter+1","ats:Composite Medical Shells","ats:Counter Healing Mode+1","Parasite","ats:Hook Shot","ats:Composite Medical Shells","ats:Demon Strength+1","Apotheosis","testmod-Arrangement","Inflame","ats:Absolute Focus"],"relics":["ats:Sanity","testmod-TestBox","LagranYue:RandomDrawCardRelic","testmod-Temperance","ats:Originium","White Beast Statue","MagicDraw3","AT_BellDemon","MerchantsRug","Juzu Bracelet","SSSystem","testmod-HeartOfDaVinci","AT_ArchangelStaff","testmod-ObsoleteBoomerang","Odd Mushroom","Ornamental Fan","testmod-Hope","AT_TrinityForce","AT_MibuBalloonWealth","Nunchaku","Happy Flower","Red Skull","Unceasing Top","Orichalcum","testmod-Justice","ats:Emergency Defibrillator","Oddly Smooth Stone","MagicDraw4","Blood Vial","AT_SunfireAegis","testmod-IndustrialRevolution","testmod-SaigiyounoYou","testmod-OneHitWonder","Sundial","testmod-Muramasa","testmod-Brilliant","testmod-AssaultLearning","AT_BladeRuinedKing","testmod-Register","War Paint","Bag of Preparation","AT_RedTearstoneRing","Centennial Puzzle","Art of War","LagranYue:ReturningEmperorRelic","ats:Special","Magic Flower","LastBattle","LagranYue:MagicReflectiveArmorRelic","AT_SpeedBoots","InkBottle","AT_EbonyIvory"],"acts_visited":["Exordium","TheCity","TheBeyond","TheEnding"],"potions_floor_usage":[55,55],"damage_taken":[{"damage":2.0,"enemies":"Jaw Worm","floor":1.0,"turns":5.0},{"damage":7.0,"enemies":"Small Slimes","floor":4.0,"turns":6.0},{"damage":15.0,"enemies":"Lagavulin","floor":6.0,"turns":13.0},{"damage":10.0,"enemies":"3 Sentries","floor":10.0,"turns":7.0},{"damage":3.0,"enemies":"2 Louse","floor":11.0,"turns":2.0},{"damage":14.0,"enemies":"Looter","floor":13.0,"turns":3.0},{"damage":29.0,"enemies":"The Mushroom Lair","floor":14.0,"turns":2.0},{"damage":0.0,"enemies":"Hexaghost","floor":16.0,"turns":5.0},{"damage":0.0,"enemies":"3 Byrds","floor":18.0,"turns":2.0},{"damage":2.0,"enemies":"Chosen","floor":19.0,"turns":2.0},{"damage":35.0,"enemies":"Snake Plant","floor":20.0,"turns":2.0},{"damage":8.0,"enemies":"3 Cultists","floor":22.0,"turns":3.0},{"damage":7.0,"enemies":"Book of Stabbing","floor":23.0,"turns":2.0},{"damage":3.0,"enemies":"Sentry and Sphere","floor":25.0,"turns":1.0},{"damage":24.0,"enemies":"Centurion and Healer","floor":27.0,"turns":2.0},{"damage":3.0,"enemies":"Gremlin Leader","floor":28.0,"turns":1.0},{"damage":3.0,"enemies":"Book of Stabbing","floor":31.0,"turns":1.0},{"damage":35.0,"enemies":"Champ","floor":33.0,"turns":4.0},{"damage":17.0,"enemies":"3 Darklings","floor":35.0,"turns":2.0},{"damage":12.0,"enemies":"3 Shapes","floor":37.0,"turns":2.0},{"damage":0.0,"enemies":"Mind Bloom Boss Battle","floor":39.0,"turns":3.0},{"damage":0.0,"enemies":"Nemesis","floor":40.0,"turns":1.0},{"damage":3.0,"enemies":"Transient","floor":42.0,"turns":4.0},{"damage":0.0,"enemies":"3 Darklings","floor":44.0,"turns":1.0},{"damage":0.0,"enemies":"4 Shapes","floor":45.0,"turns":1.0},{"damage":0.0,"enemies":"Spire Growth","floor":47.0,"turns":2.0},{"damage":78.0,"enemies":"Time Eater","floor":50.0,"turns":5.0},{"damage":3.0,"enemies":"Shield and Spear","floor":54.0,"turns":1.0},{"damage":67,"enemies":"The Heart","floor":55,"turns":4}],"seed_played":"-8149932709139046791","potions_obtained":[{"floor":4.0,"key":"FearPotion"},{"floor":6.0,"key":"LiquidMemories"},{"floor":10.0,"key":"ColorlessPotion"},{"floor":11.0,"key":"Explosive Potion"},{"floor":13.0,"key":"LiquidMemories"},{"floor":14.0,"key":"DuplicationPotion"},{"floor":16.0,"key":"Swift Potion"},{"floor":18.0,"key":"ColorlessPotion"},{"floor":19.0,"key":"DistilledChaos"},{"floor":20.0,"key":"GamblersBrew"},{"floor":22.0,"key":"SpeedPotion"},{"floor":23.0,"key":"Regen Potion"},{"floor":25.0,"key":"EssenceOfSteel"},{"floor":27.0,"key":"Block Potion"},{"floor":28.0,"key":"Block Potion"},{"floor":31.0,"key":"Strength Potion"},{"floor":33.0,"key":"SpeedPotion"},{"floor":35.0,"key":"testmod-SpacePotion"},{"floor":37.0,"key":"FairyPotion"},{"floor":39.0,"key":"PowerPotion"},{"floor":40.0,"key":"Strength Potion"},{"floor":42.0,"key":"ColorlessPotion"},{"floor":44.0,"key":"ColorlessPotion"},{"floor":47.0,"key":"ats:Emergency Sanity Potion"},{"floor":54.0,"key":"SpeedPotion"}],"is_trial":false,"path_per_floor":["M","?","?","M","?","E","?","$","T","E","M","$","M","?","R","B",null,"M","M","M","?","M","E","R","M","T","M","E","T","R","E","R","B",null,"M","?","M","?","?","E","R","M","T","M","M","?","M","?","R","B",null,"R","$","E","B",null],"character_chosen":"DOCTOR_CLASS","items_purchased":["AT_BellDemon","ats:Overload","MerchantsRug","ats:Sunburst","Juzu Bracelet","Unceasing Top","MagicDraw4","ats:Rapid Magazine","testmod-Register","War Paint","ats:Hook Shot","ats:Special","Magic Flower","LastBattle","ats:Absolute Focus","LagranYue:MagicReflectiveArmorRelic","AT_SpeedBoots"],"campfire_rested":1,"item_purchase_floors":[8,8,8,8,8,24,30,30,41,41,41,49,49,52,52,53,53],"current_hp_per_floor":[71,71,60,55,55,47,47,47,47,39,40,40,30,1,21,28,69,69,67,64,64,61,63,63,68,68,47,44,44,44,41,41,53,69,59,59,66,66,69,69,69,69,69,69,69,59,69,69,69,39,69,69,69,69,24],"gold":418,"neow_bonus":"THREE_RARE_CARDS","is_daily":false,"chose_seed":false,"campfire_upgraded":0,"win_rate":0.0,"timestamp":1612486745,"path_taken":["M","?","?","M","?","E","?","?","T","E","M","?","M","?","R","BOSS","M","M","M","?","M","E","R","M","T","M","E","?","R","E","R","BOSS","M","?","M","?","?","E","R","M","T","M","M","?","M","?","R","BOSS","R","$","E","BOSS"],"items_purchased_type":["Relic","Card","Relic","Card","Relic","Relic","Relic","Card","Relic","Relic","Card","Relic","Relic","Relic","Card","Relic","Relic"],"build_version":"2020-12-22","purchased_purges":3,"victory":true,"max_hp_per_floor":[72,72,72,72,72,72,72,69,69,69,69,69,69,69,69,69,69,69,69,69,69,69,69,69,69,69,69,69,69,69,69,69,69,69,69,69,69,69,69,69,69,69,69,69,69,69,69,69,69,69,69,69,69,69,69],"card_choices":[{"not_picked":["ats:Soul Rend","ats:Rat Pack"],"picked":"ats:Calcification","floor":0.0},{"not_picked":["ats:Defend Order","ats:Shell Defense"],"picked":"ats:Very Hot Blade","floor":1.0},{"not_picked":["ats:Assault Order","ats:Directed Diagnosis"],"picked":"ats:Hook Shot","floor":4.0},{"not_picked":["ats:Absolute Focus","ats:Healing Drone"],"picked":"ats:Collapsing Strike","floor":6.0},{"not_picked":["ats:Flame Of Heaven","ats:Healing Drone"],"picked":"ats:Blood Oath","floor":10.0},{"not_picked":["ats:Consecutive Shot Auto","ats:Hammer On","ats:Absolute Focus"],"picked":"SKIP","floor":11.0},{"not_picked":["ats:Red Shift","ats:Steam Pump"],"picked":"ats:Overload","floor":13.0},{"not_picked":["ats:Curse Doll","ats:Absolute Focus"],"picked":"ats:Explosion Area Strengthen","floor":14.0},{"not_picked":["ats:Fractured Body","ats:Rat Pack"],"picked":"ats:Roar Of Ursus","floor":16.0},{"not_picked":["ats:Blood Oath+1","ats:Guard Mode"],"picked":"ats:Mental Burst","floor":18.0},{"not_picked":["ats:Automatic Cover","ats:Magnetic Hammer"],"picked":"ats:Powerful Strike","floor":19.0},{"not_picked":["ats:Hook Shot","ats:Cat Scratch"],"picked":"ats:Directed Diagnosis","floor":20.0},{"not_picked":["ats:Neurotoxin","ats:Serious Mode","ats:Explosion Area Strengthen"],"picked":"SKIP","floor":22.0},{"not_picked":["ats:Shadow Assault","ats:Neurotoxin+1"],"picked":"ats:Very Hot Blade+1","floor":23.0},{"not_picked":["ats:Poison Spread+1","ats:Curse Doll"],"picked":"ats:Leaping Hammer+1","floor":25.0},{"not_picked":["ats:Blood Oath","ats:Guard Mode"],"picked":"ats:Composite Medical Shells","floor":27.0},{"not_picked":["ats:Explosion Area Strengthen","ats:Ambush"],"picked":"ats:Volcano","floor":28.0},{"not_picked":["ats:Phantom","ats:Powerful Strike+1"],"picked":"ats:Absolute Focus+1","floor":31.0},{"not_picked":["ats:Shadow Assault","ats:Disruption Kick"],"picked":"ats:Wolf Pack","floor":33.0},{"not_picked":["ats:Hammer On","ats:Blood Oath"],"picked":"ats:Sashimi Platter+1","floor":35.0},{"not_picked":["ats:Assault Order","ats:Powerful Strike+1","ats:Poison Spread"],"picked":"SKIP","floor":37.0},{"not_picked":["ats:Hammer On+1","ats:Closed Bolt Burst Fire+1"],"picked":"ats:Composite Medical Shells","floor":39.0},{"not_picked":["ats:Defend Order+1","ats:Poison Spread"],"picked":"ats:Counter Healing Mode+1","floor":40.0},{"not_picked":["ats:Shell Defense+1","ats:Poison Spread+1"],"picked":"ats:Composite Medical Shells","floor":42.0},{"not_picked":["ats:Directed Diagnosis+1","ats:Closed Bolt Burst Fire+1"],"picked":"ats:Demon Strength+1","floor":44.0},{"not_picked":["ats:Powerful Strike+1","ats:Dogmatic Field","ats:Blood Oath"],"picked":"SKIP","floor":45.0},{"not_picked":["testmod-ComboMaster","PanicButton"],"picked":"Apotheosis","floor":46.0},{"not_picked":["Trip","testmod-HandmadeProducts"],"picked":"testmod-Arrangement","floor":46.0},{"not_picked":["ats:Assault Order","ats:Very Hot Blade+1","ats:Phantom"],"picked":"SKIP","floor":47.0},{"not_picked":["ats:Powerful Strike","ats:Encircling Forest+1","ats:Support Order+1"],"picked":"SKIP","floor":54.0}],"player_experience":65296,"relics_obtained":[{"floor":6.0,"key":"ats:Originium"},{"floor":6.0,"key":"White Beast Statue"},{"floor":9.0,"key":"SSSystem"},{"floor":10.0,"key":"ats:Originium"},{"floor":10.0,"key":"testmod-HeartOfDaVinci"},{"floor":11.0,"key":"AT_ArchangelStaff"},{"floor":13.0,"key":"testmod-ObsoleteBoomerang"},{"floor":14.0,"key":"Odd Mushroom"},{"floor":14.0,"key":"Ornamental Fan"},{"floor":16.0,"key":"testmod-Hope"},{"floor":18.0,"key":"AT_MibuBalloonWealth"},{"floor":19.0,"key":"ats:Hidden Killer"},{"floor":20.0,"key":"Nunchaku"},{"floor":22.0,"key":"LagranYue:GuidanceLightRelic"},{"floor":23.0,"key":"Happy Flower"},{"floor":23.0,"key":"ats:Originium"},{"floor":23.0,"key":"Red Skull"},{"floor":25.0,"key":"Orichalcum"},{"floor":27.0,"key":"testmod-Justice"},{"floor":28.0,"key":"ats:Emergency Defibrillator"},{"floor":28.0,"key":"ats:Originium"},{"floor":28.0,"key":"Oddly Smooth Stone"},{"floor":29.0,"key":"testmod-InfectionSource"},{"floor":31.0,"key":"Blood Vial"},{"floor":31.0,"key":"AT_SunfireAegis"},{"floor":33.0,"key":"testmod-IndustrialRevolution"},{"floor":35.0,"key":"testmod-OneHitWonder"},{"floor":37.0,"key":"Sundial"},{"floor":39.0,"key":"testmod-Muramasa"},{"floor":39.0,"key":"testmod-Brilliant"},{"floor":40.0,"key":"testmod-AssaultLearning"},{"floor":40.0,"key":"AT_BladeRuinedKing"},{"floor":42.0,"key":"Bag of Preparation"},{"floor":43.0,"key":"AT_RedTearstoneRing"},{"floor":44.0,"key":"Centennial Puzzle"},{"floor":45.0,"key":"Art of War"},{"floor":47.0,"key":"LagranYue:ReturningEmperorRelic"},{"floor":54.0,"key":"InkBottle"},{"floor":54.0,"key":"AT_EbonyIvory"}],"event_choices":[{"damage_healed":0.0,"max_hp_gain":0.0,"max_hp_loss":0.0,"gold_gain":175.0,"event_name":"Liars Game","player_choice":"AGREE","floor":2.0,"gold_loss":0.0,"damage_taken":0.0,"cards_obtained":["Doubt"]},{"damage_healed":0.0,"max_hp_gain":0.0,"max_hp_loss":0.0,"gold_gain":75.0,"event_name":"World of Goop","player_choice":"Gather Gold","floor":3.0,"gold_loss":0.0,"damage_taken":11.0},{"damage_healed":0.0,"max_hp_gain":0.0,"max_hp_loss":0.0,"gold_gain":400.0,"event_name":"恩洛斯的盘子","player_choice":"Sell","floor":5.0,"relics_lost":["AT_ATBox"],"gold_loss":0.0,"damage_taken":0.0},{"damage_healed":0.0,"max_hp_gain":0.0,"max_hp_loss":0.0,"gold_gain":0.0,"event_name":"Big Fish","player_choice":"Box","floor":7.0,"gold_loss":0.0,"damage_taken":0.0,"relics_obtained":["MagicDraw3"],"cards_obtained":["Regret"]},{"damage_healed":0.0,"max_hp_gain":0.0,"max_hp_loss":0.0,"gold_gain":0.0,"event_name":"Mushrooms","player_choice":"Fought Mushrooms","floor":14.0,"gold_loss":0.0,"damage_taken":0.0},{"damage_healed":0.0,"max_hp_gain":0.0,"max_hp_loss":0.0,"gold_gain":0.0,"cards_transformed":["ats:Strike G","ats:Defend"],"event_name":"Drug Dealer","player_choice":"Became Test Subject","floor":21.0,"gold_loss":0.0,"damage_taken":0.0,"cards_obtained":["ats:Blood Oath","ats:Demon Strength"]},{"damage_healed":0.0,"max_hp_gain":0.0,"max_hp_loss":0.0,"gold_gain":0.0,"event_name":"Tomb of Lord Red Mask","player_choice":"Ignored","floor":36.0,"gold_loss":0.0,"damage_taken":0.0},{"damage_healed":0.0,"max_hp_gain":0.0,"max_hp_loss":0.0,"gold_gain":0.0,"event_name":"SecretPortal","player_choice":"Ignored","floor":38.0,"gold_loss":0.0,"damage_taken":0.0},{"damage_healed":0.0,"max_hp_gain":0.0,"max_hp_loss":0.0,"gold_gain":0.0,"event_name":"MindBloom","player_choice":"Fight","floor":39.0,"gold_loss":0.0,"damage_taken":0.0},{"damage_healed":0.0,"max_hp_gain":0.0,"max_hp_loss":0.0,"gold_gain":0.0,"event_name":"SensoryStone","player_choice":"Memory 3","floor":46.0,"gold_loss":0.0,"damage_taken":10.0},{"cards_removed":["ats:Defend"],"damage_healed":0.0,"max_hp_gain":0.0,"max_hp_loss":0.0,"gold_gain":0.0,"event_name":"Falling","player_choice":"Removed Skill","floor":48.0,"gold_loss":0.0,"damage_taken":0.0}],"is_beta":false,"boss_relics":[{"not_picked":["testmod-IncinerationGenerator","testmod-BatchProcessingSystem"],"picked":"AT_TrinityForce"},{"not_picked":["SoulBox","Calling Bell"],"picked":"testmod-SaigiyounoYou"}],"items_purged_floors":[8,8,24],"is_endless":false,"potions_floor_spawned":[4,6,10,11,13,14,16,18,19,20,22,23,25,27,28,31,33,35,37,39,40,42,44,45,47,54],"ascension_level":0}}