{"host":"coat6gkfrd6s61c3","time":1612527703,"event":{"mods":["2.2 Compatiblity","AchievementEnabler","BaseMod","Colored Powertips","Conspire","Friendly Minions","Halation","Hubris","Infinite Spire","Minty Spire (QoL Compilation)","Practice Mode","Replay The Spire","Shop Mod","StSLib","The Animator","everything is the same but u backflip on backflip","slay the spire mod where everything is the same but ironclad has a cowboy hat"],"gold_per_floor":[119,119,119,137,64,110,110,110,135,35,35,73,83,433,445,556,568,591,577,589,612,648,675,504,516,528,575,587,627,659,702,714,726,726],"floor_reached":33,"language":"ENG","playtime":3667,"items_purged":["CommonCold"],"score":470,"play_id":"9230f4b5-45bd-44bd-b9fa-296a92efda21","local_time":"20210205225143","is_ascension_mode":false,"campfire_choices":[{"data":"animator:Sloth","floor":11.0,"key":"SMITH"},{"data":"animator:ElricEdward","floor":15.0,"key":"SMITH"},{"data":"hubris:DuctTapeCard","floor":28.0,"key":"SMITH"},{"data":"animator:Father","floor":32.0,"key":"SMITH"}],"circlet_count":0,"master_deck":["animator:Strike_Konosuba","animator:Defend_Konosuba","animator:Strike","animator:Strike","animator:Strike","animator:Defend","animator:Defend","animator:Defend+1","animator:Kazuma","animator:Aqua","animator:Vesta","animator:Darkness","animator:SakuraMatou","animator:Darkness+1","animator:Sloth+1","animator:NagisaMomoe","animator:Saitama","animator:Illya+1","animator:YuiTsuruno+1","animator:Darkness","animator:Illya+1","CommonCold","Amnesia","animator:Father+1","ReplayTheSpireMod:Doomed","Spreading Infection","Decay","ReplayTheSpireMod:Doomed","animator:RoyMustang","animator:Mitsurugi+1","hubris:DuctTapeCard","conspire:NecroticWound","Shame","Clumsy","Looming Evil","Pain"],"relics":["animator:LivingPicture","animator:TheMissingPiece","hubris:Towel","Replay:Accelerometer","hubris:Icosahedron","ReplayTheSpireMod:Ring of Collecting","Ring of Fury","Ring of Peace","Replay:Baseball","Anchor","Ring of Greed","MawBank","Old Coin","Garlic","halation:ForbiddenBikini","Ring of Hypnosis","halation:PromiseList","Toolbox","hubris:DuctTape","hubris:Potato","Akabeko"],"acts_visited":["Exordium","TheCity"],"potions_floor_usage":[33,33],"damage_taken":[{"damage":0.0,"enemies":"Jaw Worm","floor":1.0,"turns":7.0},{"damage":1.0,"enemies":"2 Louse","floor":4.0,"turns":2.0},{"damage":21.0,"enemies":"Lagavulin","floor":6.0,"turns":12.0},{"damage":2.0,"enemies":"3 Sentries","floor":12.0,"turns":9.0},{"damage":0.0,"enemies":"conspire:RoseBush","floor":13.0,"turns":3.0},{"damage":33.0,"enemies":"Fading Forest","floor":16.0,"turns":11.0},{"damage":0.0,"enemies":"Chosen","floor":18.0,"turns":6.0},{"damage":9.0,"enemies":"2 Thieves","floor":19.0,"turns":5.0},{"damage":4.0,"enemies":"Centurion and Healer","floor":21.0,"turns":8.0},{"damage":0.0,"enemies":"Snake Plant","floor":23.0,"turns":5.0},{"damage":0.0,"enemies":"Snecko","floor":24.0,"turns":7.0},{"damage":0.0,"enemies":"Nightmare","floor":27.0,"turns":8.0},{"damage":11.0,"enemies":"animator:HornedBat","floor":29.0,"turns":9.0},{"damage":0.0,"enemies":"Centurion and Healer","floor":30.0,"turns":6.0},{"damage":0.0,"enemies":"Sentry and Sphere","floor":31.0,"turns":3.0},{"damage":73,"enemies":"Collector","floor":33,"turns":7}],"seed_played":"-2924855339905776779","potions_obtained":[{"floor":4.0,"key":"BlessingOfTheForge"},{"floor":6.0,"key":"EssenceOfSteel"},{"floor":19.0,"key":"Venom Potion"},{"floor":21.0,"key":"Explosive Potion"},{"floor":27.0,"key":"Weak Potion"},{"floor":30.0,"key":"LiquidMemories"}],"is_trial":false,"path_per_floor":["M","?","?","M","$","E","?","?","T","$","R","E","M","T","R","B",null,"M","M","?","M","T","M","M","AVR","T","NM","R","E","M","M","R","B"],"character_chosen":"THE_ANIMATOR","items_purchased":["animator:Darkness","animator:Darkness+1","animator:Sloth"],"campfire_rested":0,"item_purchase_floors":[5,10,10],"current_hp_per_floor":[72,72,72,72,72,53,53,53,53,53,53,54,56,56,56,35,72,73,67,67,65,65,67,69,69,69,71,71,62,64,66,66,0,0],"gold":726,"neow_bonus":"TEN_PERCENT_HP_BONUS","is_daily":false,"chose_seed":false,"campfire_upgraded":4,"win_rate":0.0,"timestamp":1612527703,"path_taken":["M","?","?","?","$","E","?","?","T","?","R","E","M","?","R","BOSS","M","M","?","?","?","M","M","AVR","T","NM","R","E","M","M","R","BOSS"],"items_purchased_type":["Card","Card","Card"],"build_version":"2020-12-22","purchased_purges":1,"victory":false,"max_hp_per_floor":[72,72,72,72,72,72,72,72,72,72,72,72,72,72,72,72,72,73,74,74,74,74,74,74,74,74,74,74,74,74,74,74,74,74],"card_choices":[{"not_picked":["animator:YuiTsuruno","animator:ShinjiMatou"],"picked":"animator:Vesta","floor":1.0},{"not_picked":["animator:Rider","animator:Benimaru"],"picked":"animator:ElricEdward","floor":4.0},{"not_picked":["animator:Verdia","animator:Kyubey"],"picked":"animator:SakuraMatou","floor":6.0},{"not_picked":["animator:Assassin","animator:Illya"],"picked":"animator:NagisaMomoe","floor":12.0},{"not_picked":["animator:Rider","animator:Boros"],"picked":"animator:Genos","floor":13.0},{"not_picked":["animator:Kyubey","animator:HomuraAkemi"],"picked":"animator:Saitama","floor":16.0},{"not_picked":["animator:Benimaru","animator:PandorasActor+1"],"picked":"animator:Illya+1","floor":18.0},{"not_picked":["animator:SuzuneAmano","animator:Genos"],"picked":"animator:YuiTsuruno+1","floor":19.0},{"not_picked":["animator:Sonic","animator:Sloth"],"picked":"animator:Illya+1","floor":21.0},{"not_picked":["animator:Tatsumaki+1","animator:Sloth","animator:ElricEdward"],"picked":"SKIP","floor":23.0},{"not_picked":["animator:Millim","animator:Shalltear+1","animator:Vesta"],"picked":"SKIP","floor":24.0},{"not_picked":["animator:Sloth","animator:Alexander","animator:MaesHughes"],"picked":"SKIP","floor":27.0},{"not_picked":["animator:Rimuru","animator:Benimaru"],"picked":"animator:Father","floor":29.0},{"not_picked":["animator:Verdia+1","animator:IrohaTamaki"],"picked":"animator:RoyMustang","floor":30.0},{"not_picked":["animator:Genos","animator:MumenRider+1"],"picked":"animator:Mitsurugi+1","floor":31.0}],"player_experience":755109,"relics_obtained":[{"floor":6.0,"key":"Replay:Accelerometer"},{"floor":8.0,"key":"ReplayTheSpireMod:Ring of Collecting"},{"floor":8.0,"key":"Ring of Fury"},{"floor":9.0,"key":"Ring of Peace"},{"floor":9.0,"key":"Replay:Baseball"},{"floor":12.0,"key":"Anchor"},{"floor":14.0,"key":"Ring of Greed"},{"floor":14.0,"key":"MawBank"},{"floor":14.0,"key":"Old Coin"},{"floor":14.0,"key":"Garlic"},{"floor":22.0,"key":"Ring of Hypnosis"},{"floor":22.0,"key":"halation:PromiseList"},{"floor":26.0,"key":"hubris:DuctTape"},{"floor":27.0,"key":"hubris:Potato"},{"floor":29.0,"key":"Akabeko"}],"event_choices":[{"damage_healed":0.0,"max_hp_gain":0.0,"max_hp_loss":0.0,"gold_gain":0.0,"event_name":"Duplicator","player_choice":"Copied","floor":20.0,"gold_loss":0.0,"damage_taken":0.0,"cards_obtained":["animator:Darkness"]}],"is_beta":false,"boss_relics":[{"not_picked":["Replay:Wanted Poster","animator:HolyGrailRelic"],"picked":"halation:ForbiddenBikini"}],"items_purged_floors":[25],"is_endless":true,"potions_floor_spawned":[4,6,19,21,27,30],"killed_by":"Collector","ascension_level":0}}