{"host":"cxvb37eaaiijvrl4","time":1612486890,"event":{"mods":["ATMod(°¢èªMod)","BaseMod","Better Third Choice","Minty Spire (QoL Compilation)","MostiFishMod","Quick Restart","Rare Cards Sparkle","Shop Mod","Spicy Shops","StSLib","TestMod","Uncapped","²ÐÁôÖ®Îï"],"gold_per_floor":[115,134,134,134,134,134,154,187,187,462,476,171,200,219,219,297,297,309,326,344,344,357,392,392,421,421,436,462,462,462,377,377,451,451,462,462,487,312,312,343,353,366,366,366,383,258,273,284,284,284,284,284,284,1,35,35],"floor_reached":57,"language":"ZHS","playtime":1136,"items_purged":["Sentinel","MostiFishMod:Chiaki","AT_BodySlamDance+1","Pride"],"score":3583,"play_id":"cfea4163-2be7-4c27-8399-9999f310b8ec","local_time":"20210204170130","is_ascension_mode":true,"campfire_choices":[{"data":"Shrug It Off","floor":6.0,"key":"SMITH"},{"data":"Entrench","floor":15.0,"key":"SMITH"},{"data":"MostiFishMod:RacingGame","floor":24.0,"key":"SMITH"},{"data":"Body Slam","floor":30.0,"key":"SMITH"},{"data":"AT_BodySlamDance","floor":32.0,"key":"SMITH"},{"data":"Barricade","floor":44,"key":"SMITH"},{"floor":49,"key":"RECALL"},{"floor":53,"key":"REST"}],"circlet_count":0,"master_deck":["AscendersBane","Shrug It Off+1","Entrench+1","MostiFishMod:RacingGame+1","Body Slam+1","Barricade+1"],"relics":["Burning Blood","testmod-TestBox","DaveBox","AT_ATBox","GuanYuAspect","NeowsBlessing","SynthV:TestCard","testmod-Muramasa","AT_LudenTempest","MerchantsRug","White Beast Statue","Letter Opener","PlaceholderMod:LiveLive","Mango","Art of War","PlaceholderMod:SoulofChaos","AT_ForceNature","Kunai","testmod-TimeTraveler","MostiFishMod:Haymaker","testmod-Brilliant","Calipers","PlaceholderMod:DeVermisMysteriis"],"acts_visited":["Exordium","TheCity","TheBeyond","TheEnding"],"potions_floor_usage":[41,56],"damage_taken":[{"damage":0.0,"enemies":"Small Slimes","floor":1.0,"turns":1.0},{"damage":0.0,"enemies":"2 Louse","floor":2.0,"turns":1.0},{"damage":0.0,"enemies":"Cultist","floor":5.0,"turns":1.0},{"damage":8.0,"enemies":"Large Slime","floor":7.0,"turns":2.0},{"damage":0.0,"enemies":"Lagavulin","floor":8.0,"turns":3.0},{"damage":2.0,"enemies":"Red Slaver","floor":11.0,"turns":2.0},{"damage":0.0,"enemies":"Gremlin Nob","floor":13.0,"turns":2.0},{"damage":0.0,"enemies":"Looter","floor":14.0,"turns":1.0},{"damage":4.0,"enemies":"The Guardian","floor":16.0,"turns":4.0},{"damage":0.0,"enemies":"2 Thieves","floor":18.0,"turns":2.0},{"damage":0.0,"enemies":"Spheric Guardian","floor":19.0,"turns":1.0},{"damage":0.0,"enemies":"Chosen and Byrds","floor":20.0,"turns":2.0},{"damage":0.0,"enemies":"Shelled Parasite and Fungi","floor":22.0,"turns":1.0},{"damage":0.0,"enemies":"Gremlin Leader","floor":23.0,"turns":3.0},{"damage":0.0,"enemies":"Book of Stabbing","floor":25.0,"turns":2.0},{"damage":0.0,"enemies":"Centurion and Healer","floor":27.0,"turns":2.0},{"damage":0.0,"enemies":"Slavers","floor":28.0,"turns":2.0},{"damage":0.0,"enemies":"Champ","floor":33.0,"turns":2.0},{"damage":9.0,"enemies":"3 Darklings","floor":35.0,"turns":2.0},{"damage":0.0,"enemies":"Mind Bloom Boss Battle","floor":37.0,"turns":1.0},{"damage":0,"enemies":"Reptomancer","floor":40,"turns":1},{"damage":0,"enemies":"Orb Walker","floor":41,"turns":1},{"damage":0,"enemies":"3 Darklings","floor":42,"turns":1},{"damage":0,"enemies":"Writhing Mass","floor":45,"turns":1},{"damage":0,"enemies":"4 Shapes","floor":47,"turns":1},{"damage":0,"enemies":"3 Darklings","floor":48,"turns":1},{"damage":0,"enemies":"Donu and Deca","floor":50,"turns":1},{"damage":0,"enemies":"Time Eater","floor":51,"turns":1},{"damage":0,"enemies":"Shield and Spear","floor":55,"turns":1},{"damage":0,"enemies":"The Heart","floor":56,"turns":4}],"seed_played":"2818611053516942819","potions_obtained":[{"floor":1.0,"key":"Swift Potion"},{"floor":11.0,"key":"LiquidMemories"},{"floor":41,"key":"Fruit Juice"},{"floor":42,"key":"GamblersBrew"}],"is_trial":false,"path_per_floor":["M","M","?","?","M","R","M","E","T","?","M","$","E","M","R","B",null,"M","M","M","?","M","E","R","E","T","M","E","?","R","?","R","B",null,"M","?","?","$","?","E","M","M","T","R","M","$","M","M","R","B","B",null,"R","$","E","B",null],"character_chosen":"IRONCLAD","items_purchased":["MerchantsRug","White Beast Statue","Calipers"],"campfire_rested":1,"item_purchase_floors":[12,12,54],"current_hp_per_floor":[38,38,27,27,31,31,28,34,34,34,37,37,38,38,38,38,38,38,38,38,38,38,45,45,52,52,52,52,54,54,56,56,58,58,54,56,64,64,66,67,70,75,75,75,75,75,75,75,75,75,75,75,75,75,75,75],"gold":35,"neow_bonus":"THREE_ENEMY_KILL","is_daily":false,"chose_seed":false,"campfire_upgraded":6,"win_rate":0.0,"timestamp":1612486890,"path_taken":["M","M","?","?","M","R","?","E","T","?","M","?","E","M","R","BOSS","M","M","M","?","?","E","R","E","T","M","E","?","R","?","R","BOSS","M","?","?","$","?","E","M","?","T","R","M","$","M","M","R","BOSS","BOSS","R","$","E","BOSS"],"items_purchased_type":["Relic","Relic","Relic"],"build_version":"2020-12-22","purchased_purges":4,"victory":true,"max_hp_per_floor":[38,38,38,38,38,38,38,38,38,38,38,38,38,38,38,38,38,38,38,38,38,38,52,52,52,52,52,52,55,55,58,58,58,58,58,61,64,64,67,67,72,75,75,75,75,75,75,75,75,75,75,75,75,75,75,75],"card_choices":[{"not_picked":["Perfected Strike","Cleave"],"picked":"Inflame","floor":1.0},{"not_picked":["Hemokinesis","Clothesline","Combust","Perfected Strike"],"picked":"Shrug It Off","floor":2.0},{"not_picked":["MostiFishMod:BrandingRite","Thunderclap","Wild Strike","Blood for Blood","Flame Barrier"],"picked":"SKIP","floor":5.0},{"not_picked":["Whirlwind","Armaments","Second Wind","Reckless Charge","Perfected Strike"],"picked":"SKIP","floor":7.0},{"not_picked":["AT_GerminateFire","Havoc","Perfected Strike","Metallicize"],"picked":"Sentinel","floor":8.0},{"not_picked":["Immolate","Armaments","Ghostly Armor","Thunderclap"],"picked":"Metallicize","floor":11.0},{"not_picked":["Wild Strike","Shrug It Off","Headbutt","Iron Wave"],"picked":"AT_BodySlamDance","floor":13.0},{"not_picked":["Uppercut","Warcry","Perfected Strike","Dual Wield"],"picked":"Entrench","floor":14.0},{"not_picked":["Clash","Heavy Blade","Pommel Strike","Perfected Strike","Corruption"],"picked":"SKIP","floor":18.0},{"not_picked":["Shrug It Off","Anger","AT_BodySlamDance","Pommel Strike","Intimidate"],"picked":"SKIP","floor":19.0},{"not_picked":["Uppercut","Clash","Sword Boomerang","Anger","Cleave"],"picked":"SKIP","floor":20.0},{"not_picked":["Armaments","Carnage","Anger","Cleave"],"picked":"MostiFishMod:RacingGame","floor":22.0},{"not_picked":["Combust","Shrug It Off","Inflame+1","Sword Boomerang","Shockwave"],"picked":"SKIP","floor":23.0},{"not_picked":["Armaments","Shrug It Off","AT_DiedThrough","Fire Breathing","Limit Break"],"picked":"SKIP","floor":25.0},{"not_picked":["AT_IchimonjiDouble","Flex","AT_DrawKnifeCut","Heavy Blade"],"picked":"Body Slam","floor":27.0},{"not_picked":["Shrug It Off","Combust","Clash+1","Pommel Strike+1","Dark Embrace"],"picked":"SKIP","floor":28.0},{"not_picked":["MostiFishMod:UltimateDefense","Fiend Fire","Offering","MostiFishMod:DarkDeal"],"picked":"Barricade","floor":33.0},{"not_picked":["Iron Wave","Perfected Strike","Sword Boomerang","Body Slam","AT_BodySlamDance"],"picked":"SKIP","floor":35.0},{"not_picked":["Cleave","Flex","True Grit","Heavy Blade","Headbutt"],"picked":"SKIP","floor":40},{"not_picked":["Fire Breathing","Warcry+1","Shockwave","Reckless Charge","Sentinel"],"picked":"SKIP","floor":41},{"not_picked":["Armaments","Perfected Strike","AT_IchimonjiDouble","Ghostly Armor","MostiFishMod:#F4004+1"],"picked":"SKIP","floor":42},{"not_picked":["AT_ShrugMaster","MostiFishMod:#F4004","Twin Strike","True Grit","Pummel"],"picked":"SKIP","floor":45},{"not_picked":["Headbutt","Flex+1","Thunderclap","Anger","Heavy Blade"],"picked":"SKIP","floor":47},{"not_picked":["Offering","Searing Blow","Clash+1","Burning Pact","Inflame"],"picked":"SKIP","floor":48},{"not_picked":["Reckless Charge","True Grit","MostiFishMod:FlyOverUtopia","AT_CaressingTears","Pummel"],"picked":"SKIP","floor":55}],"player_experience":736196,"relics_obtained":[{"floor":1.0,"key":"SynthV:TestCard"},{"floor":9.0,"key":"AT_LudenTempest"},{"floor":13.0,"key":"Letter Opener"},{"floor":23.0,"key":"Mango"},{"floor":25.0,"key":"Art of War"},{"floor":26.0,"key":"PlaceholderMod:SoulofChaos"},{"floor":28.0,"key":"AT_ForceNature"},{"floor":37.0,"key":"MostiFishMod:Haymaker"},{"floor":40,"key":"testmod-Brilliant"},{"floor":55,"key":"PlaceholderMod:DeVermisMysteriis"}],"event_choices":[{"damage_healed":0.0,"max_hp_gain":0.0,"max_hp_loss":0.0,"gold_gain":0.0,"event_name":"betterThird:BetterScrap","player_choice":"Relic ","floor":3.0,"gold_loss":0.0,"damage_taken":11.0,"cards_obtained":["Undo"]},{"damage_healed":0.0,"max_hp_gain":0.0,"max_hp_loss":0.0,"gold_gain":0.0,"event_name":"Accursed Blacksmith","player_choice":"Forge","floor":4.0,"gold_loss":0.0,"damage_taken":0.0,"cards_upgraded":["AT_OneInchPunch"]},{"damage_healed":0.0,"max_hp_gain":0.0,"max_hp_loss":0.0,"gold_gain":275.0,"event_name":"Golden Shrine","player_choice":"Desecrate","floor":10.0,"gold_loss":0.0,"damage_taken":0.0,"cards_obtained":["Regret"]},{"damage_healed":0.0,"max_hp_gain":0.0,"max_hp_loss":0.0,"gold_gain":0.0,"cards_transformed":["Metallicize"],"event_name":"Transmorgrifier","player_choice":"Transformed","floor":21.0,"gold_loss":0.0,"damage_taken":0.0,"cards_obtained":["MostiFishMod:Chiaki"]},{"damage_healed":0.0,"max_hp_gain":0.0,"max_hp_loss":0.0,"gold_gain":0.0,"event_name":"Cursed Tome","player_choice":"Ignored","floor":29.0,"gold_loss":0.0,"damage_taken":0.0},{"damage_healed":0.0,"max_hp_gain":0.0,"max_hp_loss":0.0,"gold_gain":0.0,"event_name":"Addict","player_choice":"Obtained Relic","floor":31.0,"gold_loss":85.0,"damage_taken":0.0,"relics_obtained":["Kunai"]},{"cards_removed":["AT_OneInchPunch"],"damage_healed":0.0,"max_hp_gain":0.0,"max_hp_loss":0.0,"gold_gain":0.0,"event_name":"Falling","player_choice":"Removed Attack","floor":36.0,"gold_loss":0.0,"damage_taken":0.0},{"damage_healed":0.0,"max_hp_gain":0.0,"max_hp_loss":0.0,"gold_gain":0.0,"event_name":"MindBloom","player_choice":"Fight","floor":37.0,"gold_loss":0.0,"damage_taken":0.0},{"damage_healed":0,"gold_gain":0,"player_choice":"Ignored","damage_taken":0,"max_hp_gain":0,"max_hp_loss":0,"event_name":"Purifier","floor":39,"gold_loss":0}],"is_beta":false,"boss_relics":[{"not_picked":["Fusion Hammer","testmod-PortableAltar"],"picked":"PlaceholderMod:LiveLive"},{"not_picked":["Cursed Key","Velvet Choker"],"picked":"testmod-TimeTraveler"}],"items_purged_floors":[38,38,46,54],"is_endless":false,"potions_floor_spawned":[1,11,13,14,16,18,19,20,22,23,25,27,28,33,35,37,40,41,42,45,47,48,55],"ascension_level":20}}