{"host":"mnpd8gh7cwxsn5kh","time":1612562396,"event":{"mods":["BaseMod","Bestiary","Block Reminder","Colored Map","Colored Powertips","Highlight Path","Minty Spire (QoL Compilation)","Relic Sorter","Relic Stats"],"gold_per_floor":[366,384,384,402,86,113,113,143,143,143,163,193,193,205,205,305,355,373,373,373,373,385,419,419,432,432,209,209,235,247,278,278,377,377,419,419,82,101,184,184,239,239,239,298,208,59,73,86,86,86],"floor_reached":51,"language":"ENG","playtime":5795,"items_purged":["Defend_P","Defend_P"],"score":1327,"play_id":"227e02df-702c-468d-b386-f3c08d204eaa","local_time":"20210205225956","is_ascension_mode":true,"campfire_choices":[{"data":"WindmillStrike","floor":10,"key":"SMITH"},{"data":"Adaptation","floor":15,"key":"SMITH"},{"data":"RitualDagger","floor":24,"key":"SMITH"},{"data":"SpiritShield","floor":28,"key":"SMITH"},{"data":"Wish","floor":32,"key":"SMITH"},{"data":"Omniscience","floor":40,"key":"SMITH"},{"data":"ClearTheMind","floor":42,"key":"SMITH"},{"data":"BowlingBash","floor":49,"key":"SMITH"}],"circlet_count":0,"master_deck":["Defend_P+1","Eruption+1","Vigilance+1","DeceiveReality","Consecrate","Protect","Adaptation+1","SashWhip","WindmillStrike+1","Conclude","CutThroughFate","Crescendo","Judgement","ThirdEye","BowlingBash+1","Bite","Bite","Bite","Bite","Bite","RitualDagger+1","SpiritShield+1","Weave","FlurryOfBlows+1","Wish+1","Omniscience+1","CutThroughFate","Violence","Tantrum","ClearTheMind+1","ClearTheMind+1","DeceiveReality","InnerPeace+1","WaveOfTheHand+1"],"relics":["PureWater","CloakClasp","Matryoshka","Pocketwatch","Lantern","Nunchaku","TungstenRod","Akabeko","StrikeDummy","Tiny House","Bottled Tornado","Toy Ornithopter","Blue Candle","Frozen Eye","Gambling Chip","Question Card","Coffee Dripper","TeardropLocket","FossilizedHelix","Boot","Letter Opener","Vajra"],"acts_visited":["Exordium","TheCity","TheBeyond"],"potions_floor_usage":[6,14,16,22,22,33,33,38,38,44,50,50],"damage_taken":[{"damage":0,"enemies":"Cultist","floor":1,"turns":3},{"damage":7,"enemies":"Jaw Worm","floor":2,"turns":5},{"damage":0,"enemies":"Small Slimes","floor":4,"turns":2},{"damage":13,"enemies":"3 Sentries","floor":6,"turns":10},{"damage":13,"enemies":"Gremlin Nob","floor":8,"turns":4},{"damage":0,"enemies":"Red Slaver","floor":11,"turns":2},{"damage":2,"enemies":"Lagavulin","floor":12,"turns":8},{"damage":0,"enemies":"3 Louse","floor":14,"turns":2},{"damage":8,"enemies":"The Guardian","floor":16,"turns":8},{"damage":0,"enemies":"Spheric Guardian","floor":18,"turns":1},{"damage":2,"enemies":"2 Thieves","floor":22,"turns":2},{"damage":0,"enemies":"Gremlin Leader","floor":23,"turns":5},{"damage":5,"enemies":"Snecko","floor":25,"turns":4},{"damage":13,"enemies":"Slavers","floor":29,"turns":7},{"damage":4,"enemies":"Shelled Parasite and Fungi","floor":30,"turns":3},{"damage":0,"enemies":"Book of Stabbing","floor":31,"turns":4},{"damage":10,"enemies":"Collector","floor":33,"turns":4},{"damage":5,"enemies":"Orb Walker","floor":35,"turns":3},{"damage":0,"enemies":"3 Darklings","floor":38,"turns":2},{"damage":7,"enemies":"2 Orb Walkers","floor":39,"turns":3},{"damage":12,"enemies":"Nemesis","floor":41,"turns":7},{"damage":0,"enemies":"Giant Head","floor":44,"turns":2},{"damage":0,"enemies":"4 Shapes","floor":47,"turns":3},{"damage":0,"enemies":"Jaw Worm Horde","floor":48,"turns":2},{"damage":0,"enemies":"Donu and Deca","floor":50,"turns":7}],"seed_played":"2838618702668339449","potions_obtained":[{"floor":4,"key":"Energy Potion"},{"floor":6,"key":"SkillPotion"},{"floor":11,"key":"SkillPotion"},{"floor":14,"key":"SmokeBomb"},{"floor":16,"key":"AttackPotion"},{"floor":17,"key":"Explosive Potion"},{"floor":29,"key":"BottledMiracle"},{"floor":30,"key":"PowerPotion"},{"floor":31,"key":"PowerPotion"},{"floor":33,"key":"BottledMiracle"},{"floor":35,"key":"Explosive Potion"},{"floor":41,"key":"DistilledChaos"},{"floor":47,"key":"Dexterity Potion"}],"is_trial":false,"path_per_floor":["M","M","?","M","$","E","?","E","T","R","M","E","?","M","R","B",null,"M","?","?","?","M","E","R","M","T","$","R","E","M","E","R","B",null,"M","?","$","M","?","R","E","R","T","E","?","$","M","M","R","B",null],"character_chosen":"WATCHER","items_purchased":["Adaptation","Matryoshka","Frozen Eye","TeardropLocket","Tantrum","Block Potion"],"campfire_rested":0,"item_purchase_floors":[5,5,27,37,37,46],"current_hp_per_floor":[65,58,55,55,55,42,42,29,29,29,29,27,27,27,27,19,59,59,59,49,44,49,49,49,46,46,46,46,47,43,45,45,46,48,45,41,41,49,44,44,45,45,45,49,49,49,49,49,49,49],"gold":86,"neow_bonus":"TWO_FIFTY_GOLD","is_daily":false,"chose_seed":false,"campfire_upgraded":8,"win_rate":0.0,"timestamp":1612562396,"path_taken":["M","?","?","M","$","E","?","E","T","R","M","E","?","M","R","BOSS","M","?","?","?","?","E","R","M","T","?","R","E","M","E","R","BOSS","M","?","$","M","?","R","E","R","T","E","?","$","?","M","R","BOSS"],"items_purchased_type":["Card","Relic","Relic","Relic","Card","Potion"],"build_version":"2020-12-22","purchased_purges":2,"victory":true,"max_hp_per_floor":[65,65,65,65,65,65,65,65,65,65,65,65,65,65,65,65,70,70,70,49,49,49,49,49,49,49,49,49,49,49,49,49,49,49,49,49,49,49,49,49,49,49,49,49,49,49,49,49,49,49],"relic_stats":{"Nunchaku":[19],"counters":[25,103],"Blue Candle":[0],"Gambling Chip":[24],"CloakClasp":[327],"Letter Opener":[50],"Question Card":10,"Boot":[10],"obtain_stats":[{"Lantern":8,"Tiny House":17,"Blue Candle":26,"Vajra":44,"CloakClasp":3,"TeardropLocket":37,"Letter Opener":43,"Bottled Tornado":23,"Question Card":31,"Boot":41,"Akabeko":12,"Frozen Eye":27,"Nunchaku":9,"Matryoshka":5,"Gambling Chip":29,"Coffee Dripper":34,"PureWater":0,"StrikeDummy":13,"TungstenRod":9,"Toy Ornithopter":26,"FossilizedHelix":39,"Pocketwatch":6},{"Lantern":5,"Tiny House":9,"Blue Candle":13,"Vajra":22,"CloakClasp":2,"TeardropLocket":18,"Letter Opener":21,"Bottled Tornado":12,"Question Card":16,"Boot":21,"Akabeko":7,"Frozen Eye":13,"Nunchaku":5,"Matryoshka":3,"Gambling Chip":14,"Coffee Dripper":17,"PureWater":0,"StrikeDummy":7,"TungstenRod":5,"Toy Ornithopter":13,"FossilizedHelix":20,"Pocketwatch":4},{"Lantern":24,"Tiny House":44,"Blue Candle":56,"Vajra":91,"CloakClasp":8,"TeardropLocket":77,"Letter Opener":89,"Bottled Tornado":52,"Question Card":70,"Boot":89,"Akabeko":34,"Frozen Eye":56,"Nunchaku":24,"Matryoshka":10,"Gambling Chip":63,"Coffee Dripper":74,"PureWater":0,"StrikeDummy":34,"TungstenRod":24,"Toy Ornithopter":56,"FossilizedHelix":82,"Pocketwatch":20}],"TungstenRod":18,"Toy Ornithopter":19,"Pocketwatch":[64]},"card_choices":[{"not_picked":["CrushJoints","Perseverance"],"picked":"DeceiveReality","floor":1},{"not_picked":["ForeignInfluence","Halt"],"picked":"Consecrate","floor":2},{"not_picked":["Wallop","Evaluate"],"picked":"Protect","floor":4},{"not_picked":["Collect","Prostrate"],"picked":"SashWhip","floor":6},{"not_picked":["EmptyBody","ClearTheMind"],"picked":"WindmillStrike","floor":8},{"not_picked":["FollowUp","Prostrate"],"picked":"Conclude","floor":11},{"not_picked":["Weave","Perseverance"],"picked":"CutThroughFate","floor":12},{"not_picked":["PathToVictory","ForeignInfluence"],"picked":"Crescendo","floor":14},{"not_picked":["Wish","Alpha"],"picked":"Judgement","floor":16},{"not_picked":["Protect","CarveReality"],"picked":"ThirdEye","floor":17},{"not_picked":["EmptyBody","SashWhip+1"],"picked":"BowlingBash","floor":18},{"not_picked":["JustLucky","Prostrate+1","WheelKick+1"],"picked":"SKIP","floor":22},{"not_picked":["Pray+1","Collect","Crescendo"],"picked":"SKIP","floor":23},{"not_picked":["BattleHymn","Halt"],"picked":"SpiritShield","floor":25},{"not_picked":["CarveReality","JustLucky"],"picked":"Weave","floor":29},{"not_picked":["EmptyMind+1","Prostrate"],"picked":"FlurryOfBlows+1","floor":30},{"not_picked":["JustLucky","Crescendo+1"],"picked":"Wish","floor":31},{"not_picked":["Brilliance","Alpha","SpiritShield"],"picked":"Omniscience","floor":33},{"not_picked":["Consecrate","CrushJoints+1","Fasting2+1"],"picked":"CutThroughFate","floor":35},{"not_picked":["Good Instincts","Madness","Impatience"],"picked":"Violence","floor":36},{"not_picked":["Wallop+1","Crescendo+1","Worship+1"],"picked":"ClearTheMind","floor":38},{"not_picked":["Vengeance+1","FlyingSleeves+1","Conclude+1"],"picked":"ClearTheMind+1","floor":39},{"not_picked":["FlyingSleeves+1","Consecrate+1","EmptyBody","FlurryOfBlows+1"],"picked":"SKIP","floor":41},{"not_picked":["Adaptation+1","BowlingBash+1","Judgement"],"picked":"DeceiveReality","floor":44},{"not_picked":["WreathOfFlame+1","ReachHeaven","Indignation"],"picked":"InnerPeace+1","floor":47},{"not_picked":["Weave","Meditate","Prostrate"],"picked":"WaveOfTheHand+1","floor":48}],"player_experience":323959,"relics_obtained":[{"floor":6,"key":"Pocketwatch"},{"floor":8,"key":"Lantern"},{"floor":9,"key":"Nunchaku"},{"floor":9,"key":"TungstenRod"},{"floor":12,"key":"Akabeko"},{"floor":13,"key":"StrikeDummy"},{"floor":23,"key":"Bottled Tornado"},{"floor":26,"key":"Toy Ornithopter"},{"floor":26,"key":"Blue Candle"},{"floor":29,"key":"Gambling Chip"},{"floor":31,"key":"Question Card"},{"floor":39,"key":"FossilizedHelix"},{"floor":41,"key":"Boot"},{"floor":43,"key":"Letter Opener"},{"floor":44,"key":"Vajra"}],"event_choices":[{"damage_healed":0,"gold_gain":0,"player_choice":"Success","damage_taken":3,"relics_obtained":["CloakClasp"],"max_hp_gain":0,"max_hp_loss":0,"event_name":"Scrap Ooze","floor":3,"gold_loss":0},{"damage_healed":0,"gold_gain":0,"player_choice":"Grow","damage_taken":0,"max_hp_gain":0,"max_hp_loss":0,"event_name":"Living Wall","floor":7,"gold_loss":0,"cards_upgraded":["Eruption"]},{"damage_healed":0,"gold_gain":0,"player_choice":"Relic","damage_taken":0,"max_hp_gain":0,"max_hp_loss":0,"event_name":"Wheel of Change","floor":13,"gold_loss":0},{"damage_healed":0,"gold_gain":0,"player_choice":"Ignored","damage_taken":0,"max_hp_gain":0,"max_hp_loss":0,"event_name":"Ghosts","floor":19,"gold_loss":0},{"damage_healed":0,"gold_gain":0,"player_choice":"Became a vampire","damage_taken":0,"max_hp_gain":0,"max_hp_loss":21,"event_name":"Vampires","floor":20,"gold_loss":0,"cards_obtained":["Bite","Bite","Bite","Bite","Bite"]},{"damage_healed":0,"gold_gain":0,"player_choice":"Joined the Cult","damage_taken":6,"max_hp_gain":0,"max_hp_loss":0,"event_name":"Nest","floor":21,"gold_loss":0,"cards_obtained":["RitualDagger"]},{"damage_healed":0,"gold_gain":0,"player_choice":"Memory 2","damage_taken":5,"max_hp_gain":0,"max_hp_loss":0,"event_name":"SensoryStone","floor":36,"gold_loss":0},{"damage_healed":0,"gold_gain":0,"player_choice":"Fight","damage_taken":0,"max_hp_gain":0,"max_hp_loss":0,"event_name":"Mysterious Sphere","floor":39,"gold_loss":0},{"cards_removed":["Defend_P"],"damage_healed":0,"gold_gain":0,"player_choice":"Upgrade and Remove","damage_taken":0,"max_hp_gain":0,"max_hp_loss":0,"event_name":"Designer","floor":45,"gold_loss":90,"cards_upgraded":["Vigilance"]}],"is_beta":false,"boss_relics":[{"not_picked":["Busted Crown","Runic Pyramid"],"picked":"Tiny House"},{"not_picked":["Sozu","SlaversCollar"],"picked":"Coffee Dripper"}],"items_purged_floors":[27,46],"is_endless":false,"potions_floor_spawned":[4,6,11,14,16,29,30,31,33,35,41,47],"ascension_level":9}}