{"host":"h2977v3ax51ohsow","time":1612534271,"event":{"mods":["Act Like it!","BaseMod","Chen","Colored Powertips","Hallownest","KomeijiMod","Lobotomy","LobotomyExtend","Marisa£®ÏF”Í°°ƒß¿Ì…≥£©","Minty Spire (QoL Compilation)","Quick Restart","StSLib","noobMod"],"gold_per_floor":[110,125,144,156,176,203,203,216,239,239,257,35,46,46,46,146,146,159,36,52,71,71,161,161,242,242,382,498,117,156,187,187,316,316,335,349,85,85,102,102,139,139,165,165,165,165,165,190,190,190,190],"floor_reached":50,"language":"ZHS","playtime":5081,"items_purged":["Chen:Defend","Chen:Strike"],"score":696,"play_id":"0551ee1d-ab02-41a8-9484-89f0501b6b54","local_time":"20210205221111","is_ascension_mode":false,"campfire_choices":[{"data":"Chen:PhoenixWings","floor":7.0,"key":"SMITH"},{"data":"Chen:GlitterPoke","floor":10.0,"key":"SMITH"},{"data":"Chen:MeditateFrenzy","floor":15.0,"key":"SMITH"},{"data":"Chen:ResistTemptation","floor":24,"key":"SMITH"},{"data":"Chen:Sweep","floor":32,"key":"SMITH"},{"data":"Apotheosis","floor":40,"key":"SMITH"},{"floor":42,"key":"RECALL"},{"data":"Chen:Recuperate","floor":44,"key":"SMITH"},{"floor":49,"key":"REST"}],"circlet_count":0,"master_deck":["Apo_Pray","Apo_SoulSlash","Apo_Charge","Apo_Charge","Apo_Charge","Apo_Charge","Apo_Beam","Apo_Beam","Apo_Beam","Apo_Execute","Apo_Slash","Apo_Slash","Apo_SoulSlash","Chen:Unpredictable+1"],"relics":["Chen:Catnip","ice","CogitoBucket","LetterFromLob","MealTicket","LuminousBracelet","Bag of Preparation","Medical Kit","Hallownest:DreamNailRelic","SlaversCollar","GoodDreamPillow","ChangeAnything","Prayer Wheel","Frozen Egg 2","Tiny Chest","BackwardClock","HornCleat","Astrolabe","Moonlight_r","HoshigumaDish","Hallownest:BeastSealRelic","ApostleMask","Meat on the Bone","Lantern"],"acts_visited":["Hallownest:Greenpath","Hallownest:CityofTears","Hallownest:KingdomsEdge"],"potions_floor_usage":[27,28],"damage_taken":[{"damage":1.0,"enemies":"2_ Uuma","floor":1.0,"turns":7.0},{"damage":0.0,"enemies":"Hallownest:2_Baldur","floor":2.0,"turns":3.0},{"damage":1.0,"enemies":"Hallownest:monsterHuskWarrior","floor":3.0,"turns":4.0},{"damage":0.0,"enemies":"Hallownest:monsterFoolEater","floor":4.0,"turns":3.0},{"damage":14.0,"enemies":"Hallownest:Guard_and_Warrior","floor":5.0,"turns":5.0},{"damage":19.0,"enemies":"Hallownest:eliteMossKnight","floor":6.0,"turns":21.0},{"damage":71.0,"enemies":"Hallownest:Wandering_and_Horned","floor":8.0,"turns":9.0},{"damage":9.0,"enemies":"Hallownest:2_Tiktiks_1_Baldur_1_Crawlid","floor":11.0,"turns":6.0},{"damage":0.0,"enemies":"Hallownest:monsterAspidMother","floor":13.0,"turns":2.0},{"damage":10.0,"enemies":"Hallownest:BossBrokenVessel","floor":16.0,"turns":6.0},{"damage":0.0,"enemies":"Hallownest:3_Youths","floor":18.0,"turns":2.0},{"damage":106.0,"enemies":"Hallownest:2_Mistakes","floor":20.0,"turns":9.0},{"damage":34.0,"enemies":"Hallownest:2_Flukemon","floor":21.0,"turns":7.0},{"damage":24.0,"enemies":"Hallownest:eliteSoulWarrior","floor":23.0,"turns":7.0},{"damage":27,"enemies":"Hallownest:Glutton_and_Coward","floor":25,"turns":4},{"damage":132,"enemies":"Hallownest:eliteWatcherKnight","floor":27,"turns":12},{"damage":418,"enemies":"Hallownest:Master_and_Novice","floor":28,"turns":11},{"damage":2,"enemies":"Hallownest:3_Mistakes","floor":30,"turns":3},{"damage":2,"enemies":"Hallownest:2_Flukemon","floor":31,"turns":3},{"damage":12,"enemies":"Hallownest:BossSoulMaster","floor":33,"turns":4},{"damage":0,"enemies":"Hallownest:3_Siblings","floor":35,"turns":2},{"damage":0,"enemies":"Hallownest:Shield_Heavy","floor":36,"turns":2},{"damage":60,"enemies":"Hallownest:2_Great","floor":39,"turns":4},{"damage":13,"enemies":"Hallownest:eliteCollector","floor":41,"turns":2},{"damage":0,"enemies":"Hallownest:eliteHiveKnight","floor":48,"turns":2},{"damage":16,"enemies":"Hallownest:BossHollowKnight","floor":50,"turns":1}],"seed_played":"-7517868033419780237","potions_obtained":[{"floor":1.0,"key":"Fire Potion"},{"floor":3.0,"key":"Explosive Potion"},{"floor":4.0,"key":"Dexterity Potion"},{"floor":11.0,"key":"UndeadPotion"},{"floor":20.0,"key":"Swift Potion"},{"floor":28,"key":"Dexterity Potion"},{"floor":33,"key":"SteroidPotion"},{"floor":39,"key":"PowerPotion"}],"is_trial":false,"path_per_floor":["M","M","M","M","M","E","R","M","T","R","M","$","M","?","R","B",null,"M","?","M","M","?","E","R","M","T","E","M","$","M","M","R","B",null,"M","M","$","M","M","R","E","R","T","R","?","M","T","E","R","B"],"character_chosen":"CHEN","items_purchased":["Medical Kit","Chen:FollowUp+1","HornCleat","Apotheosis","Chen:StudySharpen+1"],"campfire_rested":1,"item_purchase_floors":[12,29,29,37,37],"current_hp_per_floor":[69,69,68,68,54,35,35,44,44,44,64,79,79,79,79,71,104,104,104,79,67,79,77,77,57,57,51,178,179,179,180,180,178,190,191,191,192,136,100,100,109,109,109,109,109,109,109,109,109,93,93],"gold":190,"neow_bonus":"","is_daily":false,"chose_seed":false,"campfire_upgraded":7,"win_rate":0.0,"timestamp":1612534271,"path_taken":["M","M","M","M","M","E","R","M","T","R","?","$","M","?","R","BOSS","M","?","?","M","?","E","R","M","T","E","M","$","M","?","R","BOSS","M","M","$","M","M","R","E","R","T","R","?","?","?","E","R","BOSS"],"items_purchased_type":["Relic","Card","Relic","Card","Card"],"build_version":"2020-12-22","purchased_purges":2,"victory":false,"max_hp_per_floor":[70,70,70,70,70,70,70,92,92,92,108,108,108,108,108,104,104,104,104,134,146,146,150,150,150,150,150,179,179,181,185,185,190,190,191,192,192,192,195,195,196,196,196,196,196,196,196,196,196,200,200],"card_choices":[{"not_picked":["SingingMachine","PunishingBird"],"picked":"UniverseFragment","floor":1.0},{"not_picked":["Chen:Rush","Chen:Sneak"],"picked":"Chen:Tear","floor":1.0},{"not_picked":["Laetitia","Variant","PunishingBird"],"picked":"Singing Bowl","floor":2.0},{"not_picked":["FairyFestival","Bloodbath"],"picked":"OSAHOGD","floor":2.0},{"not_picked":["Chen:Scratch","Chen:Lacerate"],"picked":"Chen:Sneak","floor":2.0},{"not_picked":["DespairKnight","Freischutz","PunishingBird"],"picked":"Singing Bowl","floor":3.0},{"not_picked":["Chen:GuardCounter","Chen:CatPunch"],"picked":"Chen:MeditateFrenzy","floor":3.0},{"not_picked":["Alriune","MHz","CherryBlossoms"],"picked":"Singing Bowl","floor":4.0},{"not_picked":["Chen:EmergencyEscape","Chen:Tear"],"picked":"Chen:Deceitful","floor":4.0},{"not_picked":["Freischutz","Wellcheers","Murderer"],"picked":"Singing Bowl","floor":5.0},{"not_picked":["VoidDream","CrumblingArmor"],"picked":"Rudolta","floor":5.0},{"not_picked":["Chen:Scratch","Chen:Honk","Chen:EmergencyEscape"],"picked":"SKIP","floor":5.0},{"not_picked":["Scorched","MHz","Wellcheers"],"picked":"Singing Bowl","floor":6.0},{"not_picked":["Chen:Copycat","Chen:Barrier"],"picked":"Chen:PhoenixWings","floor":6.0},{"not_picked":["SpiderBud","VoidDream","LaLuna"],"picked":"Singing Bowl","floor":8.0},{"not_picked":["Chen:Shot","Chen:Instinct"],"picked":"Chen:Sweep","floor":8.0},{"not_picked":["BeautyBeast","Mercenary","PunishingBird"],"picked":"Singing Bowl","floor":11.0},{"not_picked":["Chen:Lacerate","Chen:Sneak"],"picked":"Chen:Spray","floor":11.0},{"not_picked":["SpiderBud","OldLady","MeatLantern"],"picked":"Singing Bowl","floor":13.0},{"not_picked":["Chen:Shot","Chen:MeditateFrenzy","Chen:PentagramFlight"],"picked":"SKIP","floor":13.0},{"not_picked":["Mercenary","Scorched","MeatLantern"],"picked":"Singing Bowl","floor":16.0},{"not_picked":["MHz","NakedNest"],"picked":"BlueStar","floor":16.0},{"not_picked":["Chen:Nimbleness","Chen:FinalSpellCard"],"picked":"Chen:PhoenixEgg","floor":16.0},{"not_picked":["MHz","WallGazer","Wellcheers"],"picked":"Singing Bowl","floor":18.0},{"not_picked":["BeautyBeast","BigBird"],"picked":"PunishingBird","floor":18.0},{"not_picked":["Chen:CatPunch","Chen:TauntHiss+1"],"picked":"Chen:Flicker","floor":18.0},{"not_picked":["NakedNest","FairyFestival","SnowQueen"],"picked":"Singing Bowl","floor":20.0},{"not_picked":["GreedKing","CrumblingArmor"],"picked":"FieryBird","floor":20.0},{"not_picked":["Chen:Tear","Chen:Rush+1"],"picked":"Chen:ResistTemptation","floor":20.0},{"not_picked":["Freischutz","DespairKnight","BeautyBeast"],"picked":"Singing Bowl","floor":21.0},{"not_picked":["Chen:SurpriseAttack","Chen:Spray+1","Chen:Honk"],"picked":"SKIP","floor":21.0},{"not_picked":["BeautyBeast","DespairKnight","CrumblingArmor"],"picked":"Singing Bowl","floor":23.0},{"not_picked":["MeatLantern","RedShoes"],"picked":"LongBird","floor":23.0},{"not_picked":["Chen:Instinct","Chen:Salvo"],"picked":"Chen:ResistTemptation","floor":23.0},{"not_picked":["MHz","Variant","ShyLook"],"picked":"Singing Bowl","floor":25},{"not_picked":["QueenBee","Woodsman"],"picked":"BodiesMountain","floor":25},{"not_picked":["Chen:MeditateFrenzy+1","Chen:Instinct"],"picked":"Chen:UpperHand","floor":25},{"not_picked":["Chen:Sneak","Chen:Flit"],"picked":"Chen:Sweep","floor":25},{"not_picked":["Porccubus","RedShoes","VoidDream"],"picked":"Singing Bowl","floor":27},{"not_picked":["Chen:Sneak","Chen:Adaptability"],"picked":"Chen:Excitement+1","floor":27},{"not_picked":["Porccubus","GalaxyChild","NakedNest"],"picked":"Singing Bowl","floor":28},{"not_picked":["Chen:Tear","Chen:TauntHiss"],"picked":"Chen:Lacerate","floor":28},{"not_picked":["Chen:Tear","Chen:Spray"],"picked":"Chen:Adaptability","floor":28},{"not_picked":["CherryBlossoms","ShyLook","Wellcheers"],"picked":"Singing Bowl","floor":30},{"not_picked":["Chen:TauntHiss","Chen:Shot+1"],"picked":"Chen:StudySharpen+1","floor":30},{"not_picked":["Chen:BlueOniRedOni","Chen:TauntHiss","Chen:PentagramFlight"],"picked":"SKIP","floor":30},{"not_picked":["Bloodbath","CrumblingArmor","GreedKing"],"picked":"Singing Bowl","floor":31},{"not_picked":["Chen:Mixup","Chen:Adaptability+1"],"picked":"Chen:Unpredictable+1","floor":31},{"not_picked":["Chen:Instinct","Chen:ResistTemptation","Chen:Adaptability+1"],"picked":"SKIP","floor":31},{"not_picked":["LaLuna","NakedNest","DreamingCurrent"],"picked":"Singing Bowl","floor":33},{"not_picked":["Chen:PhoenixWings","Chen:Stability"],"picked":"Chen:Nimbleness","floor":33},{"not_picked":["CherryBlossoms","MeatLantern","BlackArmy"],"picked":"Singing Bowl","floor":35},{"not_picked":["Chen:Panic","Chen:Scratch+1"],"picked":"Chen:UpperHand","floor":35},{"not_picked":["Chen:EmergencyEscape+1","Chen:Sidestep","Chen:Knockout"],"picked":"SKIP","floor":35},{"not_picked":["LaLuna","VoidDream","MeatLantern"],"picked":"Singing Bowl","floor":36},{"not_picked":["Chen:Instinct","Chen:Shot"],"picked":"Chen:ResistTemptation+1","floor":36},{"not_picked":["Chen:Impale","Chen:Unpredictable"],"picked":"Chen:DazzleFlash","floor":36},{"not_picked":["Murderer","ShyLook"],"picked":"WhiteNight","floor":39},{"not_picked":["Chen:TauntHiss","Chen:Barrier"],"picked":"Chen:Scratch+1","floor":39},{"not_picked":["Chen:SelfConfidence","Chen:Spray"],"picked":"Chen:Recuperate","floor":39},{"not_picked":["DespairKnight","BlackArmy","Freischutz"],"picked":"Singing Bowl","floor":41},{"not_picked":["Chen:Flit","Chen:Panic+1","Chen:Shot"],"picked":"SKIP","floor":41},{"not_picked":["LittleHelper","CENSORED","LaLuna"],"picked":"Singing Bowl","floor":48},{"not_picked":["Chen:SelfControl+1","Chen:PentagramFlight+1"],"picked":"Chen:Unpredictable+1","floor":48}],"player_experience":109390,"relics_obtained":[{"floor":1.0,"key":"LetterFromLob"},{"floor":6.0,"key":"MealTicket"},{"floor":9.0,"key":"Bag of Preparation"},{"floor":23.0,"key":"Prayer Wheel"},{"floor":26,"key":"Frozen Egg 2"},{"floor":27,"key":"Tiny Chest"},{"floor":41,"key":"HoshigumaDish"},{"floor":47,"key":"Meat on the Bone"},{"floor":48,"key":"Lantern"}],"event_choices":[],"is_beta":false,"boss_relics":[{"not_picked":["Sozu","Runic Pyramid"],"picked":"SlaversCollar"},{"not_picked":["Empty Cage","Coffee Dripper"],"picked":"Astrolabe"}],"items_purged_floors":[12,29],"is_endless":false,"potions_floor_spawned":[1,3,4,11,20,21,25,28,33,36,39],"killed_by":"Hallownest:BossHollowKnight","ascension_level":0}}