{"host":"4lch21uqe3ag08cj","time":1612559969,"event":{"mods":["AchievementEnabler","BaseMod","Block Reminder","Colored Map","Colored Powertips","Minty Spire (QoL Compilation)","Permanent Neow","Relic Stats"],"gold_per_floor":[111,127,127,152,152,152,222,256,302,333,333,349,380,10,10,130,130,146,146,169,169,182,182,197,228,228,228,241,266,52,65,65,164,164,177,194,194,209,259,284,284,321,333,345,382,255,267,292,304,316,328,340,37,63,63],"floor_reached":56,"language":"ENG","playtime":4009,"items_purged":["Strike_P"],"score":1390,"play_id":"eb3aaed3-7f87-4a7c-9543-4fe8d7df6f5f","local_time":"20210205181928","is_ascension_mode":true,"campfire_choices":[{"data":"Vigilance","floor":6.0,"key":"SMITH"},{"floor":11,"key":"REST"},{"data":"LessonLearned","floor":15,"key":"SMITH"},{"data":"TalkToTheHand","floor":23,"key":"SMITH"},{"data":"TalkToTheHand","floor":32,"key":"SMITH"},{"floor":47,"key":"RECALL"},{"floor":49,"key":"DIG"},{"floor":52,"key":"DIG"}],"circlet_count":0,"master_deck":["Strike_P+1","Strike_P+1","Defend_P+1","Defend_P+1","Defend_P+1","Eruption+1","Vigilance+1","BowlingBash+1","BowlingBash+1","CutThroughFate+1","LessonLearned+1","Sanctity+1","TalkToTheHand+1","Crescendo+1","ThirdEye+1","TalkToTheHand+1","DevaForm+1","CarveReality+1","CutThroughFate+1","FearNoEvil+1","Wireheading+1","Protect+1","FlurryOfBlows+1","FlurryOfBlows+1","MentalFortress"],"relics":["Philosopher\u0027s Stone","Bloody Idol","Tiny Chest","War Paint","Juzu Bracelet","Centennial Puzzle","Shovel","Gremlin Horn","Ice Cream","Busted Crown","Mango","Blood Vial","Matryoshka","Pantograph","Coffee Dripper","WingedGreaves","Mercury Hourglass","MawBank","MealTicket","Anchor","Whetstone","Unceasing Top","Bronze Scales","InkBottle","Eternal Feather","Bottled Flame","StoneCalendar"],"acts_visited":["Exordium","TheCity","TheBeyond","TheEnding"],"potions_floor_usage":[16,25,31,54,55,55],"damage_taken":[{"damage":0.0,"enemies":"Jaw Worm","floor":1.0,"turns":4.0},{"damage":0.0,"enemies":"2 Louse","floor":2.0,"turns":1.0},{"damage":0.0,"enemies":"Cultist","floor":4.0,"turns":2.0},{"damage":13.0,"enemies":"Gremlin Nob","floor":7.0,"turns":4.0},{"damage":9.0,"enemies":"Gremlin Nob","floor":8.0,"turns":3.0},{"damage":9,"enemies":"3 Sentries","floor":10,"turns":7},{"damage":0,"enemies":"Large Slime","floor":12,"turns":6},{"damage":1,"enemies":"Lagavulin","floor":13,"turns":5},{"damage":21,"enemies":"The Guardian","floor":16,"turns":11},{"damage":2,"enemies":"Shell Parasite","floor":18,"turns":4},{"damage":6,"enemies":"3 Byrds","floor":20,"turns":5},{"damage":0,"enemies":"Snecko","floor":22,"turns":5},{"damage":27,"enemies":"Snake Plant","floor":24,"turns":6},{"damage":2,"enemies":"Slavers","floor":25,"turns":3},{"damage":9,"enemies":"Sentry and Sphere","floor":28,"turns":4},{"damage":9,"enemies":"Gremlin Leader","floor":29,"turns":4},{"damage":0,"enemies":"Centurion and Healer","floor":31,"turns":4},{"damage":5,"enemies":"Collector","floor":33,"turns":8},{"damage":4,"enemies":"3 Shapes","floor":35,"turns":3},{"damage":5,"enemies":"Orb Walker","floor":36,"turns":2},{"damage":0,"enemies":"Transient","floor":38,"turns":5},{"damage":0,"enemies":"Mind Bloom Boss Battle","floor":39,"turns":5},{"damage":3,"enemies":"Giant Head","floor":40,"turns":7},{"damage":22,"enemies":"Reptomancer","floor":42,"turns":4},{"damage":2,"enemies":"Nemesis","floor":45,"turns":5},{"damage":16,"enemies":"Writhing Mass","floor":48,"turns":4},{"damage":51,"enemies":"Time Eater","floor":50,"turns":9},{"damage":13,"enemies":"Shield and Spear","floor":54,"turns":4},{"damage":62,"enemies":"The Heart","floor":55,"turns":8}],"seed_played":"-5153300363933578744","potions_obtained":[{"floor":4.0,"key":"BottledMiracle"},{"floor":7.0,"key":"PowerPotion"},{"floor":10,"key":"GamblersBrew"},{"floor":16,"key":"FearPotion"},{"floor":18,"key":"StancePotion"},{"floor":22,"key":"Ambrosia"},{"floor":28,"key":"SneckoOil"},{"floor":35,"key":"SpeedPotion"},{"floor":45,"key":"PowerPotion"},{"floor":54,"key":"SteroidPotion"}],"is_trial":false,"path_per_floor":["M","M","?","M","?","R","?","E","T","E","R","M","E","$","R","B",null,"M","?","M","T","M","R","M","E","T","?","M","E","$","M","R","B",null,"M","M","?","M","?","E","T","E","T","?","E","?","R","M","R","B",null,"R","$","E","B",null],"character_chosen":"WATCHER","items_purchased":["TalkToTheHand","Ice Cream","Wireheading","FairyPotion","Bottled Flame","MentalFortress"],"campfire_rested":1,"item_purchase_floors":[14,14,30,30,53,53],"current_hp_per_floor":[72,72,54,54,51,51,38,29,29,20,41,41,40,40,40,19,72,70,70,64,78,78,78,51,49,49,49,47,45,45,52,52,79,86,86,86,86,86,86,86,86,69,74,79,82,82,82,71,76,31,82,82,82,74,20],"gold":63,"neow_bonus":"BOSS_RELIC","is_daily":false,"chose_seed":false,"campfire_upgraded":4,"win_rate":0.0,"timestamp":1612559968,"path_taken":["M","M","?","M","?","R","?","E","T","E","R","M","E","?","R","BOSS","M","?","M","?","M","R","M","E","T","?","M","E","$","M","R","BOSS","M","M","?","M","?","E","?","E","T","?","E","?","R","M","R","BOSS","R","$","E","BOSS"],"items_purchased_type":["Card","Relic","Card","Potion","Relic","Card"],"build_version":"2020-12-22","purchased_purges":1,"victory":true,"max_hp_per_floor":[72,72,72,72,72,72,72,72,72,72,72,72,72,72,72,72,72,72,72,72,86,86,86,86,86,86,86,86,86,86,86,86,86,86,86,86,86,86,86,86,86,86,86,82,82,82,82,82,82,82,82,82,82,82,82],"relic_stats":{"Gremlin Horn":[20,20],"counters":[29,142],"Eternal Feather":0,"StoneCalendar":[52],"Juzu Bracelet":2,"Whetstone":["Eruption","FearNoEvil"],"War Paint":["Defend_P","Defend_P"],"MawBank":144,"Mercury Hourglass":[101],"Blood Vial":8,"Centennial Puzzle":[57],"Shovel":2,"Busted Crown":36,"Bloody Idol":77,"Pantograph":34,"Bronze Scales":[141],"Tiny Chest":2,"MealTicket":0,"obtain_stats":[{"Ice Cream":14,"Gremlin Horn":13,"Mango":21,"StoneCalendar":54,"Juzu Bracelet":8,"Whetstone":43,"Blood Vial":25,"Centennial Puzzle":9,"Shovel":10,"Matryoshka":26,"Pantograph":29,"Philosopher\u0027s Stone":0,"Tiny Chest":5,"MealTicket":42,"WingedGreaves":39,"InkBottle":49,"Golden Idol":3,"Eternal Feather":52,"War Paint":7,"MawBank":41,"Mercury Hourglass":40,"Anchor":43,"Bottled Flame":53,"Busted Crown":17,"Bloody Idol":27,"Bronze Scales":46,"Coffee Dripper":34,"PureWater":0,"Unceasing Top":45},{"Ice Cream":8,"Gremlin Horn":8,"Mango":11,"StoneCalendar":28,"Juzu Bracelet":5,"Whetstone":24,"Blood Vial":14,"Centennial Puzzle":5,"Shovel":6,"Matryoshka":14,"Pantograph":16,"Philosopher\u0027s Stone":0,"Tiny Chest":3,"MealTicket":24,"WingedGreaves":22,"InkBottle":26,"Golden Idol":2,"Eternal Feather":27,"War Paint":4,"MawBank":23,"Mercury Hourglass":23,"Anchor":24,"Bottled Flame":27,"Busted Crown":9,"Bloody Idol":14,"Bronze Scales":25,"Coffee Dripper":18,"PureWater":0,"Unceasing Top":25},{"Ice Cream":32,"Gremlin Horn":32,"Mango":52,"StoneCalendar":134,"Juzu Bracelet":14,"Whetstone":112,"Blood Vial":66,"Centennial Puzzle":14,"Shovel":21,"Matryoshka":66,"Pantograph":74,"Philosopher\u0027s Stone":0,"Tiny Chest":7,"MealTicket":112,"WingedGreaves":101,"InkBottle":121,"Golden Idol":5,"Eternal Feather":130,"War Paint":11,"MawBank":108,"Mercury Hourglass":108,"Anchor":112,"Bottled Flame":130,"Busted Crown":43,"Bloody Idol":66,"Bronze Scales":117,"Coffee Dripper":86,"PureWater":0,"Unceasing Top":117}],"Unceasing Top":[1],"InkBottle":[15]},"card_choices":[{"not_picked":["WreathOfFlame","Evaluate"],"picked":"BowlingBash","floor":1.0},{"not_picked":["ThirdEye","Protect"],"picked":"BowlingBash","floor":2.0},{"not_picked":["JustLucky","FollowUp"],"picked":"CutThroughFate","floor":4.0},{"not_picked":["Worship","Conclude"],"picked":"LessonLearned","floor":7.0},{"not_picked":["SpiritShield","PathToVictory"],"picked":"Sanctity","floor":8.0},{"not_picked":["ForeignInfluence","DeceiveReality"],"picked":"TalkToTheHand","floor":10},{"not_picked":["Evaluate","SashWhip"],"picked":"Crescendo","floor":12},{"not_picked":["Crescendo","DeusExMachina"],"picked":"ThirdEye","floor":13},{"not_picked":["Devotion","Scrawl"],"picked":"DevaForm","floor":16},{"not_picked":["Crescendo"],"picked":"SKIP","floor":18},{"not_picked":[],"picked":"CarveReality","floor":20},{"not_picked":["BowlingBash"],"picked":"SKIP","floor":22},{"not_picked":["BowlingBash"],"picked":"SKIP","floor":22},{"not_picked":[],"picked":"CutThroughFate","floor":24},{"not_picked":["FollowUp"],"picked":"SKIP","floor":25},{"not_picked":[],"picked":"FearNoEvil","floor":28},{"not_picked":["ForeignInfluence+1"],"picked":"SKIP","floor":29},{"not_picked":[],"picked":"Protect+1","floor":31},{"not_picked":[],"picked":"FlurryOfBlows","floor":35},{"not_picked":["ThirdEye"],"picked":"SKIP","floor":36},{"not_picked":["ThirdEye"],"picked":"SKIP","floor":36},{"not_picked":["JustLucky"],"picked":"SKIP","floor":38},{"not_picked":[],"picked":"FlurryOfBlows+1","floor":39},{"not_picked":["Evaluate"],"picked":"SKIP","floor":40},{"not_picked":["EmptyFist"],"picked":"SKIP","floor":42},{"not_picked":["LessonLearned"],"picked":"SKIP","floor":45},{"not_picked":["Prostrate+1"],"picked":"SKIP","floor":48},{"not_picked":["JustLucky"],"picked":"SKIP","floor":54}],"player_experience":36522,"relics_obtained":[{"floor":7.0,"key":"War Paint"},{"floor":8.0,"key":"Juzu Bracelet"},{"floor":9.0,"key":"Centennial Puzzle"},{"floor":10,"key":"Shovel"},{"floor":13,"key":"Gremlin Horn"},{"floor":21,"key":"Mango"},{"floor":25,"key":"Blood Vial"},{"floor":26,"key":"Matryoshka"},{"floor":29,"key":"Pantograph"},{"floor":39,"key":"WingedGreaves"},{"floor":40,"key":"Mercury Hourglass"},{"floor":41,"key":"MawBank"},{"floor":42,"key":"MealTicket"},{"floor":43,"key":"Anchor"},{"floor":43,"key":"Whetstone"},{"floor":45,"key":"Unceasing Top"},{"floor":49,"key":"InkBottle"},{"floor":52,"key":"Eternal Feather"},{"floor":54,"key":"StoneCalendar"}],"event_choices":[{"damage_healed":0.0,"max_hp_gain":0.0,"max_hp_loss":0.0,"gold_gain":0.0,"event_name":"Golden Idol","player_choice":"Take Damage","floor":3.0,"gold_loss":0.0,"damage_taken":18.0,"relics_obtained":["Golden Idol"]},{"damage_healed":0.0,"max_hp_gain":0.0,"max_hp_loss":0.0,"gold_gain":0.0,"event_name":"Scrap Ooze","player_choice":"Success","floor":5.0,"gold_loss":0.0,"damage_taken":3.0,"relics_obtained":["Tiny Chest"]},{"damage_healed":0.0,"max_hp_gain":0.0,"max_hp_loss":0.0,"gold_gain":0.0,"event_name":"Dead Adventurer","player_choice":"Searched \u00271\u0027 times","floor":7.0,"gold_loss":0.0,"damage_taken":0.0},{"cards_removed":["Strike_P"],"damage_healed":0,"gold_gain":0,"player_choice":"Elegance","damage_taken":0,"max_hp_gain":0,"max_hp_loss":0,"event_name":"Back to Basics","floor":19,"gold_loss":0},{"damage_healed":0,"gold_gain":0,"player_choice":"Gave Idol","damage_taken":0,"relics_obtained":["Bloody Idol"],"max_hp_gain":0,"max_hp_loss":0,"event_name":"Forgotten Altar","floor":27,"relics_lost":["Golden Idol"],"gold_loss":0},{"cards_removed":["Defend_P"],"damage_healed":0,"gold_gain":0,"player_choice":"Removed Skill","damage_taken":0,"max_hp_gain":0,"max_hp_loss":0,"event_name":"Falling","floor":37,"gold_loss":0},{"damage_healed":0,"gold_gain":0,"player_choice":"Fight","damage_taken":0,"max_hp_gain":0,"max_hp_loss":0,"event_name":"MindBloom","floor":39,"gold_loss":0},{"damage_healed":0,"gold_gain":0,"player_choice":"Max HP","damage_taken":0,"max_hp_gain":0,"max_hp_loss":4,"event_name":"Winding Halls","floor":44,"gold_loss":0},{"damage_healed":0,"gold_gain":0,"player_choice":"Paid Gold","damage_taken":0,"relics_obtained":["Bronze Scales"],"max_hp_gain":0,"max_hp_loss":0,"event_name":"WeMeetAgain","floor":46,"gold_loss":139}],"is_beta":false,"boss_relics":[{"not_picked":["Ectoplasm","Runic Dome"],"picked":"Busted Crown"},{"not_picked":["Velvet Choker","Tiny House"],"picked":"Coffee Dripper"}],"items_purged_floors":[30],"is_endless":false,"potions_floor_spawned":[4,7,10,16,18,22,28,29,35,40,42,45,54],"ascension_level":2}}