{"host":"b5jaqh8y266k2cz4","time":1612508081,"event":{"mods":["AchievementEnabler","Aspiration","BaseMod","Colored Powertips","Conspire","Downfall","Googly Eyes","Hermit","Highlight Path","Hubris","Infinite Spire","MarisaÅiñ∂âJÅ@ñÇóùçπÅj","Mimic Mod","Minty Spire (QoL Compilation)","Quick Restart","Replay The Spire","Spikes Relics","StSLib","Synergy Search","The Animator","The Cursed","The Jungle","The Necromancer","The Servant 0.9.4","The Wild Card","slay the spire mod where everything is the same but ironclad has a cowboy hat"],"gold_per_floor":[117,132,211,235,245,270,289,318,318,318,332,332,393,393,393,493,493,504,504,504,520,520,520,181,193,263,310,310,193,209,209,209,308,308,327,341,341,357,357,357,386,386,463,488,488,507,202,221,221,221],"floor_reached":51,"language":"ENG","playtime":2615,"items_purged":[],"score":1141,"play_id":"601ce0d4-246c-4976-b2ae-90925b23e322","local_time":"20210205015441","is_ascension_mode":true,"campfire_choices":[{"floor":10,"key":"REST"},{"floor":15,"key":"DIG"},{"data":"theWildCard:SeveringSlash","floor":23,"key":"SMITH"},{"data":"theWildCard:PowerOfTheArcana","floor":32,"key":"SMITH"},{"data":"theWildCard:Abstinence","floor":40,"key":"SMITH"},{"data":"theWildCard:CryOfAgony","floor":45,"key":"SMITH"},{"data":"theWildCard:Abstinence","floor":49,"key":"SMITH"}],"circlet_count":0,"master_deck":["theWildCard:BasicStrike+1","theWildCard:BasicStrike+1","theWildCard:BasicStrike+1","theWildCard:BasicStrike+1","theWildCard:BasicDefend+1","theWildCard:BasicDefend+1","theWildCard:BasicDefend+1","theWildCard:BasicDefend+1","theWildCard:CallToAdventure","theWildCard:Arsene+1","theWildCard:ArchaicAssault","theWildCard:SeveringSlash","theWildCard:Safeguard","theWildCard:MagicMettle","theWildCard:PowerOfTheArcana+1","theWildCard:StingingStrike","theWildCard:ArcaneArts","Pot Of Greed","Pot Of Greed","theWildCard:SeveringSlash+1","theWildCard:CryOfAgony+1","theWildCard:Abstinence+1","theWildCard:MagicMettle","theWildCard:PowerOfTheArcana+1","theWildCard:ArchaicAssault+1","Pot Of Greed","theWildCard:ArcaneArts","theWildCard:PowerOfTheArcana+1","theWildCard:ArcanaArtistry+1","theWildCard:Abstinence+1","theWildCard:SeveringSlash+1","theWildCard:ArcanaArtistry","theWildCard:SeveringSlash+1"],"relics":["theWildCard:VelvetContract","Juzu Bracelet","hubris:Metronome","ReplayTheSpireMod:TigerMarble","Incense Burner","Grinning Jar","Toy Ornithopter","Velvet Choker","hubris:Icosahedron","BranchBurnRelic","Membership Card","Replay:Rubber Ducky","Happy Flower","conspire:Dentures","aspiration:TomeofQuesting","Frozen Eye","Black Star","BicycleWheel","Molten Egg 2","infinitespire:FocusingShard","hubris:MedicalManual","infinitespire:Beetle Shell","aspiration:StickyExplosives_weak"],"acts_visited":["Exordium","TheCity","TheBeyond"],"potions_floor_usage":[8,33,50],"damage_taken":[{"damage":0,"enemies":"Small Slimes","floor":1,"turns":3},{"damage":0,"enemies":"Jaw Worm","floor":2,"turns":4},{"damage":0,"enemies":"Cultist","floor":5,"turns":4},{"damage":37,"enemies":"Lagavulin","floor":6,"turns":12},{"damage":0,"enemies":"Exordium Wildlife","floor":7,"turns":4},{"damage":4,"enemies":"3 Sentries","floor":8,"turns":9},{"damage":2,"enemies":"Large Slime","floor":11,"turns":4},{"damage":0,"enemies":"Lagavulin Event","floor":13,"turns":3},{"damage":15,"enemies":"Fading Forest","floor":16,"turns":11},{"damage":1,"enemies":"Chosen","floor":18,"turns":3},{"damage":1,"enemies":"Spheric Guardian","floor":21,"turns":3},{"damage":1,"enemies":"Shelled Parasite and Fungi","floor":25,"turns":7},{"damage":0,"enemies":"Centurion and Healer","floor":30,"turns":4},{"damage":8,"enemies":"hubris:MusketHawk","floor":33,"turns":7},{"damage":0,"enemies":"3 Shapes","floor":35,"turns":3},{"damage":0,"enemies":"Orb Walker","floor":36,"turns":4},{"damage":0,"enemies":"Spire Growth","floor":38,"turns":5},{"damage":0,"enemies":"R_Hoarder","floor":41,"turns":12},{"damage":0,"enemies":"Giant Head","floor":44,"turns":8},{"damage":18,"enemies":"Jaw Worm Horde","floor":46,"turns":5},{"damage":0,"enemies":"3 Darklings","floor":48,"turns":5},{"damage":0,"enemies":"infinitespire:MassOfShapes","floor":50,"turns":15}],"seed_played":"-6739339541468768032","potions_obtained":[{"floor":1,"key":"Elixir"},{"floor":7,"key":"Languid Potion"},{"floor":8,"key":"Fire Potion"},{"floor":11,"key":"Strength Potion"},{"floor":21,"key":"FearPotion"},{"floor":33,"key":"Swift Potion"},{"floor":36,"key":"Energy Potion"},{"floor":44,"key":"BlessingOfTheForge"},{"floor":48,"key":"Fire Potion"}],"is_trial":false,"path_per_floor":["M","M","?","T","M","E","M","E","T","R","M","?","?","?","R","B",null,"M","?","?","M","AVR","R","$","M","T","T","?","$","M","?","R","B",null,"M","M","?","M","?","R","E","?","T","E","R","M","$","M","R","B",null],"character_chosen":"THE_WILD_CARD","items_purchased":["Membership Card","theWildCard:Abstinence","Replay:Rubber Ducky","Happy Flower","Frozen Eye","theWildCard:MagicMettle","infinitespire:Beetle Shell","aspiration:StickyExplosives_weak","theWildCard:Abstinence","theWildCard:SeveringSlash+1","theWildCard:ArcanaArtistry"],"campfire_rested":1,"item_purchase_floors":[24,24,24,24,29,29,47,47,47,47,47],"current_hp_per_floor":[60,60,45,45,45,8,8,4,4,22,20,20,20,20,20,13,48,47,47,47,46,46,46,46,60,60,60,60,60,60,60,60,55,59,59,59,60,60,60,60,60,60,60,60,60,51,51,51,51,60],"gold":221,"neow_bonus":"UPGRADE_CARD","is_daily":false,"chose_seed":false,"campfire_upgraded":5,"win_rate":0.0,"timestamp":1612508081,"path_taken":["M","M","?","?","M","E","M","E","T","R","M","?","?","?","R","BOSS","M","?","?","M","AVR","R","$","M","T","?","?","$","M","?","R","BOSS","M","M","?","M","?","R","E","?","T","E","R","M","$","M","R","BOSS"],"items_purchased_type":["Relic","Card","Relic","Relic","Relic","Card","Relic","Relic","Card","Card","Card"],"build_version":"2020-12-22","purchased_purges":0,"victory":true,"max_hp_per_floor":[60,60,60,60,60,60,60,60,60,60,60,60,60,60,60,60,60,60,60,60,60,60,60,60,60,60,60,60,60,60,60,60,60,60,60,60,60,60,60,60,60,60,60,60,60,60,60,60,60,60],"card_choices":[{"not_picked":["theWildCard:UnderLockAndKey","theWildCard:ManOfManyFaces"],"picked":"theWildCard:ArchaicAssault","floor":1},{"not_picked":["theWildCard:StingingStrike","theWildCard:MagicalMight"],"picked":"theWildCard:SeveringSlash","floor":2},{"not_picked":["theWildCard:Sakuya","theWildCard:Impatience"],"picked":"theWildCard:Safeguard","floor":3},{"not_picked":["theWildCard:Proficiency","theWildCard:Impatience"],"picked":"theWildCard:MagicMettle","floor":3},{"not_picked":["theWildCard:ArcaneArts","theWildCard:Metatron"],"picked":"theWildCard:MaskChange","floor":3},{"not_picked":["theWildCard:Alice","theWildCard:TheGreatSeal","theWildCard:LadyLuck"],"picked":"SKIP","floor":5},{"not_picked":["theWildCard:Alice","theWildCard:TheGreatSeal","theWildCard:LadyLuck"],"picked":"SKIP","floor":5},{"not_picked":["theWildCard:StingingStrike","theWildCard:Unburden"],"picked":"theWildCard:PowerOfTheArcana","floor":6},{"not_picked":["theWildCard:UnendingRitual","theWildCard:PaleRider"],"picked":"theWildCard:StingingStrike","floor":7},{"not_picked":["theWildCard:SacrificialStroke","theWildCard:Satanael"],"picked":"theWildCard:ArcaneArts","floor":8},{"not_picked":["theWildCard:StingingStrike","theWildCard:SacrificialStroke","theWildCard:Polydeuces"],"picked":"SKIP","floor":11},{"not_picked":["theWildCard:SacrificialStroke","theWildCard:StingingStrike"],"picked":"theWildCard:SeveringSlash","floor":13},{"not_picked":["theWildCard:Sakuya","theWildCard:Polydeuces"],"picked":"theWildCard:CryOfAgony","floor":18},{"not_picked":["theWildCard:EnergizedStroke","theWildCard:Unburden+1","theWildCard:BladeOfGenerations"],"picked":"SKIP","floor":21},{"not_picked":["theWildCard:EnergizedStroke","theWildCard:LadyLuck","theWildCard:SacrificialStroke+1"],"picked":"SKIP","floor":25},{"not_picked":["theWildCard:ArcanaArtistry+1","theWildCard:CryOfAgony"],"picked":"theWildCard:PowerOfTheArcana","floor":30},{"not_picked":["theWildCard:EnergizedStroke","theWildCard:SacrificialStroke+1"],"picked":"theWildCard:ArchaicAssault+1","floor":35},{"not_picked":["theWildCard:Scathach+1","theWildCard:Proficiency","theWildCard:Unburden"],"picked":"SKIP","floor":36},{"not_picked":["theWildCard:Scathach+1","theWildCard:Sakuya","theWildCard:TheGreatSeal+1"],"picked":"SKIP","floor":38},{"not_picked":["theWildCard:Proficiency","theWildCard:StingingStrike+1"],"picked":"theWildCard:ArcaneArts","floor":41},{"not_picked":["theWildCard:MagicMettle","theWildCard:Sakuya"],"picked":"theWildCard:PowerOfTheArcana+1","floor":44},{"not_picked":["theWildCard:UnendingRitual+1","theWildCard:MasterPlan"],"picked":"theWildCard:ArcanaArtistry+1","floor":46},{"not_picked":["theWildCard:ArcaneArts","theWildCard:CryOfAgony+1"],"picked":"theWildCard:SeveringSlash+1","floor":48}],"player_experience":375897,"relics_obtained":[{"floor":4,"key":"Juzu Bracelet"},{"floor":6,"key":"hubris:Metronome"},{"floor":8,"key":"ReplayTheSpireMod:TigerMarble"},{"floor":9,"key":"Incense Burner"},{"floor":15,"key":"Toy Ornithopter"},{"floor":26,"key":"conspire:Dentures"},{"floor":27,"key":"aspiration:TomeofQuesting"},{"floor":41,"key":"BicycleWheel"},{"floor":41,"key":"Molten Egg 2"},{"floor":43,"key":"infinitespire:FocusingShard"},{"floor":44,"key":"hubris:MedicalManual"}],"event_choices":[{"damage_healed":0,"gold_gain":0,"player_choice":"Upgraded","damage_taken":0,"max_hp_gain":0,"max_hp_loss":0,"event_name":"Upgrade Shrine","floor":12,"gold_loss":0,"cards_upgraded":["theWildCard:MaskChange"]},{"damage_healed":0,"gold_gain":0,"player_choice":"Searched \u00272\u0027 times","damage_taken":0,"relics_obtained":["Grinning Jar"],"max_hp_gain":0,"max_hp_loss":0,"event_name":"Dead Adventurer","floor":13,"gold_loss":0},{"damage_healed":0,"gold_gain":0,"player_choice":"Grow","damage_taken":0,"max_hp_gain":0,"max_hp_loss":0,"event_name":"Living Wall","floor":14,"gold_loss":0,"cards_upgraded":["theWildCard:PowerOfTheArcana"]},{"damage_healed":0,"gold_gain":0,"player_choice":"Simplicity","damage_taken":0,"max_hp_gain":0,"max_hp_loss":0,"event_name":"Back to Basics","floor":31,"gold_loss":0,"cards_upgraded":["theWildCard:BasicStrike","theWildCard:BasicStrike","theWildCard:BasicStrike","theWildCard:BasicStrike","theWildCard:BasicDefend","theWildCard:BasicDefend","theWildCard:BasicDefend","theWildCard:BasicDefend"]},{"cards_removed":["theWildCard:MaskChange"],"damage_healed":5,"gold_gain":0,"player_choice":"Offered Common","damage_taken":0,"max_hp_gain":0,"max_hp_loss":0,"event_name":"Bonfire Elementals","floor":37,"gold_loss":0},{"cards_removed":["theWildCard:MaskChange"],"damage_healed":5,"gold_gain":0,"player_choice":"Offered Special","damage_taken":0,"max_hp_gain":0,"max_hp_loss":0,"event_name":"Bonfire Elementals","floor":37,"gold_loss":0},{"damage_healed":0,"gold_gain":0,"player_choice":"Memory 1","damage_taken":0,"max_hp_gain":0,"max_hp_loss":0,"event_name":"SensoryStone","floor":42,"gold_loss":0}],"is_beta":false,"boss_relics":[{"not_picked":["bronze:MakeshiftBattery","hubris:CrackedHourglass"],"picked":"Velvet Choker"},{"not_picked":["SlaversCollar","conspire:SlowCooker"],"picked":"Black Star"}],"items_purged_floors":[],"is_endless":false,"potions_floor_spawned":[1,7,8,11,16,21,25,33,36,44,48],"ascension_level":5}}