{"host":"gbufj6hc0ay5hojx","time":1612560771,"event":{"mods":["AchievementEnabler","BaseMod","Colored Map","Colored Powertips","Hermit","Highlight Path","Minty Spire (QoL Compilation)","StSLib","SuperFastMode","The Cursed","The Servant 0.9.4"],"gold_per_floor":[111,111,131,143,194,194,224,224,292,105,155,155,155,217,229,371,383,436,538,146,158,199,234,245,245,300,318,338,382,124,124,124],"floor_reached":31,"language":"KOR","playtime":2578,"items_purged":["hermit:Defend_Hermit"],"score":267,"play_id":"0c137b80-23d5-450a-a9a2-3535d7e6a5ce","local_time":"20210206063251","is_ascension_mode":false,"campfire_choices":[{"data":"hermit:BodyArmor","floor":6.0,"key":"SMITH"},{"floor":8.0,"key":"REST"},{"data":"HandOfGreed","floor":15.0,"key":"SMITH"},{"floor":25.0,"key":"REST"}],"circlet_count":0,"master_deck":["hermit:Strike_Hermit","hermit:Strike_Hermit+1","hermit:Strike_Hermit","hermit:Strike_Hermit","hermit:Defend_Hermit+1","hermit:Defend_Hermit","hermit:Defend_Hermit","hermit:Snapshot","hermit:Covet","hermit:Vantage","hermit:BodyArmor+1","hermit:Snipe","hermit:Determination","HandOfGreed+1","hermit:Roulette","hermit:Maintenance+1","hermit:Shortfuse","hermit:HighNoon","hermit:Showdown","hermit:Coalescence","hermit:Desperado","hermit:Vantage+1","hermit:FlashPowder+1","hermit:HoleUp","hermit:Gambit","hermit:BigShot"],"relics":["hermit:Momento","PreservedInsect","Mummified Hand","MawBank","Smiling Mask","hermit:BartenderGlass","Lantern","Bronze Scales","Question Card","Centennial Puzzle","Bottled Lightning"],"acts_visited":["Exordium","TheCity"],"potions_floor_usage":[31,31],"damage_taken":[{"damage":11.0,"enemies":"Jaw Worm","floor":1.0,"turns":3.0},{"damage":0.0,"enemies":"2 Louse","floor":3.0,"turns":3.0},{"damage":1.0,"enemies":"Cultist","floor":4.0,"turns":4.0},{"damage":28.0,"enemies":"Gremlin Nob","floor":7.0,"turns":5.0},{"damage":6.0,"enemies":"Gremlin Gang","floor":11.0,"turns":5.0},{"damage":9.0,"enemies":"3 Sentries","floor":14.0,"turns":4.0},{"damage":14.0,"enemies":"The Guardian","floor":16.0,"turns":12.0},{"damage":32.0,"enemies":"3 Byrds","floor":18.0,"turns":9.0},{"damage":8.0,"enemies":"Chosen","floor":21.0,"turns":4.0},{"damage":0.0,"enemies":"Shelled Parasite and Fungi","floor":22.0,"turns":2.0},{"damage":22.0,"enemies":"Book of Stabbing","floor":23.0,"turns":4.0},{"damage":0.0,"enemies":"Centurion and Healer","floor":24.0,"turns":4.0},{"damage":14.0,"enemies":"3 Cultists","floor":27.0,"turns":6.0},{"damage":0.0,"enemies":"Snake Plant","floor":28.0,"turns":4.0},{"damage":0.0,"enemies":"Snecko","floor":29.0,"turns":4.0},{"damage":8,"enemies":"Sentry and Sphere","floor":31,"turns":5}],"seed_played":"8034795172190425438","potions_obtained":[{"floor":7.0,"key":"CultistPotion"},{"floor":11.0,"key":"ColorlessPotion"},{"floor":16.0,"key":"CultistPotion"},{"floor":23.0,"key":"AttackPotion"},{"floor":27.0,"key":"LiquidBronze"}],"is_trial":false,"path_per_floor":["M","?","M","M","?","R","E","R","T","$","M","?","T","E","R","B",null,"M","?","$","M","M","E","M","R","T","M","M","M","$","M"],"character_chosen":"HERMIT","items_purchased":["HandOfGreed","hermit:Roulette","Lantern","hermit:Coalescence","Bronze Scales","Bottled Lightning"],"campfire_rested":2,"item_purchase_floors":[10,10,20,20,20,30],"current_hp_per_floor":[71,55,55,54,54,54,26,50,50,50,44,44,44,35,35,21,82,50,32,32,24,24,2,2,26,26,12,12,12,12,4,4],"gold":124,"neow_bonus":"TEN_PERCENT_HP_BONUS","is_daily":false,"chose_seed":false,"campfire_upgraded":2,"win_rate":0.0,"timestamp":1612560771,"path_taken":["M","?","M","M","?","R","E","R","T","?","M","?","?","E","R","BOSS","M","?","$","M","M","E","?","R","T","M","?","M","$","M"],"items_purchased_type":["Card","Card","Relic","Card","Relic","Relic"],"build_version":"2020-12-22","purchased_purges":1,"victory":false,"max_hp_per_floor":[82,82,82,82,82,82,82,82,82,82,82,82,82,82,82,82,82,82,82,82,82,82,82,82,82,82,82,82,82,82,82,82],"card_choices":[{"not_picked":["hermit:WideOpen","hermit:BodyArmor"],"picked":"hermit:Vantage","floor":1.0},{"not_picked":["hermit:Determination","hermit:Grudge"],"picked":"hermit:BodyArmor","floor":3.0},{"not_picked":["hermit:SprayPray","hermit:Coalescence"],"picked":"hermit:Snipe","floor":4.0},{"not_picked":["hermit:LowProfile","hermit:TakeAim"],"picked":"hermit:Determination","floor":7.0},{"not_picked":["hermit:Coalescence","hermit:WideOpen"],"picked":"hermit:Maintenance","floor":11.0},{"not_picked":["hermit:Dissolve","hermit:GhostlyPresence"],"picked":"hermit:Shortfuse","floor":14.0},{"not_picked":["hermit:DeadOrAlive","hermit:Reprieve"],"picked":"hermit:HighNoon","floor":16.0},{"not_picked":["hermit:GoldenBullet","hermit:Ricochet"],"picked":"hermit:Showdown","floor":18.0},{"not_picked":["hermit:Headshot","hermit:Grudge"],"picked":"hermit:Desperado","floor":21.0},{"not_picked":["hermit:Maintenance","hermit:GoldenBullet"],"picked":"hermit:Vantage+1","floor":22.0},{"not_picked":["hermit:Determination","hermit:HighCaliber"],"picked":"hermit:FlashPowder+1","floor":23.0},{"not_picked":["hermit:GoldenBullet","hermit:Midnight","hermit:ItchyTrigger"],"picked":"hermit:HoleUp","floor":24.0},{"not_picked":["hermit:CalledShot+1","hermit:Showdown","hermit:Enervate"],"picked":"hermit:Gambit","floor":27.0},{"not_picked":["hermit:CalledShot","hermit:Glare+1","hermit:Headshot+1"],"picked":"hermit:BigShot","floor":28.0},{"not_picked":["hermit:Headshot","hermit:Misfire","hermit:HoleUp","hermit:Showdown"],"picked":"SKIP","floor":29.0}],"player_experience":520225,"relics_obtained":[{"floor":7.0,"key":"PreservedInsect"},{"floor":9.0,"key":"Mummified Hand"},{"floor":13.0,"key":"MawBank"},{"floor":14.0,"key":"Smiling Mask"},{"floor":23.0,"key":"Question Card"},{"floor":26.0,"key":"Centennial Puzzle"}],"event_choices":[{"damage_healed":0.0,"max_hp_gain":0.0,"max_hp_loss":0.0,"gold_gain":0.0,"event_name":"Shining Light","player_choice":"Entered Light","floor":2.0,"gold_loss":0.0,"damage_taken":16.0,"cards_upgraded":["hermit:Strike_Hermit","hermit:Defend_Hermit"]},{"damage_healed":0.0,"max_hp_gain":0.0,"max_hp_loss":0.0,"gold_gain":51.0,"event_name":"Golden Wing","player_choice":"Gained Gold","floor":5.0,"gold_loss":0.0,"damage_taken":0.0},{"damage_healed":0.0,"max_hp_gain":0.0,"max_hp_loss":0.0,"gold_gain":0.0,"event_name":"Living Wall","player_choice":"Grow","floor":12.0,"gold_loss":0.0,"damage_taken":0.0,"cards_upgraded":["hermit:Maintenance"]},{"damage_healed":0.0,"max_hp_gain":0.0,"max_hp_loss":0.0,"gold_gain":90.0,"event_name":"Knowing Skull","player_choice":"POTION GOLD ","floor":19.0,"potions_obtained":["Weak Potion"],"gold_loss":0.0,"damage_taken":18.0,"cards_obtained":[]}],"is_beta":false,"boss_relics":[{"not_picked":["Velvet Choker","Fusion Hammer"],"picked":"hermit:BartenderGlass"}],"items_purged_floors":[20],"is_endless":false,"potions_floor_spawned":[7,11,16,21,23,27],"killed_by":"Sentry and Sphere","ascension_level":0}}