{"host":"uhnh33uh34qot0et","time":1612562177,"event":{"mods":["BaseMod","Colored Map","Downfall","Hermit","Marisa????????","Minty Spire (QoL Compilation)","StSLib","The Bug Knight","The Cursed","The Servant 0.9.4"],"gold_per_floor":[115,290,290,290,369,379,413,413,413,425,440,452,472,472,472,472,472],"floor_reached":16,"language":"ENG","playtime":377,"items_purged":[],"score":127,"play_id":"fc578883-f5c8-4c6a-b91f-42f28867120e","local_time":"20210205225617","is_ascension_mode":false,"campfire_choices":[{"data":"UpSweep","floor":8,"key":"SMITH"},{"data":"StarBarrage","floor":15,"key":"SMITH"}],"circlet_count":0,"master_deck":["Strike_MRS","Strike_MRS","Strike_MRS","Strike_MRS","Defend_MRS","Defend_MRS","Defend_MRS","Defend_MRS","MasterSpark+1","UpSweep+1","DragonMeteor","Doubt","DarkMatter","GravityBeat","PowerUp","UnstableBomb","StarBarrage+1"],"relics":["MiniHakkero","NeowsBlessing","Vajra"],"acts_visited":["Exordium"],"potions_floor_usage":[16,16,16],"damage_taken":[{"damage":0,"enemies":"Small Slimes","floor":1,"turns":1},{"damage":0,"enemies":"Cultist","floor":6,"turns":1},{"damage":0,"enemies":"3 Sentries","floor":7,"turns":1},{"damage":0,"enemies":"2 Louse","floor":10,"turns":3},{"damage":13,"enemies":"Exordium Wildlife","floor":11,"turns":4},{"damage":7,"enemies":"Blue Slaver","floor":12,"turns":3},{"damage":0,"enemies":"Looter","floor":13,"turns":3},{"damage":61,"enemies":"Hexaghost","floor":16,"turns":9}],"seed_played":"5865584392393766590","potions_obtained":[{"floor":1,"key":"EssenceOfSteel"},{"floor":7,"key":"Swift Potion"},{"floor":11,"key":"Ancient Potion"}],"is_trial":false,"path_per_floor":["M","?","?","?","?","M","E","R","T","M","M","M","M","$","R","B"],"character_chosen":"MARISA","items_purchased":[],"campfire_rested":0,"item_purchase_floors":[],"current_hp_per_floor":[75,75,80,80,80,80,80,80,80,80,67,60,60,60,60,0,0],"gold":472,"neow_bonus":"THREE_ENEMY_KILL","is_daily":false,"chose_seed":false,"campfire_upgraded":2,"win_rate":0.0,"timestamp":1612562177,"path_taken":["M","?","?","?","?","M","E","R","T","M","M","M","?","?","R","BOSS"],"items_purchased_type":[],"build_version":"2020-12-22","purchased_purges":0,"victory":false,"max_hp_per_floor":[75,75,80,80,80,80,80,80,80,80,80,80,80,80,80,80,80],"card_choices":[{"not_picked":["ShootTheMoon","SporeBomb"],"picked":"DragonMeteor","floor":1},{"not_picked":["WitchLeyline","PowerUp"],"picked":"DarkMatter","floor":6},{"not_picked":["ManaConvection","WitchLeyline"],"picked":"GravityBeat","floor":7},{"not_picked":["MysteriousBeam","PropBag"],"picked":"PowerUp","floor":10},{"not_picked":["DeepEcoloBomb","OneTimeOff"],"picked":"UnstableBomb","floor":11},{"not_picked":["GasGiant","IllusionStar","MeteoricShower"],"picked":"SKIP","floor":12},{"not_picked":["PulseMagic","LuminesStrike"],"picked":"StarBarrage","floor":13}],"player_experience":12751,"relics_obtained":[{"floor":9,"key":"Vajra"}],"event_choices":[{"damage_healed":0,"gold_gain":175,"player_choice":"AGREE","damage_taken":0,"max_hp_gain":0,"max_hp_loss":0,"event_name":"Liars Game","floor":2,"gold_loss":0,"cards_obtained":["Doubt"]},{"damage_healed":0,"gold_gain":0,"player_choice":"Donut","damage_taken":0,"max_hp_gain":5,"max_hp_loss":0,"event_name":"Big Fish","floor":3,"gold_loss":0},{"damage_healed":0,"gold_gain":0,"player_choice":"Grow","damage_taken":0,"max_hp_gain":0,"max_hp_loss":0,"event_name":"Living Wall","floor":4,"gold_loss":0,"cards_upgraded":["MasterSpark"]},{"damage_healed":0,"gold_gain":79,"player_choice":"Gained Gold","damage_taken":0,"max_hp_gain":0,"max_hp_loss":0,"event_name":"Golden Wing","floor":5,"gold_loss":0}],"is_beta":false,"boss_relics":[],"items_purged_floors":[],"is_endless":false,"potions_floor_spawned":[1,7,11],"killed_by":"Hexaghost","ascension_level":0}}