{"host":"2q4w55ev63ot6isg","time":1612510930,"event":{"mods":["Aspiration","BaseMod","Downfall","Hubris","Marisa????????","Minty Spire (QoL Compilation)","Replay The Spire","StSLib","The Cursed","The Jungle","The Servant 0.9.4"],"gold_per_floor":[365,56,71,71,91,91,135,158,240,240,240,240,260,275,275,405,405,420,519,290,290,290,290,309,334,334,26,69,69,69,69,69,195,195,214,239,239,239],"floor_reached":37,"language":"ENG","playtime":1426,"items_purged":["Pain"],"score":528,"play_id":"b139237f-2578-4d07-8ff4-561be173c6b6","local_time":"20210204234210","is_ascension_mode":true,"campfire_choices":[{"data":"Zap","floor":6,"key":"SMITH"},{"floor":15,"key":"REST"},{"data":"Hologram","floor":23,"key":"SMITH"},{"data":"Dualcast","floor":30,"key":"SMITH"}],"circlet_count":0,"master_deck":["Conserve Battery+1","Strike_B","Strike_B","Strike_B","Defend_B","Defend_B","Defend_B","Defend_B","Zap+1","Dualcast+1","Conserve Battery","Creative AI+1","Hologram+1","Conserve Battery","Coolheaded+1","Heatsinks","Loop+1","ReplayTheSpireMod:System Scan","Capacitor","Amplify","Loop+1"],"relics":["Cracked Core","Lee\u0027s Waffle","Bag of Preparation","Golden Idol","hubris:OldNail","hubris:SphereOfDissonance","WarpedTongs","hubris:VirtuousBlindfold","Prayer Wheel","Ancient Tea Set","hubris:BottledRain","aspiration:SeaSaltIceCream","Tiny Chest","Guardian:PocketSentry","aspiration:Stellarator"],"acts_visited":["Exordium","TheCity","TheBeyond"],"potions_floor_usage":[7,14,16,16,33,33,37],"damage_taken":[{"damage":2,"enemies":"Jaw Worm","floor":1,"turns":3},{"damage":0,"enemies":"Small Slimes","floor":3,"turns":3},{"damage":0,"enemies":"2 Louse","floor":5,"turns":2},{"damage":13,"enemies":"3 Sentries","floor":7,"turns":8},{"damage":13,"enemies":"Exordium Thugs","floor":8,"turns":5},{"damage":10,"enemies":"Looter","floor":13,"turns":3},{"damage":6,"enemies":"Exordium Wildlife","floor":14,"turns":5},{"damage":31,"enemies":"Hexaghost","floor":16,"turns":10},{"damage":25,"enemies":"3 Byrds","floor":18,"turns":5},{"damage":0,"enemies":"Spheric Guardian","floor":24,"turns":6},{"damage":19,"enemies":"Snake Plant","floor":25,"turns":5},{"damage":2,"enemies":"Replay:Snechameleon","floor":28,"turns":9},{"damage":22,"enemies":"Automaton","floor":33,"turns":11},{"damage":41,"enemies":"3 Shapes","floor":35,"turns":7},{"damage":17,"enemies":"Orb Walker","floor":36,"turns":6},{"damage":11,"enemies":"4 Shapes","floor":37,"turns":3}],"seed_played":"2704923961829666201","potions_obtained":[{"floor":1,"key":"Flashbang"},{"floor":5,"key":"EssenceOfSteel"},{"floor":8,"key":"Toxic Potion"},{"floor":13,"key":"SkillPotion"},{"floor":18,"key":"Guardian:BlockOnCardUsePotion"},{"floor":25,"key":"ColorlessPotion"},{"floor":28,"key":"SneckoOil"},{"floor":33,"key":"SteroidPotion"},{"floor":35,"key":"FearPotion"}],"is_trial":false,"path_per_floor":["M","$","M","?","M","R","E","M","T","?","?","?","M","M","R","B",null,"M","?","$","?","?","R","M","M","T","$","E","?","R","$","R","B",null,"M","M","M"],"character_chosen":"DEFECT","items_purchased":["Lee\u0027s Waffle","Bag of Preparation","Ancient Tea Set","aspiration:SeaSaltIceCream","Capacitor"],"campfire_rested":1,"item_purchase_floors":[2,2,20,27,27],"current_hp_per_floor":[48,82,82,62,62,62,49,36,36,36,63,63,53,47,71,40,72,47,47,47,47,74,74,74,55,55,55,53,53,53,53,53,31,69,28,11,0,0],"gold":239,"neow_bonus":"TWO_FIFTY_GOLD","is_daily":false,"chose_seed":false,"campfire_upgraded":3,"win_rate":0.0,"timestamp":1612510930,"path_taken":["M","$","M","?","M","R","E","M","T","?","?","?","?","M","R","BOSS","M","?","$","?","?","R","?","?","T","?","E","?","R","$","R","BOSS","M","M","M"],"items_purchased_type":["Relic","Relic","Relic","Relic","Card"],"build_version":"2020-12-22","purchased_purges":1,"victory":false,"max_hp_per_floor":[75,82,82,82,82,82,82,82,82,82,82,82,82,82,82,82,82,82,82,82,82,82,82,82,82,82,82,82,82,82,82,82,82,82,82,82,82,82],"card_choices":[{"not_picked":["Lockon","Hello World","ReplayTheSpireMod:Repulse"],"picked":"SKIP","floor":1},{"not_picked":["Recycle","Beam Cell"],"picked":"Conserve Battery","floor":3},{"not_picked":["BasicCrystalCard","Redo","Steam"],"picked":"SKIP","floor":5},{"not_picked":["Tempest","Steam Power"],"picked":"Creative AI","floor":7},{"not_picked":["Coolheaded","Ball Lightning"],"picked":"Hologram","floor":8},{"not_picked":["ReplayTheSpireMod:System Scan","Cold Snap"],"picked":"Conserve Battery","floor":13},{"not_picked":["Gash","Hologram","Panic Button"],"picked":"SKIP","floor":14},{"not_picked":["hubris:SpecializedCircuitry","Hyperbeam"],"picked":"ReplayTheSpireMod:Fabricate Wheel","floor":16},{"not_picked":["aspiration:Polymerization","Redo"],"picked":"Coolheaded+1","floor":18},{"not_picked":["Leap","Barrage","Steam"],"picked":"SKIP","floor":18},{"not_picked":["Glacier","Rainbow"],"picked":"Heatsinks","floor":24},{"not_picked":["Melter+1","Hologram","Compile Driver"],"picked":"SKIP","floor":24},{"not_picked":["Gash","Stack"],"picked":"Loop+1","floor":25},{"not_picked":["Sweeping Beam","Rebound"],"picked":"ReplayTheSpireMod:System Scan","floor":25},{"not_picked":["Chaos+1","Go for the Eyes","Turbo"],"picked":"SKIP","floor":28},{"not_picked":["Panic Button+1","Stack","Leap+1"],"picked":"SKIP","floor":35},{"not_picked":["Panic Button","Go for the Eyes","Streamline"],"picked":"SKIP","floor":35},{"not_picked":["Fusion+1","Leap+1"],"picked":"Loop+1","floor":36},{"not_picked":["aspiration:Polymerization","Gash","Reinforced Body+1"],"picked":"SKIP","floor":36}],"player_experience":221048,"relics_obtained":[{"floor":7,"key":"hubris:OldNail"},{"floor":9,"key":"hubris:SphereOfDissonance"},{"floor":26,"key":"hubris:BottledRain"},{"floor":28,"key":"Guardian:PocketSentry"}],"event_choices":[{"damage_healed":0,"gold_gain":0,"player_choice":"Take Damage","damage_taken":20,"relics_obtained":["Golden Idol"],"max_hp_gain":0,"max_hp_loss":0,"event_name":"Golden Idol","floor":4,"gold_loss":0},{"damage_healed":27,"gold_gain":0,"player_choice":"Banana","damage_taken":0,"max_hp_gain":0,"max_hp_loss":0,"event_name":"Big Fish","floor":11,"gold_loss":0},{"damage_healed":0,"gold_gain":0,"player_choice":"Rummage","damage_taken":0,"relics_obtained":["WarpedTongs"],"max_hp_gain":0,"max_hp_loss":0,"event_name":"Accursed Blacksmith","floor":12,"gold_loss":0,"cards_obtained":["Pain"]},{"damage_healed":0,"gold_gain":99,"player_choice":"Stole From Cult","damage_taken":0,"max_hp_gain":0,"max_hp_loss":0,"event_name":"Nest","floor":19,"gold_loss":0},{"damage_healed":27,"gold_gain":0,"player_choice":"Heal","damage_taken":0,"max_hp_gain":0,"max_hp_loss":0,"event_name":"The Library","floor":22,"gold_loss":0},{"damage_healed":0,"gold_gain":0,"player_choice":"Bought 0 Potions","damage_taken":0,"max_hp_gain":0,"max_hp_loss":0,"event_name":"The Woman in Blue","floor":29,"gold_loss":0}],"is_beta":false,"boss_relics":[{"not_picked":["Coffee Dripper","bronze:MakeshiftBattery"],"picked":"hubris:VirtuousBlindfold"},{"not_picked":["Fusion Hammer","hubris:CrackedHourglass"],"picked":"aspiration:Stellarator"}],"items_purged_floors":[20],"is_endless":false,"potions_floor_spawned":[1,5,8,13,18,25,28,33,35],"killed_by":"4 Shapes","ascension_level":6}}