{"host":"ydg0vn0pu4pubmdt","time":1612548679,"event":{"mods":["AchievementEnabler","BaseMod","Colored Map","Gold Saver","Minty Spire (QoL Compilation)","Quick Restart","SuperFastMode"],"gold_per_floor":[195,120,134,148,127,158,171,171,171,171,183,183,183,209,209,281,281,295,210,46,63,81,81,109,109,109,109,121,133,145,145,145,145,145],"floor_reached":33,"language":"KOR","playtime":878,"items_purged":["Parasite"],"score":608,"play_id":"99822e45-7bf5-487a-b2db-6eea4c4d211d","local_time":"20210206031119","is_ascension_mode":true,"campfire_choices":[{"data":"Glass Knife","floor":8.0,"key":"SMITH"},{"floor":10.0,"key":"REST"},{"floor":15.0,"key":"REST"},{"data":"A Thousand Cuts","floor":25.0,"key":"SMITH"},{"floor":27.0,"key":"REST"},{"data":"Burst","floor":32,"key":"SMITH"}],"circlet_count":0,"master_deck":["AscendersBane","Strike_G","Strike_G","Defend_G","Defend_G","Defend_G","Defend_G","Survivor","Neutralize","Backstab","Malaise","Predator","Terror","Glass Knife+1","Cloak And Dagger","Burst+1","A Thousand Cuts+1","Cloak And Dagger","Prepared+1"],"relics":["Ring of the Snake","Anchor","Turnip","Letter Opener","Cursed Key","Vajra","Bag of Preparation","Pear"],"acts_visited":["Exordium","TheCity"],"potions_floor_usage":[33],"damage_taken":[{"damage":0.0,"enemies":"2 Louse","floor":1.0,"turns":4.0},{"damage":0.0,"enemies":"Jaw Worm","floor":3.0,"turns":4.0},{"damage":1.0,"enemies":"Cultist","floor":4.0,"turns":3.0},{"damage":15.0,"enemies":"Exordium Thugs","floor":5.0,"turns":4.0},{"damage":32.0,"enemies":"3 Sentries","floor":6.0,"turns":9.0},{"damage":0.0,"enemies":"Blue Slaver","floor":7.0,"turns":2.0},{"damage":0.0,"enemies":"Looter","floor":11.0,"turns":1.0},{"damage":0.0,"enemies":"Gremlin Nob","floor":14.0,"turns":2.0},{"damage":19.0,"enemies":"The Guardian","floor":16.0,"turns":10.0},{"damage":7.0,"enemies":"3 Byrds","floor":18.0,"turns":4.0},{"damage":3.0,"enemies":"Spheric Guardian","floor":21.0,"turns":3.0},{"damage":11.0,"enemies":"Centurion and Healer","floor":22.0,"turns":8.0},{"damage":19.0,"enemies":"Gremlin Leader","floor":24.0,"turns":7.0},{"damage":12.0,"enemies":"Snecko","floor":28.0,"turns":3.0},{"damage":0.0,"enemies":"Snake Plant","floor":29.0,"turns":4.0},{"damage":0.0,"enemies":"Centurion and Healer","floor":30.0,"turns":4.0},{"damage":38,"enemies":"Champ","floor":33,"turns":12}],"seed_played":"2262365225105552341","potions_obtained":[{"floor":3.0,"key":"LiquidMemories"},{"floor":5.0,"key":"Swift Potion"},{"floor":6.0,"key":"Poison Potion"},{"floor":28.0,"key":"Weak Potion"}],"is_trial":false,"path_per_floor":["M","$","M","M","M","E","M","R","T","R","M","?","?","E","R","B",null,"M","?","$","M","M","?","E","R","T","R","M","M","M","T","R","B"],"character_chosen":"THE_SILENT","items_purchased":["Bag of Preparation"],"campfire_rested":3,"item_purchase_floors":[20],"current_hp_per_floor":[59,59,59,58,43,11,11,11,11,29,29,22,11,11,29,10,50,43,43,43,40,29,29,20,20,20,41,29,29,29,29,29,0,0],"gold":145,"neow_bonus":"TRANSFORM_TWO_CARDS","is_daily":false,"chose_seed":false,"campfire_upgraded":3,"win_rate":0.0,"timestamp":1612548679,"path_taken":["M","$","M","M","M","E","M","R","T","R","M","?","?","E","R","BOSS","M","?","$","M","M","?","E","R","T","R","M","?","M","?","R","BOSS"],"items_purchased_type":["Relic"],"build_version":"2020-12-22","purchased_purges":1,"victory":false,"max_hp_per_floor":[66,63,63,63,63,63,63,63,63,63,63,63,63,63,63,63,63,63,63,63,63,63,63,73,73,73,73,73,73,73,73,73,73,73],"card_choices":[{"not_picked":["Expertise","Caltrops","Leg Sweep"],"picked":"SKIP","floor":1.0},{"not_picked":["Quick Slash","Dagger Spray"],"picked":"Predator","floor":3.0},{"not_picked":["Bane","Acrobatics"],"picked":"Terror","floor":4.0},{"not_picked":["Dodge and Roll","Deadly Poison","Acrobatics"],"picked":"SKIP","floor":5.0},{"not_picked":["Backflip","Underhanded Strike"],"picked":"Glass Knife","floor":6.0},{"not_picked":["Backflip","Noxious Fumes"],"picked":"Cloak And Dagger","floor":7.0},{"not_picked":["Bane","Slice","Sucker Punch"],"picked":"SKIP","floor":11.0},{"not_picked":["Bane","Reflex"],"picked":"Burst","floor":14.0},{"not_picked":["Bullet Time","Storm of Steel"],"picked":"A Thousand Cuts","floor":16.0},{"not_picked":["Prepared","Acrobatics","Dagger Throw"],"picked":"SKIP","floor":18.0},{"not_picked":["Outmaneuver","Flechettes+1","Dagger Spray"],"picked":"SKIP","floor":21.0},{"not_picked":["Setup","Distraction","Deadly Poison+1"],"picked":"SKIP","floor":22.0},{"not_picked":["Sucker Punch","Dagger Spray"],"picked":"Cloak And Dagger","floor":24.0},{"not_picked":["PiercingWail","Outmaneuver","Deadly Poison"],"picked":"SKIP","floor":28.0},{"not_picked":["Accuracy","Caltrops","Corpse Explosion"],"picked":"SKIP","floor":29.0},{"not_picked":["Expertise","Bane"],"picked":"Prepared+1","floor":30.0}],"player_experience":627279,"relics_obtained":[{"floor":6.0,"key":"Anchor"},{"floor":14.0,"key":"Letter Opener"},{"floor":24.0,"key":"Pear"}],"event_choices":[{"cards_removed":["Strike_G"],"damage_healed":0.0,"max_hp_gain":0.0,"max_hp_loss":0.0,"gold_gain":0.0,"event_name":"Golden Wing","player_choice":"Card Removal","floor":12.0,"gold_loss":0.0,"damage_taken":7.0},{"damage_healed":0.0,"max_hp_gain":0.0,"max_hp_loss":0.0,"gold_gain":0.0,"event_name":"Scrap Ooze","player_choice":"Success","floor":13.0,"gold_loss":0.0,"damage_taken":11.0,"relics_obtained":["Turnip"]},{"damage_healed":0.0,"max_hp_gain":0.0,"max_hp_loss":0.0,"gold_gain":0.0,"event_name":"Addict","player_choice":"Obtained Relic","floor":19.0,"gold_loss":85.0,"damage_taken":0.0,"relics_obtained":["Vajra"]},{"cards_removed":["Strike_G"],"damage_healed":0.0,"max_hp_gain":0.0,"max_hp_loss":0.0,"gold_gain":0.0,"event_name":"Bonfire Elementals","player_choice":"Offered Basic","floor":23.0,"gold_loss":0.0,"damage_taken":0.0}],"is_beta":false,"boss_relics":[{"not_picked":["Ectoplasm","WristBlade"],"picked":"Cursed Key"}],"items_purged_floors":[2],"is_endless":false,"potions_floor_spawned":[3,5,6,11,28,30],"killed_by":"Champ","ascension_level":20}}