{"host":"rf8f5793azs0jd9i","time":1612499429,"event":{"mods":["AchievementEnabler","Aspiration","BaseMod","Colored Powertips","Hubris","Infinite Spire","Minty Spire (QoL Compilation)","Replay The Spire","StSLib"],"gold_per_floor":[113,6000,5323,5339,5355,5383,5383,5394,5419,5419,5419,5449,5449,5476,5476,5579,5579,5595,5595,5595,5545,5485,5519,5444,5456,5456,5456,4923,4923,4367,4367,4367,4465,4465,4475,4475,4487,4501,4519,4519,3855,3886,3886,3886,3886,3886,3886],"floor_reached":46,"language":"ENG","playtime":3471,"items_purged":["Strike_B","Defend_B+1"],"score":605,"play_id":"0dd6b426-5ffd-428e-ba6f-64243d38e41d","local_time":"20210204223029","is_ascension_mode":true,"campfire_choices":[{"data":"Zap","floor":7,"key":"SMITH"},{"data":"Barrage","floor":11,"key":"SMITH"},{"floor":15,"key":"REST"},{"floor":27,"key":"RECALL"},{"data":"Ghostly","floor":29,"key":"SMITH"},{"data":"Ghostly","floor":32,"key":"SMITH"},{"floor":40,"key":"REST"},{"floor":44,"key":"REST"}],"circlet_count":0,"master_deck":["Defend_B+1","Defend_B+1","Defend_B+1","Zap+1","Dualcast","Barrage+1","Glacier","Turbo","FIFO Queue+1","Creative AI","AbeCurse","Compile Driver+1","Chaos+1","Ghostly","Ghostly","Ghostly","Ghostly+1","Ghostly+1","Coolheaded","Conserve Battery+1","Conserve Battery","Conserve Battery","AbeCurse","Heatsinks+1","ReplayTheSpireMod:GoodbyeWorld+1","Sunder"],"relics":["Cracked Core","Strange Spoon","hubris:Metronome","ReplayTheSpireMod:Lightbulb","Prayer Wheel","hubris:SphereOfDissonance","Replay:Rubber Ducky","hubris:PeanutButter","Replay:Bottled Eggs","Abe\u0027s Treasure","hubris:Icosahedron","Gambling Chip","Frozen Eye","hubris:CrystalStatue","Centennial Puzzle","aspiration:ChemicalBlood","Gremlin Horn","HandDrill","MutagenicStrength","Fusion Hammer","hubris:SlimyHat","infinitespire:ShieldingShard","aspiration:SeaSaltIceCream","Pet Ghost","Darkstone Periapt","hubris:MedicalManual"],"acts_visited":["Exordium","TheCity","TheBeyond"],"potions_floor_usage":[6,14,16,46,46],"damage_taken":[{"damage":10,"enemies":"infinitespire:Voidling","floor":1,"turns":4},{"damage":11,"enemies":"Small Slimes","floor":2,"turns":4},{"damage":7,"enemies":"Jaw Worm","floor":4,"turns":3},{"damage":17,"enemies":"Exordium Wildlife","floor":5,"turns":5},{"damage":17,"enemies":"3 Sentries","floor":6,"turns":8},{"damage":0,"enemies":"Looter","floor":8,"turns":3},{"damage":0,"enemies":"Lagavulin","floor":12,"turns":6},{"damage":0,"enemies":"Replay:BlueRogue","floor":14,"turns":4},{"damage":34,"enemies":"Fading Forest","floor":16,"turns":11},{"damage":0,"enemies":"3 Byrds","floor":18,"turns":7},{"damage":0,"enemies":"2 Thieves","floor":22,"turns":4},{"damage":0,"enemies":"Gremlin Leader","floor":23,"turns":8},{"damage":0,"enemies":"Cultist and Chosen","floor":25,"turns":8},{"damage":2,"enemies":"Pondfish","floor":33,"turns":16},{"damage":0,"enemies":"3 Shapes","floor":35,"turns":4},{"damage":0,"enemies":"Orb Walker","floor":37,"turns":5},{"damage":34,"enemies":"4 Shapes","floor":38,"turns":7},{"damage":0,"enemies":"Spire Growth","floor":39,"turns":5},{"damage":0,"enemies":"R_Hoarder","floor":42,"turns":8},{"damage":25,"enemies":"Time Eater","floor":46,"turns":11}],"seed_played":"-3700908686297640169","potions_obtained":[{"floor":1,"key":"SkillPotion"},{"floor":6,"key":"Adrenaline Potion"},{"floor":14,"key":"Regen Potion"},{"floor":18,"key":"Dexterity Potion"},{"floor":25,"key":"Elixir"}],"is_trial":false,"path_per_floor":["M","M","$","M","M","E","R","M","T","?","R","E","?","E","R","B",null,"M","?","?","?","M","E","?","M","T","R","$","R","$","?","R","B",null,"M","?","M","M","M","R","$","E","T","R","?","B"],"character_chosen":"DEFECT","items_purchased":["Strange Spoon","hubris:Metronome","ReplayTheSpireMod:Lightbulb","Frozen Eye","hubris:CrystalStatue","Centennial Puzzle","aspiration:ChemicalBlood","Gremlin Horn","HandDrill","infinitespire:ShieldingShard","aspiration:SeaSaltIceCream","Sunder"],"campfire_rested":3,"item_purchase_floors":[3,3,3,28,28,28,30,30,30,41,41,41],"current_hp_per_floor":[72,61,61,54,37,20,20,20,20,20,20,20,20,20,42,33,75,75,37,37,37,37,37,37,37,37,37,37,37,37,37,37,35,37,37,37,37,3,3,14,14,14,14,25,25,0,0],"gold":3886,"neow_bonus":"REMOVE_CARD","is_daily":false,"chose_seed":false,"campfire_upgraded":4,"win_rate":0.0,"timestamp":1612499429,"path_taken":["M","M","$","M","M","E","R","?","T","?","R","E","?","E","R","BOSS","M","?","?","?","?","E","?","M","T","R","$","R","$","?","R","BOSS","M","?","?","M","M","R","$","E","T","R","?","BOSS"],"items_purchased_type":["Relic","Relic","Relic","Relic","Relic","Relic","Relic","Relic","Relic","Relic","Relic","Card"],"build_version":"2020-12-22","purchased_purges":2,"victory":false,"max_hp_per_floor":[75,75,75,75,75,75,75,75,75,75,75,75,75,75,75,75,75,75,37,37,37,37,37,37,37,37,37,37,37,37,37,37,37,37,37,37,37,37,37,37,37,37,37,37,37,37,37],"card_choices":[{"not_picked":["Melter","Beam Cell","Lockon"],"picked":"SKIP","floor":1},{"not_picked":["Self Repair","Sweeping Beam"],"picked":"Barrage","floor":2},{"not_picked":["Redo","BootSequence"],"picked":"Glacier","floor":4},{"not_picked":["Streamline","hubris:PowerSurge"],"picked":"Turbo","floor":5},{"not_picked":["Chaos","Turbo","Redo"],"picked":"SKIP","floor":6},{"not_picked":["BasicCrystalCard","Scrape"],"picked":"FIFO Queue","floor":8},{"not_picked":["Gash","Sweeping Beam","BasicCrystalCard"],"picked":"SKIP","floor":8},{"not_picked":["Undo","Rip and Tear","Barrage"],"picked":"SKIP","floor":12},{"not_picked":["ReplayTheSpireMod:GoodbyeWorld","Leap","Seek"],"picked":"SKIP","floor":14},{"not_picked":["Biased Cognition","Seek"],"picked":"Creative AI","floor":16},{"not_picked":["Auto Shields+1","FTL"],"picked":"Compile Driver+1","floor":18},{"not_picked":["Redo","Chill"],"picked":"Chaos+1","floor":18},{"not_picked":["Storm","Chaos"],"picked":"Coolheaded","floor":22},{"not_picked":["Coolheaded","Panic Button"],"picked":"Conserve Battery+1","floor":22},{"not_picked":["Aggregate","Gash+1"],"picked":"Conserve Battery","floor":23},{"not_picked":["Barrage","hubris:Ukulele"],"picked":"Conserve Battery","floor":25},{"not_picked":["Go for the Eyes","Turbo+1","Rebound"],"picked":"SKIP","floor":25},{"not_picked":["Reprogram+1","Capacitor","Redo"],"picked":"SKIP","floor":35},{"not_picked":["Streamline+1","FIFO Queue","Go for the Eyes"],"picked":"SKIP","floor":35},{"not_picked":["Barrage","Redo+1","Rebound+1"],"picked":"SKIP","floor":37},{"not_picked":["hubris:SpecializedCircuitry","Turbo+1","Hologram+1"],"picked":"SKIP","floor":37},{"not_picked":["Aggregate","Ball Lightning"],"picked":"Heatsinks+1","floor":38},{"not_picked":["Melter","Panic Button"],"picked":"ReplayTheSpireMod:GoodbyeWorld+1","floor":38},{"not_picked":["Compile Driver+1","Hologram+1","Ball Lightning"],"picked":"SKIP","floor":39},{"not_picked":["Leap","Beam Cell","Stack+1"],"picked":"SKIP","floor":39},{"not_picked":["Panic Button+1","Melter+1","Meteor Strike"],"picked":"SKIP","floor":42}],"player_experience":46300,"relics_obtained":[{"floor":6,"key":"hubris:SphereOfDissonance"},{"floor":9,"key":"Replay:Rubber Ducky"},{"floor":12,"key":"hubris:PeanutButter"},{"floor":14,"key":"Replay:Bottled Eggs"},{"floor":23,"key":"Gambling Chip"},{"floor":42,"key":"Darkstone Periapt"},{"floor":43,"key":"hubris:MedicalManual"}],"event_choices":[{"cards_removed":["Strike_B"],"damage_healed":0,"gold_gain":0,"player_choice":"Forget","damage_taken":0,"max_hp_gain":0,"max_hp_loss":0,"event_name":"Living Wall","floor":13,"gold_loss":0},{"damage_healed":0,"gold_gain":0,"player_choice":"Became a Ghost","damage_taken":0,"max_hp_gain":0,"max_hp_loss":38,"event_name":"Ghosts","floor":19,"gold_loss":0,"cards_obtained":["Ghostly","Ghostly","Ghostly","Ghostly","Ghostly"]},{"damage_healed":0,"gold_gain":0,"player_choice":"Bet on Murderer","damage_taken":0,"max_hp_gain":0,"max_hp_loss":0,"event_name":"The Joust","floor":21,"gold_loss":50},{"cards_removed":["Strike_B"],"damage_healed":0,"gold_gain":0,"player_choice":"Gave Gold","damage_taken":0,"max_hp_gain":0,"max_hp_loss":0,"event_name":"Beggar","floor":24,"gold_loss":75},{"damage_healed":0,"gold_gain":0,"player_choice":"Inject Mutagens","damage_taken":0,"relics_obtained":["MutagenicStrength"],"max_hp_gain":0,"max_hp_loss":0,"event_name":"Drug Dealer","floor":31,"gold_loss":0},{"damage_healed":0,"gold_gain":0,"player_choice":"Gave Potion","damage_taken":0,"relics_obtained":["hubris:SlimyHat"],"max_hp_gain":0,"max_hp_loss":0,"event_name":"WeMeetAgain","floor":36,"gold_loss":0},{"damage_healed":0,"gold_gain":0,"player_choice":"Took Portal","damage_taken":0,"max_hp_gain":0,"max_hp_loss":0,"event_name":"SecretPortal","floor":45,"gold_loss":0}],"is_beta":false,"boss_relics":[{"not_picked":["aspiration:RitualDagger","Tiny House"],"picked":"Abe\u0027s Treasure"},{"not_picked":["Kintsugi","aspiration:SilentSkillbook"],"picked":"Fusion Hammer"}],"items_purged_floors":[3,41],"is_endless":false,"potions_floor_spawned":[1,6,14,18,23,25,37],"killed_by":"Time Eater","ascension_level":2}}