{"host":"630px4nyj50z5id8","time":1612530356,"event":{"mods":["BaseMod","Colored Powertips","Downfall","Minty Spire (QoL Compilation)","Quick Restart","Replay The Spire","StSLib","Waifu the Spire"],"gold_per_floor":[113,113,38,55,68,101,118,138,165,165,165,165],"floor_reached":11,"language":"ZHS","playtime":337,"items_purged":["Strike_R"],"score":101,"play_id":"890a43ba-8b4d-4e62-bba1-fd6de68c18ff","local_time":"20210205210556","is_ascension_mode":true,"campfire_choices":[{"floor":10,"key":"REST"}],"circlet_count":0,"master_deck":["Strike_R","Strike_R","Strike_R","Strike_R","Defend_R","Defend_R","Defend_R","Bash","Replay:Undeath\u0027s Touch","Rupture","Flex","Cleave","Rupture","Replay:Many Hands"],"relics":["Runic Pyramid","Shovel","Tiny Chest"],"acts_visited":["Exordium"],"potions_floor_usage":[6,11,11],"damage_taken":[{"damage":4.0,"enemies":"Jaw Worm","floor":1.0,"turns":4.0},{"damage":1.0,"enemies":"Cultist","floor":4.0,"turns":3.0},{"damage":10,"enemies":"Small Slimes","floor":5,"turns":3},{"damage":16,"enemies":"Gremlin Nob","floor":6,"turns":3},{"damage":13,"enemies":"Blue Slaver","floor":7,"turns":2},{"damage":20,"enemies":"Large Slime","floor":8,"turns":5},{"damage":17,"enemies":"Lagavulin","floor":11,"turns":4}],"seed_played":"-7347595080012300200","potions_obtained":[{"floor":1.0,"key":"Dexterity Potion"},{"floor":4.0,"key":"AttackPotion"},{"floor":7,"key":"Languid Potion"}],"is_trial":false,"path_per_floor":["M","?","$","M","M","E","M","M","T","R","E"],"character_chosen":"IRONCLAD","items_purchased":[],"campfire_rested":1,"item_purchase_floors":[],"current_hp_per_floor":[68,68,68,67,57,41,28,8,8,32,15,15],"gold":165,"neow_bonus":"BOSS_RELIC","is_daily":false,"chose_seed":false,"campfire_upgraded":0,"win_rate":0.0,"timestamp":1612530356,"path_taken":["M","?","$","M","M","E","M","M","T","R","E"],"items_purchased_type":[],"build_version":"2020-12-22","purchased_purges":1,"victory":false,"max_hp_per_floor":[80,80,80,80,80,80,80,80,80,80,80,80],"card_choices":[{"not_picked":["Clothesline","Cleave"],"picked":"Replay:Undeath\u0027s Touch","floor":1.0},{"not_picked":["Run Through","Anger"],"picked":"Rupture","floor":4.0},{"not_picked":["Body Slam","Havoc"],"picked":"Flex","floor":5},{"not_picked":["Body Slam","Rampage"],"picked":"Cleave","floor":6},{"not_picked":["Thunderclap","Rage"],"picked":"Rupture","floor":7},{"not_picked":["Wild Strike","Replay:Undeath\u0027s Touch"],"picked":"Replay:Many Hands","floor":8}],"player_experience":390181,"relics_obtained":[{"floor":6,"key":"Shovel"},{"floor":9,"key":"Tiny Chest"}],"event_choices":[{"cards_removed":["Defend_R"],"damage_healed":0.0,"max_hp_gain":0.0,"max_hp_loss":0.0,"gold_gain":0.0,"event_name":"Purifier","player_choice":"Purged","floor":2.0,"gold_loss":0.0,"damage_taken":0.0}],"is_beta":false,"boss_relics":[],"items_purged_floors":[3],"is_endless":false,"potions_floor_spawned":[1,4,7],"killed_by":"Lagavulin","ascension_level":7}}