{"host":"684z1xpuwaoqmmh1","time":1612528828,"event":{"mods":["A Magickal Journey","BaseMod","Downfall","Hermit","Jorbs\u0027s Wanderer Trilogy","Marisa????????","Minty Spire (QoL Compilation)","Robot Space Explorer","Shade Mod","StSLib","The Dragon Tamer","The Elementalist","The Hayseed","The Hierophant","The Marked","The Mystic","The Runesmith","The Saiyan","The Vixen","TheBandit","TheFirefly"],"gold_per_floor":[87,101,101,2,17,57,78,122,147,147,147,147,185,185,185,313,313,334,102,123,144,169,169,169,169],"floor_reached":24,"language":"ENG","playtime":2868,"items_purged":["Saiyan:SAIYA_Strike","Saiyan:SAIYA_Strike"],"score":331,"play_id":"cbcd3fc8-3f08-40d5-9f6b-8fe18c4d6411","local_time":"20210205144028","is_ascension_mode":true,"campfire_choices":[{"floor":10,"key":"REST"},{"floor":12,"key":"REST"},{"data":"Saiyan:MonkeyTail","floor":15,"key":"SMITH"},{"data":"Saiyan:GenkiDama","floor":23,"key":"SMITH"}],"circlet_count":0,"master_deck":["Saiyan:SAIYA_Strike","Saiyan:SAIYA_Strike","Saiyan:SAIYA_Defend","Saiyan:SAIYA_Defend","Saiyan:SAIYA_Defend","Saiyan:SAIYA_Defend","Saiyan:EnergyBlast","Saiyan:KaioKen","Saiyan:RuthlessBlow","Saiyan:DrainingStrike","Saiyan:TurtleShell","Saiyan:DoubleMasenko+1","Saiyan:WarmUp","Saiyan:ReverberatingForce","Saiyan:MonkeyTail+1","Saiyan:FingerParry+1","Saiyan:FinalFlash+1","Saiyan:GenkiDama+1","Saiyan:PlotArmor+1","Saiyan:ThirstForFight+1","Saiyan:FinalFlash","Saiyan:RemoveWeights+1"],"relics":["SaiyanSoul","SaiyanHeart","Omamori","Golden Idol","Toxic Egg 2","Smiling Mask","Vajra","sneckomod:BlankCard","Singing Bowl","Strawberry","Black Star","Whetstone"],"acts_visited":["Exordium","TheCity"],"potions_floor_usage":[6,8,18,20,21,24],"damage_taken":[{"damage":0,"enemies":"2 Louse","floor":1,"turns":2},{"damage":0,"enemies":"Jaw Worm","floor":2,"turns":3},{"damage":0,"enemies":"Small Slimes","floor":5,"turns":4},{"damage":46,"enemies":"Lagavulin","floor":6,"turns":9},{"damage":7,"enemies":"Blue Slaver","floor":7,"turns":4},{"damage":8,"enemies":"Gremlin Nob","floor":8,"turns":3},{"damage":8,"enemies":"Lagavulin","floor":13,"turns":6},{"damage":4,"enemies":"Slime Boss","floor":16,"turns":7},{"damage":12,"enemies":"Spheric Guardian","floor":18,"turns":4},{"damage":8,"enemies":"3 Byrds","floor":20,"turns":5},{"damage":9,"enemies":"Snake Plant","floor":21,"turns":5},{"damage":4,"enemies":"Centurion and Healer","floor":22,"turns":9},{"damage":51,"enemies":"Book of Stabbing","floor":24,"turns":7}],"seed_played":"4444481166092683623","potions_obtained":[{"floor":1,"key":"Slimebound:ThreeZeroPotion"},{"floor":6,"key":"Explosive Potion"},{"floor":7,"key":"Energy Potion"},{"floor":13,"key":"SteroidPotion"},{"floor":16,"key":"Ancient Potion"},{"floor":18,"key":"Explosive Potion"},{"floor":20,"key":"SpeedPotion"},{"floor":22,"key":"LiquidBronze"}],"is_trial":false,"path_per_floor":["M","M","?","$","M","E","M","E","T","R","?","R","E","?","R","B",null,"M","$","M","M","M","R","E"],"character_chosen":"SAIYAJIN","items_purchased":["Saiyan:DoubleMasenko","Saiyan:ThirstForFight+1","Whetstone"],"campfire_rested":2,"item_purchase_floors":[4,19,19],"current_hp_per_floor":[55,56,56,56,59,14,9,1,1,21,21,41,36,36,36,34,69,59,59,56,50,48,48,0,0],"gold":169,"neow_bonus":"RANDOM_COMMON_RELIC","is_daily":false,"chose_seed":false,"campfire_upgraded":2,"win_rate":0.0,"timestamp":1612528828,"path_taken":["M","M","?","$","M","E","M","E","T","R","?","R","E","?","R","BOSS","M","$","M","M","M","R","E"],"items_purchased_type":["Card","Card","Relic"],"build_version":"2020-12-22","purchased_purges":2,"victory":false,"max_hp_per_floor":[61,62,62,62,65,66,68,68,68,68,68,68,71,78,78,80,80,82,82,87,90,92,92,93,93],"card_choices":[{"not_picked":["Saiyan:UltraInstinct","Saiyan:DragonFist"],"picked":"Saiyan:DrainingStrike","floor":1},{"not_picked":["Saiyan:Kienzan","Saiyan:Pacing"],"picked":"Saiyan:TurtleShell","floor":2},{"not_picked":["Saiyan:TurtleShell","Saiyan:UltraInstinct"],"picked":"Saiyan:WarmUp","floor":5},{"not_picked":["Saiyan:SaiyanHubris+1","Saiyan:Quickening+1"],"picked":"Saiyan:ReverberatingForce","floor":6},{"not_picked":["Saiyan:Pacing+1","Saiyan:Scouter+1"],"picked":"Saiyan:MonkeyTail","floor":7},{"not_picked":["Saiyan:BackAttack","Saiyan:Scouter+1"],"picked":"Saiyan:FingerParry+1","floor":8},{"not_picked":["Saiyan:TurtleShell","Saiyan:Makankosappo"],"picked":"Saiyan:FinalFlash","floor":13},{"not_picked":["Saiyan:TransfigurationBeam","Saiyan:HyperTimeChamber"],"picked":"Saiyan:GenkiDama","floor":16},{"not_picked":["Saiyan:SaiyanHubris+1","Saiyan:Kienzan"],"picked":"Saiyan:PlotArmor+1","floor":18},{"not_picked":["Saiyan:DoubleMasenko+1","Saiyan:Kienzan","Saiyan:SaiyanHubris+1"],"picked":"Singing Bowl","floor":20},{"not_picked":["Saiyan:GenkiDama","Saiyan:TurtleShell"],"picked":"Saiyan:FinalFlash","floor":21},{"not_picked":["Saiyan:Planning+1","Saiyan:PowerPole"],"picked":"Saiyan:RemoveWeights+1","floor":22}],"player_experience":2950514,"relics_obtained":[{"floor":6,"key":"Toxic Egg 2"},{"floor":8,"key":"Smiling Mask"},{"floor":9,"key":"Vajra"},{"floor":13,"key":"Singing Bowl"}],"event_choices":[{"damage_healed":0,"gold_gain":0,"player_choice":"Take Wound","damage_taken":0,"relics_obtained":["Golden Idol"],"max_hp_gain":0,"max_hp_loss":0,"event_name":"Golden Idol","floor":3,"gold_loss":0,"cards_obtained":["Injury"]},{"damage_healed":0,"gold_gain":0,"player_choice":"Box","damage_taken":0,"relics_obtained":["sneckomod:BlankCard"],"max_hp_gain":0,"max_hp_loss":0,"event_name":"Big Fish","floor":11,"gold_loss":0,"cards_obtained":["Regret"]},{"damage_healed":0,"gold_gain":0,"player_choice":"Success","damage_taken":7,"relics_obtained":["Strawberry"],"max_hp_gain":0,"max_hp_loss":0,"event_name":"Scrap Ooze","floor":14,"gold_loss":0}],"is_beta":false,"boss_relics":[{"not_picked":["sneckomod:SneckoTalon","Runesmith:UraniumAnvil"],"picked":"Black Star"}],"items_purged_floors":[4,19],"is_endless":false,"potions_floor_spawned":[1,6,7,13,16,18,20,22],"killed_by":"Book of Stabbing","ascension_level":6}}