{"host":"8d3fefv2347kqkpz","time":1612485195,"event":{"mods":["AchievementEnabler","Act Like it!","Aspiration","BaseMod","Better Vampires","Colored Map","Colored Powertips","Conspire","GifTheSpireLib","Highlight Path","Hubris","Mimic Mod","Minty Spire (QoL Compilation)","Quick Restart","Rare Cards Sparkle","Relic Stats","Replay The Spire","Spicy Shops","StSLib","The Jungle","Waifu the Spire"],"gold_per_floor":[110,125,142,157,167,167,192,192,240,255,268,268,286,300,300,300,300],"floor_reached":16,"language":"ZHS","playtime":603,"items_purged":[],"score":113,"play_id":"710aa981-886b-447b-be10-aff8e6c5303b","local_time":"20210205083315","is_ascension_mode":true,"campfire_choices":[{"data":"Neutralize","floor":6,"key":"SMITH"},{"floor":8,"key":"REST"},{"floor":15,"key":"REST"}],"circlet_count":0,"master_deck":["Strike_G","Strike_G","Strike_G","Strike_G","Strike_G","Defend_G","Defend_G","Defend_G","Defend_G","Defend_G","Survivor","Neutralize+1","Envenom","Cloak And Dagger","Leg Sweep","Accuracy","conspire:DoublingDagger","Cloak And Dagger"],"relics":["Ring of the Snake","NeowsBlessing","Art of War","hubris:OldNail"],"acts_visited":["Exordium"],"potions_floor_usage":[],"damage_taken":[{"damage":0,"enemies":"2 Louse","floor":1,"turns":1},{"damage":0,"enemies":"Small Slimes","floor":2,"turns":1},{"damage":0,"enemies":"conspire:RoseBush","floor":3,"turns":1},{"damage":5,"enemies":"Large Slime","floor":4,"turns":7},{"damage":5,"enemies":"Blue Slaver","floor":5,"turns":4},{"damage":23,"enemies":"Replay:BlueRogue","floor":7,"turns":8},{"damage":11,"enemies":"3 Louse","floor":10,"turns":5},{"damage":1,"enemies":"Red Slaver","floor":11,"turns":5},{"damage":7,"enemies":"Exordium Wildlife","floor":13,"turns":6},{"damage":2,"enemies":"conspire:2 RoseBushes","floor":14,"turns":8},{"damage":69,"enemies":"Fading Forest","floor":16,"turns":10}],"seed_played":"3804096853686682308","potions_obtained":[{"floor":2,"key":"DuplicationPotion"},{"floor":5,"key":"Block Potion"},{"floor":10,"key":"Weak Potion"}],"is_trial":false,"path_per_floor":["M","M","M","M","M","R","E","R","T","M","M","?","M","M","R","B"],"character_chosen":"THE_SILENT","items_purchased":[],"campfire_rested":2,"item_purchase_floors":[],"current_hp_per_floor":[70,70,70,65,60,60,37,58,58,47,46,46,39,37,58,0,0],"gold":300,"neow_bonus":"THREE_ENEMY_KILL","is_daily":false,"chose_seed":false,"campfire_upgraded":1,"win_rate":0.0,"timestamp":1612485195,"path_taken":["M","M","M","M","M","R","E","R","T","M","M","?","M","M","R","BOSS"],"items_purchased_type":[],"build_version":"2020-12-22","purchased_purges":0,"victory":false,"max_hp_per_floor":[70,70,70,70,70,70,70,70,70,70,70,70,70,70,70,70,70],"relic_stats":{"counters":[11,56],"Art of War":[4],"obtain_stats":[{"NeowsBlessing":0,"Art of War":7,"hubris:OldNail":9,"Ring of the Snake":0},{"NeowsBlessing":0,"Art of War":6,"hubris:OldNail":6,"Ring of the Snake":0},{"NeowsBlessing":0,"Art of War":22,"hubris:OldNail":22,"Ring of the Snake":0}],"Ring of the Snake":[22]},"card_choices":[{"not_picked":["Hidden Blade","Dodge and Roll","Flechettes"],"picked":"SKIP","floor":1},{"not_picked":["Bane","Backflip","Quick Slash"],"picked":"SKIP","floor":2},{"not_picked":["Quick Slash","conspire:DoublingDagger"],"picked":"Envenom","floor":3},{"not_picked":["hubris:SlightOfHand","Quick Slash"],"picked":"Cloak And Dagger","floor":4},{"not_picked":["Poisoned Stab","Hidden Blade","Dagger Throw"],"picked":"SKIP","floor":5},{"not_picked":["Reflex","Distraction"],"picked":"Leg Sweep","floor":7},{"not_picked":["Riddle With Holes","hubris:TrickCloak"],"picked":"Accuracy","floor":10},{"not_picked":["Cloak And Dagger","Backstab"],"picked":"conspire:DoublingDagger","floor":11},{"not_picked":["Flying Knee","Wraith Form v2","Escape Plan"],"picked":"SKIP","floor":13},{"not_picked":["hubris:SlightOfHand","Finisher"],"picked":"Cloak And Dagger","floor":14}],"player_experience":254495,"relics_obtained":[{"floor":7,"key":"Art of War"},{"floor":9,"key":"hubris:OldNail"}],"event_choices":[{"damage_healed":0,"gold_gain":0,"player_choice":"Leave","damage_taken":0,"max_hp_gain":0,"max_hp_loss":0,"event_name":"conspire:Investor","floor":12,"gold_loss":0}],"is_beta":false,"boss_relics":[],"items_purged_floors":[],"is_endless":false,"potions_floor_spawned":[2,5,10,13,14],"killed_by":"Fading Forest","ascension_level":1}}