{"host":"v86vpwf004p2esb7","time":1612515491,"event":{"mods":["AchievementEnabler","BaseMod","BetterRewards","Colored Powertips","Minty Spire (QoL Compilation)","Quick Restart","StSLib","Transform Curses"],"gold_per_floor":[114,129,129,129,140,158,158,234,234,250,268,300,300,325,325,456,456,469,469,493,518,120,120,136,16,16,16,16,57,57,31,31,31,31],"floor_reached":33,"language":"ENG","playtime":1543,"items_purged":["Injury"],"score":429,"play_id":"ef412037-4d8e-4d50-b55e-e879152efd9b","local_time":"20210205005811","is_ascension_mode":true,"campfire_choices":[{"floor":15,"key":"REST"},{"floor":23,"key":"REST"},{"floor":28,"key":"REST"},{"floor":30,"key":"REST"},{"floor":32,"key":"REST"}],"circlet_count":0,"master_deck":["Strike_G","Strike_G","Strike_G","Strike_G","Strike_G","Defend_G","Defend_G","Defend_G","Defend_G","Defend_G","Survivor","Neutralize","Accuracy","PiercingWail","PiercingWail","Poisoned Stab+1","Adrenaline","Crippling Poison","Bouncing Flask","Poisoned Stab","Bane","Burst","CurseOfTheBell","Crippling Poison","Tools of the Trade","Distraction+1","Infinite Blades","Catalyst","Poisoned Stab","Slice+1","Backflip","Noxious Fumes","Blade Dance","Accuracy","Slice","Cloak And Dagger","Bane","Bouncing Flask+1"],"relics":["Ring of the Snake","The Specimen","Letter Opener","Dream Catcher","Golden Idol","Calling Bell","Smiling Mask","Pear","Unceasing Top","Oddly Smooth Stone","Torii","Nilry\u0027s Codex","Snake Skull"],"acts_visited":["Exordium","TheCity"],"potions_floor_usage":[12,12,24],"damage_taken":[{"damage":6,"enemies":"Jaw Worm","floor":1,"turns":6},{"damage":0,"enemies":"Cultist","floor":2,"turns":6},{"damage":0,"enemies":"2 Louse","floor":5,"turns":3},{"damage":6,"enemies":"Blue Slaver","floor":6,"turns":6},{"damage":1,"enemies":"Gremlin Gang","floor":10,"turns":6},{"damage":3,"enemies":"3 Louse","floor":11,"turns":3},{"damage":21,"enemies":"Gremlin Nob","floor":12,"turns":5},{"damage":3,"enemies":"Looter","floor":14,"turns":3},{"damage":13,"enemies":"The Guardian","floor":16,"turns":10},{"damage":29,"enemies":"3 Byrds","floor":18,"turns":4},{"damage":7,"enemies":"Spheric Guardian","floor":20,"turns":5},{"damage":40,"enemies":"Shelled Parasite and Fungi","floor":21,"turns":8},{"damage":14,"enemies":"Cultist and Chosen","floor":24,"turns":4},{"damage":33,"enemies":"Slavers","floor":29,"turns":5},{"damage":67,"enemies":"Automaton","floor":33,"turns":6}],"seed_played":"-887650631025158816","potions_obtained":[{"floor":2,"key":"Weak Potion"},{"floor":5,"key":"DistilledChaos"},{"floor":6,"key":"SmokeBomb"},{"floor":20,"key":"Regen Potion"}],"is_trial":false,"path_per_floor":["M","M","$","?","M","M","?","T","T","M","M","E","?","M","R","B",null,"M","?","M","M","$","R","M","$","T","?","R","E","R","$","R","B"],"character_chosen":"THE_SILENT","items_purchased":["The Specimen","Accuracy","Infinite Blades","Catalyst","Oddly Smooth Stone","Poisoned Stab","Noxious Fumes","Blade Dance","Bane"],"campfire_rested":5,"item_purchase_floors":[0,0,22,22,22,22,25,25,31],"current_hp_per_floor":[51,51,51,51,51,45,45,45,45,44,41,20,20,17,38,25,80,51,51,44,4,4,28,28,28,28,12,36,3,27,27,51,0,0],"gold":31,"neow_bonus":"","is_daily":false,"chose_seed":false,"campfire_upgraded":0,"win_rate":0.0,"timestamp":1612515491,"path_taken":["M","M","$","?","M","?","?","?","T","?","M","E","?","M","R","BOSS","M","?","?","M","$","R","M","$","T","?","R","E","R","?","R","BOSS"],"items_purchased_type":["Relic","Card","Card","Card","Relic","Card","Card","Card","Card"],"build_version":"2020-12-22","purchased_purges":1,"victory":false,"max_hp_per_floor":[70,70,70,70,70,70,70,70,70,70,70,70,70,70,70,70,80,80,80,80,80,80,80,80,80,80,80,80,80,80,80,80,80,80],"card_choices":[{"not_picked":["Dash","Dagger Throw","Underhanded Strike"],"picked":"SKIP","floor":1},{"not_picked":["Underhanded Strike","Tactician"],"picked":"PiercingWail","floor":2},{"not_picked":["Skewer","Catalyst"],"picked":"PiercingWail","floor":5},{"not_picked":["Outmaneuver","Setup"],"picked":"Poisoned Stab","floor":6},{"not_picked":["Underhanded Strike","Setup"],"picked":"Adrenaline","floor":10},{"not_picked":["Footwork","Slice"],"picked":"Crippling Poison","floor":11},{"not_picked":["Sucker Punch","Blade Dance"],"picked":"Bouncing Flask","floor":12},{"not_picked":["Finisher","Masterful Stab"],"picked":"Poisoned Stab","floor":14},{"not_picked":["Dash","Adrenaline"],"picked":"Bane","floor":15},{"not_picked":["Grand Finale","Corpse Explosion"],"picked":"Burst","floor":16},{"not_picked":["Blur","Terror"],"picked":"Crippling Poison","floor":18},{"not_picked":["Dodge and Roll","Quick Slash"],"picked":"Distraction+1","floor":20},{"not_picked":["Slice","Grand Finale","Eviscerate"],"picked":"SKIP","floor":21},{"not_picked":["Leg Sweep","Flying Knee"],"picked":"Slice+1","floor":23},{"not_picked":["Dagger Spray","Heel Hook"],"picked":"Backflip","floor":24},{"not_picked":["Well Laid Plans","Acrobatics"],"picked":"Accuracy","floor":28},{"not_picked":["Malaise","Backflip"],"picked":"Slice","floor":29},{"not_picked":["Well Laid Plans","Accuracy"],"picked":"Cloak And Dagger","floor":30},{"not_picked":["Prepared","Accuracy+1"],"picked":"Bouncing Flask+1","floor":32}],"player_experience":264125,"relics_obtained":[{"floor":8,"key":"Letter Opener"},{"floor":12,"key":"Dream Catcher"},{"floor":17,"key":"Smiling Mask"},{"floor":17,"key":"Pear"},{"floor":17,"key":"Unceasing Top"},{"floor":26,"key":"Torii"},{"floor":27,"key":"Nilry\u0027s Codex"},{"floor":29,"key":"Snake Skull"}],"event_choices":[{"damage_healed":0,"gold_gain":0,"player_choice":"Ignored","damage_taken":0,"max_hp_gain":0,"max_hp_loss":0,"event_name":"Purifier","floor":4,"gold_loss":0},{"damage_healed":0,"gold_gain":0,"player_choice":"Grow","damage_taken":0,"max_hp_gain":0,"max_hp_loss":0,"event_name":"Living Wall","floor":7,"gold_loss":0,"cards_upgraded":["Poisoned Stab"]},{"damage_healed":0,"gold_gain":0,"player_choice":"Take Wound","damage_taken":0,"relics_obtained":["Golden Idol"],"max_hp_gain":0,"max_hp_loss":0,"event_name":"Golden Idol","floor":13,"gold_loss":0,"cards_obtained":["Injury"]},{"damage_healed":0,"gold_gain":0,"player_choice":"1 cards matched","damage_taken":0,"max_hp_gain":0,"max_hp_loss":0,"event_name":"Match and Keep!","floor":19,"gold_loss":0,"cards_obtained":["Tools of the Trade"]},{"damage_healed":0,"gold_gain":0,"player_choice":"Obtained Book","damage_taken":16,"max_hp_gain":0,"max_hp_loss":0,"event_name":"Cursed Tome","floor":27,"gold_loss":0}],"is_beta":false,"boss_relics":[{"not_picked":["Coffee Dripper","Tiny House"],"picked":"Calling Bell"}],"items_purged_floors":[22],"is_endless":false,"potions_floor_spawned":[2,5,6,10,20],"killed_by":"Automaton","ascension_level":2}}