{"host":"kh9ouhxio9ib83wh","time":1612546354,"event":{"mods":["100% Spire Juice","BaseMod","Minty Spire (QoL Compilation)","StSLib","Waifu the Spire"],"gold_per_floor":[111,130,145,160,85,136,27,27,53,53,68,68,95,117,117,230,230,10,35,35,47,76,76,416,439,253,281,313,339,351,45,45,150,150,165,165,13,32,55,55,81,81,81,107,107,127,2,28,28,28,28],"floor_reached":50,"language":"KOR","playtime":5715,"items_purged":["Moonworks:Strike","Moonworks:Strike","Moonworks:StarBlastingFuse"],"score":577,"play_id":"a52121d9-0b65-4c9e-b682-f1366e1e1b88","local_time":"20210206023234","is_ascension_mode":false,"campfire_choices":[{"data":"Moonworks:EvilSpyWorkPreparation","floor":10.0,"key":"SMITH"},{"data":"Moonworks:NicePresent","floor":12.0,"key":"SMITH"},{"data":"Moonworks:AccelHyper","floor":15.0,"key":"SMITH"},{"floor":23.0,"key":"REST"},{"floor":30,"key":"REST"},{"data":"Moonworks:TreasureThief","floor":32,"key":"SMITH"},{"floor":40,"key":"REST"},{"floor":42,"key":"REST"},{"data":"Moonworks:NicePresent","floor":45,"key":"SMITH"},{"data":"Moonworks:IntelligenceOfficer","floor":49,"key":"SMITH"}],"circlet_count":0,"master_deck":["Moonworks:Strike+1","Moonworks:Defend","Moonworks:Defend","Moonworks:Defend","Moonworks:Ambush+1","Moonworks:LongDistanceShot","Moonworks:ImOnFire","Moonworks:EvilSpyWorkPreparation+1","Moonworks:NicePresent+1","Moonworks:NicePresent","Moonworks:SweetBattle","Moonworks:AccelHyper+1","Moonworks:HolyNight","Moonworks:FullSpeedAlicianrone+1","Moonworks:NicePresent","Moonworks:IntelligenceOfficer+1","Moonworks:LulusLuckyEgg","Moonworks:LuckyCharm","Moonworks:TreasureThief+1","Moonworks:EvilSpyWorkPreparation+1","Moonworks:ScrambledEve","Moonworks:NicePresent+1","Moonworks:Dash+1","Moonworks:NicePresent+1","Moonworks:IntelligenceOfficer+1"],"relics":["Moonworks:BrokenBomb","Moonworks:Homemark","Whetstone","CeramicFish","PreservedInsect","Omamori","Cursed Key","Old Coin","MealTicket","MawBank","DollysMirror","SlaversCollar","Ginger"],"acts_visited":["Exordium","TheCity","TheBeyond"],"potions_floor_usage":[29,33,39,48,50,50],"damage_taken":[{"damage":0.0,"enemies":"Cultist","floor":1.0,"turns":4.0},{"damage":0.0,"enemies":"2 Louse","floor":2.0,"turns":3.0},{"damage":1.0,"enemies":"Jaw Worm","floor":3.0,"turns":3.0},{"damage":5.0,"enemies":"2 Fungi Beasts","floor":4.0,"turns":3.0},{"damage":12.0,"enemies":"Gremlin Nob","floor":6.0,"turns":3.0},{"damage":0.0,"enemies":"Looter","floor":7.0,"turns":3.0},{"damage":12.0,"enemies":"Gremlin Gang","floor":11.0,"turns":4.0},{"damage":7.0,"enemies":"3 Sentries","floor":13.0,"turns":3.0},{"damage":5.0,"enemies":"3 Louse","floor":14.0,"turns":2.0},{"damage":32.0,"enemies":"The Guardian","floor":16.0,"turns":8.0},{"damage":11.0,"enemies":"2 Thieves","floor":18.0,"turns":4.0},{"damage":0.0,"enemies":"3 Byrds","floor":19.0,"turns":3.0},{"damage":6.0,"enemies":"Centurion and Healer","floor":21.0,"turns":3.0},{"damage":15.0,"enemies":"Sentry and Sphere","floor":22.0,"turns":4.0},{"damage":20.0,"enemies":"Slavers","floor":24.0,"turns":3.0},{"damage":26.0,"enemies":"Snecko","floor":25.0,"turns":7.0},{"damage":0.0,"enemies":"Chosen and Byrds","floor":27.0,"turns":3.0},{"damage":16.0,"enemies":"Book of Stabbing","floor":28.0,"turns":4.0},{"damage":0,"enemies":"Snake Plant","floor":29,"turns":2},{"damage":7,"enemies":"Automaton","floor":33,"turns":6},{"damage":10,"enemies":"3 Darklings","floor":35,"turns":3},{"damage":0,"enemies":"Orb Walker","floor":38,"turns":3},{"damage":37,"enemies":"4 Shapes","floor":39,"turns":2},{"damage":1,"enemies":"Jaw Worm Horde","floor":41,"turns":2},{"damage":0,"enemies":"3 Darklings","floor":44,"turns":2},{"damage":17,"enemies":"Maw","floor":46,"turns":5},{"damage":6,"enemies":"Jaw Worm Horde","floor":48,"turns":3},{"damage":88,"enemies":"Time Eater","floor":50,"turns":7}],"seed_played":"1052785444453470214","potions_obtained":[{"floor":2.0,"key":"ColorlessPotion"},{"floor":4.0,"key":"SkillPotion"},{"floor":13.0,"key":"BlessingOfTheForge"},{"floor":14.0,"key":"Explosive Potion"},{"floor":22.0,"key":"Ancient Potion"},{"floor":24.0,"key":"Weak Potion"},{"floor":28.0,"key":"Dexterity Potion"},{"floor":33,"key":"Strength Potion"},{"floor":38,"key":"GamblersBrew"},{"floor":44,"key":"EssenceOfSteel"},{"floor":46,"key":"SkillPotion"}],"is_trial":false,"path_per_floor":["M","M","M","M","$","E","M","?","T","R","M","R","E","M","R","B",null,"M","M","?","M","M","R","E","M","T","M","E","M","R","$","R","B",null,"M","?","$","M","M","R","M","R","T","M","R","M","$","M","R","B"],"character_chosen":"THE_STARBREAKER","items_purchased":["DollysMirror","Regen Potion","Moonworks:StarBlastingFuse"],"campfire_rested":4,"item_purchase_floors":[31,31,37],"current_hp_per_floor":[66,66,65,60,60,48,56,56,56,56,48,48,41,36,36,8,66,55,55,55,53,38,57,39,15,15,19,3,3,22,37,37,45,66,56,56,66,66,29,48,47,66,66,66,66,49,64,58,58,0,0],"gold":28,"neow_bonus":"TEN_PERCENT_HP_BONUS","is_daily":false,"chose_seed":false,"campfire_upgraded":6,"win_rate":0.0,"timestamp":1612546354,"path_taken":["M","M","?","M","$","E","?","?","T","R","M","R","E","M","R","BOSS","M","M","?","?","M","R","E","M","T","M","E","M","R","$","R","BOSS","M","?","?","M","M","R","M","R","T","?","R","M","$","M","R","BOSS"],"items_purchased_type":["Relic","Potion","Card"],"build_version":"2020-12-22","purchased_purges":3,"victory":false,"max_hp_per_floor":[66,66,66,66,66,66,66,66,66,66,66,66,66,66,66,66,66,66,66,66,66,66,66,66,66,66,66,66,66,66,66,66,66,66,66,66,66,66,66,66,66,66,66,66,66,66,66,66,66,66,66],"card_choices":[{"not_picked":["Moonworks:SakisCookie","Moonworks:StiffCrystal"],"picked":"Moonworks:ImOnFire","floor":1.0},{"not_picked":["Moonworks:ImOnFire","Moonworks:CloudOfSeagulls"],"picked":"Moonworks:EvilSpyWorkPreparation","floor":2.0},{"not_picked":["Moonworks:ImmovableObject","Moonworks:PlushieMaster"],"picked":"Moonworks:NicePresent","floor":3.0},{"not_picked":["Moonworks:LulusLuckyEgg","Moonworks:Assault"],"picked":"Moonworks:NicePresent","floor":4.0},{"not_picked":["Moonworks:Dash","Moonworks:LulusLuckyEgg"],"picked":"Moonworks:SweetBattle","floor":6.0},{"not_picked":["Moonworks:x16BigRocket","Moonworks:IndiscriminateFireSupport","Moonworks:Blazing"],"picked":"SKIP","floor":7.0},{"not_picked":["Moonworks:SakisCookie","Moonworks:CloudOfSeagulls","Moonworks:ReproductionOfRecords"],"picked":"SKIP","floor":11.0},{"not_picked":["Moonworks:BigMagnum","Moonworks:CookingTime","Moonworks:JonathanRush"],"picked":"SKIP","floor":13.0},{"not_picked":["Moonworks:BigMagnum","Moonworks:CookingTime","Moonworks:JonathanRush"],"picked":"SKIP","floor":13.0},{"not_picked":["Moonworks:IndiscriminateFireSupport","Moonworks:DevilHand"],"picked":"Moonworks:AccelHyper","floor":14.0},{"not_picked":["Moonworks:SinkOrSwim","Moonworks:AccelHyper"],"picked":"Moonworks:HolyNight","floor":16.0},{"not_picked":["Moonworks:CloudOfSeagulls+1","Moonworks:JonathanRush"],"picked":"Moonworks:FullSpeedAlicianrone+1","floor":18.0},{"not_picked":["Moonworks:ImOnFire","Moonworks:DevilHand"],"picked":"Moonworks:NicePresent","floor":19.0},{"not_picked":["Moonworks:FinalSurgery","Moonworks:x16BigRocket","Moonworks:SakisCookie+1"],"picked":"SKIP","floor":21.0},{"not_picked":["Moonworks:Bloodlust","Moonworks:LulusLuckyEgg"],"picked":"Moonworks:IntelligenceOfficer+1","floor":22.0},{"not_picked":["Moonworks:x16BigRocket","Moonworks:BeyondHell"],"picked":"Moonworks:LulusLuckyEgg","floor":24.0},{"not_picked":["Moonworks:TreasureThief","Moonworks:SakisCookie"],"picked":"Moonworks:LuckyCharm","floor":25.0},{"not_picked":["Moonworks:LuckyCharm","Moonworks:Poppoformation+1"],"picked":"Moonworks:TreasureThief","floor":27.0},{"not_picked":["Moonworks:ImOnFire+1","Moonworks:PlushieMaster","Moonworks:BigMagnum+1"],"picked":"SKIP","floor":28.0},{"not_picked":["Moonworks:CookingTime","Moonworks:BindingChains+1","Moonworks:JonathanRush"],"picked":"SKIP","floor":29},{"not_picked":["Moonworks:Heat300Percent","Moonworks:BigBangBell","Moonworks:RedAndBlue"],"picked":"SKIP","floor":35},{"not_picked":["Moonworks:DeployBits+1","Moonworks:BigMagnum"],"picked":"Moonworks:ScrambledEve","floor":38},{"not_picked":["Moonworks:DeployBits+1","Moonworks:MixPhenomenon+1"],"picked":"Moonworks:NicePresent+1","floor":39},{"not_picked":["Moonworks:IndiscriminateFireSupport","Moonworks:EvilSpyWorkPreparation+1"],"picked":"Moonworks:Dash+1","floor":41},{"not_picked":["Moonworks:BigMagnum+1","Moonworks:DeployBits+1"],"picked":"Moonworks:NicePresent","floor":44},{"not_picked":["Moonworks:Heat300Percent+1","Moonworks:CloudOfSeagulls","Moonworks:SakisCookie"],"picked":"SKIP","floor":46},{"not_picked":["Moonworks:FullSpeedAlicianrone","Moonworks:AngelHand+1"],"picked":"Moonworks:IntelligenceOfficer","floor":48}],"player_experience":194910,"relics_obtained":[{"floor":6.0,"key":"Whetstone"},{"floor":9.0,"key":"PreservedInsect"},{"floor":13.0,"key":"Omamori"},{"floor":24.0,"key":"Old Coin"},{"floor":26.0,"key":"MealTicket"},{"floor":28.0,"key":"MawBank"},{"floor":43,"key":"Ginger"}],"event_choices":[{"damage_healed":0.0,"max_hp_gain":0.0,"max_hp_loss":0.0,"gold_gain":0.0,"event_name":"WeMeetAgain","player_choice":"Gave Potion","floor":8.0,"gold_loss":0.0,"damage_taken":0.0,"relics_obtained":["CeramicFish"]},{"cards_removed":["Moonworks:Strike"],"damage_healed":0.0,"max_hp_gain":0.0,"max_hp_loss":0.0,"gold_gain":0.0,"event_name":"Purifier","player_choice":"Purged","floor":20.0,"gold_loss":0.0,"damage_taken":0.0},{"cards_removed":["Moonworks:Defend"],"damage_healed":0,"gold_gain":0,"player_choice":"Purged","damage_taken":0,"max_hp_gain":0,"max_hp_loss":0,"event_name":"Purifier","floor":36,"gold_loss":0}],"is_beta":false,"boss_relics":[{"not_picked":["Sozu","Runic Dome"],"picked":"Cursed Key"},{"not_picked":["Velvet Choker","Philosopher\u0027s Stone"],"picked":"SlaversCollar"}],"items_purged_floors":[5,31,47],"is_endless":false,"potions_floor_spawned":[2,4,13,14,22,24,28,33,38,44,46],"killed_by":"Time Eater","ascension_level":0}}