{"host":"8kd0mw0b4mjhs7vl","time":1612562735,"event":{"mods":["BaseMod","Bestiary","Colored Map","Conspire","Downfall","Friendly Minions","Minty Spire (QoL Compilation)","Reliquary","Replay The Spire","StSLib","SuperFastMode"],"gold_per_floor":[112,112,14,14,14,39,39,68,68,100,111,126,126,126,138,170,170,270,270,284,298,311,329,360,395,411,430,479,479,518,549,567,567,567,567,567],"floor_reached":35,"language":"ENG","playtime":1660,"items_purged":["Strike_R"],"score":434,"play_id":"60dceceb-2b68-47a4-8093-f1372d99ebd9","local_time":"20210205220535","is_ascension_mode":true,"campfire_choices":[{"data":"Bash","floor":7,"key":"SMITH"},{"data":"Disarm","floor":17,"key":"SMITH"},{"floor":29,"key":"REST"},{"data":"Feed","floor":34,"key":"SMITH"}],"circlet_count":0,"master_deck":["Strike_R","Strike_R","Strike_R","Defend_R","Defend_R","Defend_R","Bash+1","Thunderclap","conspire:ExplosiveBarrier","Disarm+1","Clash","Iron Wave","Pommel Strike","Feed+1","Second Wind","Bludgeon","Ghostly Armor","Dropkick","ReplayTheSpireMod:Stacked","Clothesline+1","Replay:Undeath\u0027s Touch"],"relics":["Burning Blood","Replay:Mystery Machine","reliquary:JackalopeAntler","Champion Belt","Snack Pack","Art of War","ReplayTheSpireMod:DimensionalGlitch","Red Mask","Divine Protection","Nunchaku","Bottled Flame","Calipers"],"acts_visited":["Exordium","TheCity"],"potions_floor_usage":[8,16,16,20,21,22,22,30,30,35],"damage_taken":[{"damage":9,"enemies":"Small Slimes","floor":1,"turns":5},{"damage":32,"enemies":"Gremlin Nob","floor":6,"turns":4},{"damage":30,"enemies":"Lagavulin","floor":8,"turns":6},{"damage":16,"enemies":"Replay:BlueRogue","floor":10,"turns":7},{"damage":1,"enemies":"Jaw Worm","floor":11,"turns":5},{"damage":0,"enemies":"conspire:RoseBush","floor":12,"turns":3},{"damage":8,"enemies":"Lots of Slimes","floor":15,"turns":4},{"damage":1,"enemies":"Lagavulin","floor":16,"turns":7},{"damage":38,"enemies":"Hexaghost","floor":18,"turns":15},{"damage":16,"enemies":"3 Byrds","floor":20,"turns":5},{"damage":0,"enemies":"conspire:FuzzyDice","floor":21,"turns":7},{"damage":18,"enemies":"Snake Plant","floor":22,"turns":4},{"damage":16,"enemies":"Shelled Parasite and Fungi","floor":23,"turns":6},{"damage":26,"enemies":"Masked Bandits","floor":24,"turns":4},{"damage":19,"enemies":"Gremlin Leader","floor":25,"turns":6},{"damage":16,"enemies":"3 Cultists","floor":26,"turns":7},{"damage":9,"enemies":"Snecko","floor":27,"turns":5},{"damage":10,"enemies":"conspire:MimicChest","floor":30,"turns":8},{"damage":19,"enemies":"conspire:SneckoGhost","floor":31,"turns":9},{"damage":13,"enemies":"Sentry and Sphere","floor":32,"turns":6},{"damage":53,"enemies":"Automaton","floor":35,"turns":10}],"seed_played":"-6155212749954327926","potions_obtained":[{"floor":1,"key":"SpeedPotion"},{"floor":8,"key":"SteroidPotion"},{"floor":12,"key":"FearPotion"},{"floor":15,"key":"SpeedPotion"},{"floor":18,"key":"hexamod:SoulburnPotion"},{"floor":21,"key":"AttackPotion"},{"floor":22,"key":"BloodPotion"},{"floor":26,"key":"Strength Potion"},{"floor":27,"key":"hexamod:SoulburnPotion"},{"floor":30,"key":"BloodPotion"}],"is_trial":false,"path_per_floor":["M","?","$","?","?","E","R","E","T","E","M","M","PTL","PTL","M","E","R","B",null,"M","M","M","M","?","E","M","M","T","R","?","E","M","?","R","B"],"character_chosen":"IRONCLAD","items_purchased":["Thunderclap"],"campfire_rested":1,"item_purchase_floors":[3],"current_hp_per_floor":[77,77,77,82,82,56,56,32,32,22,27,33,33,33,33,38,38,10,66,58,67,72,64,44,31,20,16,16,44,61,47,39,39,39,0,0],"gold":567,"neow_bonus":"REMOVE_CARD","is_daily":false,"chose_seed":false,"campfire_upgraded":3,"win_rate":0.0,"timestamp":1612562735,"path_taken":["M","?","?","?","?","E","R","E","T","E","?","M","PTL","PTL","?","E","R","BOSS","M","M","M","M","?","E","M","M","T","R","?","E","?","?","R","BOSS"],"items_purchased_type":["Card"],"build_version":"2020-12-22","purchased_purges":1,"victory":false,"max_hp_per_floor":[80,80,80,85,85,85,85,85,85,85,85,85,85,85,85,85,85,85,85,88,91,91,94,94,94,94,94,94,94,97,97,97,97,97,97,97],"card_choices":[{"not_picked":["Sentinel","Heavy Blade","Havoc"],"picked":"SKIP","floor":1},{"not_picked":["Headbutt","Rupture"],"picked":"conspire:ExplosiveBarrier","floor":6},{"not_picked":["Blood for Blood","Infernal Blade"],"picked":"Disarm","floor":8},{"not_picked":["Twin Strike","Rupture","Shockwave"],"picked":"SKIP","floor":10},{"not_picked":["Warcry","Anger","Thunderclap"],"picked":"SKIP","floor":11},{"not_picked":["Feel No Pain","Dual Wield"],"picked":"Clash","floor":12},{"not_picked":["Anger","Headbutt"],"picked":"Iron Wave","floor":15},{"not_picked":["Impervious","Body Slam"],"picked":"Pommel Strike","floor":16},{"not_picked":["Reaper","Eclipse"],"picked":"Feed","floor":18},{"not_picked":["ReplayTheSpireMod:Strike From Hell","Thunderclap"],"picked":"Second Wind","floor":20},{"not_picked":["Thunderclap","Havoc","ReplayTheSpireMod:Strike From Hell"],"picked":"SKIP","floor":21},{"not_picked":["Armaments","Headbutt","Sever Soul"],"picked":"SKIP","floor":22},{"not_picked":["Sentinel+1","Pommel Strike+1"],"picked":"Bludgeon","floor":23},{"not_picked":["Shockwave+1","Havoc"],"picked":"Ghostly Armor","floor":24},{"not_picked":["Bloodletting","Wild Strike","Reckless Charge+1"],"picked":"SKIP","floor":25},{"not_picked":["Carnage","Headbutt+1"],"picked":"Dropkick","floor":26},{"not_picked":["Fire Breathing+1","Spot Weakness"],"picked":"ReplayTheSpireMod:Stacked","floor":27},{"not_picked":["Dual Wield","Bloodletting+1"],"picked":"Clothesline+1","floor":30},{"not_picked":["Headbutt","Hemokinesis","Armaments"],"picked":"SKIP","floor":31},{"not_picked":["Pommel Strike+1","Abandon+1"],"picked":"Replay:Undeath\u0027s Touch","floor":32}],"player_experience":311271,"relics_obtained":[{"floor":6,"key":"Replay:Mystery Machine"},{"floor":8,"key":"reliquary:JackalopeAntler"},{"floor":9,"key":"Champion Belt"},{"floor":10,"key":"Snack Pack"},{"floor":16,"key":"Art of War"},{"floor":24,"key":"Red Mask"},{"floor":25,"key":"Divine Protection"},{"floor":28,"key":"Nunchaku"},{"floor":30,"key":"Bottled Flame"},{"floor":31,"key":"Calipers"}],"event_choices":[{"damage_healed":0,"gold_gain":0,"player_choice":"Ignored","damage_taken":0,"max_hp_gain":0,"max_hp_loss":0,"event_name":"NoteForYourself","floor":2,"gold_loss":0},{"damage_healed":0,"gold_gain":0,"player_choice":"Donut","damage_taken":0,"max_hp_gain":5,"max_hp_loss":0,"event_name":"Big Fish","floor":4,"gold_loss":0},{"cards_removed":["Defend_R"],"damage_healed":0,"gold_gain":0,"player_choice":"Offered Basic","damage_taken":0,"max_hp_gain":0,"max_hp_loss":0,"event_name":"Bonfire Elementals","floor":5,"gold_loss":0},{"damage_healed":0,"gold_gain":0,"player_choice":"Fought Bandits","damage_taken":0,"max_hp_gain":0,"max_hp_loss":0,"event_name":"Masked Bandits","floor":24,"gold_loss":0}],"is_beta":false,"boss_relics":[{"not_picked":["SacredBark","SlaversCollar"],"picked":"ReplayTheSpireMod:DimensionalGlitch"}],"items_purged_floors":[3],"is_endless":false,"potions_floor_spawned":[1,8,12,15,18,21,22,26,27,30],"killed_by":"Automaton","ascension_level":5}}