{"host":"qxeepl7ydvsgmfdb","time":1612506834,"event":{"mods":["AchievementEnabler","BaseMod","Colored Powertips","Minty Spire (QoL Compilation)","Quick Restart","slay the spire mod where everything is the same but ironclad has a cowboy hat"],"gold_per_floor":[115,65,75,0,20,30,47,64,64,64,64,77,77,96,96,193,193,204,204,217,43,43,43,19,37,37,37,37],"floor_reached":27,"language":"ENG","playtime":750,"items_purged":[],"score":207,"play_id":"bb956c40-6c28-428e-9835-cb2a48233b69","local_time":"20210205013354","is_ascension_mode":false,"campfire_choices":[{"floor":13,"key":"REST"},{"floor":15,"key":"REST"},{"floor":23,"key":"REST"}],"circlet_count":0,"master_deck":["Strike_G","Strike_G","Strike_G","Strike_G","Strike_G","Defend_G","Defend_G","Defend_G","Defend_G","Defend_G","Survivor","Neutralize","Deadly Poison","Deflect+1","Backstab","Deadly Poison","PiercingWail","Finisher","Deadly Poison","Distraction","Corpse Explosion","Corpse Explosion","Deflect+1","Cloak And Dagger","Noxious Fumes","Slice","Dagger Throw+1"],"relics":["SacredBark"],"acts_visited":["Exordium","TheCity"],"potions_floor_usage":[16,16,27,27],"damage_taken":[{"damage":9,"enemies":"Cultist","floor":1,"turns":5},{"damage":15,"enemies":"2 Louse","floor":3,"turns":3},{"damage":0,"enemies":"Small Slimes","floor":5,"turns":3},{"damage":9,"enemies":"Blue Slaver","floor":6,"turns":4},{"damage":8,"enemies":"Red Slaver","floor":7,"turns":4},{"damage":2,"enemies":"Looter","floor":8,"turns":4},{"damage":4,"enemies":"Lots of Slimes","floor":12,"turns":5},{"damage":6,"enemies":"Gremlin Gang","floor":14,"turns":4},{"damage":45,"enemies":"Slime Boss","floor":16,"turns":8},{"damage":24,"enemies":"Shell Parasite","floor":18,"turns":7},{"damage":22,"enemies":"3 Byrds","floor":20,"turns":3},{"damage":24,"enemies":"Snecko","floor":25,"turns":5},{"damage":25,"enemies":"Snake Plant","floor":27,"turns":4}],"seed_played":"-913589331234760703","potions_obtained":[{"floor":7,"key":"FearPotion"},{"floor":8,"key":"Energy Potion"},{"floor":12,"key":"SkillPotion"},{"floor":22,"key":"ColorlessPotion"}],"is_trial":false,"path_per_floor":["M","$","M","$","M","M","M","M","T","?","?","M","R","M","R","B",null,"M","?","M","$","?","R","$","M","T","M"],"character_chosen":"THE_SILENT","items_purchased":["Strength Potion","Backstab","Cloak And Dagger","Noxious Fumes","Block Potion","Slice"],"campfire_rested":3,"item_purchase_floors":[2,4,21,21,21,24],"current_hp_per_floor":[61,61,46,46,46,37,29,27,27,27,27,23,44,38,59,14,70,46,46,24,24,24,45,45,21,21,0,0],"gold":37,"neow_bonus":"BOSS_RELIC","is_daily":false,"chose_seed":false,"campfire_upgraded":0,"win_rate":0.0,"timestamp":1612506834,"path_taken":["M","$","M","?","?","M","M","M","T","?","?","M","R","M","R","BOSS","M","?","?","$","?","R","$","?","T","M"],"items_purchased_type":["Potion","Card","Card","Card","Potion","Card"],"build_version":"2020-12-22","purchased_purges":0,"victory":false,"max_hp_per_floor":[70,70,70,70,70,70,70,70,70,70,70,70,70,70,70,70,70,70,70,70,70,70,70,70,70,70,70,70],"card_choices":[{"not_picked":["Crippling Poison","Dagger Spray"],"picked":"Deadly Poison","floor":1},{"not_picked":["Backflip","Prepared"],"picked":"Deflect","floor":3},{"not_picked":["Escape Plan","Predator"],"picked":"Deadly Poison","floor":5},{"not_picked":["Bane","Acrobatics"],"picked":"PiercingWail","floor":6},{"not_picked":["Calculated Gamble","Underhanded Strike"],"picked":"Finisher","floor":7},{"not_picked":["Acrobatics","Slice"],"picked":"Deadly Poison","floor":8},{"not_picked":["Grand Finale","Prepared","Quick Slash"],"picked":"SKIP","floor":12},{"not_picked":["Dodge and Roll","Underhanded Strike"],"picked":"Distraction","floor":14},{"not_picked":["Doppelganger","Storm of Steel"],"picked":"Corpse Explosion","floor":16},{"not_picked":["Endless Agony","Prepared","Quick Slash+1"],"picked":"SKIP","floor":18},{"not_picked":["Masterful Stab","Dash+1"],"picked":"Deflect+1","floor":20},{"not_picked":["Outmaneuver+1","Deflect"],"picked":"Dagger Throw+1","floor":25}],"player_experience":169806,"relics_obtained":[],"event_choices":[{"damage_healed":0,"gold_gain":0,"player_choice":"Grow","damage_taken":0,"max_hp_gain":0,"max_hp_loss":0,"event_name":"Living Wall","floor":10,"gold_loss":0,"cards_upgraded":["Deflect"]},{"damage_healed":0,"gold_gain":0,"player_choice":"Searched \u00270\u0027 times","damage_taken":0,"max_hp_gain":0,"max_hp_loss":0,"event_name":"Dead Adventurer","floor":11,"gold_loss":0},{"damage_healed":0,"gold_gain":0,"player_choice":"1 cards matched","damage_taken":0,"max_hp_gain":0,"max_hp_loss":0,"event_name":"Match and Keep!","floor":19,"gold_loss":0,"cards_obtained":["Corpse Explosion"]},{"damage_healed":0,"gold_gain":0,"player_choice":"Got Potions","damage_taken":0,"max_hp_gain":0,"max_hp_loss":0,"event_name":"Lab","floor":22,"gold_loss":0}],"is_beta":false,"boss_relics":[{"not_picked":["Snecko Eye","Coffee Dripper","Empty Cage"]}],"items_purged_floors":[],"is_endless":false,"potions_floor_spawned":[7,8,12,14],"killed_by":"Snake Plant","ascension_level":0}}