{"host":"qdfumeom6htv8yxl","time":1612538667,"event":{"mods":["AchievementEnabler","BaseMod","Bestiary","Block Reminder","Colored Powertips","Highlight Path","Minty Spire (QoL Compilation)","Quick Restart","Relic Stats"],"gold_per_floor":[118,135,135,135,151,181,181,197,222,222,250,250,250,260,260,332,332,332,332,332,332,332,332,332,332],"floor_reached":24,"language":"ENG","playtime":3275,"items_purged":[],"score":516,"play_id":"898a0681-0a1a-4fe7-9349-7e5f626fc47d","local_time":"20210205092427","is_ascension_mode":true,"campfire_choices":[{"data":"Ball Lightning","floor":7.0,"key":"SMITH"},{"floor":10.0,"key":"REST"},{"floor":13.0,"key":"REST"},{"floor":15.0,"key":"REST"}],"circlet_count":0,"master_deck":["AscendersBane","Strike_B","Strike_B","Strike_B","Defend_B","Defend_B","Defend_B","Defend_B","Zap","Dualcast","Conserve Battery+1","Creative AI","Ball Lightning+1","Compile Driver","Buffer","Storm","Tempest","Ball Lightning","Force Field","Amplify","Glacier","Doom and Gloom"],"relics":["Snecko Eye","Happy Flower","Dream Catcher","Tiny Chest","Ectoplasm","Regal Pillow"],"acts_visited":["Exordium","TheCity"],"potions_floor_usage":[],"damage_taken":[{"damage":7.0,"enemies":"Jaw Worm","floor":1.0,"turns":3.0},{"damage":3.0,"enemies":"2 Louse","floor":2.0,"turns":3.0},{"damage":0.0,"enemies":"Cultist","floor":5.0,"turns":4.0},{"damage":25.0,"enemies":"Lagavulin","floor":6.0,"turns":7.0},{"damage":0.0,"enemies":"3 Louse","floor":8.0,"turns":2.0},{"damage":10.0,"enemies":"3 Sentries","floor":11.0,"turns":8.0},{"damage":24.0,"enemies":"Gremlin Gang","floor":14.0,"turns":6.0},{"damage":0.0,"enemies":"Slime Boss","floor":16.0,"turns":7.0},{"damage":12.0,"enemies":"Spheric Guardian","floor":18.0,"turns":4.0},{"damage":20.0,"enemies":"Shell Parasite","floor":20.0,"turns":5.0},{"damage":4.0,"enemies":"Centurion and Healer","floor":22.0,"turns":4.0},{"damage":0.0,"enemies":"Snecko","floor":23.0,"turns":3.0},{"damage":35,"enemies":"Slavers","floor":24,"turns":3}],"seed_played":"3487611586554060848","potions_obtained":[{"floor":2.0,"key":"Explosive Potion"},{"floor":6.0,"key":"Weak Potion"},{"floor":8.0,"key":"Block Potion"},{"floor":18.0,"key":"Dexterity Potion"},{"floor":19.0,"key":"EssenceOfSteel"}],"is_trial":false,"path_per_floor":["M","M","?","$","M","E","R","M","T","R","E","?","R","M","R","B",null,"M","?","M","T","M","M","E"],"character_chosen":"DEFECT","items_purchased":[],"campfire_rested":3,"item_purchase_floors":[],"current_hp_per_floor":[57,54,54,54,54,29,29,29,29,50,40,33,54,30,51,51,66,54,54,34,34,30,30,0,0],"gold":332,"neow_bonus":"BOSS_RELIC","is_daily":false,"chose_seed":false,"campfire_upgraded":1,"win_rate":0.0,"timestamp":1612538667,"path_taken":["M","M","?","$","M","E","R","M","T","R","E","?","R","M","R","BOSS","M","?","?","?","?","M","E"],"items_purchased_type":[],"build_version":"2020-12-22","purchased_purges":0,"victory":false,"max_hp_per_floor":[71,71,71,71,71,71,71,71,71,71,71,71,71,71,71,71,71,71,71,71,71,71,71,71,71],"relic_stats":{"Dream Catcher":3,"Regal Pillow":0,"Happy Flower":[14],"counters":[13,59],"Snecko Eye":[105,89,100,93],"Tiny Chest":1,"Ectoplasm":54,"obtain_stats":[{"Dream Catcher":9,"Regal Pillow":21,"Happy Flower":6,"Snecko Eye":0,"Tiny Chest":11,"Ectoplasm":17,"Cracked Core":0},{"Dream Catcher":5,"Regal Pillow":10,"Happy Flower":4,"Snecko Eye":0,"Tiny Chest":6,"Ectoplasm":8,"Cracked Core":0},{"Dream Catcher":19,"Regal Pillow":49,"Happy Flower":17,"Snecko Eye":0,"Tiny Chest":27,"Ectoplasm":40,"Cracked Core":0}]},"card_choices":[{"not_picked":["Beam Cell","Turbo"],"picked":"Conserve Battery","floor":1.0},{"not_picked":["BootSequence","Steam Power","Sweeping Beam"],"picked":"SKIP","floor":2.0},{"not_picked":["Compile Driver","Streamline"],"picked":"Creative AI","floor":5.0},{"not_picked":["Compile Driver","Sweeping Beam"],"picked":"Ball Lightning","floor":6.0},{"not_picked":["Stack","Turbo"],"picked":"Compile Driver","floor":8.0},{"not_picked":["Gash","Leap"],"picked":"Buffer","floor":10.0},{"not_picked":["Beam Cell","Conserve Battery"],"picked":"Storm","floor":11.0},{"not_picked":["Heatsinks","Coolheaded"],"picked":"Tempest","floor":13.0},{"not_picked":["Chill","Static Discharge"],"picked":"Ball Lightning","floor":14.0},{"not_picked":["Fusion","Gash"],"picked":"Force Field","floor":15.0},{"not_picked":["Rainbow","Hyperbeam"],"picked":"Amplify","floor":16.0},{"not_picked":["Beam Cell","Compile Driver","Blizzard"],"picked":"SKIP","floor":18.0},{"not_picked":["Self Repair","Redo"],"picked":"Glacier","floor":20.0},{"not_picked":["Leap","Undo","Steam Power"],"picked":"SKIP","floor":22.0},{"not_picked":["Steam","Streamline"],"picked":"Doom and Gloom","floor":23.0}],"player_experience":2041039,"relics_obtained":[{"floor":6.0,"key":"Happy Flower"},{"floor":9.0,"key":"Dream Catcher"},{"floor":11.0,"key":"Tiny Chest"},{"floor":21.0,"key":"Regal Pillow"}],"event_choices":[{"damage_healed":0.0,"max_hp_gain":0.0,"max_hp_loss":0.0,"gold_gain":0.0,"event_name":"Living Wall","player_choice":"Grow","floor":3.0,"gold_loss":0.0,"damage_taken":0.0,"cards_upgraded":["Conserve Battery"]},{"cards_removed":["Strike_B"],"damage_healed":0.0,"max_hp_gain":0.0,"max_hp_loss":0.0,"gold_gain":0.0,"event_name":"Golden Wing","player_choice":"Card Removal","floor":12.0,"gold_loss":0.0,"damage_taken":7.0},{"damage_healed":0.0,"max_hp_gain":0.0,"max_hp_loss":0.0,"gold_gain":0.0,"event_name":"Lab","player_choice":"Got Potions","floor":19.0,"gold_loss":0.0,"damage_taken":0.0}],"is_beta":false,"boss_relics":[{"not_picked":["Tiny House","Coffee Dripper"],"picked":"Ectoplasm"}],"items_purged_floors":[],"is_endless":false,"potions_floor_spawned":[2,6,8,18],"killed_by":"Slavers","ascension_level":20}}