{"host":"37ccm3d17clopct7","time":1612503986,"event":{"mods":["BaseMod","Hermit","Lobotomy","Minty Spire (QoL Compilation)","StSLib","The Bug Knight","The Cursed","The Hierophant","The Jungle","The Runesmith"],"gold_per_floor":[109,109,73,93,93,93,119,119,119,119,152,77,77,97,97,193,193,211,211,231,231,231,231,259,259,329,343,372,388,416,432,432,534,534,546,60,110,160,174,174,174,174],"floor_reached":41,"language":"KOR","playtime":1917,"items_purged":["Runesmith:Strike_RS","Runesmith:Permafrost+1"],"score":506,"play_id":"faea78a2-4059-4cf4-a70d-3c954f214157","local_time":"20210205144626","is_ascension_mode":true,"campfire_choices":[{"data":"Runesmith:CraftFirestone","floor":6,"key":"SMITH"},{"floor":8,"key":"REST"},{"data":"Runesmith:Permafrost","floor":13,"key":"SMITH"},{"data":"Runesmith:CraftMagma","floor":15,"key":"SMITH"},{"floor":23,"key":"REST"},{"floor":32,"key":"REST"},{"floor":40,"key":"REST"}],"circlet_count":0,"master_deck":["Runesmith:Strike_RS","Runesmith:Defend_RS","Runesmith:Defend_RS","Runesmith:Defend_RS","Runesmith:CraftFirestone+1","Runesmith:Fortify+1","Runesmith:ChiselStab","Runesmith:LithiumIon","Runesmith:EnergizedChisel","Runesmith:CraftMagma+1","Runesmith:GoWithTheFlow","Runesmith:MetallurgicalResearch","Runesmith:EarthShield+1","Runesmith:LithiumIon","Runesmith:Refine","Runesmith:Terraform","Runesmith:Refine","Runesmith:EarthShield","Runesmith:ArcReactor","Runesmith:Permafrost+1","Runesmith:Duplicate+1","Runesmith:ElementalConversion+1","Runesmith:RuneHurl","Runesmith:CraftMagma+1","Runesmith:Refine"],"relics":["Runesmith:BrokenRuby","Pen Nib","Sundial","Runesmith:MiniCore","SlaversCollar","Ginger","Dream Catcher","White Beast Statue","Vajra","Orichalcum","Astrolabe","ClockworkSouvenir","HollowMod:StagPassRelic","Thread and Needle","Shovel"],"acts_visited":["Exordium","theJungle:Jungle","TheBeyond"],"potions_floor_usage":[22,29,30,31,33,33,37,37,37,41],"damage_taken":[{"damage":0,"enemies":"2 Louse","floor":1,"turns":3},{"damage":0,"enemies":"Cultist","floor":4,"turns":4},{"damage":23,"enemies":"3 Sentries","floor":7,"turns":6},{"damage":3,"enemies":"Lagavulin","floor":11,"turns":9},{"damage":4,"enemies":"Jaw Worm","floor":14,"turns":4},{"damage":9,"enemies":"The Guardian","floor":16,"turns":9},{"damage":26,"enemies":"theJungle:Flameango_and_Byrd","floor":18,"turns":5},{"damage":2,"enemies":"theJungle:MUSHROOMGANG","floor":20,"turns":5},{"damage":12,"enemies":"theJungle:Lyon","floor":22,"turns":3},{"damage":12,"enemies":"theJungle:2_Phrogs","floor":24,"turns":8},{"damage":12,"enemies":"theJungle:2_Flameangoes","floor":27,"turns":6},{"damage":0,"enemies":"theJungle:MamaSnecko","floor":28,"turns":7},{"damage":21,"enemies":"Snake Plant","floor":29,"turns":4},{"damage":3,"enemies":"theJungle:2_Phrogs","floor":30,"turns":7},{"damage":5,"enemies":"theJungle:Lyon","floor":31,"turns":7},{"damage":4,"enemies":"theJungle:FunGuy","floor":33,"turns":9},{"damage":42,"enemies":"3 Shapes","floor":35,"turns":5},{"damage":22,"enemies":"2 Orb Walkers","floor":37,"turns":5},{"damage":0,"enemies":"Mind Bloom Boss Battle","floor":38,"turns":5},{"damage":14,"enemies":"3 Darklings","floor":39,"turns":7},{"damage":26,"enemies":"Nemesis","floor":41,"turns":2}],"seed_played":"-7200665344157023052","potions_obtained":[{"floor":4,"key":"Strength Potion"},{"floor":11,"key":"Swift Potion"},{"floor":16,"key":"SmokeBomb"},{"floor":24,"key":"DistilledChaos"},{"floor":25,"key":"Regen Potion"},{"floor":25,"key":"Weak Potion"},{"floor":28,"key":"Energy Potion"},{"floor":29,"key":"SkillPotion"},{"floor":30,"key":"Weak Potion"},{"floor":31,"key":"DistilledChaos"},{"floor":33,"key":"Fire Potion"},{"floor":35,"key":"PowerPotion"},{"floor":37,"key":"Fruit Juice"},{"floor":38,"key":"PowerPotion"},{"floor":39,"key":"Weak Potion"}],"is_trial":false,"path_per_floor":["M","?","$","M","?","R","E","R","T","?","E","$","R","M","R","B",null,"M","?","M","?","M","R","E","?","T","M","E","M","E","M","R","B",null,"M","$","?","?","M","R","E"],"character_chosen":"RUNESMITH_CLASS","items_purchased":["Runesmith:LithiumIon","ClockworkSouvenir","HollowMod:StagPassRelic"],"campfire_rested":4,"item_purchase_floors":[3,36,36],"current_hp_per_floor":[70,70,70,70,70,70,47,68,68,73,70,70,70,66,66,57,75,49,49,47,47,35,57,45,45,45,33,33,17,14,9,31,27,75,33,33,16,16,2,26,0,0],"gold":174,"neow_bonus":"UPGRADE_CARD","is_daily":false,"chose_seed":false,"campfire_upgraded":3,"win_rate":0.0,"timestamp":1612503986,"path_taken":["M","?","$","?","?","R","E","R","T","?","E","$","R","M","R","BOSS","M","?","M","?","?","R","E","?","T","?","E","M","E","M","R","BOSS","M","$","?","?","M","R","E"],"items_purchased_type":["Card","Relic","Relic"],"build_version":"2020-12-22","purchased_purges":2,"victory":false,"max_hp_per_floor":[70,70,70,70,70,70,70,70,70,75,75,75,75,75,75,75,75,75,75,75,75,75,75,75,75,75,75,75,75,75,75,75,75,75,75,75,80,80,80,80,80,80],"card_choices":[{"not_picked":["Runesmith:HeatExchange","Runesmith:Overpower"],"picked":"Runesmith:ChiselStab","floor":1},{"not_picked":["Runesmith:FrozenChisel","Runesmith:CraftVitae"],"picked":"Runesmith:EnergizedChisel","floor":4},{"not_picked":["Runesmith:CraftVitae","Runesmith:ArcReactor"],"picked":"Runesmith:Permafrost","floor":7},{"not_picked":["Runesmith:RunicBlueprint","Runesmith:Permafrost"],"picked":"Runesmith:CraftMagma","floor":11},{"not_picked":["Runesmith:ShiftingStrike","Runesmith:RuneHurl"],"picked":"Runesmith:GoWithTheFlow","floor":14},{"not_picked":["Runesmith:GrandSlam","Runesmith:LightningRod"],"picked":"Runesmith:MetallurgicalResearch","floor":16},{"not_picked":["Runesmith:OneForEveryone","Runesmith:HeatExchange+1"],"picked":"Runesmith:EarthShield+1","floor":18},{"not_picked":["Runesmith:Repurpose+1","Runesmith:HammerThrow+1"],"picked":"Runesmith:LithiumIon","floor":20},{"not_picked":["Runesmith:ChiselStab+1","Runesmith:PerfectChisel"],"picked":"Runesmith:Refine","floor":24},{"not_picked":["Runesmith:Repurpose+1","Runesmith:CraftProtectio+1"],"picked":"Runesmith:Terraform","floor":27},{"not_picked":["Runesmith:ElementalConversion","Runesmith:ChiselStab"],"picked":"Runesmith:Refine","floor":28},{"not_picked":["Runesmith:HeatExchange","Runesmith:Electrocute+1","Runesmith:ReplicatingBarrier"],"picked":"SKIP","floor":29},{"not_picked":["Runesmith:Retool","Runesmith:RuneHurl"],"picked":"Runesmith:EarthShield","floor":30},{"not_picked":["Runesmith:EarthShield","Runesmith:Repurpose","Runesmith:ChiselStab"],"picked":"SKIP","floor":31},{"not_picked":["Runesmith:UnlimitedPower","Runesmith:Supernova"],"picked":"Runesmith:ArcReactor","floor":33},{"not_picked":["Runesmith:NegativeSpace+1","Runesmith:EarthShield","Runesmith:Discharge"],"picked":"SKIP","floor":35},{"not_picked":["Runesmith:Overpower","Runesmith:FrozenChisel"],"picked":"Runesmith:RuneHurl","floor":37},{"not_picked":["Runesmith:EnergizedChisel+1","Runesmith:Repurpose+1"],"picked":"Runesmith:CraftMagma+1","floor":39},{"not_picked":["Runesmith:HammerThrow+1","Runesmith:ChiselStab+1"],"picked":"Runesmith:Refine","floor":40}],"player_experience":125795,"relics_obtained":[{"floor":7,"key":"Pen Nib"},{"floor":9,"key":"Sundial"},{"floor":11,"key":"Runesmith:MiniCore"},{"floor":24,"key":"Dream Catcher"},{"floor":26,"key":"White Beast Statue"},{"floor":28,"key":"Vajra"},{"floor":30,"key":"Orichalcum"},{"floor":37,"key":"Thread and Needle"},{"floor":38,"key":"Shovel"}],"event_choices":[{"damage_healed":0,"gold_gain":0,"player_choice":"Bought 0 Potions","damage_taken":0,"max_hp_gain":0,"max_hp_loss":0,"event_name":"The Woman in Blue","floor":2,"gold_loss":0},{"damage_healed":0,"gold_gain":0,"player_choice":"Ignored","damage_taken":0,"max_hp_gain":0,"max_hp_loss":0,"event_name":"Shining Light","floor":5,"gold_loss":0},{"damage_healed":0,"gold_gain":0,"player_choice":"Donut","damage_taken":0,"max_hp_gain":5,"max_hp_loss":0,"event_name":"Big Fish","floor":10,"gold_loss":0},{"damage_healed":0,"gold_gain":0,"player_choice":"Gave Potion","damage_taken":0,"relics_obtained":["Ginger"],"max_hp_gain":0,"max_hp_loss":0,"event_name":"WeMeetAgain","floor":21,"gold_loss":0},{"damage_healed":0,"gold_gain":0,"player_choice":"Got Potions","damage_taken":0,"max_hp_gain":0,"max_hp_loss":0,"event_name":"Lab","floor":25,"gold_loss":0},{"damage_healed":0,"gold_gain":0,"player_choice":"Fight","damage_taken":0,"max_hp_gain":0,"max_hp_loss":0,"event_name":"Mysterious Sphere","floor":37,"gold_loss":0},{"damage_healed":0,"gold_gain":0,"player_choice":"Fight","damage_taken":0,"max_hp_gain":0,"max_hp_loss":0,"event_name":"MindBloom","floor":38,"gold_loss":0}],"is_beta":false,"boss_relics":[{"not_picked":["Velvet Choker","Runesmith:CoreCrystal"],"picked":"SlaversCollar"},{"not_picked":["Sozu","Philosopher\u0027s Stone"],"picked":"Astrolabe"}],"items_purged_floors":[12,36],"is_endless":false,"potions_floor_spawned":[4,11,16,18,24,27,28,29,30,31,33,35,37,38,39],"killed_by":"Nemesis","ascension_level":1}}