{"host":"fhwr1fuluf6086fh","time":1612566079,"event":{"mods":["2.2 Compatiblity","Act Like it!","BaseMod","Colored Map","Elementarium","Hermit","Minty Spire (QoL Compilation)","Robot Space Explorer","StSLib","The Blue Laboratory","The Caster","The Dragon Tamer","The Elementalist","The Hierophant","TheSurvivalist"],"gold_per_floor":[109,122,122,134,150,164,198,198,225,235,245,255,8,20,20,123,123,138,138,172,185,196,231,250,250,250,266,266,279,298,47,47,148,148,160,160,175,225,150,150,173,193,264,17,17,37,68,88,88,88],"floor_reached":51,"language":"ENG","playtime":8611,"items_purged":["elementalist:Defend_Elemblue","elementalist:Defend_Elemblue"],"score":807,"play_id":"6ef71e1e-7a63-42d5-8a41-0789aeffc0f1","local_time":"20210205180119","is_ascension_mode":false,"campfire_choices":[{"data":"elementalist:Kiln","floor":8,"key":"SMITH"},{"data":"elementalist:Rising_Tides","floor":15,"key":"SMITH"},{"data":"Apotheosis","floor":25,"key":"SMITH"},{"data":"elementalist:Erosion","floor":28,"key":"SMITH"},{"data":"elementalist:Low_Tides","floor":32,"key":"SMITH"},{"data":"elementalist:Rising_Vapors","floor":40,"key":"SMITH"},{"data":"elementalist:Gaian_Form","floor":45,"key":"SMITH"},{"data":"elementalist:Rising_Vapors","floor":49,"key":"SMITH"}],"circlet_count":0,"master_deck":["elementalist:Strike+Elemblue+1","elementalist:Defend_Elemblue","elementalist:Defend_Elemblue","elementalist:Defend_Elemblue","elementalist:Firestrike+1","elementalist:Earthstrike","elementalist:Waterstrike","elementalist:Airstrike","elementalist:Crystal_Chalk","elementalist:Lunar_Form","elementalist:Gaian_Form+1","elementalist:Undertow","elementalist:Stone_to_Mud","elementalist:Kiln+1","elementalist:Spout","elementalist:Lunar_Form","elementalist:Spout","elementalist:Rising_Tides+1","elementalist:Stone_to_Mud","elementalist:Erosion+1","elementalist:Spout+1","elementalist:Heavensfall+1","elementalist:Aegis","Apotheosis+1","Swift Strike+1","elementalist:Magma_Shot+1","elementalist:Aegis","elementalist:Low_Tides+1","elementalist:Concentricity+1","elementalist:Mist","elementalist:Spout+1","elementalist:Prepared_Sand+1","elementalist:Magma_Shot+1","elementalist:Spout+1","elementalist:Rising_Tides+1","elementalist:Spout+1","elementalist:Absolute_Zero+1","elementalist:Mist+1","elementalist:Rising_Vapors+1","elementalist:Stone_to_Mud+1","elementalist:Prepared_Sand+1","Parasite","elementalist:Mist+1","Doubt","elementalist:Multification","elementalist:Magma_Shot+1","elementalist:Spout+1","elementalist:Rising_Vapors+1","elementalist:Magma_Shot+1"],"relics":["elementalistmod:MagusStaff","elementalistmod:YellowCirclet","Omamori","elementalistmod:BlueRibbon","Pantograph","Whetstone","Molten Egg 2","Coffee Dripper","Elementarium:GoldenMirage","Tiny Chest","Sundial","Bottled Tornado","Elementarium:ElementariumTrophy","Cursed Key","Darkstone Periapt","Gambling Chip","Potion Belt","Ornamental Fan","Bag of Marbles"],"acts_visited":["Exordium","Elementarium:Elementarium","TheBeyond"],"potions_floor_usage":[5,7,10,16,22,33,38,38,38,48,50],"damage_taken":[{"damage":0,"enemies":"Jaw Worm","floor":1,"turns":6},{"damage":1,"enemies":"Cultist","floor":2,"turns":5},{"damage":3,"enemies":"2 Louse","floor":4,"turns":2},{"damage":0,"enemies":"Looter","floor":5,"turns":4},{"damage":3,"enemies":"Red Slaver","floor":6,"turns":6},{"damage":0,"enemies":"3 Sentries","floor":7,"turns":11},{"damage":6,"enemies":"Large Slime","floor":10,"turns":6},{"damage":4,"enemies":"Blue Slaver","floor":11,"turns":4},{"damage":0,"enemies":"2 Fungi Beasts","floor":12,"turns":3},{"damage":10,"enemies":"Exordium Wildlife","floor":14,"turns":6},{"damage":11,"enemies":"Slime Boss","floor":16,"turns":11},{"damage":1,"enemies":"Elementarium:Cyclone","floor":18,"turns":3},{"damage":0,"enemies":"Elementarium:GOLDEN_STATUES","floor":20,"turns":5},{"damage":0,"enemies":"Elementarium:2_ELEMENTALS","floor":21,"turns":3},{"damage":2,"enemies":"Elementarium:RubyGolem","floor":22,"turns":6},{"damage":24,"enemies":"Elementarium:WarGolem","floor":23,"turns":6},{"damage":6,"enemies":"Elementarium:Hydrostalker","floor":24,"turns":6},{"damage":1,"enemies":"Elementarium:VOID_CORRUPTION_AND_TAR_GOLEM","floor":27,"turns":8},{"damage":0,"enemies":"Elementarium:3_ELEMENTALS","floor":29,"turns":4},{"damage":5,"enemies":"Elementarium:CYCLONE_AND_LIVING_STORMCLOUD","floor":30,"turns":5},{"damage":0,"enemies":"Elementarium:GolemEmperor","floor":33,"turns":12},{"damage":10,"enemies":"3 Shapes","floor":35,"turns":4},{"damage":7,"enemies":"Orb Walker","floor":37,"turns":3},{"damage":11,"enemies":"2 Orb Walkers","floor":38,"turns":5},{"damage":7,"enemies":"Spire Growth","floor":42,"turns":5},{"damage":3,"enemies":"4 Shapes","floor":46,"turns":5},{"damage":1,"enemies":"Nemesis","floor":47,"turns":8},{"damage":0,"enemies":"Jaw Worm Horde","floor":48,"turns":4},{"damage":51,"enemies":"Donu and Deca","floor":50,"turns":17}],"seed_played":"593090268674320683","potions_obtained":[{"floor":2,"key":"DistilledChaos"},{"floor":4,"key":"ColorlessPotion"},{"floor":6,"key":"FearPotion"},{"floor":7,"key":"blueLaboratory:SavagePotion"},{"floor":10,"key":"blueLaboratory:Moonshine"},{"floor":16,"key":"ColorlessPotion"},{"floor":23,"key":"PowerPotion"},{"floor":27,"key":"blueLaboratory:BubblePotion"},{"floor":30,"key":"Swift Potion"},{"floor":35,"key":"SteroidPotion"},{"floor":38,"key":"DuplicationPotion"},{"floor":47,"key":"DuplicationPotion"}],"is_trial":false,"path_per_floor":["M","M","?","M","M","M","E","R","T","M","M","M","$","M","R","B",null,"M","?","?","M","M","E","M","R","T","M","R","M","M","$","R","B",null,"M","T","M","?","$","R","T","M","T","$","R","M","E","M","R","B",null],"character_chosen":"THE_ELEMENTALIST","items_purchased":["Molten Egg 2","Bottled Tornado","elementalist:Multification","elementalist:Magma_Shot+1"],"campfire_rested":0,"item_purchase_floors":[13,31,44,44],"current_hp_per_floor":[70,69,69,66,66,63,63,63,63,57,53,53,53,43,43,57,70,69,69,69,69,67,43,37,37,37,36,36,36,31,31,31,56,70,60,60,53,42,42,42,48,41,47,47,47,44,48,48,48,58],"gold":88,"neow_bonus":"RANDOM_COMMON_RELIC","is_daily":false,"chose_seed":false,"campfire_upgraded":8,"win_rate":0.0,"timestamp":1612566079,"path_taken":["M","M","?","M","M","M","E","R","T","M","M","M","$","?","R","BOSS","M","?","?","?","M","E","M","R","T","M","R","M","M","$","R","BOSS","M","?","M","?","?","R","?","M","T","$","R","M","E","?","R","BOSS"],"items_purchased_type":["Relic","Relic","Card","Card"],"build_version":"2020-12-22","purchased_purges":2,"victory":true,"max_hp_per_floor":[70,70,70,70,70,70,70,70,70,70,70,70,70,70,70,70,70,70,70,70,70,70,70,70,70,70,70,70,70,70,70,70,70,70,70,70,70,70,70,70,76,76,82,82,82,82,82,82,82,82],"card_choices":[{"not_picked":["elementalist:Prepared_Sand","elementalist:Flame"],"picked":"elementalist:Lunar_Form","floor":1},{"not_picked":["elementalist:Flame","elementalist:Stone_to_Mud"],"picked":"elementalist:Gaian_Form","floor":2},{"not_picked":["elementalist:Prepared_Sand","elementalist:Breeze"],"picked":"elementalist:Undertow","floor":4},{"not_picked":["elementalist:Caution","elementalist:Gaian_Form"],"picked":"elementalist:Stone_to_Mud","floor":5},{"not_picked":["elementalist:Solar_Form","elementalist:Momentum"],"picked":"elementalist:Kiln","floor":6},{"not_picked":["elementalist:Mist","elementalist:Sidereal_Form"],"picked":"elementalist:Spout","floor":7},{"not_picked":["elementalist:Wards","elementalist:Caution"],"picked":"elementalist:Spout","floor":10},{"not_picked":["elementalist:Undertow","elementalist:Wards"],"picked":"elementalist:Rising_Tides","floor":11},{"not_picked":["elementalist:Flame","elementalist:Rising_Tides"],"picked":"elementalist:Stone_to_Mud","floor":12},{"not_picked":["elementalist:Caution","elementalist:Spout+1"],"picked":"elementalist:Erosion","floor":14},{"not_picked":["elementalist:Ferruchemy","elementalist:Kiln"],"picked":"elementalist:Heavensfall+1","floor":16},{"not_picked":["elementalist:Confluence","elementalist:Spout+1"],"picked":"elementalist:Aegis","floor":18},{"not_picked":["Deep Breath","PanicButton"],"picked":"Apotheosis","floor":19},{"not_picked":["Panacea","Impatience"],"picked":"Swift Strike+1","floor":19},{"not_picked":["elementalist:Widdershins_Conversion+1","elementalist:Rising_Tides+1"],"picked":"elementalist:Magma_Shot+1","floor":20},{"not_picked":["elementalist:Caution","elementalist:Spark+1"],"picked":"elementalist:Aegis","floor":21},{"not_picked":["elementalist:Mage_Hand","elementalist:Monument+1"],"picked":"elementalist:Low_Tides","floor":22},{"not_picked":["elementalist:Cyclone","elementalist:Monument+1"],"picked":"elementalist:Concentricity+1","floor":23},{"not_picked":["elementalist:Confluence","elementalist:Aegis+1"],"picked":"elementalist:Mist","floor":24},{"not_picked":["elementalist:Spark+1","elementalist:Undertow"],"picked":"elementalist:Prepared_Sand+1","floor":27},{"not_picked":["elementalist:Monument+1","elementalist:Ferruchemy"],"picked":"elementalist:Spout+1","floor":29},{"not_picked":["elementalist:Spout+1","elementalist:Spark+1"],"picked":"elementalist:Rising_Tides+1","floor":30},{"not_picked":["elementalist:Kiln","elementalist:Wirbelwight"],"picked":"elementalist:Absolute_Zero+1","floor":33},{"not_picked":["elementalist:Emberveil","elementalist:Spark+1"],"picked":"elementalist:Mist+1","floor":35},{"not_picked":["elementalist:Monument+1","elementalist:Aegis+1"],"picked":"elementalist:Rising_Vapors","floor":37},{"not_picked":["elementalist:Geomancy+1","elementalist:Wards"],"picked":"elementalist:Stone_to_Mud+1","floor":38},{"not_picked":["elementalist:Aegis","elementalist:Breeze"],"picked":"elementalist:Mist+1","floor":42},{"not_picked":["elementalist:Ignition+1","elementalist:Pressurize+1"],"picked":"elementalist:Spout+1","floor":46},{"not_picked":["elementalist:Stone_to_Mud","elementalist:Spout+1"],"picked":"elementalist:Rising_Vapors","floor":47},{"not_picked":["elementalist:Mist+1","elementalist:Prepared_Sand+1"],"picked":"elementalist:Magma_Shot+1","floor":48}],"player_experience":1162201,"relics_obtained":[{"floor":7,"key":"Pantograph"},{"floor":9,"key":"Whetstone"},{"floor":20,"key":"Elementarium:GoldenMirage"},{"floor":23,"key":"Tiny Chest"},{"floor":26,"key":"Sundial"},{"floor":36,"key":"Darkstone Periapt"},{"floor":38,"key":"Gambling Chip"},{"floor":41,"key":"Potion Belt"},{"floor":43,"key":"Ornamental Fan"},{"floor":47,"key":"Bag of Marbles"}],"event_choices":[{"damage_healed":0,"gold_gain":0,"player_choice":"Machinery","damage_taken":0,"max_hp_gain":0,"max_hp_loss":0,"event_name":"Elementarium:IncubationChamber","floor":19,"gold_loss":0},{"damage_healed":0,"gold_gain":0,"player_choice":"Fight","damage_taken":0,"max_hp_gain":0,"max_hp_loss":0,"event_name":"Elementarium:GoldenStatues","floor":20,"gold_loss":0},{"damage_healed":0,"gold_gain":0,"player_choice":"Fight","damage_taken":0,"max_hp_gain":0,"max_hp_loss":0,"event_name":"Mysterious Sphere","floor":38,"gold_loss":0}],"is_beta":false,"boss_relics":[{"not_picked":["Pandora\u0027s Box","Tiny House"],"picked":"Coffee Dripper"},{"not_picked":["Runic Dome","Sozu"],"picked":"Cursed Key"}],"items_purged_floors":[39,44],"is_endless":false,"potions_floor_spawned":[2,4,6,7,10,16,23,27,29,30,35,38,47],"ascension_level":0}}