{"host":"8d3fefv2347kqkpz","time":1612484579,"event":{"mods":["AchievementEnabler","Act Like it!","Aspiration","BaseMod","Better Vampires","Colored Map","Colored Powertips","Conspire","GifTheSpireLib","Highlight Path","Hubris","Mimic Mod","Minty Spire (QoL Compilation)","Quick Restart","Rare Cards Sparkle","Relic Stats","Replay The Spire","Spicy Shops","StSLib","The Jungle","Waifu the Spire"],"gold_per_floor":[109,109,109,129,34,34,34],"floor_reached":6,"language":"ZHS","playtime":108,"items_purged":[],"score":36,"play_id":"507a7718-519d-43a6-8227-f9adcd93a7a0","local_time":"20210205082259","is_ascension_mode":true,"campfire_choices":[],"circlet_count":0,"master_deck":["Strike_R","Strike_R","Strike_R","Defend_R","Defend_R","Defend_R","Defend_R","Bash","Reaper","Spot Weakness","Heavy Blade","Rupture"],"relics":["Burning Blood"],"acts_visited":["Exordium"],"potions_floor_usage":[],"damage_taken":[{"damage":3.0,"enemies":"Jaw Worm","floor":1.0,"turns":4.0},{"damage":0.0,"enemies":"Small Slimes","floor":4.0,"turns":3.0},{"damage":0,"enemies":"Lagavulin","floor":6,"turns":1}],"seed_played":"3203577800381088079","potions_obtained":[{"floor":4.0,"key":"BloodPotion"}],"is_trial":false,"path_per_floor":["M","?","?","M","$","E"],"character_chosen":"IRONCLAD","items_purchased":["Rupture"],"campfire_rested":0,"item_purchase_floors":[5],"current_hp_per_floor":[80,73,73,80,80,80,80],"gold":34,"neow_bonus":"RANDOM_EVENT","is_daily":false,"chose_seed":false,"campfire_upgraded":0,"win_rate":0.0,"timestamp":1612484579,"path_taken":["M","?","?","M","$","E"],"items_purchased_type":["Card"],"build_version":"2020-12-22","purchased_purges":0,"victory":false,"max_hp_per_floor":[80,80,80,80,80,80,80],"relic_stats":{"counters":[3,8],"obtain_stats":[{"Burning Blood":0},{"Burning Blood":0},{"Burning Blood":0}],"Burning Blood":3},"card_choices":[{"not_picked":["Iron Wave","ReplayTheSpireMod:Corrosion Curse","True Grit"],"picked":"SKIP","floor":1.0},{"not_picked":["Pommel Strike","Clash"],"picked":"Heavy Blade","floor":4.0}],"player_experience":254387,"relics_obtained":[],"event_choices":[{"damage_healed":0.0,"max_hp_gain":0.0,"max_hp_loss":0.0,"gold_gain":0.0,"cards_transformed":["Strike_R"],"event_name":"Living Wall","player_choice":"Change","floor":0.0,"gold_loss":0.0,"damage_taken":0.0,"cards_obtained":["Reaper"]},{"cards_removed":["Strike_R"],"damage_healed":0.0,"max_hp_gain":0.0,"max_hp_loss":0.0,"gold_gain":0.0,"event_name":"Golden Wing","player_choice":"Card Removal","floor":2.0,"gold_loss":0.0,"damage_taken":7.0}],"is_beta":false,"boss_relics":[],"items_purged_floors":[],"is_endless":false,"potions_floor_spawned":[4],"killed_by":"Lagavulin","ascension_level":1}}