{"host":"w4b7hmige5bnqipq","time":1612490666,"event":{"mods":["2.2 Compatiblity","BaseMod","Colored Map","DeckTracker","Keyboard Shortcuts","Minty Spire (QoL Compilation)","Permanent Neow","Rare Cards Sparkle","SuperFastMode","everything is the same but u backflip on backflip","slay the spire mod where everything is the same but ironclad has a cowboy hat"],"gold_per_floor":[119,139,139,149,27,27,38,67,93,128,128,147,176,241,241,241,241],"floor_reached":16,"language":"KOR","playtime":516,"items_purged":["Strike_B"],"score":185,"play_id":"0df07fde-84f9-4e65-b996-f6f7e7e8d081","local_time":"20210205110426","is_ascension_mode":true,"campfire_choices":[{"data":"Streamline","floor":6.0,"key":"SMITH"},{"floor":11.0,"key":"REST"},{"floor":15.0,"key":"REST"}],"circlet_count":0,"master_deck":["AscendersBane","Strike_B","Strike_B","Strike_B","Defend_B","Defend_B","Defend_B","Defend_B","Zap","Dualcast","Streamline+1","Go for the Eyes","Blind","Rebound","Ball Lightning","Coolheaded","All For One","Compile Driver","Beam Cell","Hologram"],"relics":["Cracked Core","Calipers","Pen Nib","CeramicFish","Ancient Tea Set"],"acts_visited":["Exordium"],"potions_floor_usage":[],"damage_taken":[{"damage":1.0,"enemies":"Cultist","floor":1.0,"turns":3.0},{"damage":7.0,"enemies":"2 Louse","floor":2.0,"turns":3.0},{"damage":7.0,"enemies":"Jaw Worm","floor":4.0,"turns":3.0},{"damage":18.0,"enemies":"Lots of Slimes","floor":7.0,"turns":3.0},{"damage":16.0,"enemies":"Lagavulin","floor":8.0,"turns":6.0},{"damage":12.0,"enemies":"Gremlin Nob","floor":10.0,"turns":3.0},{"damage":1.0,"enemies":"Looter","floor":12.0,"turns":2.0},{"damage":14.0,"enemies":"Red Slaver","floor":13.0,"turns":3.0},{"damage":31,"enemies":"Slime Boss","floor":16,"turns":8}],"seed_played":"1115980826236434042","potions_obtained":[{"floor":4.0,"key":"Swift Potion"},{"floor":7.0,"key":"SkillPotion"}],"is_trial":false,"path_per_floor":["M","M","?","M","$","R","M","E","T","E","R","M","M","?","R","B"],"character_chosen":"DEFECT","items_purchased":["Ball Lightning"],"campfire_rested":2,"item_purchase_floors":[5],"current_hp_per_floor":[67,60,60,53,53,53,35,19,19,7,27,26,12,12,32,1,1],"gold":241,"neow_bonus":"ONE_RARE_RELIC","is_daily":false,"chose_seed":false,"campfire_upgraded":1,"win_rate":0.0,"timestamp":1612490666,"path_taken":["M","M","?","M","$","R","M","E","T","E","R","?","M","?","R","BOSS"],"items_purchased_type":["Card"],"build_version":"2020-12-22","purchased_purges":1,"victory":false,"max_hp_per_floor":[68,68,68,68,68,68,68,68,68,68,68,68,68,68,68,68,68],"card_choices":[{"not_picked":["Steam","Leap"],"picked":"Streamline","floor":1.0},{"not_picked":["Darkness","Fusion"],"picked":"Go for the Eyes","floor":2.0},{"not_picked":["Steam","Force Field"],"picked":"Rebound","floor":4.0},{"not_picked":["Gash","Leap"],"picked":"Coolheaded","floor":7.0},{"not_picked":["Streamline","Steam"],"picked":"All For One","floor":8.0},{"not_picked":["Steam","Stack"],"picked":"Compile Driver","floor":10.0},{"not_picked":["Hologram","Sweeping Beam"],"picked":"Beam Cell","floor":12.0},{"not_picked":["Storm","Cold Snap"],"picked":"Hologram","floor":13.0}],"player_experience":706159,"relics_obtained":[{"floor":8.0,"key":"Pen Nib"},{"floor":9.0,"key":"CeramicFish"},{"floor":10.0,"key":"Ancient Tea Set"}],"event_choices":[{"damage_healed":0.0,"max_hp_gain":0.0,"max_hp_loss":0.0,"gold_gain":0.0,"event_name":"Match and Keep!","player_choice":"1 cards matched","floor":3.0,"gold_loss":0.0,"damage_taken":0.0,"cards_obtained":["Blind"]},{"damage_healed":0.0,"max_hp_gain":0.0,"max_hp_loss":0.0,"gold_gain":65.0,"event_name":"Golden Wing","player_choice":"Gained Gold","floor":14.0,"gold_loss":0.0,"damage_taken":0.0}],"is_beta":false,"boss_relics":[],"items_purged_floors":[5],"is_endless":false,"potions_floor_spawned":[4,7],"killed_by":"Slime Boss","ascension_level":13}}