{"host":"89iuq2p5kwriuwfq","time":1612532220,"event":{"mods":["BaseMod","Curses Come First","Minty Spire (QoL Compilation)","Permanent Neow","StSLib"],"gold_per_floor":[20,38,54,54,72,110,110,110,110,110,154,178,178,222,222,222,222],"floor_reached":16,"language":"ENG","playtime":773,"items_purged":[],"score":180,"play_id":"83ebbf7f-ce80-4422-8eee-1fb0db81e356","local_time":"20210205133700","is_ascension_mode":true,"campfire_choices":[{"data":"Searing Blow","floor":7.0,"key":"SMITH"},{"data":"Searing Blow+1","floor":10.0,"key":"SMITH"},{"data":"Searing Blow+2","floor":13.0,"key":"SMITH"},{"data":"Searing Blow+3","floor":15.0,"key":"SMITH"}],"circlet_count":0,"master_deck":["AscendersBane","Strike_R","Strike_R","Strike_R","Strike_R","Defend_R","Defend_R","Defend_R","Defend_R","Bash","Bludgeon","Searing Blow+4","Inflame","Inflame","Metallicize","Pommel Strike","Rage+1","Headbutt","Double Tap+1"],"relics":["Burning Blood","Golden Idol","Mango","Toxic Egg 2","Ornamental Fan","Smiling Mask"],"acts_visited":["Exordium"],"potions_floor_usage":[16],"damage_taken":[{"damage":5.0,"enemies":"2 Louse","floor":1.0,"turns":4.0},{"damage":6.0,"enemies":"Cultist","floor":2.0,"turns":4.0},{"damage":8.0,"enemies":"Jaw Worm","floor":3.0,"turns":4.0},{"damage":11.0,"enemies":"Looter","floor":5.0,"turns":2.0},{"damage":12.0,"enemies":"Lagavulin","floor":6.0,"turns":5.0},{"damage":28.0,"enemies":"3 Sentries","floor":11.0,"turns":8.0},{"damage":15.0,"enemies":"Gremlin Gang","floor":12.0,"turns":6.0},{"damage":30.0,"enemies":"Gremlin Nob","floor":14.0,"turns":4.0},{"damage":18,"enemies":"The Guardian","floor":16,"turns":7}],"seed_played":"148275215181295842","potions_obtained":[{"floor":2.0,"key":"ColorlessPotion"},{"floor":3.0,"key":"LiquidBronze"},{"floor":12.0,"key":"BloodPotion"}],"is_trial":false,"path_per_floor":["M","M","M","?","M","E","R","?","T","R","E","M","R","E","R","B"],"character_chosen":"IRONCLAD","items_purchased":[],"campfire_rested":0,"item_purchase_floors":[],"current_hp_per_floor":[73,73,71,51,46,54,54,54,54,54,32,23,23,17,17,0,0],"gold":222,"neow_bonus":"THREE_RARE_CARDS","is_daily":false,"chose_seed":false,"campfire_upgraded":4,"win_rate":0.0,"timestamp":1612532220,"path_taken":["M","M","M","?","M","E","R","?","T","R","E","M","R","E","R","BOSS"],"items_purchased_type":[],"build_version":"2020-12-22","purchased_purges":0,"victory":false,"max_hp_per_floor":[80,80,80,80,80,94,94,94,94,94,94,94,94,94,94,94,94],"card_choices":[{"not_picked":["Double Tap","Exhume"],"picked":"Bludgeon","floor":0.0},{"not_picked":["Havoc","Headbutt"],"picked":"Searing Blow","floor":1.0},{"not_picked":["Havoc","Entrench"],"picked":"Inflame","floor":2.0},{"not_picked":["Dropkick","Seeing Red"],"picked":"Inflame","floor":3.0},{"not_picked":["Carnage","Combust"],"picked":"Metallicize","floor":5.0},{"not_picked":["Flame Barrier","Wild Strike"],"picked":"Pommel Strike","floor":6.0},{"not_picked":["Carnage","Heavy Blade"],"picked":"Rage+1","floor":11.0},{"not_picked":["Shockwave+1","Carnage"],"picked":"Headbutt","floor":12.0},{"not_picked":["Rupture","Metallicize"],"picked":"Double Tap+1","floor":14.0}],"player_experience":636774,"relics_obtained":[{"floor":6.0,"key":"Mango"},{"floor":9.0,"key":"Toxic Egg 2"},{"floor":11.0,"key":"Ornamental Fan"},{"floor":14.0,"key":"Smiling Mask"}],"event_choices":[{"damage_healed":0.0,"max_hp_gain":0.0,"max_hp_loss":0.0,"gold_gain":0.0,"event_name":"Golden Idol","player_choice":"Take Damage","floor":4.0,"gold_loss":0.0,"damage_taken":20.0,"relics_obtained":["Golden Idol"]},{"cards_removed":["Strike_R"],"damage_healed":0.0,"max_hp_gain":0.0,"max_hp_loss":0.0,"gold_gain":0.0,"event_name":"Purifier","player_choice":"Purged","floor":8.0,"gold_loss":0.0,"damage_taken":0.0}],"is_beta":false,"boss_relics":[],"items_purged_floors":[],"is_endless":false,"potions_floor_spawned":[2,3,12],"killed_by":"The Guardian","ascension_level":10}}