{"host":"5n1fl7z5i1vf7jan","time":1612525008,"event":{"mods":["BaseMod","Minty Spire (QoL Compilation)","Quick Restart","Relic Stats"],"gold_per_floor":[115,159,175,175,186,186,226,283,283,283,318,318,20,75,75,179,229,245,245,245,259,32,89,0,27,52,52,28,28,43,70,70,145,145,157,171,189,239,4,4,23,38,64,9,9,73,93,103,103,103,103],"floor_reached":50,"language":"ENG","playtime":2550,"items_purged":["Decay","Writhe"],"score":1293,"play_id":"2e6ff670-6b92-43fb-a48e-5e481eb65ffa","local_time":"20210205033648","is_ascension_mode":true,"campfire_choices":[{"data":"TalkToTheHand","floor":6.0,"key":"SMITH"},{"floor":12.0,"key":"REST"},{"data":"SandsOfTime","floor":15.0,"key":"SMITH"},{"floor":29.0,"key":"REST"},{"floor":32.0,"key":"REST"},{"floor":40.0,"key":"REST"},{"floor":45.0,"key":"REST"},{"floor":49,"key":"REST"}],"circlet_count":0,"master_deck":["AscendersBane","Strike_P","Strike_P","Strike_P","Defend_P+1","Defend_P","Eruption","Vigilance","Scrawl+1","Wish+1","Crescendo+1","TalkToTheHand+1","Wallop","EmptyFist+1","BowlingBash","CarveReality","FlurryOfBlows","Judgement","Adaptation+1","SandsOfTime+1","DevaForm+1","Consecrate","FlurryOfBlows","FollowUp","TalkToTheHand","BattleHymn+1","Tantrum","ThirdEye","ThirdEye","DeceiveReality+1","ClearTheMind+1"],"relics":["Astrolabe","Bag of Preparation","HornCleat","Frozen Egg 2","Sling","Letter Opener","Tiny House","CloakClasp","Orichalcum","Pear","Potion Belt","Bottled Lightning","Runic Pyramid","Bronze Scales","Strawberry"],"acts_visited":["Exordium","TheCity","TheBeyond"],"potions_floor_usage":[48,50,50],"damage_taken":[{"damage":0.0,"enemies":"Cultist","floor":1.0,"turns":3.0},{"damage":0.0,"enemies":"2 Louse","floor":2.0,"turns":4.0},{"damage":4.0,"enemies":"Small Slimes","floor":3.0,"turns":3.0},{"damage":11.0,"enemies":"Red Slaver","floor":5.0,"turns":5.0},{"damage":11.0,"enemies":"Large Slime","floor":7.0,"turns":5.0},{"damage":9.0,"enemies":"Lagavulin","floor":8.0,"turns":7.0},{"damage":0.0,"enemies":"Gremlin Nob","floor":11.0,"turns":3.0},{"damage":0.0,"enemies":"3 Sentries","floor":14.0,"turns":4.0},{"damage":0.0,"enemies":"Slime Boss","floor":16.0,"turns":5.0},{"damage":0.0,"enemies":"Chosen","floor":18.0,"turns":3.0},{"damage":0.0,"enemies":"Spheric Guardian","floor":21.0,"turns":2.0},{"damage":19.0,"enemies":"Slavers","floor":23.0,"turns":4.0},{"damage":24.0,"enemies":"Gremlin Leader","floor":25.0,"turns":5.0},{"damage":0.0,"enemies":"Snecko","floor":30.0,"turns":3.0},{"damage":10.0,"enemies":"Book of Stabbing","floor":31.0,"turns":4.0},{"damage":9.0,"enemies":"Champ","floor":33.0,"turns":9.0},{"damage":20.0,"enemies":"3 Shapes","floor":35.0,"turns":8.0},{"damage":0.0,"enemies":"Orb Walker","floor":36.0,"turns":1.0},{"damage":24.0,"enemies":"Jaw Worm Horde","floor":37.0,"turns":4.0},{"damage":0.0,"enemies":"Sphere and 2 Shapes","floor":41.0,"turns":3.0},{"damage":10.0,"enemies":"4 Shapes","floor":42.0,"turns":8.0},{"damage":10.0,"enemies":"Nemesis","floor":46.0,"turns":5.0},{"damage":15,"enemies":"Writhing Mass","floor":47,"turns":9},{"damage":0,"enemies":"Jaw Worm Horde","floor":48,"turns":4},{"damage":109,"enemies":"Time Eater","floor":50,"turns":12}],"seed_played":"-4032547067454322491","potions_obtained":[{"floor":1.0,"key":"SkillPotion"},{"floor":7.0,"key":"ColorlessPotion"},{"floor":8.0,"key":"Block Potion"},{"floor":11.0,"key":"SteroidPotion"},{"floor":16.0,"key":"Block Potion"},{"floor":17.0,"key":"FairyPotion"},{"floor":25.0,"key":"Block Potion"},{"floor":31.0,"key":"LiquidMemories"},{"floor":33.0,"key":"PowerPotion"},{"floor":35.0,"key":"SneckoOil"},{"floor":36.0,"key":"GamblersBrew"},{"floor":46.0,"key":"LiquidMemories"},{"floor":47,"key":"Weak Potion"}],"is_trial":false,"path_per_floor":["M","M","M","?","M","R","M","E","T","?","E","R","$","E","R","B",null,"M","?","?","M","$","E","$","E","T","?","$","R","M","E","R","B",null,"M","M","M","?","$","R","M","M","T","$","R","E","M","M","R","B"],"character_chosen":"WATCHER","items_purchased":["Sling","Adaptation+1","SandsOfTime","TalkToTheHand","BattleHymn+1","Tantrum","ThirdEye","PowerPotion","GamblersBrew","BottledMiracle"],"campfire_rested":6,"item_purchase_floors":[13,13,13,22,22,24,28,39,39,44],"current_hp_per_floor":[61,61,57,57,46,46,35,26,26,26,26,46,46,46,46,46,68,68,68,68,68,68,49,49,35,35,35,35,59,59,49,73,64,78,58,58,34,34,34,58,58,48,48,48,72,69,54,54,81,0,0],"gold":103,"neow_bonus":"BOSS_RELIC","is_daily":false,"chose_seed":false,"campfire_upgraded":2,"win_rate":0.0,"timestamp":1612525008,"path_taken":["M","M","?","?","M","R","M","E","T","?","E","R","$","E","R","BOSS","M","?","?","M","$","E","$","E","T","?","?","R","M","E","R","BOSS","M","M","?","?","$","R","M","M","T","$","R","E","M","?","R","BOSS"],"items_purchased_type":["Relic","Card","Card","Card","Card","Card","Card","Potion","Potion","Potion"],"build_version":"2020-12-22","purchased_purges":2,"victory":false,"max_hp_per_floor":[68,68,68,68,68,68,68,68,68,68,68,68,68,68,68,68,73,73,73,73,73,73,73,73,83,83,83,83,83,83,83,83,83,83,83,83,83,83,83,83,83,83,83,83,83,90,90,90,90,90,90],"relic_stats":{"counters":[25,123],"Astrolabe":["Scrawl","Wish","Crescendo"],"Bronze Scales":[115],"Bag of Preparation":[38],"CloakClasp":[384],"Letter Opener":[32],"Orichalcum":[78],"obtain_stats":[{"Potion Belt":26,"Tiny House":17,"Pear":25,"Astrolabe":0,"Bag of Preparation":8,"CloakClasp":19,"Letter Opener":14,"Frozen Egg 2":11,"Orichalcum":23,"Sling":13,"HornCleat":9,"Bronze Scales":43,"Strawberry":46,"Bottled Lightning":31,"PureWater":0,"Runic Pyramid":34},{"Potion Belt":13,"Tiny House":9,"Pear":13,"Astrolabe":0,"Bag of Preparation":6,"CloakClasp":10,"Letter Opener":8,"Frozen Egg 2":7,"Orichalcum":12,"Sling":7,"HornCleat":6,"Bronze Scales":21,"Strawberry":22,"Bottled Lightning":15,"PureWater":0,"Runic Pyramid":16},{"Potion Belt":53,"Tiny House":39,"Pear":53,"Astrolabe":0,"Bag of Preparation":27,"CloakClasp":42,"Letter Opener":34,"Frozen Egg 2":30,"Orichalcum":48,"Sling":30,"HornCleat":27,"Bronze Scales":93,"Strawberry":98,"Bottled Lightning":60,"PureWater":0,"Runic Pyramid":69}]},"card_choices":[{"not_picked":["SignatureMove","WreathOfFlame"],"picked":"TalkToTheHand","floor":1.0},{"not_picked":["CutThroughFate","DeceiveReality"],"picked":"Wallop","floor":2.0},{"not_picked":["SashWhip","DeceiveReality"],"picked":"EmptyFist","floor":3.0},{"not_picked":["SandsOfTime","Prostrate"],"picked":"BowlingBash","floor":5.0},{"not_picked":["BowlingBash","WheelKick"],"picked":"CarveReality","floor":7.0},{"not_picked":["ThirdEye","Worship"],"picked":"FlurryOfBlows","floor":8.0},{"not_picked":["Wallop","Indignation"],"picked":"Judgement","floor":11.0},{"not_picked":["SashWhip","Collect"],"picked":"DevaForm+1","floor":14.0},{"not_picked":["DeceiveReality","Evaluate"],"picked":"Consecrate","floor":17.0},{"not_picked":["Collect","ThirdEye"],"picked":"FlurryOfBlows","floor":18.0},{"not_picked":["Weave","BowlingBash"],"picked":"FollowUp","floor":21.0},{"not_picked":["ConjureBlade","Evaluate","Study+1"],"picked":"SKIP","floor":23.0},{"not_picked":["FlyingSleeves","BowlingBash"],"picked":"ThirdEye","floor":25.0},{"not_picked":["FlurryOfBlows","CrushJoints","Conclude"],"picked":"SKIP","floor":30.0},{"not_picked":["Crescendo","Prostrate"],"picked":"DeceiveReality+1","floor":31.0},{"not_picked":["SashWhip","JustLucky","FlyingSleeves"],"picked":"SKIP","floor":35.0},{"not_picked":["Meditate","JustLucky+1","DeceiveReality+1"],"picked":"SKIP","floor":36.0},{"not_picked":["Evaluate","SignatureMove","Swivel"],"picked":"SKIP","floor":37.0},{"not_picked":["BattleHymn+1","Consecrate","Tantrum+1"],"picked":"SKIP","floor":41.0},{"not_picked":["SashWhip","EmptyFist","ThirdEye"],"picked":"SKIP","floor":42.0},{"not_picked":["Conclude","Devotion+1","SignatureMove"],"picked":"SKIP","floor":46.0},{"not_picked":["CutThroughFate","Protect+1"],"picked":"ClearTheMind+1","floor":47},{"not_picked":["JustLucky+1","Halt","Wallop"],"picked":"SKIP","floor":48}],"player_experience":316659,"relics_obtained":[{"floor":8.0,"key":"Bag of Preparation"},{"floor":9.0,"key":"HornCleat"},{"floor":11.0,"key":"Frozen Egg 2"},{"floor":14.0,"key":"Letter Opener"},{"floor":23.0,"key":"Orichalcum"},{"floor":25.0,"key":"Pear"},{"floor":26.0,"key":"Potion Belt"},{"floor":31.0,"key":"Bottled Lightning"},{"floor":43.0,"key":"Bronze Scales"},{"floor":46.0,"key":"Strawberry"}],"event_choices":[{"damage_healed":0.0,"max_hp_gain":0.0,"max_hp_loss":0.0,"gold_gain":0.0,"event_name":"Liars Game","player_choice":"Ignored","floor":4.0,"gold_loss":0.0,"damage_taken":0.0},{"damage_healed":0.0,"max_hp_gain":0.0,"max_hp_loss":0.0,"gold_gain":0.0,"event_name":"Upgrade Shrine","player_choice":"Upgraded","floor":10.0,"gold_loss":0.0,"damage_taken":0.0,"cards_upgraded":["EmptyFist"]},{"damage_healed":0.0,"max_hp_gain":0.0,"max_hp_loss":0.0,"gold_gain":0.0,"event_name":"The Mausoleum","player_choice":"Opened","floor":19.0,"gold_loss":0.0,"damage_taken":0.0,"relics_obtained":["CloakClasp"],"cards_obtained":["Writhe"]},{"damage_healed":0.0,"max_hp_gain":0.0,"max_hp_loss":0.0,"gold_gain":0.0,"event_name":"Forgotten Altar","player_choice":"Smashed Altar","floor":20.0,"gold_loss":0.0,"damage_taken":0.0,"cards_obtained":["Decay"]},{"damage_healed":0.0,"max_hp_gain":0.0,"max_hp_loss":0.0,"gold_gain":0.0,"event_name":"Vampires","player_choice":"Ignored","floor":27.0,"gold_loss":0.0,"damage_taken":0.0},{"damage_healed":0.0,"max_hp_gain":0.0,"max_hp_loss":0.0,"gold_gain":50.0,"event_name":"Golden Shrine","player_choice":"Pray","floor":38.0,"gold_loss":0.0,"damage_taken":0.0}],"is_beta":false,"boss_relics":[{"not_picked":["Velvet Choker","Runic Dome"],"picked":"Tiny House"},{"not_picked":["Fusion Hammer","Philosopher\u0027s Stone"],"picked":"Runic Pyramid"}],"items_purged_floors":[22,39],"is_endless":false,"potions_floor_spawned":[1,7,8,11,16,25,31,33,35,36,46,47],"killed_by":"Time Eater","ascension_level":19}}