{"host":"9slw7l0ws16384qq","time":1612546891,"event":{"mods":["A Penny For Your Troubles","BaseMod","Colored Map","Downfall","Evolution","Hubris","Minty Spire (QoL Compilation)","Replay The Spire","StS++","StSLib"],"gold_per_floor":[99,116,128,145,55,55,79,79,90,110,137,150,175,175,187,291,291,191,202,202,35,35,35,61,76,103,290,318,334,134,152,162,265,365,365,222,282,282,282,311,363,373,273,284,284,313,313,313,330,331,331,362,362,362,362,362,362],"floor_reached":55,"language":"FRA","playtime":1674,"items_purged":["bronze:Defend"],"score":1195,"play_id":"66e643d9-e2be-4b66-8811-c87a693112aa","local_time":"20210205184131","is_ascension_mode":true,"campfire_choices":[{"data":"bronze:HyperBeam","floor":1.0,"key":"SMITH"},{"data":"bronze:HyperBeam","floor":6.0,"key":"SMITH"},{"floor":8.0,"key":"RECALL"},{"data":"bronze:NullPointer","floor":18.0,"key":"SMITH"},{"data":"bronze:Iterate","floor":23.0,"key":"SMITH"},{"data":"bronze:Iterate","floor":30.0,"key":"SMITH"},{"data":"bronze:HyperBeam","floor":35.0,"key":"SMITH"},{"data":"bronze:Iterate","floor":47.0,"key":"SMITH"},{"data":"bronze:Iterate","floor":54.0,"key":"SMITH"}],"circlet_count":0,"master_deck":["bronze:Iterate+1","bronze:Iterate+1","bronze:Defend","bronze:Goto","bronze:HyperBeam+1","bronze:Frontload","bronze:NullPointer","bronze:FunctionCard"],"relics":["bronze:BronzeCore","EVO:Axolotl","Blue Doll","hubris:OldNail","Ornamental Fan","Sozu","downfall:HeartBlessingRed","hubris:BottledHeart","Vajra","InkBottle","Bag of Preparation","downfall:HeartBlessingBlue","downfall:HeartBlessingGreen","Replay:Grab Bag","Coffee Dripper","Replay:Wanted Poster","Empty Cage","Akabeko","Molten Egg 2","Replay:Baseball","Gremlin Food","Eternal Feather","hubris:Towel","Pen Nib"],"acts_visited":["Exordium","TheCity","TheBeyond","TheEnding"],"potions_floor_usage":[],"damage_taken":[{"damage":0.0,"enemies":"Cultist","floor":2.0,"turns":3.0},{"damage":2.0,"enemies":"Jaw Worm","floor":3.0,"turns":3.0},{"damage":4.0,"enemies":"2 Louse","floor":4.0,"turns":3.0},{"damage":5.0,"enemies":"downfall:FleeingMerchant","floor":5.0,"turns":4.0},{"damage":27.0,"enemies":"Exordium Thugs","floor":9.0,"turns":3.0},{"damage":4.0,"enemies":"Exordium Wildlife","floor":10.0,"turns":4.0},{"damage":20.0,"enemies":"Replay:BlueRogue","floor":11.0,"turns":7.0},{"damage":5.0,"enemies":"Gremlin Gang","floor":12.0,"turns":3.0},{"damage":10.0,"enemies":"Gremlin Nob","floor":13.0,"turns":4.0},{"damage":0.0,"enemies":"2 Fungi Beasts","floor":15.0,"turns":4.0},{"damage":23.0,"enemies":"SI_SHIV_ARCHETYPE","floor":16.0,"turns":9.0},{"damage":0.0,"enemies":"3 Byrds","floor":19.0,"turns":3.0},{"damage":0.0,"enemies":"downfall:FleeingMerchant","floor":21.0,"turns":4.0},{"damage":0.0,"enemies":"Shell Parasite","floor":25.0,"turns":3.0},{"damage":0.0,"enemies":"Slavers","floor":26.0,"turns":4.0},{"damage":0.0,"enemies":"downfall:FleeingMerchant","floor":27.0,"turns":4.0},{"damage":0.0,"enemies":"Gremlin Leader","floor":28.0,"turns":5.0},{"damage":0.0,"enemies":"Chosen and Byrds","floor":29.0,"turns":3.0},{"damage":0.0,"enemies":"Centurion and Healer","floor":31.0,"turns":5.0},{"damage":0.0,"enemies":"Snake Plant","floor":32.0,"turns":2.0},{"damage":0.0,"enemies":"WA_ARCHETYPE_CALM","floor":33.0,"turns":5.0},{"damage":0.0,"enemies":"Reptomancer","floor":40.0,"turns":1.0},{"damage":0.0,"enemies":"3 Darklings","floor":42.0,"turns":3.0},{"damage":0.0,"enemies":"Orb Walker","floor":44.0,"turns":1.0},{"damage":0.0,"enemies":"Giant Head","floor":46.0,"turns":4.0},{"damage":0.0,"enemies":"Sphere and 2 Shapes","floor":49.0,"turns":1.0},{"damage":0.0,"enemies":"IC_BLOCK_ARCHETYPE","floor":50.0,"turns":1.0},{"damage":0.0,"enemies":"downfall:CharBossMerchant","floor":52.0,"turns":2.0},{"damage":0,"enemies":"downfall:NeowBoss","floor":55,"turns":1}],"seed_played":"-3282697318665020276","potions_obtained":[{"floor":9.0,"key":"champ:CounterPotion"},{"floor":10.0,"key":"Regen Potion"},{"floor":11.0,"key":"FearPotion"},{"floor":12.0,"key":"Death Potion"}],"is_trial":false,"path_per_floor":["R","M","M","M","$","R","T","R","M","M","E","M","E","?","M","B",null,"R","M","?","$","?","R","T","M","E","$","E","M","R","M","M","B",null,"R","$","?","?","$","E","T","M","NS","M","$","E","R","?","M","B",null,"E","$","R","B"],"character_chosen":"THE_AUTOMATON","items_purchased":["Vajra","bronze:Hardcode","Akabeko"],"campfire_rested":0,"item_purchase_floors":[21,27,36],"current_hp_per_floor":[63,63,61,57,52,52,52,52,25,21,16,11,1,73,73,50,73,73,73,1,1,1,1,1,1,1,1,1,1,1,1,1,1,1,1,1,1,1,1,1,1,1,1,1,1,1,1,1,1,1,1,1,1,1,1,1,1],"gold":362,"neow_bonus":"THREE_RARE_CARDS","is_daily":false,"chose_seed":false,"campfire_upgraded":8,"win_rate":0.0,"timestamp":1612546891,"path_taken":["R","M","M","?","$","R","T","R","M","M","E","M","E","?","M","BOSS","R","M","?","$","?","R","T","M","E","$","E","M","R","M","M","BOSS","R","$","?","?","$","E","T","?","NS","M","$","E","R","?","M","BOSS","E","$","R","BOSS"],"items_purchased_type":["Relic","Card","Relic"],"build_version":"2020-12-22","purchased_purges":1,"victory":false,"max_hp_per_floor":[63,63,63,63,63,63,63,63,63,63,63,63,63,73,73,73,73,73,73,1,1,1,1,1,1,1,1,1,1,1,1,1,1,1,1,1,1,1,1,1,1,1,1,1,1,1,1,1,1,1,1,1,1,1,1,1,1],"card_choices":[{"not_picked":["bronze:Virus","bronze:Library"],"picked":"bronze:HyperBeam","floor":0.0},{"not_picked":["bronze:Constructor","bronze:BitShift","bronze:BronzeArmor"],"picked":"SKIP","floor":2.0},{"not_picked":["bronze:WhirlingStrike","bronze:BugBarrage"],"picked":"bronze:HyperBeam","floor":3.0},{"not_picked":["bronze:WildBeam","bronze:DelayedGuard","bronze:Overload"],"picked":"SKIP","floor":4.0},{"not_picked":["bronze:Backtrace","bronze:BurnOut","bronze:Separator"],"picked":"SKIP","floor":5.0},{"not_picked":["bronze:CloningBeam","bronze:Philosophize"],"picked":"bronze:NullPointer","floor":9.0},{"not_picked":["bronze:WhirlingStrike","bronze:DigitalCarnage","bronze:CloningBeam"],"picked":"SKIP","floor":10.0},{"not_picked":["bronze:Shell","bronze:Deprecate","bronze:Frontload"],"picked":"SKIP","floor":11.0},{"not_picked":["bronze:Shell","bronze:Deprecate"],"picked":"bronze:Frontload","floor":11.0},{"not_picked":["bronze:DelayedSlice","bronze:Overload","bronze:Return"],"picked":"SKIP","floor":12.0},{"not_picked":["bronze:DelayedSlice","bronze:Shell"],"picked":"bronze:NullPointer","floor":13.0},{"not_picked":["bronze:BitShift","bronze:FollowUp","bronze:Deprecate"],"picked":"SKIP","floor":15.0},{"not_picked":["bronze:DelayedGuard","bronze:Optimize","bronze:Frontload"],"picked":"SKIP","floor":19.0},{"not_picked":["bronze:WhirlingStrike","bronze:Safeguard","bronze:Deprecate"],"picked":"SKIP","floor":21.0},{"not_picked":["bronze:Constructor+1","bronze:Repulsor+1","bronze:DelayedGuard+1"],"picked":"SKIP","floor":25.0},{"not_picked":["bronze:CloningBeam+1","bronze:BuggyMess","bronze:Branch"],"picked":"SKIP","floor":26.0},{"not_picked":["bronze:MaxOutput","bronze:Frontload"],"picked":"bronze:Iterate+1","floor":27.0},{"not_picked":["bronze:Turbo+1","bronze:WildBeam"],"picked":"bronze:HyperBeam","floor":28.0},{"not_picked":["bronze:Boost","bronze:InfiniteBeams","bronze:Shield+1"],"picked":"SKIP","floor":29.0},{"not_picked":["bronze:ForceShield","bronze:Safeguard","bronze:Turbo"],"picked":"SKIP","floor":31.0},{"not_picked":["bronze:ThunderWave","bronze:CutThrough","bronze:Turbo"],"picked":"SKIP","floor":32.0},{"not_picked":["bronze:WildBeam+1","bronze:WhirlingStrike+1","bronze:DelayedSlice+1"],"picked":"SKIP","floor":40.0},{"not_picked":["bronze:DelayedGuard","bronze:Separator+1","bronze:Shield"],"picked":"SKIP","floor":42.0},{"not_picked":["bronze:Turbo","bronze:Separator+1","bronze:ClassDefault"],"picked":"SKIP","floor":44.0},{"not_picked":["bronze:BronzeOrb+1","bronze:Frontload+1","bronze:Refactor+1"],"picked":"SKIP","floor":46.0},{"not_picked":["bronze:Overload+1","bronze:Return+1","bronze:Turbo"],"picked":"SKIP","floor":49.0},{"not_picked":["bronze:ChildClass+1","bronze:CloningBeam+1","bronze:Break+1"],"picked":"SKIP","floor":52.0}],"player_experience":1622845,"relics_obtained":[{"floor":7.0,"key":"Blue Doll"},{"floor":11.0,"key":"hubris:OldNail"},{"floor":13.0,"key":"Ornamental Fan"},{"floor":26.0,"key":"InkBottle"},{"floor":28.0,"key":"Bag of Preparation"},{"floor":37.0,"key":"Molten Egg 2"},{"floor":40.0,"key":"Replay:Baseball"},{"floor":41.0,"key":"Gremlin Food"},{"floor":46.0,"key":"Eternal Feather"},{"floor":52.0,"key":"Pen Nib"}],"event_choices":[{"cards_removed":["bronze:Replicate"],"damage_healed":0.0,"max_hp_gain":0.0,"max_hp_loss":0.0,"gold_gain":0.0,"event_name":"Bonfire Elementals","player_choice":"Offered Basic","floor":38.0,"gold_loss":0.0,"damage_taken":0.0}],"is_beta":false,"boss_relics":[{"not_picked":["Kintsugi","Ring of Chaos"],"picked":"Sozu"},{"not_picked":["Fusion Hammer","Replay:Ancient Bell"],"picked":"Replay:Grab Bag"},{"not_picked":["ReplayTheSpireMod:Onyx Gauntlets","hubris:VirtuousBlindfold"],"picked":"Coffee Dripper"},{"not_picked":["Runic Dome","hubris:TerracottaHorce"],"picked":"Replay:Wanted Poster"},{"not_picked":["hubris:HollowSoul","StSpp:CrystalBall"],"picked":"Empty Cage"}],"items_purged_floors":[5],"is_endless":false,"potions_floor_spawned":[9,10,11,12,19,25,28,32,33,44,49],"killed_by":"downfall:NeowBoss","ascension_level":4}}