{"host":"omgphoea13lnyb7y","time":1612526294,"event":{"mods":["Aspiration","BaseMod","Better Note","BetterRewards","Colored Map","DeckTracker","Hubris","Minty Spire (QoL Compilation)","StSLib","The Construct","The Cursed","The Jungle","The Necromancer"],"gold_per_floor":[116,116,132,57,57,57,88,88,88,88,101,101,114,132,132,132,132],"floor_reached":16,"language":"ENG","playtime":441,"items_purged":["Defend_G"],"score":110,"play_id":"868a3523-03e3-4846-a428-bdd853f96b0a","local_time":"20210205035814","is_ascension_mode":true,"campfire_choices":[{"data":"Survivor","floor":6,"key":"SMITH"},{"data":"Neutralize","floor":8,"key":"SMITH"},{"floor":15,"key":"REST"}],"circlet_count":0,"master_deck":["Strike_G","Strike_G","Strike_G","Defend_G","Defend_G","Defend_G","Survivor+1","Neutralize+1","Blade Dance","Cloak And Dagger","Choke","Backstab"],"relics":["Ring of the Snake","Smiling Mask","hubris:AncientText","HornCleat"],"acts_visited":["Exordium"],"potions_floor_usage":[14,16],"damage_taken":[{"damage":18,"enemies":"Jaw Worm","floor":1,"turns":4},{"damage":1,"enemies":"Cultist","floor":3,"turns":3},{"damage":25,"enemies":"Gremlin Nob","floor":7,"turns":5},{"damage":0,"enemies":"2 Louse","floor":11,"turns":2},{"damage":2,"enemies":"Looter","floor":13,"turns":2},{"damage":0,"enemies":"Red Slaver","floor":14,"turns":3},{"damage":53,"enemies":"Slime Boss","floor":16,"turns":6}],"seed_played":"-2411963683950136495","potions_obtained":[{"floor":11,"key":"Fire Potion"},{"floor":14,"key":"CunningPotion"}],"is_trial":false,"path_per_floor":["M","?","M","$","T","R","E","R","T","?","M","?","M","M","R","B"],"character_chosen":"THE_SILENT","items_purchased":[],"campfire_rested":1,"item_purchase_floors":[],"current_hp_per_floor":[52,52,51,51,51,51,26,26,26,31,31,31,29,29,51,0,0],"gold":132,"neow_bonus":"REMOVE_CARD","is_daily":false,"chose_seed":false,"campfire_upgraded":2,"win_rate":0.0,"timestamp":1612526294,"path_taken":["M","?","?","$","?","R","E","R","T","?","M","?","M","M","R","BOSS"],"items_purchased_type":[],"build_version":"2020-12-22","purchased_purges":1,"victory":false,"max_hp_per_floor":[70,70,70,70,70,70,70,70,70,75,75,75,75,75,75,75,75],"card_choices":[{"not_picked":["Acrobatics","Infinite Blades"],"picked":"Blade Dance","floor":1},{"not_picked":["All Out Attack","Infinite Blades"],"picked":"Cloak And Dagger","floor":3},{"not_picked":["Dodge and Roll","Acrobatics","Bane"],"picked":"SKIP","floor":7},{"not_picked":["Sucker Punch","Dagger Spray"],"picked":"Choke","floor":11},{"not_picked":["Sucker Punch","Poisoned Stab","Acrobatics"],"picked":"SKIP","floor":13},{"not_picked":["Dodge and Roll","Backflip"],"picked":"Backstab","floor":14}],"player_experience":68469,"relics_obtained":[{"floor":5,"key":"Smiling Mask"},{"floor":7,"key":"hubris:AncientText"},{"floor":9,"key":"HornCleat"}],"event_choices":[{"cards_removed":["Strike_G"],"damage_healed":0,"gold_gain":0,"player_choice":"Offered Basic","damage_taken":0,"max_hp_gain":0,"max_hp_loss":0,"event_name":"Bonfire Elementals","floor":2,"gold_loss":0},{"damage_healed":0,"gold_gain":0,"player_choice":"Donut","damage_taken":0,"max_hp_gain":5,"max_hp_loss":0,"event_name":"Big Fish","floor":10,"gold_loss":0},{"cards_removed":["Strike_G"],"damage_healed":0,"gold_gain":0,"player_choice":"Purged","damage_taken":0,"max_hp_gain":0,"max_hp_loss":0,"event_name":"Purifier","floor":12,"gold_loss":0}],"is_beta":false,"boss_relics":[],"items_purged_floors":[4],"is_endless":false,"potions_floor_spawned":[11,14],"killed_by":"Slime Boss","ascension_level":2}}