{"host":"ELF","time":1612505192,"event":{"mods":["BaseMod","Bestiary","Minty Spire (QoL Compilation)","Relic Stats","Slay the Relics Exporter"],"gold_per_floor":[14,30,30,30,111,111,23,36,90,118,130,155,173,186,186,265,315,328,348,348,360,360,360],"floor_reached":22,"language":"ENG","playtime":1496,"items_purged":[],"score":367,"play_id":"4dd722b1-a34c-494f-8127-c9e00d202f48","local_time":"20210205000632","is_ascension_mode":true,"campfire_choices":[{"floor":6,"key":"REST"},{"floor":15,"key":"REST"}],"circlet_count":0,"master_deck":["AscendersBane","Strike_R","Strike_R","Strike_R","Defend_R+1","Defend_R","Defend_R","Defend_R","Bash","Shrug It Off","Havoc+1","Dark Embrace","Fire Breathing","Berserk","Metallicize","Havoc","Seeing Red","Berserk","Second Wind","Dual Wield","Entrench+1","RitualDagger","Pommel Strike"],"relics":["Burning Blood","Lantern","White Beast Statue","Bronze Scales","Odd Mushroom","Kunai","Tiny House"],"acts_visited":["Exordium","TheCity"],"potions_floor_usage":[10,12,16,19,21,21],"damage_taken":[{"damage":24,"enemies":"Jaw Worm","floor":1,"turns":5},{"damage":7,"enemies":"Small Slimes","floor":2,"turns":4},{"damage":1,"enemies":"2 Louse","floor":8,"turns":3},{"damage":35,"enemies":"The Mushroom Lair","floor":10,"turns":5},{"damage":11,"enemies":"Blue Slaver","floor":11,"turns":6},{"damage":44,"enemies":"Gremlin Nob","floor":12,"turns":5},{"damage":4,"enemies":"2 Fungi Beasts","floor":13,"turns":4},{"damage":19,"enemies":"3 Louse","floor":14,"turns":4},{"damage":35,"enemies":"The Guardian","floor":16,"turns":49},{"damage":0,"enemies":"Chosen","floor":18,"turns":5},{"damage":20,"enemies":"3 Byrds","floor":19,"turns":4},{"damage":75,"enemies":"Snecko","floor":21,"turns":10},{"damage":25,"enemies":"Cultist and Chosen","floor":22,"turns":3}],"seed_played":"252069461263377080","potions_obtained":[{"floor":2,"key":"SmokeBomb"},{"floor":8,"key":"Energy Potion"},{"floor":10,"key":"FairyPotion"},{"floor":11,"key":"CultistPotion"},{"floor":12,"key":"HeartOfIron"},{"floor":13,"key":"DuplicationPotion"},{"floor":16,"key":"SmokeBomb"},{"floor":17,"key":"Dexterity Potion"},{"floor":18,"key":"Regen Potion"},{"floor":19,"key":"Regen Potion"},{"floor":21,"key":"BloodPotion"}],"is_trial":false,"path_per_floor":["M","M","?","?","T","R","$","M","T","?","M","E","M","M","R","B",null,"M","M","?","M","M"],"character_chosen":"IRONCLAD","items_purchased":["Dark Embrace"],"campfire_rested":2,"item_purchase_floors":[7],"current_hp_per_floor":[50,49,49,38,38,60,60,65,65,36,31,28,30,17,39,10,64,70,68,62,23,0,0],"gold":360,"neow_bonus":"REMOVE_TWO","is_daily":false,"chose_seed":false,"campfire_upgraded":0,"win_rate":0.0,"timestamp":1612505192,"path_taken":["M","M","?","?","?","R","?","M","T","?","?","E","M","M","R","BOSS","M","M","?","M","M"],"items_purchased_type":["Card"],"build_version":"2020-12-18","purchased_purges":0,"victory":false,"max_hp_per_floor":[75,75,75,75,75,75,75,75,75,75,75,75,75,75,75,75,80,80,80,80,80,80,80],"relic_stats":{"counters":[13,107],"Bronze Scales":[353],"Kunai":[4],"obtain_stats":[{"Lantern":4,"Tiny House":17,"Bronze Scales":9,"Kunai":12,"Odd Mushroom":10,"Burning Blood":0,"White Beast Statue":5},{"Lantern":2,"Tiny House":9,"Bronze Scales":3,"Kunai":6,"Odd Mushroom":4,"Burning Blood":0,"White Beast Statue":2},{"Lantern":9,"Tiny House":85,"Bronze Scales":12,"Kunai":28,"Odd Mushroom":17,"Burning Blood":0,"White Beast Statue":9}],"Burning Blood":72},"card_choices":[{"not_picked":["Body Slam","Iron Wave"],"picked":"Shrug It Off","floor":1},{"not_picked":["Headbutt","Uppercut"],"picked":"Havoc","floor":2},{"not_picked":["Clothesline","Twin Strike"],"picked":"Fire Breathing","floor":8},{"not_picked":["Inflame","Spot Weakness"],"picked":"Berserk","floor":10},{"not_picked":["Sword Boomerang","Pommel Strike"],"picked":"Metallicize","floor":11},{"not_picked":["Sword Boomerang","Thunderclap","Iron Wave"],"picked":"SKIP","floor":12},{"not_picked":["Armaments","Clothesline"],"picked":"Havoc","floor":13},{"not_picked":["Carnage","Sever Soul"],"picked":"Seeing Red","floor":14},{"not_picked":["Limit Break","Bludgeon"],"picked":"Berserk","floor":16},{"not_picked":["Perfected Strike","Intimidate"],"picked":"Second Wind","floor":17},{"not_picked":["Combust","Shockwave"],"picked":"Dual Wield","floor":18},{"not_picked":["Disarm","Armaments"],"picked":"Entrench+1","floor":19},{"not_picked":["Infernal Blade","Seeing Red"],"picked":"Pommel Strike","floor":21}],"player_experience":3396505,"relics_obtained":[{"floor":5,"key":"White Beast Statue"},{"floor":9,"key":"Bronze Scales"},{"floor":10,"key":"Odd Mushroom"},{"floor":12,"key":"Kunai"}],"event_choices":[{"damage_healed":0,"gold_gain":0,"player_choice":"Grow","damage_taken":0,"max_hp_gain":0,"max_hp_loss":0,"event_name":"Living Wall","floor":3,"gold_loss":0,"cards_upgraded":["Havoc"]},{"damage_healed":0,"gold_gain":0,"player_choice":"Success","damage_taken":11,"relics_obtained":["Lantern"],"max_hp_gain":0,"max_hp_loss":0,"event_name":"Scrap Ooze","floor":4,"gold_loss":0},{"damage_healed":0,"gold_gain":0,"player_choice":"Fought Mushrooms","damage_taken":0,"max_hp_gain":0,"max_hp_loss":0,"event_name":"Mushrooms","floor":10,"gold_loss":0},{"damage_healed":0,"gold_gain":0,"player_choice":"Joined the Cult","damage_taken":6,"max_hp_gain":0,"max_hp_loss":0,"event_name":"Nest","floor":20,"gold_loss":0,"cards_obtained":["RitualDagger"]}],"is_beta":true,"boss_relics":[{"not_picked":["Black Blood","Coffee Dripper"],"picked":"Tiny House"}],"items_purged_floors":[],"is_endless":false,"potions_floor_spawned":[2,8,10,11,12,13,14,16,18,19,21],"killed_by":"Cultist and Chosen","ascension_level":19}}