{"host":"h5acbxt0wmjo1kpm","time":1612516636,"event":{"mods":["2.2 Compatiblity","Act Like it!","AlwaysNeverKeys","Aspiration","Bard","Bartender","BaseMod","Better Third Choice","Colored Map","Downfall","Elementarium","Gensokyo","GifTheSpireLib","Hallownest","Marisa????????","Menagerie","Minty Spire (QoL Compilation)","Permanent Neow","Potionbrewer","Quick Restart","Relic Filter","Reliquary","Robot Space Explorer","RumiaBox-????????","Shade Mod","Spicy Shops","StSLib","Strawberry Spire","The Blackbeard","The Dragon Tamer","The Gatherer","The Hayseed","The Problem Sleuth","The Servant 0.9.4","Wandering Minibosses","Wide Potions"],"gold_per_floor":[99,119,47,58,58,70,139,153,153,186,186,202,228,238,252,252,252,252],"floor_reached":16,"language":"ENG","playtime":979,"items_purged":[],"score":166,"play_id":"60f49e2e-5396-4877-aa07-556b35e7b8aa","local_time":"20210205011716","is_ascension_mode":true,"campfire_choices":[{"data":"bronze:Goto","floor":1,"key":"SMITH"},{"data":"bronze:FindAndReplace","floor":9,"key":"SMITH"}],"circlet_count":0,"master_deck":["bronze:Strike","bronze:Strike","bronze:Strike","bronze:Defend","bronze:Defend","bronze:Defend","bronze:Replicate","bronze:Goto+1","bronze:CloningBeam","bronze:Iterate","bronze:Boost+1","bronze:SpaghettiCode+1","bronze:DarkDash+1","bronze:SpaghettiCode+1","bronze:SpaghettiCode+1","bronze:SpaghettiCode+1","bronze:SpaghettiCode+1","bronze:SpaghettiCode+1","bronze:Overload","bronze:FindAndReplace+1","bronze:Repulsor","bronze:Refactor","bronze:Repair","bronze:Boost"],"relics":["bronze:BronzeCore","NeowsBlessing","strawberrySpire:GlyphStone","strawberrySpire:BrokenPrinter","Kunai","reliquary:SilkGlove","Lantern"],"acts_visited":["Gensokyo:Gensokyo"],"potions_floor_usage":[12,15,16],"damage_taken":[{"damage":0,"enemies":"Gensokyo:Python","floor":2,"turns":1},{"damage":0,"enemies":"downfall:FleeingMerchant","floor":3,"turns":1},{"damage":0,"enemies":"Gensokyo:3_Fairies","floor":4,"turns":1},{"damage":0,"enemies":"Gensokyo:2_Kodama","floor":6,"turns":2},{"damage":4,"enemies":"Gensokyo:CorruptedTreant","floor":8,"turns":4},{"damage":0,"enemies":"Gensokyo:Mamizou","floor":10,"turns":3},{"damage":6,"enemies":"Gensokyo:Kitsune","floor":12,"turns":5},{"damage":0,"enemies":"Gensokyo:LivingMonolith","floor":14,"turns":2},{"damage":41,"enemies":"Gensokyo:Gryphon_and_Rabbit","floor":15,"turns":8},{"damage":34,"enemies":"DF_ARCHETYPE_STREAMLINE","floor":16,"turns":6}],"seed_played":"8966396047232805638","potions_obtained":[{"floor":4,"key":"bronze:BuildAFunctionPotion"},{"floor":8,"key":"Weak Potion"},{"floor":15,"key":"hexamod:SoulburnPotion"}],"is_trial":false,"path_per_floor":["R","M","$","M","$","M","T","M","R","E","?","M","T","M","M","B"],"character_chosen":"THE_AUTOMATON","items_purchased":["bronze:Boost","strawberrySpire:GlyphStone","strawberrySpire:BrokenPrinter"],"campfire_rested":0,"item_purchase_floors":[3,3,3],"current_hp_per_floor":[70,70,70,70,70,70,70,66,66,66,66,60,60,60,26,6,6,6],"gold":252,"neow_bonus":"THREE_ENEMY_KILL","is_daily":false,"chose_seed":false,"campfire_upgraded":2,"win_rate":0.0,"timestamp":1612516636,"path_taken":["R","M","$","M","?","M","T","M","R","E","?","M","?","?","M","BOSS"],"items_purchased_type":["Card","Relic","Relic"],"build_version":"2020-12-22","purchased_purges":0,"victory":false,"max_hp_per_floor":[70,70,70,70,70,70,70,70,70,70,70,70,70,70,70,70,70,70],"card_choices":[{"not_picked":["bronze:BitShift","bronze:InfiniteBeams"],"picked":"bronze:CloningBeam","floor":2},{"not_picked":["bronze:Turbo","bronze:Deprecate"],"picked":"bronze:Iterate","floor":3},{"not_picked":["bronze:Constructor","bronze:Deprecate"],"picked":"bronze:Overload","floor":4},{"not_picked":["bronze:BuggyMess","bronze:Separator"],"picked":"bronze:FindAndReplace","floor":6},{"not_picked":["bronze:Frontload","bronze:BugBarrage","bronze:CloningBeam"],"picked":"SKIP","floor":8},{"not_picked":["bronze:NullPointer","bronze:BugBarrage"],"picked":"bronze:Repulsor","floor":10},{"not_picked":["bronze:Refactor","bronze:InfiniteBeams","bronze:DelayedSlice"],"picked":"SKIP","floor":12},{"not_picked":["bronze:InfiniteBeams","bronze:DelayedSlice"],"picked":"bronze:Refactor","floor":12},{"not_picked":["bronze:Iterate","bronze:Deprecate"],"picked":"bronze:Repair","floor":14},{"not_picked":["bronze:Iterate","bronze:Shield"],"picked":"bronze:Boost","floor":15}],"player_experience":2666293,"relics_obtained":[{"floor":7,"key":"Kunai"},{"floor":10,"key":"reliquary:SilkGlove"},{"floor":13,"key":"Lantern"}],"event_choices":[],"is_beta":false,"boss_relics":[],"items_purged_floors":[],"is_endless":false,"potions_floor_spawned":[4,8,12,15],"killed_by":"DF_ARCHETYPE_STREAMLINE","ascension_level":2}}