{"host":"eedodlo27pfhzv3w","time":1612513023,"event":{"mods":["BaseMod","Colored Map","Downfall","Jedi Mod","Minty Spire (QoL Compilation)","StSLib","SuperFastMode","The Necromancer"],"gold_per_floor":[99,110,124,70,70,55,55,55,68,84,95,106,55,74,85,85,85,85],"floor_reached":16,"language":"ENG","playtime":768,"items_purged":[],"score":96,"play_id":"fd4eb7dd-7923-4c87-b870-79492f0d3909","local_time":"20210205091703","is_ascension_mode":false,"campfire_choices":[{"floor":1,"key":"RECALL"}],"circlet_count":0,"master_deck":["bronze:Strike","bronze:Strike","bronze:Strike","bronze:Strike","bronze:Defend","bronze:Defend","bronze:Defend","bronze:Defend","bronze:Replicate","bronze:Goto","bronze:Break","bronze:CloningBeam","bronze:Overheat","bronze:FollowUp","bronze:InfiniteBeams+1","bronze:Separator","bronze:DelayedSlice","bronze:DigitalCarnage","bronze:Separator","bronze:GetLatest","bronze:Verify","bronze:DarkDash","bronze:Philosophize","bronze:WhirlingStrike"],"relics":["bronze:BronzeCore","bronze:CableSpool","Lantern"],"acts_visited":["Exordium"],"potions_floor_usage":[6,11,12,15,16],"damage_taken":[{"damage":3,"enemies":"2 Louse","floor":2,"turns":3},{"damage":5,"enemies":"Small Slimes","floor":3,"turns":2},{"damage":0,"enemies":"downfall:FleeingMerchant","floor":4,"turns":4},{"damage":7,"enemies":"downfall:FleeingMerchant","floor":6,"turns":4},{"damage":6,"enemies":"Jaw Worm","floor":9,"turns":2},{"damage":8,"enemies":"Red Slaver","floor":10,"turns":2},{"damage":2,"enemies":"Exordium Thugs","floor":11,"turns":2},{"damage":0,"enemies":"Gremlin Gang","floor":12,"turns":2},{"damage":12,"enemies":"downfall:FleeingMerchant","floor":13,"turns":4},{"damage":0,"enemies":"3 Louse","floor":14,"turns":2},{"damage":3,"enemies":"Lots of Slimes","floor":15,"turns":3},{"damage":26,"enemies":"SI_SHIV_ARCHETYPE","floor":16,"turns":7}],"seed_played":"-2520135934166924279","potions_obtained":[{"floor":2,"key":"jedi:StrikingPotion"},{"floor":3,"key":"Energy Potion"},{"floor":10,"key":"PowerPotion"},{"floor":11,"key":"champ:CounterPotion"},{"floor":14,"key":"Dexterity Potion"}],"is_trial":false,"path_per_floor":["R","M","M","$","?","$","T","?","M","M","M","M","$","M","M","B"],"character_chosen":"THE_AUTOMATON","items_purchased":["bronze:InfiniteBeams","bronze:DarkDash"],"campfire_rested":0,"item_purchase_floors":[4,13],"current_hp_per_floor":[70,67,62,62,62,55,55,55,49,41,39,39,27,27,24,0,0,0],"gold":85,"neow_bonus":"ONE_RANDOM_RARE_CARD","is_daily":false,"chose_seed":false,"campfire_upgraded":0,"win_rate":0.0,"timestamp":1612513023,"path_taken":["R","M","M","$","?","$","T","?","M","M","M","M","?","M","M","BOSS"],"items_purchased_type":["Card","Card"],"build_version":"2020-12-22","purchased_purges":0,"victory":false,"max_hp_per_floor":[70,70,70,70,70,70,70,70,70,70,70,70,70,70,70,70,70,70],"card_choices":[{"not_picked":["bronze:BronzeOrb","bronze:Turbo"],"picked":"bronze:CloningBeam","floor":2},{"not_picked":["bronze:Terminator","bronze:Deprecate"],"picked":"bronze:Overheat","floor":3},{"not_picked":["bronze:DelayedGuard","bronze:FindAndReplace"],"picked":"bronze:FollowUp","floor":4},{"not_picked":["bronze:ForceShield","bronze:Allocate"],"picked":"bronze:Separator","floor":6},{"not_picked":["bronze:CloningBeam","bronze:Shell"],"picked":"bronze:DelayedSlice","floor":9},{"not_picked":["bronze:Philosophize","bronze:Frontload"],"picked":"bronze:DigitalCarnage","floor":10},{"not_picked":["bronze:BuggyMess","bronze:Overload"],"picked":"bronze:Separator","floor":11},{"not_picked":["bronze:Shield","bronze:Flail"],"picked":"bronze:GetLatest","floor":12},{"not_picked":["bronze:Separator","bronze:Optimize"],"picked":"bronze:Verify","floor":13},{"not_picked":["bronze:BuggyMess","bronze:Invalidate"],"picked":"bronze:Philosophize","floor":14},{"not_picked":["bronze:DelayedSlice","bronze:Repulsor"],"picked":"bronze:WhirlingStrike","floor":15}],"player_experience":203778,"relics_obtained":[{"floor":7,"key":"Lantern"}],"event_choices":[{"damage_healed":0,"gold_gain":0,"player_choice":"Grow","damage_taken":0,"max_hp_gain":0,"max_hp_loss":0,"event_name":"Living Wall","floor":8,"gold_loss":0,"cards_upgraded":["bronze:InfiniteBeams"]}],"is_beta":false,"boss_relics":[],"items_purged_floors":[],"is_endless":false,"potions_floor_spawned":[2,3,10,11,14],"killed_by":"SI_SHIV_ARCHETYPE","ascension_level":0}}