{"host":"bpnwh7vpv9k3tssc","time":1612512879,"event":{"mods":["BaseMod","Colored Map","Colored Powertips","Curses Come First","Highlight Path","Minty Spire (QoL Compilation)","Quick Restart","Random Character Button","Relic Sorter","StSLib"],"gold_per_floor":[361,375,375,300,314,314,330,362,362,362,379,394,394,394],"floor_reached":13,"language":"ENG","playtime":296,"items_purged":["Defend_R"],"score":152,"play_id":"215abe68-a764-4f75-ad91-ec202e176a5f","local_time":"20210205091439","is_ascension_mode":true,"campfire_choices":[{"data":"Perfected Strike","floor":6,"key":"SMITH"},{"floor":10,"key":"REST"}],"circlet_count":0,"master_deck":["AscendersBane","Strike_R","Strike_R","Strike_R","Strike_R","Strike_R","Defend_R","Defend_R","Bash","Perfected Strike+1","Thunderclap","Infernal Blade","Warcry","Seeing Red+1","Shrug It Off+1","Entrench+1"],"relics":["Burning Blood","Toxic Egg 2","Sundial"],"acts_visited":["Exordium"],"potions_floor_usage":[8,13],"damage_taken":[{"damage":14,"enemies":"2 Louse","floor":1,"turns":3},{"damage":6,"enemies":"Cultist","floor":2,"turns":3},{"damage":12,"enemies":"Jaw Worm","floor":5,"turns":2},{"damage":0,"enemies":"2 Fungi Beasts","floor":7,"turns":2},{"damage":37,"enemies":"Lagavulin","floor":8,"turns":5},{"damage":8,"enemies":"Blue Slaver","floor":11,"turns":2},{"damage":9,"enemies":"Exordium Wildlife","floor":12,"turns":3},{"damage":29,"enemies":"Gremlin Nob","floor":13,"turns":3}],"seed_played":"4663321350040431819","potions_obtained":[{"floor":7,"key":"ColorlessPotion"},{"floor":8,"key":"ColorlessPotion"}],"is_trial":false,"path_per_floor":["M","M","?","$","M","R","M","E","T","R","M","M","E"],"character_chosen":"IRONCLAD","items_purchased":[],"campfire_rested":1,"item_purchase_floors":[],"current_hp_per_floor":[42,42,42,42,36,36,42,11,11,33,31,28,0,0],"gold":394,"neow_bonus":"TWO_FIFTY_GOLD","is_daily":false,"chose_seed":false,"campfire_upgraded":1,"win_rate":0.0,"timestamp":1612512879,"path_taken":["M","M","?","$","?","R","M","E","T","R","M","M","E"],"items_purchased_type":[],"build_version":"2020-12-22","purchased_purges":1,"victory":false,"max_hp_per_floor":[75,75,75,75,75,75,75,75,75,75,75,75,75,75],"card_choices":[{"not_picked":["Headbutt","Armaments"],"picked":"Perfected Strike","floor":1},{"not_picked":["Metallicize","Sever Soul"],"picked":"Thunderclap","floor":2},{"not_picked":["Evolve","Anger"],"picked":"Infernal Blade","floor":5},{"not_picked":["Body Slam","Clothesline"],"picked":"Warcry","floor":7},{"not_picked":["Bludgeon","Evolve"],"picked":"Seeing Red+1","floor":8},{"not_picked":["Body Slam","Searing Blow"],"picked":"Shrug It Off+1","floor":11},{"not_picked":["Evolve","Battle Trance+1"],"picked":"Entrench+1","floor":12}],"player_experience":352851,"relics_obtained":[{"floor":8,"key":"Toxic Egg 2"},{"floor":9,"key":"Sundial"}],"event_choices":[{"cards_removed":["Defend_R"],"damage_healed":0,"gold_gain":0,"player_choice":"Purged","damage_taken":0,"max_hp_gain":0,"max_hp_loss":0,"event_name":"Purifier","floor":3,"gold_loss":0}],"is_beta":false,"boss_relics":[],"items_purged_floors":[4],"is_endless":false,"potions_floor_spawned":[7,8],"killed_by":"Gremlin Nob","ascension_level":15}}