{"host":"44szraw8fc5x6fuf","time":1612563065,"event":{"mods":["100% Spire Juice","2.2 Compatiblity","Act Like it!","Arknights","Aspiration","BaseMod","Better Altar","Better Match","Better Note","Better Sensory Stone","Better Skull","Better Third Choice","CapriCore","Chen","Colored Map","Conspire","Gensokyo","Hermit","Highlight Path","Koishi","KomeijiMod","Lobotomy","LobotomyExtend","MarisaÅiñ∂âJÅ@ñÇóùçπÅj","Minty Spire (QoL Compilation)","Onozuka Komachi Mod","Pale of the Ancients","Permanent Neow","Rare Cards Sparkle","ReimuÅiîé??öÎÅj","Reliquary","Replay The Spire","Spicy Shops","Spire Arcade","StSLib","The Administrix","The Disciple","The Immortal","TheFirefly","Yakumo Yukari mod","Yuyuko","Åy?ï®?îvÅzREMEMod"],"gold_per_floor":[171,36,50,50,63,90,40,40,40,153,153,0,0,0,0,100,100,142,73,73,473,519,519,570,570,615,670,41,41,41,56,56,161,161,195,195,259,280,316,347,347,383,383,383,28,28,28,28,28,47,47],"floor_reached":52,"language":"ENG","playtime":2622,"items_purged":[],"score":919,"play_id":"7fb056b3-bb47-4902-b7a5-a4509621c1ad","local_time":"20210205171105","is_ascension_mode":true,"campfire_choices":[{"data":"BlazeAway","floor":8,"key":"SMITH"},{"floor":11,"key":"REST"},{"data":"Absorbed","floor":13,"key":"SMITH"},{"data":"Scratch","floor":15,"key":"SMITH"},{"data":"QueenOfMidnight","floor":23,"key":"SMITH"},{"floor":25,"key":"REST"},{"floor":29,"key":"REST"},{"floor":32,"key":"REST"},{"data":"REME_MawOfCthun","floor":41,"key":"SMITH"},{"floor":47,"key":"REST"},{"floor":49,"key":"REST"}],"circlet_count":0,"master_deck":["Strike_Remiria","Strike_Remiria","Strike_Remiria","Strike_Remiria","Defend_Remirira","Defend_Remirira","Scratch+1","BlazeAway+1","Cripple","Clumsy","conspire:SpireCoStock","YoungDemonLord","QueenOfMidnight+1","AbeCurse","Feint","Impregnable","Gensokyo:FourOfAKind","Gensokyo:FourOfAKind","Gensokyo:FourOfAKind","Gensokyo:FourOfAKind","RocketKickup","NightDance+1","REME_MawOfCthun+1","Impregnable+1","BloodySuit+1","MillenniumVampire","Tearing","BombardNight","Gensokyo:RedCapeBlueCape","Pot Of Greed","Pot Of Greed","Pot Of Greed","DamonLordCradle_Remiria+1"],"relics":["ThirstyCrossSpe","REME_ComplimentaryCards","aspiration:DSix","LetterFromLob","Gensokyo:NagashiBinaDoll","Singing Bowl","ReplayTheSpireMod:Ninjato","Dream Catcher","Frozen Eye","Abe\u0027s Treasure","Happy Flower","PureWhite:ReiMu","Replay:Baseball","reliquary:FerryPass","aspiration:Lifesprig","Lantern","Replay:Mystery Machine","aspiration:FutureDiary","aspiration:ChemicalBlood","Pantograph","Unceasing Top","Bag of Preparation","Ice Cream","REME_CardOfGreed","Grinning Jar"],"acts_visited":["Gensokyo:Gensokyo","Gensokyo:Gensokyoer","Gensokyo:Gensokyoest"],"potions_floor_usage":[16,24,27,50],"damage_taken":[{"damage":4,"enemies":"Gensokyo:2_Kodama","floor":1,"turns":4},{"damage":2,"enemies":"Gensokyo:3_Fairies","floor":3,"turns":4},{"damage":1,"enemies":"Gensokyo:Gryphon","floor":5,"turns":4},{"damage":15,"enemies":"Gensokyo:Mamizou","floor":6,"turns":8},{"damage":54,"enemies":"Gensokyo:Kokoro","floor":16,"turns":11},{"damage":13,"enemies":"Gensokyo:CosmicMonolith","floor":18,"turns":6},{"damage":8,"enemies":"Gensokyo:Chomper","floor":22,"turns":4},{"damage":26,"enemies":"Gensokyo:Tenshi","floor":24,"turns":4},{"damage":32,"enemies":"Gensokyo:Reisen","floor":27,"turns":7},{"damage":15,"enemies":"Gensokyo:Slime_Group","floor":31,"turns":3},{"damage":8,"enemies":"Gensokyo:Eiki","floor":33,"turns":7},{"damage":20,"enemies":"Gensokyo:AncientGuardian","floor":35,"turns":18},{"damage":0,"enemies":"Gensokyo:3_Boulders","floor":38,"turns":7},{"damage":0,"enemies":"Gensokyo:AtlasGolem","floor":39,"turns":3},{"damage":4,"enemies":"Gensokyo:Marisa","floor":40,"turns":4},{"damage":19,"enemies":"Gensokyo:Doremy","floor":42,"turns":5},{"damage":17,"enemies":"Gensokyo:Shinki","floor":50,"turns":9}],"seed_played":"3881232970882736053","potions_obtained":[{"floor":1,"key":"Weak Potion"},{"floor":6,"key":"GamblersBrew"},{"floor":16,"key":"Milkshake"},{"floor":22,"key":"Fire Potion"},{"floor":27,"key":"UndeadPotion"},{"floor":31,"key":"Weak Potion"},{"floor":35,"key":"Weak Potion"},{"floor":40,"key":"DistilledChaos"}],"is_trial":false,"path_per_floor":["M","COS","M","?","M","E","?","R","T","?","R","$","R","M","R","B",null,"M","$","?","?","M","R","E","R","T","E","$","R","?","M","R","B",null,"M","?","?","M","M","E","R","E","T","T","COS","?","R","$","R","B",null,null],"character_chosen":"RemiriaScarlet","items_purchased":["Frozen Eye","Impregnable","REME_MawOfCthun","reliquary:FerryPass","aspiration:Lifesprig","Lantern"],"campfire_rested":6,"item_purchase_floors":[12,19,28,28,28,28],"current_hp_per_floor":[96,96,94,94,93,80,80,80,80,50,80,80,80,102,102,48,102,89,89,72,72,64,64,40,64,64,32,32,56,56,41,62,54,72,58,58,29,37,39,41,41,28,28,28,28,28,54,54,78,78,78],"gold":47,"neow_bonus":"DSIX","is_daily":false,"chose_seed":false,"campfire_upgraded":5,"win_rate":0.0,"timestamp":1612563065,"path_taken":["M","COS","M","?","M","E","?","R","T","?","R","$","R","M","R","BOSS","M","?","?","?","M","R","E","R","T","E","?","R","?","M","R","BOSS","M","?","?","M","?","E","R","E","T","?","COS","?","R","$","R","BOSS"],"items_purchased_type":["Relic","Card","Card","Relic","Relic","Card"],"build_version":"2020-12-22","purchased_purges":0,"victory":true,"max_hp_per_floor":[100,100,100,100,100,102,102,102,102,102,102,102,102,102,102,102,102,102,102,72,72,72,72,74,76,76,76,76,78,72,72,72,72,72,74,74,74,74,76,78,78,80,80,80,80,80,82,82,82,82,82],"card_choices":[{"not_picked":["FierceSweep","StigmaNizer","TricksterDevil"],"picked":"SKIP","floor":1},{"not_picked":["DamonLordCradle_Remiria","DoubleEdge"],"picked":"Cripple","floor":3},{"not_picked":["FierceSweep","SeparateFleshBlood","BloodSurge"],"picked":"SKIP","floor":5},{"not_picked":["TricksterDevil","Reaper_Remiria","BloodSurge"],"picked":"Singing Bowl","floor":6},{"not_picked":["PainBurst","BloodyMagicSquare"],"picked":"YoungDemonLord","floor":11},{"not_picked":["MiserableFate_Remiria","AllTheWorldInNightmare"],"picked":"QueenOfMidnight","floor":16},{"not_picked":["StigmaNizer","BloodySuit"],"picked":"Feint","floor":18},{"not_picked":["FastHealing","BloodCollect+1"],"picked":"RocketKickup","floor":22},{"not_picked":["TrickFate","StigmaNizer","DamonLordCradle_Remiria"],"picked":"Singing Bowl","floor":24},{"not_picked":["Warpath+1","BloodyMagicSquare","BloodCleaner"],"picked":"Singing Bowl","floor":25},{"not_picked":["BloodPact","NaturallyHealing+1"],"picked":"NightDance+1","floor":27},{"not_picked":["BloodCollect","FierceSweep","ScarletNetherworld"],"picked":"Singing Bowl","floor":29},{"not_picked":["BloodSurge","DoubleEdge+1"],"picked":"Impregnable+1","floor":31},{"not_picked":["StigmaNizer","Offensive"],"picked":"BloodySuit+1","floor":32},{"not_picked":["QueenOfMidnight","AllTheWorldInNightmare"],"picked":"MillenniumVampire","floor":33},{"not_picked":["Cripple+1","ServantFlier","DamonLordCradle_Remiria"],"picked":"Singing Bowl","floor":35},{"not_picked":["ThirstForBlood+1","FastHealing+1"],"picked":"Tearing","floor":37},{"not_picked":["Warpath+1","TrickFate+1"],"picked":"BombardNight","floor":38},{"not_picked":["DemonsDinnerFork_Remiria","RocketKickup+1","FastHealing+1"],"picked":"Singing Bowl","floor":39},{"not_picked":["Culling+1","BodyStrengthen+1","FierceSweep"],"picked":"Singing Bowl","floor":40},{"not_picked":["RocketKickup","BodyStrengthen","DoubleEdge"],"picked":"Singing Bowl","floor":42},{"not_picked":["NaturallyHealing","BloodSurge","Reaper_Remiria"],"picked":"Singing Bowl","floor":47},{"not_picked":["Paradox+1","BloodCleaner+1"],"picked":"DamonLordCradle_Remiria+1","floor":49}],"player_experience":234785,"relics_obtained":[{"floor":1,"key":"LetterFromLob"},{"floor":6,"key":"ReplayTheSpireMod:Ninjato"},{"floor":24,"key":"Happy Flower"},{"floor":26,"key":"PureWhite:ReiMu"},{"floor":27,"key":"Replay:Baseball"},{"floor":37,"key":"aspiration:ChemicalBlood"},{"floor":40,"key":"Pantograph"},{"floor":42,"key":"Unceasing Top"},{"floor":43,"key":"Bag of Preparation"},{"floor":44,"key":"Ice Cream"}],"event_choices":[{"damage_healed":0,"gold_gain":0,"player_choice":"Invest 1","damage_taken":0,"max_hp_gain":0,"max_hp_loss":0,"event_name":"conspire:Investor","floor":7,"gold_loss":0},{"damage_healed":0,"gold_gain":113,"player_choice":"GO RE ","damage_taken":33,"relics_obtained":["Dream Catcher"],"max_hp_gain":0,"max_hp_loss":0,"event_name":"betterSkull:BetterSkull","floor":10,"gold_loss":0,"cards_upgraded":[]}],"is_beta":false,"boss_relics":[{"not_picked":["Kintsugi","Astrolabe"],"picked":"Abe\u0027s Treasure"},{"not_picked":["REME_DemonsWealth","REME_DuelDisc"],"picked":"aspiration:FutureDiary"}],"items_purged_floors":[],"is_endless":false,"potions_floor_spawned":[1,6,16,22,27,31,33,35,40,42],"ascension_level":1}}