{"host":"ceheqh86fk4eo7wc","time":1612538701,"event":{"mods":["Aspiration","BaseMod","BetterRewards","Conspire","Downfall","Hermit","Hubris","Infinite Spire","Marisa????????","Minty Spire (QoL Compilation)","READ ME - Snecko Mod","Replay The Spire","StSLib","The Administrix","The Animator","The Cursed","The Poker Player","The Servant 0.9.4","slay the spire mod where everything is the same but ironclad has a cowboy hat"],"gold_per_floor":[109,75,87,105,10,10,26,26,72,72,72,84,99,117,117,212,262,276,290,290,15,26,26,42,42,42,42,42,58,73,73,73,169,169,180,180,180,200,200,200],"floor_reached":39,"language":"ENG","playtime":2115,"items_purged":[],"score":375,"play_id":"7f8c7503-0469-4fe1-9a73-ae2f779e6ecd","local_time":"20210205072501","is_ascension_mode":false,"campfire_choices":[{"data":"Swift Strike","floor":6,"key":"SMITH"},{"floor":15,"key":"REST"},{"floor":23,"key":"REST"},{"data":"Sever Soul","floor":28,"key":"SMITH"},{"floor":32,"key":"REST"}],"circlet_count":0,"master_deck":["Strike_R","Strike_R","Strike_R","Strike_R+1","Strike_R","Defend_R+1","Defend_R","Defend_R+1","Defend_R","Bash","Demon Form+1","hubris:ReadiedAction","Clash+1","Spot Weakness","Replay:Undeath\u0027s Touch","Swift Strike+1","Cleave","Replay:Undeath\u0027s Touch","PanicButton","Infernal Blade+1","Sever Soul+1","Limit Break","Spot Weakness","Wild Strike","Bloodletting","Pommel Strike","Replay:Undeath\u0027s Touch","Wild Strike","hubris:StunningStrike","Wild Strike","Feed","Spot Weakness+1","PanicButton"],"relics":["Burning Blood","Bag of Preparation","Tiny House","aspiration:FrozenJewel","Simple Rune","hubris:HollowSoul"],"acts_visited":["Exordium","TheCity","TheBeyond"],"potions_floor_usage":[12,16,16,16,22,24,24,24,39],"damage_taken":[{"damage":2,"enemies":"Small Slimes","floor":1,"turns":4},{"damage":0,"enemies":"2 Louse","floor":3,"turns":2},{"damage":0,"enemies":"Cultist","floor":4,"turns":2},{"damage":26,"enemies":"Gremlin Gang","floor":7,"turns":4},{"damage":20,"enemies":"conspire:2 RoseBushes","floor":12,"turns":5},{"damage":2,"enemies":"2 Fungi Beasts","floor":13,"turns":2},{"damage":5,"enemies":"3 Louse","floor":14,"turns":3},{"damage":49,"enemies":"Hexaghost","floor":16,"turns":6},{"damage":22,"enemies":"Shell Parasite","floor":18,"turns":3},{"damage":30,"enemies":"conspire:FuzzyDice","floor":19,"turns":5},{"damage":22,"enemies":"Snecko","floor":22,"turns":5},{"damage":6,"enemies":"Cultist and Chosen","floor":24,"turns":4},{"damage":19,"enemies":"Snake Plant","floor":29,"turns":3},{"damage":20,"enemies":"conspire:HollyBat","floor":30,"turns":8},{"damage":27,"enemies":"hubris:MusketHawk","floor":33,"turns":7},{"damage":13,"enemies":"Orb Walker","floor":35,"turns":3},{"damage":48,"enemies":"infinitespire:Three Voidlings","floor":36,"turns":5},{"damage":35,"enemies":"3 Shapes","floor":38,"turns":4},{"damage":0,"enemies":"Sphere and 2 Shapes","floor":39,"turns":1}],"seed_played":"6119284734726387164","potions_obtained":[{"floor":1,"key":"Strength Potion"},{"floor":7,"key":"Block Potion"},{"floor":13,"key":"Adrenaline Potion"},{"floor":14,"key":"Toxic Potion"},{"floor":17,"key":"Explosive Potion"},{"floor":18,"key":"SteroidPotion"},{"floor":19,"key":"ColorlessPotion"},{"floor":22,"key":"bronze:BurnAndBuffPotion"},{"floor":38,"key":"BlessingOfTheForge"}],"is_trial":false,"path_per_floor":["M","$","M","M","$","R","M","?","T","?","?","M","M","M","R","B",null,"M","M","?","$","M","R","M","?","T","$","R","M","M","?","R","B",null,"M","?","?","M","M"],"character_chosen":"IRONCLAD","items_purchased":["Clash+1","Swift Strike","aspiration:FrozenJewel","Bloodletting"],"campfire_rested":3,"item_purchase_floors":[2,5,21,21],"current_hp_per_floor":[80,80,80,80,80,80,60,60,60,60,60,46,50,51,75,32,85,69,45,45,45,29,54,54,82,82,82,82,69,55,55,80,59,85,78,49,49,23,17,17],"gold":200,"neow_bonus":"ONE_RANDOM_RARE_CARD","is_daily":false,"chose_seed":false,"campfire_upgraded":2,"win_rate":0.0,"timestamp":1612538701,"path_taken":["M","$","M","M","$","R","M","?","T","?","?","?","M","M","R","BOSS","M","?","?","$","?","R","M","?","T","$","R","M","M","?","R","BOSS","M","?","?","M","M"],"items_purchased_type":["Card","Card","Relic","Card"],"build_version":"2020-12-22","purchased_purges":0,"victory":false,"max_hp_per_floor":[80,80,80,80,80,80,80,80,80,80,80,80,80,80,80,80,85,85,85,85,85,85,85,85,85,85,85,85,85,85,85,85,85,85,85,85,85,88,17,17],"card_choices":[{"not_picked":["ReplayTheSpireMod:Strike From Hell","Run Through"],"picked":"hubris:ReadiedAction","floor":1},{"not_picked":["Sever Soul","ReplayReversal"],"picked":"Spot Weakness","floor":3},{"not_picked":["Sword Boomerang","Shrug It Off"],"picked":"Replay:Undeath\u0027s Touch","floor":4},{"not_picked":["Sever Soul","Defy Death"],"picked":"Cleave","floor":7},{"not_picked":["Body Slam","True Grit"],"picked":"Infernal Blade","floor":12},{"not_picked":["Cleave","Dropkick","Warcry"],"picked":"SKIP","floor":13},{"not_picked":["Body Slam","Evolve"],"picked":"Sever Soul","floor":14},{"not_picked":["Replay:Many Hands","conspire:Purge"],"picked":"Limit Break","floor":16},{"not_picked":["Sword Boomerang","Body Slam"],"picked":"Spot Weakness","floor":17},{"not_picked":["Run Through","ReplayTheSpireMod:Limb From Limb"],"picked":"Wild Strike","floor":18},{"not_picked":["conspire:ExplosiveBarrier","Body Slam"],"picked":"Warcry","floor":19},{"not_picked":["Run Through","ReplayTheSpireMod:Muscle Training"],"picked":"Pommel Strike","floor":22},{"not_picked":["Battle Trance","True Grit"],"picked":"Replay:Undeath\u0027s Touch","floor":24},{"not_picked":["Rampage","Defy Death+1"],"picked":"Wild Strike","floor":29},{"not_picked":["Run Through","Sword Boomerang"],"picked":"Feel No Pain+1","floor":30},{"not_picked":["Exhume","Corruption"],"picked":"Feed","floor":33},{"not_picked":["Warcry","Dual Wield+1"],"picked":"Spot Weakness+1","floor":35},{"not_picked":["Dark Embrace+1","Body Slam","Iron Wave+1"],"picked":"SKIP","floor":38}],"player_experience":71804,"relics_obtained":[{"floor":9,"key":"Bag of Preparation"},{"floor":26,"key":"Simple Rune"}],"event_choices":[{"damage_healed":0,"gold_gain":0,"player_choice":"Disagree","damage_taken":0,"max_hp_gain":0,"max_hp_loss":0,"event_name":"conspire:LoneGhost","floor":10,"gold_loss":0},{"damage_healed":0,"gold_gain":0,"player_choice":"2 cards matched","damage_taken":0,"max_hp_gain":0,"max_hp_loss":0,"event_name":"Match and Keep!","floor":11,"gold_loss":0,"cards_obtained":["Replay:Undeath\u0027s Touch","PanicButton"]},{"damage_healed":0,"gold_gain":0,"player_choice":"Upgraded","damage_taken":0,"max_hp_gain":0,"max_hp_loss":0,"event_name":"Upgrade Shrine","floor":20,"gold_loss":0,"cards_upgraded":["Infernal Blade"]},{"damage_healed":28,"gold_gain":0,"player_choice":"Heal","damage_taken":0,"max_hp_gain":0,"max_hp_loss":0,"event_name":"The Library","floor":25,"gold_loss":0},{"damage_healed":0,"gold_gain":0,"cards_transformed":["Feel No Pain","Warcry"],"player_choice":"Became Test Subject","damage_taken":0,"max_hp_gain":0,"max_hp_loss":0,"event_name":"Drug Dealer","floor":31,"gold_loss":0,"cards_obtained":["hubris:StunningStrike","Wild Strike"]},{"damage_healed":0,"gold_gain":0,"player_choice":"Copied","damage_taken":0,"max_hp_gain":0,"max_hp_loss":0,"event_name":"Duplicator","floor":37,"gold_loss":0,"cards_obtained":["PanicButton"]}],"is_beta":false,"boss_relics":[{"not_picked":["Velvet Choker","Sozu"],"picked":"Tiny House"},{"not_picked":["Philosopher\u0027s Stone","Ooze Armor"],"picked":"hubris:HollowSoul"}],"items_purged_floors":[],"is_endless":false,"potions_floor_spawned":[1,7,13,14,18,19,22,36,38],"killed_by":"Sphere and 2 Shapes","ascension_level":0}}