{"host":"gknpnudn4hog7rzv","time":1612512988,"event":{"mods":["BaseMod","BetterRewards","Downfall","Hermit","Minty Spire (QoL Compilation)","Robot Space Explorer","StSLib","The Bladedancer","The Bug Knight","The Necromancer"],"gold_per_floor":[118,131,146,146,160,174,199,199,223,67,67,45,61,8,8,109,109,126,139,14,14,26,36,36,116,143,163,262,262,262,289,289,387,387,397,447,464,475,492,492,7,39,65,79,79,103,103,103,103,103],"floor_reached":51,"language":"ENG","playtime":1589,"items_purged":["RobotSpaceExplorer:DualCore"],"score":747,"play_id":"b205e4ed-6ba9-4932-b27e-f8e4fb6d1b0c","local_time":"20210205011628","is_ascension_mode":false,"campfire_choices":[{"data":"RobotSpaceExplorer:PlasmaMissile","floor":8,"key":"SMITH"},{"floor":11,"key":"REST"},{"floor":15,"key":"REST"},{"floor":24,"key":"REST"},{"floor":29,"key":"REST"},{"floor":32,"key":"REST"},{"floor":40,"key":"REST"},{"data":"RobotSpaceExplorer:Comet","floor":45,"key":"SMITH"},{"data":"RobotSpaceExplorer:Pulsar","floor":49,"key":"SMITH"}],"circlet_count":0,"master_deck":["RobotSpaceExplorer:Strike","RobotSpaceExplorer:Strike","RobotSpaceExplorer:Strike","RobotSpaceExplorer:Strike","RobotSpaceExplorer:Defend","RobotSpaceExplorer:Defend","RobotSpaceExplorer:Defend","RobotSpaceExplorer:Defend","RobotSpaceExplorer:Scan","RobotSpaceExplorer:MiniLasers","RobotSpaceExplorer:MiniDrones","RobotSpaceExplorer:ShovelStrike","RobotSpaceExplorer:PlasmaMissile+1","RobotSpaceExplorer:Pulsar+1","RobotSpaceExplorer:ScrapMissile","RobotSpaceExplorer:Comet+1","RobotSpaceExplorer:Pulsar","downfall:Haunted","downfall:Haunted","RobotSpaceExplorer:MiniDrones+1","RobotSpaceExplorer:StarLightning+1","RobotSpaceExplorer:MiniDrones+1","RobotSpaceExplorer:ScrapMissile+1","RobotSpaceExplorer:MiniDrones+1","RobotSpaceExplorer:MiniDrones+1","RobotSpaceExplorer:PlasmaMissile+1"],"relics":["RobotSpaceExplorer:TurboCore","HollowMod:LifeEnderRelic","Smiling Mask","Tiny Chest","RobotSpaceExplorer:Reprocessor","Du-Vu Doll","Molten Egg 2","Regal Pillow","Bottled Lightning","Akabeko","Thread and Needle","Bronze Scales","Gremlin Horn","Lantern","Blood Vial","Happy Flower"],"acts_visited":["Exordium","TheCity","TheBeyond"],"potions_floor_usage":[3,7,16,18,19,22,23,35,38,42,50],"damage_taken":[{"damage":0,"enemies":"Small Slimes","floor":1,"turns":3},{"damage":10,"enemies":"Jaw Worm","floor":2,"turns":5},{"damage":0,"enemies":"2 Louse","floor":3,"turns":4},{"damage":7,"enemies":"Looter","floor":5,"turns":4},{"damage":9,"enemies":"3 Louse","floor":6,"turns":4},{"damage":21,"enemies":"Gremlin Nob","floor":7,"turns":4},{"damage":7,"enemies":"Red Slaver","floor":13,"turns":3},{"damage":47,"enemies":"Slime Boss","floor":16,"turns":8},{"damage":15,"enemies":"3 Byrds","floor":18,"turns":4},{"damage":9,"enemies":"2 Thieves","floor":19,"turns":3},{"damage":28,"enemies":"Shelled Parasite and Fungi","floor":22,"turns":6},{"damage":6,"enemies":"3 Cultists","floor":23,"turns":3},{"damage":32,"enemies":"Snecko","floor":27,"turns":5},{"damage":14,"enemies":"Gremlin Leader","floor":31,"turns":6},{"damage":49,"enemies":"Automaton","floor":33,"turns":8},{"damage":0,"enemies":"3 Darklings","floor":35,"turns":2},{"damage":15,"enemies":"Mind Bloom Boss Battle","floor":36,"turns":6},{"damage":9,"enemies":"Orb Walker","floor":37,"turns":3},{"damage":0,"enemies":"Transient","floor":38,"turns":5},{"damage":0,"enemies":"3 Darklings","floor":39,"turns":2},{"damage":0,"enemies":"HollowMod:StalkingDevout","floor":42,"turns":4},{"damage":0,"enemies":"Jaw Worm Horde","floor":44,"turns":2},{"damage":23,"enemies":"Awakened One","floor":50,"turns":10}],"seed_played":"-195177520168830336","potions_obtained":[{"floor":2,"key":"LiquidMemories"},{"floor":3,"key":"Dexterity Potion"},{"floor":5,"key":"FearPotion"},{"floor":16,"key":"SneckoOil"},{"floor":18,"key":"Guardian:BlockOnCardUsePotion"},{"floor":22,"key":"RobotSpaceExplorer:PlasmaFlask"},{"floor":23,"key":"SneckoOil"},{"floor":31,"key":"BlessingOfTheForge"},{"floor":36,"key":"hexamod:SoulburnPotion"},{"floor":39,"key":"RobotSpaceExplorer:RecyclePotion"},{"floor":42,"key":"Guardian:BlockOnCardUsePotion"}],"is_trial":false,"path_per_floor":["M","M","M","?","M","M","E","R","T","$","R","?","M","$","R","B",null,"M","M","$","?","M","M","R","T","T","M","?","R","T","E","R","B",null,"M","?","M","M","M","R","$","E","T","M","R","T","?","?","R","B",null],"character_chosen":"RobotSpaceExplorer","items_purchased":["Tiny Chest","RobotSpaceExplorer:ScrapMissile","RobotSpaceExplorer:Pulsar","AttackPotion","Bronze Scales","Gremlin Horn","RobotSpaceExplorer:PlasmaMissile+1"],"campfire_rested":6,"item_purchase_floors":[10,14,20,20,41,41,41],"current_hp_per_floor":[82,72,72,72,65,56,35,35,35,35,59,59,52,52,76,29,82,67,58,58,58,30,24,48,48,48,16,16,55,55,41,80,31,82,82,67,58,58,58,82,82,82,82,82,82,82,82,82,82,59],"gold":103,"neow_bonus":"TEN_PERCENT_HP_BONUS","is_daily":false,"chose_seed":false,"campfire_upgraded":3,"win_rate":0.0,"timestamp":1612512988,"path_taken":["M","M","M","?","M","M","E","R","T","$","R","?","M","?","R","BOSS","M","M","$","?","M","M","R","?","T","M","?","R","?","E","R","BOSS","M","?","M","M","M","R","$","E","T","M","R","?","?","?","R","BOSS"],"items_purchased_type":["Relic","Card","Card","Potion","Relic","Relic","Card"],"build_version":"2020-12-22","purchased_purges":1,"victory":true,"max_hp_per_floor":[82,82,82,82,82,82,82,82,82,82,82,82,82,82,82,82,82,82,82,82,82,82,82,82,82,82,82,82,82,82,82,82,82,82,82,82,82,82,82,82,82,82,82,82,82,82,82,82,82,82],"card_choices":[{"not_picked":["RobotSpaceExplorer:SurgingStrike","RobotSpaceExplorer:SwiftStep"],"picked":"RobotSpaceExplorer:DualCore","floor":1},{"not_picked":["RobotSpaceExplorer:GlueSpray","RobotSpaceExplorer:FrostMissile"],"picked":"RobotSpaceExplorer:MiniDrones","floor":2},{"not_picked":["RobotSpaceExplorer:Ammunition","RobotSpaceExplorer:Discharger"],"picked":"RobotSpaceExplorer:ShovelStrike","floor":3},{"not_picked":["RobotSpaceExplorer:Electroshield","RobotSpaceExplorer:ScrapShield","RobotSpaceExplorer:ShockKick"],"picked":"SKIP","floor":5},{"not_picked":["RobotSpaceExplorer:ImprovisedAttack","RobotSpaceExplorer:Counterblock"],"picked":"RobotSpaceExplorer:StunGrenade","floor":6},{"not_picked":["RobotSpaceExplorer:DoubleBlock","RobotSpaceExplorer:ShovelStrike"],"picked":"RobotSpaceExplorer:PlasmaMissile","floor":7},{"not_picked":["RobotSpaceExplorer:SwiftStep","RobotSpaceExplorer:ScrapMissile"],"picked":"RobotSpaceExplorer:Pulsar","floor":13},{"not_picked":["RobotSpaceExplorer:Explosion","RobotSpaceExplorer:Scanner"],"picked":"RobotSpaceExplorer:Comet","floor":16},{"not_picked":["RobotSpaceExplorer:FrostMissile","RobotSpaceExplorer:SurgingShield","RobotSpaceExplorer:ScrapMissile"],"picked":"SKIP","floor":18},{"not_picked":["RobotSpaceExplorer:Ammunition+1","RobotSpaceExplorer:TurboDodge","RobotSpaceExplorer:SlimeMissile"],"picked":"SKIP","floor":19},{"not_picked":["RobotSpaceExplorer:MakeshiftVolley","RobotSpaceExplorer:ImprovisedAttack"],"picked":"RobotSpaceExplorer:MiniDrones+1","floor":22},{"not_picked":["RobotSpaceExplorer:Probe","RobotSpaceExplorer:Pulsar"],"picked":"RobotSpaceExplorer:StarLightning+1","floor":23},{"not_picked":["RobotSpaceExplorer:Reload+1","RobotSpaceExplorer:PowerCollector"],"picked":"RobotSpaceExplorer:MiniDrones+1","floor":27},{"not_picked":["RobotSpaceExplorer:TurboDodge","RobotSpaceExplorer:ShovelStrike+1","RobotSpaceExplorer:IronShell"],"picked":"SKIP","floor":31},{"not_picked":["RobotSpaceExplorer:ImprovisedAttack+1","RobotSpaceExplorer:DualCore+1","RobotSpaceExplorer:PowerGlove+1"],"picked":"SKIP","floor":35},{"not_picked":["RobotSpaceExplorer:Fix","RobotSpaceExplorer:FranticSearch+1"],"picked":"RobotSpaceExplorer:ScrapMissile+1","floor":36},{"not_picked":["RobotSpaceExplorer:SlimeMissile+1","RobotSpaceExplorer:Electroshield+1"],"picked":"RobotSpaceExplorer:MiniDrones+1","floor":37},{"not_picked":["RobotSpaceExplorer:Smokescreen+1","RobotSpaceExplorer:DoubleBlock+1","RobotSpaceExplorer:ExhaustFan+1"],"picked":"SKIP","floor":38},{"not_picked":["RobotSpaceExplorer:FranticSearch","RobotSpaceExplorer:Counterblock"],"picked":"RobotSpaceExplorer:MiniDrones+1","floor":39},{"not_picked":["RobotSpaceExplorer:LuckyStrike+1","RobotSpaceExplorer:Jetpack","RobotSpaceExplorer:FranticSearch"],"picked":"SKIP","floor":42},{"not_picked":["RobotSpaceExplorer:SurgingStrike+1","RobotSpaceExplorer:LaserBurst+1","RobotSpaceExplorer:Wormhole"],"picked":"SKIP","floor":44}],"player_experience":371103,"relics_obtained":[{"floor":7,"key":"HollowMod:LifeEnderRelic"},{"floor":9,"key":"Smiling Mask"},{"floor":25,"key":"Molten Egg 2"},{"floor":26,"key":"Regal Pillow"},{"floor":30,"key":"Bottled Lightning"},{"floor":31,"key":"Akabeko"},{"floor":36,"key":"Thread and Needle"},{"floor":42,"key":"Lantern"},{"floor":43,"key":"Blood Vial"},{"floor":46,"key":"Happy Flower"}],"event_choices":[{"damage_healed":0,"gold_gain":0,"player_choice":"Ignored","damage_taken":0,"max_hp_gain":0,"max_hp_loss":0,"event_name":"Golden Wing","floor":4,"gold_loss":0},{"damage_healed":0,"gold_gain":0,"player_choice":"Left Gold","damage_taken":0,"max_hp_gain":0,"max_hp_loss":0,"event_name":"World of Goop","floor":12,"gold_loss":22},{"damage_healed":0,"gold_gain":99,"player_choice":"Stole From Cult","damage_taken":0,"max_hp_gain":0,"max_hp_loss":0,"event_name":"Nest","floor":28,"gold_loss":0},{"damage_healed":0,"gold_gain":0,"player_choice":"Fight","damage_taken":0,"max_hp_gain":0,"max_hp_loss":0,"event_name":"MindBloom","floor":36,"gold_loss":0},{"damage_healed":0,"gold_gain":0,"player_choice":"Ignored","damage_taken":0,"max_hp_gain":0,"max_hp_loss":0,"event_name":"Tomb of Lord Red Mask","floor":47,"gold_loss":0},{"cards_removed":["RobotSpaceExplorer:StunGrenade"],"damage_healed":0,"gold_gain":0,"player_choice":"Removed Attack","damage_taken":0,"max_hp_gain":0,"max_hp_loss":0,"event_name":"Falling","floor":48,"gold_loss":0}],"is_beta":false,"boss_relics":[{"not_picked":["SacredBark","Snecko Eye"],"picked":"RobotSpaceExplorer:Reprocessor"},{"not_picked":["Busted Crown","Runic Pyramid"],"picked":"RobotSpaceExplorer:TurboCore"}],"items_purged_floors":[20],"is_endless":false,"potions_floor_spawned":[2,3,5,16,18,22,23,31,36,39,42],"ascension_level":0}}