{"host":"k5yjj86hwv5qv2gx","time":1612500799,"event":{"mods":["BaseMod","BetterRewards","Minty Spire (QoL Compilation)","StSLib"],"gold_per_floor":[118,137,98,98,98,98,125,138,162,195,195,209,484,518,518,595,595,610,620,634,661,661,687,687,706,729,742,776,8,8,24,24,101,101,118,130,156,211,227,254,267,267,267],"floor_reached":42,"language":"ENG","playtime":1588,"items_purged":["Strike_G","Strike_G","Strike_G","Strike_G","Strike_G","Defend_G"],"score":1601,"play_id":"8a1492a7-8d11-4bc8-b26c-52955d2158b9","local_time":"20210204205319","is_ascension_mode":true,"campfire_choices":[{"data":"1","floor":6,"key":"LIFT"},{"data":"2","floor":11,"key":"LIFT"},{"data":"3","floor":15,"key":"LIFT"},{"floor":24,"key":"RECALL"},{"data":"Bouncing Flask","floor":32,"key":"SMITH"}],"circlet_count":0,"master_deck":["AscendersBane","Defend_G","Survivor","Neutralize+1","Riddle With Holes","Dash","Predator","Eviscerate+1","Crippling Poison","Dash","Underhanded Strike","Crippling Poison","Dash","Choke","Bouncing Flask+1","Bouncing Flask","Corpse Explosion","Eviscerate","Corpse Explosion","Underhanded Strike","Bouncing Flask+1","Dash+1"],"relics":["Ring of the Snake","Mango","Lee\u0027s Waffle","Art of War","Singing Bowl","Ancient Tea Set","Dead Branch","Medical Kit","FossilizedHelix","StoneCalendar","Girya","Thread and Needle","Tiny Chest","Vajra","Letter Opener","Boot","Runic Dome","Centennial Puzzle","MealTicket","Lizard Tail","HandDrill","Potion Belt","Empty Cage","Pen Nib","Incense Burner","Blood Vial"],"acts_visited":["Exordium","TheCity","TheBeyond"],"potions_floor_usage":[16,23,28,40,41],"damage_taken":[{"damage":0,"enemies":"Cultist","floor":1,"turns":3},{"damage":0,"enemies":"Jaw Worm","floor":2,"turns":3},{"damage":0,"enemies":"Gremlin Nob","floor":7,"turns":3},{"damage":0,"enemies":"2 Louse","floor":8,"turns":2},{"damage":0,"enemies":"Lagavulin","floor":10,"turns":4},{"damage":0,"enemies":"Exordium Thugs","floor":12,"turns":3},{"damage":0,"enemies":"Gremlin Nob","floor":14,"turns":3},{"damage":14,"enemies":"Hexaghost","floor":16,"turns":5},{"damage":0,"enemies":"3 Byrds","floor":18,"turns":3},{"damage":0,"enemies":"Spheric Guardian","floor":19,"turns":1},{"damage":0,"enemies":"Cultist and Chosen","floor":20,"turns":5},{"damage":4,"enemies":"Book of Stabbing","floor":23,"turns":4},{"damage":6,"enemies":"Shelled Parasite and Fungi","floor":25,"turns":3},{"damage":0,"enemies":"Chosen and Byrds","floor":27,"turns":4},{"damage":14,"enemies":"Slavers","floor":28,"turns":4},{"damage":0,"enemies":"Snecko","floor":31,"turns":3},{"damage":34,"enemies":"Collector","floor":33,"turns":7},{"damage":0,"enemies":"3 Shapes","floor":35,"turns":3},{"damage":0,"enemies":"Orb Walker","floor":36,"turns":2},{"damage":19,"enemies":"2 Orb Walkers","floor":38,"turns":3},{"damage":0,"enemies":"3 Darklings","floor":39,"turns":2},{"damage":71,"enemies":"Reptomancer","floor":40,"turns":7},{"damage":34,"enemies":"Jaw Worm Horde","floor":41,"turns":3},{"damage":41,"enemies":"Nemesis","floor":42,"turns":5}],"seed_played":"8317813835486039099","potions_obtained":[{"floor":2,"key":"Energy Potion"},{"floor":16,"key":"BlessingOfTheForge"},{"floor":23,"key":"SpeedPotion"},{"floor":31,"key":"FearPotion"},{"floor":36,"key":"Strength Potion"},{"floor":39,"key":"BlessingOfTheForge"},{"floor":40,"key":"Weak Potion"}],"is_trial":false,"path_per_floor":["M","M","$","?","?","R","E","M","T","E","R","M","?","E","R","B",null,"M","M","M","T","?","E","R","M","T","M","E","$","?","M","R","B",null,"M","M","T","?","M","E","M","E"],"character_chosen":"THE_SILENT","items_purchased":["Lee\u0027s Waffle","Art of War","Singing Bowl","Ancient Tea Set","Medical Kit","Riddle With Holes","Dash","Predator","Eviscerate","SneckoOil","Crippling Poison","HandDrill","Corpse Explosion","Eviscerate","Potion Belt"],"campfire_rested":0,"item_purchase_floors":[0,0,0,0,0,0,0,0,0,0,3,29,29,29,29],"current_hp_per_floor":[89,91,91,64,57,57,57,57,57,57,57,57,57,59,59,47,83,83,85,85,85,85,83,83,77,77,79,67,82,82,84,84,50,91,91,93,93,74,76,5,39,0,0],"gold":267,"neow_bonus":"","is_daily":false,"chose_seed":false,"campfire_upgraded":1,"win_rate":0.0,"timestamp":1612500799,"path_taken":["M","?","$","?","?","R","E","?","T","E","R","M","?","E","R","BOSS","M","M","?","?","?","E","R","M","T","?","E","$","?","M","R","BOSS","M","M","?","?","M","E","M","E"],"items_purchased_type":["Relic","Relic","Relic","Relic","Relic","Card","Card","Card","Card","Potion","Card","Relic","Card","Card","Relic"],"build_version":"2020-12-22","purchased_purges":6,"victory":false,"max_hp_per_floor":[89,91,91,91,91,91,91,91,91,91,91,91,91,93,93,95,95,95,97,97,97,97,99,99,99,99,101,103,103,103,105,105,105,105,105,107,107,107,109,109,111,111,111],"card_choices":[{"not_picked":["Deflect","Outmaneuver","Blade Dance"],"picked":"Singing Bowl","floor":1},{"not_picked":["Outmaneuver","Flying Knee","Infinite Blades"],"picked":"Singing Bowl","floor":2},{"not_picked":["Cloak And Dagger","Choke"],"picked":"Dash","floor":7},{"not_picked":["Bane","Backflip"],"picked":"Underhanded Strike","floor":8},{"not_picked":["Heel Hook","Skewer"],"picked":"Crippling Poison","floor":10},{"not_picked":["Flying Knee","Endless Agony"],"picked":"Dash","floor":12},{"not_picked":["Envenom","Prepared","Calculated Gamble"],"picked":"Singing Bowl","floor":14},{"not_picked":["Wraith Form v2","Storm of Steel","Venomology"],"picked":"Singing Bowl","floor":16},{"not_picked":["Bane","Cloak And Dagger+1"],"picked":"Choke","floor":18},{"not_picked":["Sucker Punch+1","Concentrate","Masterful Stab"],"picked":"Singing Bowl","floor":19},{"not_picked":["Escape Plan","Dash"],"picked":"Bouncing Flask","floor":20},{"not_picked":["Quick Slash","Sucker Punch","Outmaneuver"],"picked":"Singing Bowl","floor":23},{"not_picked":["Bane","Blade Dance"],"picked":"Bouncing Flask","floor":25},{"not_picked":["Slice","Tactician","Outmaneuver"],"picked":"Singing Bowl","floor":27},{"not_picked":["PiercingWail","Calculated Gamble","Terror"],"picked":"Singing Bowl","floor":28},{"not_picked":["Grand Finale","Sucker Punch","Outmaneuver"],"picked":"Singing Bowl","floor":31},{"not_picked":["After Image","Burst"],"picked":"Corpse Explosion","floor":33},{"not_picked":["Slice","Dodge and Roll"],"picked":"Underhanded Strike","floor":35},{"not_picked":["Deflect","Flechettes+1","Prepared"],"picked":"Singing Bowl","floor":36},{"not_picked":["Endless Agony","Acrobatics"],"picked":"Bouncing Flask+1","floor":38},{"not_picked":["Slice","Die Die Die","PiercingWail"],"picked":"Singing Bowl","floor":39},{"not_picked":["Tools of the Trade","PiercingWail+1"],"picked":"Dash+1","floor":40},{"not_picked":["Deflect","Flying Knee","Sucker Punch"],"picked":"Singing Bowl","floor":41}],"player_experience":1170756,"relics_obtained":[{"floor":7,"key":"Tiny Chest"},{"floor":9,"key":"Vajra"},{"floor":10,"key":"Letter Opener"},{"floor":14,"key":"Boot"},{"floor":23,"key":"Centennial Puzzle"},{"floor":26,"key":"MealTicket"},{"floor":28,"key":"Lizard Tail"},{"floor":37,"key":"Pen Nib"},{"floor":38,"key":"Incense Burner"},{"floor":40,"key":"Blood Vial"}],"event_choices":[{"damage_healed":0,"gold_gain":0,"player_choice":"Entered Light","damage_taken":27,"max_hp_gain":0,"max_hp_loss":0,"event_name":"Shining Light","floor":4,"gold_loss":0,"cards_upgraded":["Neutralize","Eviscerate"]},{"cards_removed":["Defend_G"],"damage_healed":0,"gold_gain":0,"player_choice":"Card Removal","damage_taken":7,"max_hp_gain":0,"max_hp_loss":0,"event_name":"Golden Wing","floor":5,"gold_loss":0},{"damage_healed":0,"gold_gain":275,"player_choice":"Desecrate","damage_taken":0,"max_hp_gain":0,"max_hp_loss":0,"event_name":"Golden Shrine","floor":13,"gold_loss":0,"cards_obtained":["Regret"]},{"cards_removed":["Regret"],"damage_healed":0,"gold_gain":0,"player_choice":"Purged","damage_taken":0,"max_hp_gain":0,"max_hp_loss":0,"event_name":"Purifier","floor":22,"gold_loss":0},{"damage_healed":0,"gold_gain":0,"player_choice":"Ignored","damage_taken":0,"max_hp_gain":0,"max_hp_loss":0,"event_name":"Vampires","floor":30,"gold_loss":0},{"damage_healed":0,"gold_gain":0,"player_choice":"Fight","damage_taken":0,"max_hp_gain":0,"max_hp_loss":0,"event_name":"Mysterious Sphere","floor":38,"gold_loss":0}],"is_beta":false,"boss_relics":[{"not_picked":["SacredBark","Ectoplasm"],"picked":"Runic Dome"},{"not_picked":["Ring of the Serpent","Sozu"],"picked":"Empty Cage"}],"items_purged_floors":[0,0,0,0,0,29],"is_endless":false,"potions_floor_spawned":[2,12,16,19,20,23,27,31,36,39,40],"killed_by":"Nemesis","ascension_level":20}}