{"host":"x5w9zppki4gdwvc7","time":1612545955,"event":{"mods":["AchievementEnabler","BaseMod","DeckTracker","Minty Spire (QoL Compilation)"],"gold_per_floor":[114,132,132,151,170,170,203,216,240,240,41,41,73,99,111,219,231,259,283,311,350,337,348,348,374,426,66,66,66],"floor_reached":28,"language":"ENG","playtime":1460,"items_purged":[],"score":275,"play_id":"853cd214-8eef-48ed-9188-195e224b3029","local_time":"20210205182555","is_ascension_mode":false,"campfire_choices":[{"data":"Shrug It Off","floor":6,"key":"SMITH"},{"data":"Double Tap","floor":10,"key":"SMITH"},{"floor":12,"key":"REST"},{"data":"Perfected Strike","floor":15,"key":"SMITH"},{"floor":24,"key":"REST"}],"circlet_count":0,"master_deck":["Strike_R","Strike_R","Strike_R","Strike_R","Strike_R","Defend_R+1","Defend_R","Defend_R","Defend_R","Bash","Pommel Strike","Intimidate+1","Pommel Strike","Shrug It Off+1","Twin Strike","Double Tap+1","Perfected Strike+1","Pommel Strike","Seeing Red+1","Pommel Strike","Twin Strike","Pommel Strike","True Grit+1","Seeing Red+1","Feed"],"relics":["Velvet Choker","Bottled Flame","Art of War","Oddly Smooth Stone","MawBank","SacredBark","Red Mask","Bag of Preparation","War Paint","Membership Card","Juzu Bracelet"],"acts_visited":["Exordium","TheCity"],"potions_floor_usage":[25,25],"damage_taken":[{"damage":1,"enemies":"Jaw Worm","floor":1,"turns":3},{"damage":0,"enemies":"Cultist","floor":2,"turns":2},{"damage":10,"enemies":"Small Slimes","floor":4,"turns":2},{"damage":11,"enemies":"Exordium Wildlife","floor":5,"turns":4},{"damage":10,"enemies":"3 Sentries","floor":7,"turns":7},{"damage":10,"enemies":"Looter","floor":8,"turns":2},{"damage":14,"enemies":"Lagavulin","floor":13,"turns":4},{"damage":0,"enemies":"Large Slime","floor":14,"turns":4},{"damage":13,"enemies":"Slime Boss","floor":16,"turns":8},{"damage":10,"enemies":"2 Thieves","floor":18,"turns":3},{"damage":15,"enemies":"3 Byrds","floor":19,"turns":5},{"damage":11,"enemies":"Snecko","floor":20,"turns":4},{"damage":16,"enemies":"Masked Bandits","floor":21,"turns":4},{"damage":21,"enemies":"Chosen and Byrds","floor":23,"turns":6},{"damage":12,"enemies":"Slavers","floor":25,"turns":4},{"damage":19,"enemies":"Shelled Parasite and Fungi","floor":28,"turns":6}],"seed_played":"3332239312024694616","potions_obtained":[{"floor":2,"key":"Block Potion"},{"floor":4,"key":"Block Potion"},{"floor":8,"key":"AttackPotion"},{"floor":13,"key":"EntropicBrew"}],"is_trial":false,"path_per_floor":["M","M","?","M","M","R","E","M","T","R","$","R","E","M","R","B",null,"M","M","M","?","$","M","R","E","T","$","M"],"character_chosen":"IRONCLAD","items_purchased":["Perfected Strike","Oddly Smooth Stone","Pommel Strike","Membership Card","Feed","Regen Potion","Strength Potion","Juzu Bracelet"],"campfire_rested":2,"item_purchase_floors":[11,11,22,27,27,27,27,27],"current_hp_per_floor":[79,79,79,69,58,58,48,38,38,38,38,62,48,48,48,35,80,70,55,44,28,28,7,31,19,19,19,0,0],"gold":66,"neow_bonus":"BOSS_RELIC","is_daily":false,"chose_seed":false,"campfire_upgraded":3,"win_rate":0.0,"timestamp":1612545955,"path_taken":["M","M","?","M","M","R","E","M","T","R","$","R","E","?","R","BOSS","M","M","M","?","$","M","R","E","T","$","M"],"items_purchased_type":["Card","Relic","Card","Relic","Card","Potion","Potion","Relic"],"build_version":"2020-12-22","purchased_purges":0,"victory":false,"max_hp_per_floor":[80,80,80,80,80,80,80,80,80,80,80,80,80,80,80,80,80,80,80,80,80,80,80,80,80,80,80,80,80],"card_choices":[{"not_picked":["Headbutt","Feel No Pain"],"picked":"Pommel Strike","floor":1},{"not_picked":["Armaments","Sever Soul"],"picked":"Intimidate","floor":2},{"not_picked":["Twin Strike","Metallicize"],"picked":"Pommel Strike","floor":4},{"not_picked":["Entrench","Warcry"],"picked":"Shrug It Off","floor":5},{"not_picked":["Iron Wave","Fire Breathing"],"picked":"Twin Strike","floor":7},{"not_picked":["Headbutt","Anger"],"picked":"Double Tap","floor":8},{"not_picked":["Wild Strike","Hemokinesis"],"picked":"Pommel Strike","floor":13},{"not_picked":["Metallicize","Infernal Blade"],"picked":"Seeing Red","floor":14},{"not_picked":["Body Slam","Iron Wave","Combust"],"picked":"SKIP","floor":18},{"not_picked":["Dropkick+1","Heavy Blade","Metallicize"],"picked":"SKIP","floor":19},{"not_picked":["Clothesline+1","Metallicize"],"picked":"Pommel Strike","floor":20},{"not_picked":["Cleave","Power Through"],"picked":"Twin Strike","floor":21},{"not_picked":["Sword Boomerang","Thunderclap+1"],"picked":"True Grit+1","floor":23},{"not_picked":["Intimidate","True Grit"],"picked":"Seeing Red+1","floor":25}],"player_experience":497864,"relics_obtained":[{"floor":7,"key":"Bottled Flame"},{"floor":9,"key":"Art of War"},{"floor":13,"key":"MawBank"},{"floor":21,"key":"Red Mask"},{"floor":25,"key":"Bag of Preparation"},{"floor":26,"key":"War Paint"}],"event_choices":[{"damage_healed":0,"gold_gain":0,"player_choice":"Upgraded","damage_taken":0,"max_hp_gain":0,"max_hp_loss":0,"event_name":"Upgrade Shrine","floor":3,"gold_loss":0,"cards_upgraded":["Intimidate"]},{"damage_healed":0,"gold_gain":0,"player_choice":"Fought Bandits","damage_taken":0,"max_hp_gain":0,"max_hp_loss":0,"event_name":"Masked Bandits","floor":21,"gold_loss":0}],"is_beta":false,"boss_relics":[{"not_picked":["Mark of Pain","Empty Cage"],"picked":"SacredBark"}],"items_purged_floors":[],"is_endless":false,"potions_floor_spawned":[2,4,8,13,18,21],"killed_by":"Shelled Parasite and Fungi","ascension_level":0}}