{"host":"4eao2pkwlmv012cz","time":1612505273,"event":{"mods":["BaseMod","Colored Powertips","Minty Spire (QoL Compilation)","Permanent Neow","Quick Restart","Random Character Button","StSLib"],"gold_per_floor":[19,19,19,19,43,43,64,64,113,122,167,189,189,236,236,236,236],"floor_reached":16,"language":"ENG","playtime":503,"items_purged":[],"score":216,"play_id":"a40733ae-3a0e-40d2-8cb2-d2ff9c72fb5c","local_time":"20210205010753","is_ascension_mode":true,"campfire_choices":[{"data":"Berserk","floor":6,"key":"SMITH"},{"floor":8,"key":"REST"},{"floor":13,"key":"REST"},{"floor":15,"key":"REST"}],"circlet_count":0,"master_deck":["AscendersBane","Strike_R+1","Strike_R","Strike_R","Strike_R","Defend_R","Defend_R","Defend_R+1","Defend_R","Bash","Berserk+1","Dark Embrace","Injury","Twin Strike","Shrug It Off","Infernal Blade","Impervious","Thunderclap","Sever Soul"],"relics":["Burning Blood","Golden Idol","Letter Opener","CeramicFish","Self Forming Clay","MealTicket"],"acts_visited":["Exordium"],"potions_floor_usage":[14,16],"damage_taken":[{"damage":7,"enemies":"Small Slimes","floor":1,"turns":4},{"damage":12,"enemies":"2 Louse","floor":5,"turns":3},{"damage":7,"enemies":"Jaw Worm","floor":7,"turns":3},{"damage":40,"enemies":"Gremlin Nob","floor":11,"turns":4},{"damage":12,"enemies":"Looter","floor":12,"turns":4},{"damage":29,"enemies":"3 Sentries","floor":14,"turns":7},{"damage":36,"enemies":"Hexaghost","floor":16,"turns":11}],"seed_played":"-6284036643111616678","potions_obtained":[{"floor":5,"key":"SmokeBomb"},{"floor":12,"key":"ColorlessPotion"},{"floor":14,"key":"LiquidMemories"}],"is_trial":false,"path_per_floor":["M","?","?","?","M","R","M","R","T","?","E","M","R","E","R","B"],"character_chosen":"IRONCLAD","items_purchased":[],"campfire_rested":3,"item_purchase_floors":[],"current_hp_per_floor":[67,67,44,39,33,33,32,54,54,54,20,14,36,13,35,0,0],"gold":236,"neow_bonus":"THREE_RARE_CARDS","is_daily":false,"chose_seed":false,"campfire_upgraded":1,"win_rate":0.0,"timestamp":1612505273,"path_taken":["M","?","?","?","M","R","M","R","T","?","E","M","R","E","R","BOSS"],"items_purchased_type":[],"build_version":"2020-12-22","purchased_purges":0,"victory":false,"max_hp_per_floor":[75,75,75,75,75,75,75,75,75,75,75,75,75,75,75,75,75],"card_choices":[{"not_picked":["Bludgeon","Corruption"],"picked":"Berserk","floor":0},{"not_picked":["Sword Boomerang","Headbutt"],"picked":"Dark Embrace","floor":1},{"not_picked":["Hemokinesis","Disarm"],"picked":"Twin Strike","floor":5},{"not_picked":["Body Slam","Blood for Blood"],"picked":"Shrug It Off","floor":7},{"not_picked":["Burning Pact","True Grit"],"picked":"Impervious","floor":11},{"not_picked":["Rage","Entrench"],"picked":"Thunderclap","floor":12},{"not_picked":["Clash","Headbutt"],"picked":"Sever Soul","floor":14}],"player_experience":2880994,"relics_obtained":[{"floor":9,"key":"CeramicFish"},{"floor":11,"key":"Self Forming Clay"},{"floor":14,"key":"MealTicket"}],"event_choices":[{"damage_healed":0,"gold_gain":0,"player_choice":"Take Wound","damage_taken":0,"relics_obtained":["Golden Idol"],"max_hp_gain":0,"max_hp_loss":0,"event_name":"Golden Idol","floor":2,"gold_loss":0,"cards_obtained":["Injury"]},{"damage_healed":0,"gold_gain":0,"player_choice":"Entered Light","damage_taken":23,"max_hp_gain":0,"max_hp_loss":0,"event_name":"Shining Light","floor":3,"gold_loss":0,"cards_upgraded":["Strike_R","Defend_R"]},{"damage_healed":0,"gold_gain":0,"player_choice":"Success","damage_taken":5,"relics_obtained":["Letter Opener"],"max_hp_gain":0,"max_hp_loss":0,"event_name":"Scrap Ooze","floor":4,"gold_loss":0},{"damage_healed":0,"gold_gain":0,"cards_transformed":["Strike_R"],"player_choice":"Change","damage_taken":0,"max_hp_gain":0,"max_hp_loss":0,"event_name":"Living Wall","floor":10,"gold_loss":0,"cards_obtained":["Infernal Blade"]}],"is_beta":false,"boss_relics":[],"items_purged_floors":[],"is_endless":false,"potions_floor_spawned":[5,12,14],"killed_by":"Hexaghost","ascension_level":20}}