{"host":"3j2m8n0ywf988fwb","time":1612563302,"event":{"mods":["2.2 Compatiblity","AchievementEnabler","Act Like it!","Aspiration","Astrologer","BaseMod","Better Altar","Better Match","Better Note","Better Sensory Stone","Better Skull","Better Third Choice","CCEM2","ChefMod","Colored Map","Colored Powertips","Conspire","Dark Map","Energized Spire","GifTheSpireLib","Halation","Hallownest","Highlight Path","Hubris","Infinite Spire","Jedi Mod","Marisa????????","Marked Mod","Mimic Mod","Minty Spire (QoL Compilation)","Monster B Gone","Random Character Button","Relic Filter Mod","Relic Stats","Reliquary","Replay The Spire","Robot Space Explorer","Shade Mod","Shop Mod","Somnambulant","StS++","StSLib","Stuff the Spire","The Bug Knight","The Elementalist","The Hierophant","The Runesmith","TheBandit","TheFirefly","Unceasing Turn Reminder","Weighted Paths","everything is the same but u backflip on backflip"],"gold_per_floor":[119,119,42,61,76,110,110,144,183,183,183],"floor_reached":10,"language":"ENG","playtime":597,"items_purged":[],"score":114,"play_id":"fbde5e90-6712-427c-9ca1-0d5ce75887e5","local_time":"20210205161502","is_ascension_mode":true,"campfire_choices":[],"circlet_count":0,"master_deck":["AscendersBane","Strike_G","Strike_G","Strike_G","Strike_G","Strike_G","Defend_G","Defend_G","Defend_G","Defend_G","Defend_G","Survivor","Neutralize","Phantasmal Killer+1","Cloak And Dagger","Footwork","Slice","Cloak And Dagger","Night Terror","Neutralize","StuffTheSpire:Shiver"],"relics":["Ring of the Snake","StoneCalendar","CCEMRelics:Sandal","CCEMRelics:LatexGloves"],"acts_visited":["Exordium"],"potions_floor_usage":[],"damage_taken":[{"damage":0,"enemies":"2 Louse","floor":1,"turns":3},{"damage":3,"enemies":"Cultist","floor":4,"turns":4},{"damage":4,"enemies":"Jaw Worm","floor":5,"turns":5},{"damage":23,"enemies":"3 Sentries","floor":6,"turns":12},{"damage":27,"enemies":"Gremlin Nob","floor":8,"turns":5},{"damage":0,"enemies":"Lots of Slimes","floor":9,"turns":7},{"damage":11,"enemies":"3 Sentries","floor":10,"turns":2}],"seed_played":"7496183431047442398","potions_obtained":[{"floor":8,"key":"jedi:mysterypotion"}],"is_trial":false,"path_per_floor":["M","?","$","M","M","E","?","E","MIM","E"],"character_chosen":"THE_SILENT","items_purchased":["Footwork"],"campfire_rested":0,"item_purchase_floors":[3],"current_hp_per_floor":[63,63,63,60,56,33,33,6,6,0,0],"gold":183,"neow_bonus":"ONE_RANDOM_RARE_CARD","is_daily":false,"chose_seed":false,"campfire_upgraded":0,"win_rate":0.0,"timestamp":1612563302,"path_taken":["M","?","$","?","M","E","?","E","MIM","E"],"items_purchased_type":["Card"],"build_version":"2020-12-22","purchased_purges":0,"victory":false,"max_hp_per_floor":[70,70,70,70,70,70,70,70,70,70,70],"relic_stats":{"counters":[7,38],"StoneCalendar":[15],"obtain_stats":[{"CCEMRelics:LatexGloves":9,"StoneCalendar":6,"CCEMRelics:Sandal":8,"Ring of the Snake":0},{"CCEMRelics:LatexGloves":6,"StoneCalendar":4,"CCEMRelics:Sandal":5,"Ring of the Snake":0},{"CCEMRelics:LatexGloves":36,"StoneCalendar":24,"CCEMRelics:Sandal":29,"Ring of the Snake":0}],"Ring of the Snake":[14]},"card_choices":[{"not_picked":["Terror","StuffTheSpire:BrimstoneBlast"],"picked":"Cloak And Dagger","floor":1},{"not_picked":["StuffTheSpire:ClusterCrunch","Terror"],"picked":"Slice","floor":4},{"not_picked":["Outmaneuver","Replay:Poison Smokescreen"],"picked":"Cloak And Dagger","floor":5},{"not_picked":["Acrobatics","StSpp:Lure"],"picked":"Night Terror","floor":6},{"not_picked":["Poisoned Stab","Choke"],"picked":"StuffTheSpire:Shiver","floor":8}],"player_experience":1068396,"relics_obtained":[{"floor":6,"key":"StoneCalendar"},{"floor":8,"key":"CCEMRelics:Sandal"},{"floor":9,"key":"CCEMRelics:LatexGloves"}],"event_choices":[{"damage_healed":0,"gold_gain":0,"player_choice":"Upgraded","damage_taken":0,"max_hp_gain":0,"max_hp_loss":0,"event_name":"Upgrade Shrine","floor":2,"gold_loss":0,"cards_upgraded":["Phantasmal Killer"]},{"cards_removed":["Phantasmal Killer"],"damage_healed":0,"gold_gain":0,"player_choice":"Take \u0026 Give","damage_taken":0,"max_hp_gain":0,"max_hp_loss":0,"event_name":"betterNote:BetterNote","floor":7,"gold_loss":0,"cards_obtained":["Neutralize"]}],"is_beta":false,"boss_relics":[],"items_purged_floors":[],"is_endless":false,"potions_floor_spawned":[8],"killed_by":"3 Sentries","ascension_level":10}}