{"host":"swphzoo6hmc78epl","time":1612499239,"event":{"mods":["BaseMod","Highlight Path","Minty Spire (QoL Compilation)","Quick Restart"],"gold_per_floor":[118,130,149,167,167,242,259,277,277,289,299,309,309,323,323,421,421,433,433,433,448,448,448,448,448],"floor_reached":24,"language":"ENG","playtime":805,"items_purged":[],"score":223,"play_id":"8b1bde48-cb79-4a55-a4fe-ab80a7a21a8b","local_time":"20210204232719","is_ascension_mode":true,"campfire_choices":[{"data":"Doom and Gloom","floor":13,"key":"SMITH"},{"floor":15,"key":"REST"},{"data":"Creative AI","floor":23,"key":"SMITH"}],"circlet_count":0,"master_deck":["Strike_B","Strike_B","Strike_B","Strike_B","Defend_B","Defend_B","Defend_B","Defend_B","Zap","Dualcast","Biased Cognition+1","Melter","Cold Snap+1","Compile Driver","Doom and Gloom+1","Cold Snap","Echo Form","Creative AI+1","CurseOfTheBell","Conserve Battery","Chill+1"],"relics":["Cracked Core","Kunai","Strawberry","Pantograph","Pocketwatch","Nloth\u0027s Gift"],"acts_visited":["Exordium","TheCity"],"potions_floor_usage":[7,11,14,21],"damage_taken":[{"damage":3,"enemies":"Small Slimes","floor":1,"turns":3},{"damage":4,"enemies":"2 Louse","floor":2,"turns":2},{"damage":1,"enemies":"Cultist","floor":3,"turns":3},{"damage":7,"enemies":"2 Fungi Beasts","floor":4,"turns":3},{"damage":10,"enemies":"Gremlin Gang","floor":7,"turns":4},{"damage":6,"enemies":"3 Louse","floor":8,"turns":4},{"damage":5,"enemies":"2 Fungi Beasts","floor":10,"turns":3},{"damage":0,"enemies":"Large Slime","floor":11,"turns":3},{"damage":5,"enemies":"Blue Slaver","floor":12,"turns":3},{"damage":7,"enemies":"Gremlin Gang","floor":14,"turns":2},{"damage":9,"enemies":"Hexaghost","floor":16,"turns":9},{"damage":22,"enemies":"Shell Parasite","floor":18,"turns":3},{"damage":28,"enemies":"2 Thieves","floor":21,"turns":3},{"damage":34,"enemies":"Slavers","floor":24,"turns":2}],"seed_played":"-2918012128589518057","potions_obtained":[{"floor":3,"key":"BlessingOfTheForge"},{"floor":7,"key":"LiquidBronze"},{"floor":11,"key":"Fruit Juice"},{"floor":12,"key":"BlessingOfTheForge"},{"floor":16,"key":"SteroidPotion"}],"is_trial":false,"path_per_floor":["M","M","M","M","?","?","M","M","T","M","M","M","R","M","R","B",null,"M","?","?","M","?","R","E"],"character_chosen":"DEFECT","items_purchased":[],"campfire_rested":1,"item_purchase_floors":[],"current_hp_per_floor":[72,68,67,60,45,34,24,18,18,13,18,13,13,6,30,21,87,65,65,65,37,31,31,0,0],"gold":448,"neow_bonus":"ONE_RANDOM_RARE_CARD","is_daily":false,"chose_seed":false,"campfire_upgraded":2,"win_rate":0.0,"timestamp":1612499239,"path_taken":["M","M","M","M","?","?","M","M","T","M","M","M","R","M","R","BOSS","M","?","?","?","?","R","E"],"items_purchased_type":[],"build_version":"2020-12-22","purchased_purges":0,"victory":false,"max_hp_per_floor":[75,75,75,75,75,75,75,75,75,75,80,80,80,80,80,80,87,87,87,87,87,87,87,87,87],"card_choices":[{"not_picked":["Coolheaded","Lockon"],"picked":"Melter","floor":1},{"not_picked":["Leap","Force Field","Coolheaded"],"picked":"SKIP","floor":2},{"not_picked":["Steam","Tempest"],"picked":"Cold Snap","floor":3},{"not_picked":["Blizzard","Steam","Gash"],"picked":"SKIP","floor":4},{"not_picked":["Leap","Rebound"],"picked":"Compile Driver","floor":7},{"not_picked":["Gash","Beam Cell"],"picked":"Doom and Gloom","floor":8},{"not_picked":["Hologram","Coolheaded"],"picked":"Cold Snap","floor":10},{"not_picked":["Hologram","Recycle"],"picked":"Echo Form","floor":11},{"not_picked":["Beam Cell","Blizzard","Doom and Gloom"],"picked":"SKIP","floor":12},{"not_picked":["Fusion","Cold Snap","Go for the Eyes"],"picked":"SKIP","floor":14},{"not_picked":["Fission","Buffer"],"picked":"Creative AI","floor":16},{"not_picked":["Beam Cell","Gash+1","Doom and Gloom"],"picked":"SKIP","floor":18},{"not_picked":["Lockon","Compile Driver"],"picked":"Chill+1","floor":21}],"player_experience":868393,"relics_obtained":[{"floor":9,"key":"Kunai"},{"floor":17,"key":"Strawberry"},{"floor":17,"key":"Pantograph"},{"floor":17,"key":"Pocketwatch"}],"event_choices":[{"damage_healed":0,"gold_gain":0,"player_choice":"Entered Light","damage_taken":15,"max_hp_gain":0,"max_hp_loss":0,"event_name":"Shining Light","floor":5,"gold_loss":0,"cards_upgraded":["Cold Snap","Biased Cognition"]},{"damage_healed":0,"gold_gain":75,"player_choice":"Gather Gold","damage_taken":11,"max_hp_gain":0,"max_hp_loss":0,"event_name":"World of Goop","floor":6,"gold_loss":0},{"damage_healed":0,"gold_gain":0,"player_choice":"Read","damage_taken":0,"max_hp_gain":0,"max_hp_loss":0,"event_name":"The Library","floor":19,"gold_loss":0,"cards_obtained":["Conserve Battery"]},{"damage_healed":0,"gold_gain":0,"player_choice":"Traded Relic","damage_taken":0,"relics_obtained":["Nloth\u0027s Gift"],"max_hp_gain":0,"max_hp_loss":0,"event_name":"N\u0027loth","floor":20,"relics_lost":["Calling Bell"],"gold_loss":0},{"damage_healed":0,"gold_gain":0,"player_choice":"","damage_taken":6,"max_hp_gain":0,"max_hp_loss":0,"event_name":"Knowing Skull","floor":22,"potions_obtained":[],"gold_loss":0,"cards_obtained":[]}],"is_beta":false,"boss_relics":[{"not_picked":["Sozu","Philosopher\u0027s Stone"],"picked":"Calling Bell"}],"items_purged_floors":[],"is_endless":false,"potions_floor_spawned":[3,7,11,12,16],"killed_by":"Slavers","ascension_level":3}}