{"host":"rnjhaewkefy4rz3c","time":1612548078,"event":{"mods":["2.2 Compatiblity","AchievementEnabler","BaseMod","Colored Map","Downfall","Minty Spire (QoL Compilation)","Permanent Neow","StSLib"],"gold_per_floor":[99,119,132,162,174,174,174,174,186,211,241,253,129,129,129,129],"floor_reached":14,"language":"ENG","playtime":620,"items_purged":["bronze:Strike"],"score":99,"play_id":"9c5fecc5-f38b-4263-a28b-e1727e6af40b","local_time":"20210205140118","is_ascension_mode":true,"campfire_choices":[{"data":"bronze:Goto","floor":1,"key":"SMITH"},{"data":"bronze:Constructor","floor":6,"key":"SMITH"},{"floor":12,"key":"REST"}],"circlet_count":0,"master_deck":["bronze:Strike","bronze:Strike","bronze:Strike","bronze:Defend","bronze:Defend","bronze:Defend","bronze:Replicate","bronze:Goto+1","bronze:Constructor+1","bronze:FineTuning","bronze:Terminator","bronze:FineTuning","bronze:AlphaBuild","bronze:Separator"],"relics":["bronze:BronzeCore","Bronze Scales","bronze:SilverBullet","Vajra","MawBank"],"acts_visited":["Exordium"],"potions_floor_usage":[],"damage_taken":[{"damage":5,"enemies":"Small Slimes","floor":2,"turns":4},{"damage":0,"enemies":"2 Louse","floor":3,"turns":3},{"damage":2,"enemies":"Jaw Worm","floor":5,"turns":3},{"damage":12,"enemies":"Exordium Thugs","floor":9,"turns":3},{"damage":18,"enemies":"Gremlin Nob","floor":10,"turns":3},{"damage":1,"enemies":"2 Fungi Beasts","floor":11,"turns":2},{"damage":0,"enemies":"downfall:FleeingMerchant","floor":13,"turns":4},{"damage":38,"enemies":"Lagavulin","floor":14,"turns":6}],"seed_played":"5171170222520971441","potions_obtained":[{"floor":2,"key":"Ancient Potion"},{"floor":9,"key":"bronze:FreeFunctionsPotion"},{"floor":11,"key":"SteroidPotion"}],"is_trial":false,"path_per_floor":["R","M","M","?","M","R","T","?","M","E","M","R","$","E"],"character_chosen":"THE_AUTOMATON","items_purchased":["bronze:Separator"],"campfire_rested":1,"item_purchase_floors":[13],"current_hp_per_floor":[70,65,65,65,63,63,63,63,51,33,32,53,53,15,15,15],"gold":129,"neow_bonus":"RANDOM_COMMON_RELIC","is_daily":false,"chose_seed":false,"campfire_upgraded":2,"win_rate":0.0,"timestamp":1612548078,"path_taken":["R","M","M","?","M","R","T","?","M","E","?","R","?","E"],"items_purchased_type":["Card"],"build_version":"2020-12-22","purchased_purges":1,"victory":false,"max_hp_per_floor":[70,70,70,70,70,70,70,70,70,70,70,70,70,70,70,70],"card_choices":[{"not_picked":["bronze:CloningBeam","bronze:Deprecate"],"picked":"bronze:Constructor","floor":2},{"not_picked":["bronze:ForceShield","bronze:Overheat","bronze:Turbo"],"picked":"SKIP","floor":3},{"not_picked":["bronze:Constructor","bronze:Return"],"picked":"bronze:FineTuning","floor":5},{"not_picked":["bronze:InfiniteBeams","bronze:Shield"],"picked":"bronze:Terminator","floor":9},{"not_picked":["bronze:CloningBeam","bronze:BitShift","bronze:BugBarrage"],"picked":"SKIP","floor":10},{"not_picked":["bronze:ChildClass","bronze:GetLatest"],"picked":"bronze:FineTuning","floor":11},{"not_picked":["bronze:Shield","bronze:Invalidate"],"picked":"bronze:AlphaBuild","floor":13}],"player_experience":721666,"relics_obtained":[{"floor":7,"key":"Vajra"},{"floor":10,"key":"MawBank"}],"event_choices":[{"cards_removed":["bronze:Defend"],"damage_healed":0,"gold_gain":0,"player_choice":"Forget","damage_taken":0,"max_hp_gain":0,"max_hp_loss":0,"event_name":"Living Wall","floor":8,"gold_loss":0}],"is_beta":false,"boss_relics":[],"items_purged_floors":[13],"is_endless":false,"potions_floor_spawned":[2,9,11],"killed_by":"Lagavulin","ascension_level":2}}