{"host":"6p0attdrtjqaih7v","time":1612533133,"event":{"mods":["2.2 Compatiblity","AchievementEnabler","Bard","BaseMod","Better Skull","Better Third Choice","Colored Powertips","Hermit","Highlight Path","Key Reminder","Minty Spire (QoL Compilation)","Permanent Neow","Quick Restart","Random Character Button","Relic Stats","Reliquary","Replay The Spire","Robot Space Explorer","StSLib","The Witch"],"gold_per_floor":[110,120,130,29,46,46,59,59,129,161,161,161,100,110,110,110,110],"floor_reached":16,"language":"ENG","playtime":419,"items_purged":["Strike_B"],"score":204,"play_id":"44b5e198-8438-405c-9fc2-6a7307533632","local_time":"20210205085213","is_ascension_mode":true,"campfire_choices":[{"data":"Chaos","floor":6,"key":"SMITH"},{"floor":8,"key":"REST"},{"floor":11,"key":"REST"},{"data":"Hologram","floor":15,"key":"SMITH"}],"circlet_count":0,"master_deck":["AscendersBane","Strike_B","Defend_B","Defend_B","Defend_B","Defend_B","Zap","Dualcast","ReplayTheSpireMod:Calculation Training","Ball Lightning","Chaos+1","Ball Lightning","BasicCrystalCard","ReplayTheSpireMod:Calculation Training","Hologram+1","BasicCrystalCard"],"relics":["Empty Cage","reliquary:LoveEmittingDiode","Replay:Kaleidoscope","Lantern"],"acts_visited":["Exordium"],"potions_floor_usage":[2,7,10],"damage_taken":[{"damage":9,"enemies":"Jaw Worm","floor":1,"turns":7},{"damage":11,"enemies":"Cultist","floor":2,"turns":4},{"damage":1,"enemies":"Small Slimes","floor":3,"turns":3},{"damage":11,"enemies":"Blue Slaver","floor":5,"turns":3},{"damage":24,"enemies":"Exordium Wildlife","floor":7,"turns":5},{"damage":15,"enemies":"Lagavulin","floor":10,"turns":4},{"damage":9,"enemies":"Red Slaver","floor":14,"turns":2},{"damage":26,"enemies":"The Guardian","floor":16,"turns":2}],"seed_played":"4985307425163520203","potions_obtained":[{"floor":1,"key":"ColorlessPotion"},{"floor":3,"key":"FearPotion"},{"floor":5,"key":"Languid Potion"}],"is_trial":false,"path_per_floor":["M","M","M","$","M","R","M","R","T","E","R","?","?","M","R","B"],"character_chosen":"DEFECT","items_purchased":["Ball Lightning"],"campfire_rested":2,"item_purchase_floors":[4],"current_hp_per_floor":[55,44,43,43,32,32,8,29,29,14,35,35,35,26,26,0,0],"gold":110,"neow_bonus":"BOSS_RELIC","is_daily":false,"chose_seed":false,"campfire_upgraded":2,"win_rate":0.0,"timestamp":1612533133,"path_taken":["M","M","M","$","M","R","M","R","T","E","R","?","?","M","R","BOSS"],"items_purchased_type":["Card"],"build_version":"2020-12-22","purchased_purges":1,"victory":false,"max_hp_per_floor":[71,71,71,71,71,71,71,71,71,71,71,71,71,71,71,71,71],"relic_stats":{"counters":[8,30],"obtain_stats":[{"Lantern":13,"reliquary:LoveEmittingDiode":9,"Replay:Kaleidoscope":10,"Cracked Core":0,"Empty Cage":0},{"Lantern":6,"reliquary:LoveEmittingDiode":5,"Replay:Kaleidoscope":6,"Cracked Core":0,"Empty Cage":0},{"Lantern":26,"reliquary:LoveEmittingDiode":22,"Replay:Kaleidoscope":26,"Cracked Core":0,"Empty Cage":0}]},"card_choices":[{"not_picked":["Scrape","Redo"],"picked":"ReplayTheSpireMod:Calculation Training","floor":1},{"not_picked":["Go for the Eyes","Leap"],"picked":"Ball Lightning","floor":2},{"not_picked":["Leap","Gash"],"picked":"Chaos","floor":3},{"not_picked":["Coolheaded","Redo"],"picked":"BasicCrystalCard","floor":5},{"not_picked":["Barrage","Thunder Strike"],"picked":"ReplayTheSpireMod:Calculation Training","floor":7},{"not_picked":["Gash","Melter"],"picked":"Hologram","floor":10},{"not_picked":["Storm","Beam Cell"],"picked":"BasicCrystalCard","floor":14}],"player_experience":1007752,"relics_obtained":[{"floor":9,"key":"reliquary:LoveEmittingDiode"},{"floor":10,"key":"Replay:Kaleidoscope"}],"event_choices":[{"damage_healed":0,"gold_gain":0,"player_choice":"Ignored","damage_taken":0,"max_hp_gain":0,"max_hp_loss":0,"event_name":"Liars Game","floor":12,"gold_loss":0},{"damage_healed":0,"gold_gain":0,"player_choice":"Paid Gold","damage_taken":0,"relics_obtained":["Lantern"],"max_hp_gain":0,"max_hp_loss":0,"event_name":"WeMeetAgain","floor":13,"gold_loss":61}],"is_beta":false,"boss_relics":[],"items_purged_floors":[4],"is_endless":false,"potions_floor_spawned":[1,3,5],"killed_by":"The Guardian","ascension_level":20}}