{"host":"pmmuxs046gii331m","time":1612545012,"event":{"mods":["AchievementEnabler","BaseMod","Colored Powertips","Downfall","Gold Saver","Infinite Spire","Minty Spire (QoL Compilation)","Permanent Neow","Quick Restart","StSLib"],"gold_per_floor":[215,215,226,226,3,36,36,71,98,98,113,113,113,130,130,234,234,244,255,255,156,166,166,201,201,201,236,236,255,255,271,271,373,373,388,406,115,132,147,147,147],"floor_reached":40,"language":"ENG","playtime":3987,"items_purged":["Strike_R","Defend_R","Defend_R"],"score":536,"play_id":"14adc645-59b1-4ca8-8105-44f71b2fc203","local_time":"20210205121012","is_ascension_mode":false,"campfire_choices":[{"data":"Limit Break","floor":7,"key":"SMITH"},{"data":"Bash","floor":10,"key":"SMITH"},{"floor":12,"key":"REST"},{"data":"Twin Strike","floor":15,"key":"SMITH"},{"data":"infinitespire:Execution","floor":25,"key":"SMITH"},{"data":"Spot Weakness","floor":30,"key":"SMITH"},{"floor":32,"key":"RECALL"}],"circlet_count":0,"master_deck":["Strike_R","Defend_R+1","Defend_R+1","Bash+1","Limit Break+1","Twin Strike+1","Shrug It Off+1","Armaments+1","infinitespire:Execution+1","Spot Weakness+1","Flex+1","Barricade","Twin Strike+1","Body Slam+1","Heavy Blade"],"relics":["Black Blood","NeowsBlessing","War Paint","Smiling Mask","Red Skull","Toy Ornithopter","Anchor","Coffee Dripper","Question Card","HornCleat","Empty Cage","Shuriken"],"acts_visited":["Exordium","TheCity","TheBeyond"],"potions_floor_usage":[8,8,8,16,27,27,27,33,40],"damage_taken":[{"damage":0,"enemies":"Jaw Worm","floor":1,"turns":1},{"damage":0,"enemies":"Cultist","floor":3,"turns":1},{"damage":0,"enemies":"3 Sentries","floor":6,"turns":1},{"damage":60,"enemies":"Lagavulin","floor":8,"turns":12},{"damage":7,"enemies":"2 Louse","floor":11,"turns":2},{"damage":3,"enemies":"Lots of Slimes","floor":14,"turns":5},{"damage":32,"enemies":"The Guardian","floor":16,"turns":9},{"damage":45,"enemies":"Spheric Guardian","floor":18,"turns":9},{"damage":17,"enemies":"Shell Parasite","floor":19,"turns":7},{"damage":20,"enemies":"Shelled Parasite and Fungi","floor":22,"turns":5},{"damage":33,"enemies":"Slavers","floor":24,"turns":7},{"damage":22,"enemies":"Nightmare","floor":27,"turns":6},{"damage":0,"enemies":"Chosen and Byrds","floor":29,"turns":3},{"damage":0,"enemies":"Centurion and Healer","floor":31,"turns":4},{"damage":0,"enemies":"Collector","floor":33,"turns":3},{"damage":0,"enemies":"3 Shapes","floor":35,"turns":4},{"damage":0,"enemies":"Orb Walker","floor":36,"turns":3},{"damage":3,"enemies":"3 Darklings","floor":38,"turns":4},{"damage":0,"enemies":"Transient","floor":39,"turns":5},{"damage":85,"enemies":"Nightmare","floor":40,"turns":4}],"seed_played":"7579434936828810311","potions_obtained":[{"floor":1,"key":"Swift Potion"},{"floor":4,"key":"Ancient Potion"},{"floor":4,"key":"Energy Potion"},{"floor":8,"key":"SteroidPotion"},{"floor":14,"key":"GamblersBrew"},{"floor":19,"key":"SpeedPotion"},{"floor":24,"key":"Ancient Potion"},{"floor":29,"key":"Strength Potion"},{"floor":31,"key":"DuplicationPotion"},{"floor":35,"key":"BlessingOfTheForge"}],"is_trial":false,"path_per_floor":["M","?","M","?","$","E","R","E","T","R","M","R","?","M","R","B",null,"M","M","?","$","M","AVR","E","R","T","NM","?","M","R","M","R","B",null,"M","M","$","M","M","NM"],"character_chosen":"IRONCLAD","items_purchased":["War Paint","Strength Potion","Shuriken"],"campfire_rested":1,"item_purchase_floors":[5,21,37],"current_hp_per_floor":[80,80,80,80,80,80,80,26,26,26,25,49,49,52,52,31,80,47,42,42,42,34,34,13,13,13,18,18,30,30,42,42,59,80,80,80,80,80,80,0,0],"gold":147,"neow_bonus":"THREE_ENEMY_KILL","is_daily":false,"chose_seed":false,"campfire_upgraded":5,"win_rate":0.0,"timestamp":1612545012,"path_taken":["M","?","?","?","$","E","R","E","T","R","?","R","?","M","R","BOSS","M","?","?","?","?","AVR","E","R","T","NM","?","M","R","M","R","BOSS","M","?","$","M","M","NM"],"items_purchased_type":["Relic","Potion","Relic"],"build_version":"2020-12-22","purchased_purges":3,"victory":false,"max_hp_per_floor":[80,80,80,80,80,80,80,80,80,80,80,80,80,80,80,80,80,80,80,80,80,80,80,80,80,80,80,80,80,80,80,80,80,80,80,80,80,80,80,80,80],"card_choices":[{"not_picked":["Intimidate","Perfected Strike","Wild Strike"],"picked":"SKIP","floor":1},{"not_picked":["Infernal Blade","Clothesline","Disarm"],"picked":"SKIP","floor":3},{"not_picked":["Flex","Evolve"],"picked":"Limit Break","floor":6},{"not_picked":["Havoc","Headbutt","Dual Wield"],"picked":"SKIP","floor":8},{"not_picked":["infinitespire:OneForAll","True Grit"],"picked":"Twin Strike","floor":11},{"not_picked":["Anger","Pommel Strike"],"picked":"Shrug It Off","floor":14},{"not_picked":["Hemokinesis+1","Headbutt","Infernal Blade"],"picked":"SKIP","floor":18},{"not_picked":["Fire Breathing","Shockwave","Disarm"],"picked":"SKIP","floor":19},{"not_picked":["Fire Breathing","Shockwave","Disarm"],"picked":"SKIP","floor":19},{"not_picked":["Dropkick","Ghostly Armor"],"picked":"Armaments+1","floor":22},{"not_picked":["Wild Strike+1","infinitespire:OneForAll+1","Metallicize"],"picked":"SKIP","floor":24},{"not_picked":["Clothesline","Twin Strike","Second Wind+1"],"picked":"Spot Weakness","floor":27},{"not_picked":["Second Wind","Pommel Strike","Cleave"],"picked":"Flex+1","floor":29},{"not_picked":["Armaments","Havoc","Bloodletting","Burning Pact+1"],"picked":"SKIP","floor":31},{"not_picked":["Offering","Bludgeon","Corruption"],"picked":"Barricade","floor":33},{"not_picked":["Dropkick","Clash","Flex+1"],"picked":"Twin Strike+1","floor":35},{"not_picked":["Headbutt+1","Hemokinesis","Anger+1"],"picked":"Body Slam+1","floor":36},{"not_picked":["Sever Soul","Iron Wave","Bloodletting+1"],"picked":"Heavy Blade","floor":38},{"not_picked":["Twin Strike","Perfected Strike+1","Warcry","Bloodletting"],"picked":"SKIP","floor":39}],"player_experience":468505,"relics_obtained":[{"floor":6,"key":"Smiling Mask"},{"floor":8,"key":"Red Skull"},{"floor":9,"key":"Toy Ornithopter"},{"floor":24,"key":"Question Card"},{"floor":27,"key":"HornCleat"}],"event_choices":[{"damage_healed":0,"gold_gain":0,"player_choice":"Full Heal","damage_taken":0,"max_hp_gain":0,"max_hp_loss":0,"event_name":"Wheel of Change","floor":2,"gold_loss":0},{"damage_healed":0,"gold_gain":0,"player_choice":"Got Potions","damage_taken":0,"max_hp_gain":0,"max_hp_loss":0,"event_name":"Lab","floor":4,"gold_loss":0},{"damage_healed":0,"gold_gain":0,"player_choice":"Gave Potion","damage_taken":0,"relics_obtained":["Anchor"],"max_hp_gain":0,"max_hp_loss":0,"event_name":"WeMeetAgain","floor":13,"gold_loss":0},{"damage_healed":0,"gold_gain":0,"player_choice":"Forge","damage_taken":0,"max_hp_gain":0,"max_hp_loss":0,"event_name":"Accursed Blacksmith","floor":20,"gold_loss":0,"cards_upgraded":["Shrug It Off"]},{"cards_removed":["Strike_R"],"damage_healed":0,"gold_gain":0,"player_choice":"Purged","damage_taken":0,"max_hp_gain":0,"max_hp_loss":0,"event_name":"Purifier","floor":28,"gold_loss":0}],"is_beta":false,"boss_relics":[{"not_picked":["Cursed Key","infinitespire:Cupcake"],"picked":"Black Blood"},{"not_picked":["Tiny House","infinitespire:Burning Sword"],"picked":"Empty Cage"}],"items_purged_floors":[5,21,37],"is_endless":true,"potions_floor_spawned":[1,8,14,19,24,29,31,35],"killed_by":"Nightmare","ascension_level":0}}