{"host":"6r762osam2bvfm66","time":1612562115,"event":{"mods":["BaseMod","Colored Map","Minty Spire (QoL Compilation)"],"gold_per_floor":[113,127,52,52,67,67,96,96,96,3,19,19,47,64,64,160,160,176,176,176],"floor_reached":19,"language":"ENG","playtime":870,"items_purged":["Writhe"],"score":295,"play_id":"de50b9b3-c17f-44fc-bf1f-c9c63a7a5da7","local_time":"20210205155515","is_ascension_mode":true,"campfire_choices":[{"data":"Apotheosis","floor":6,"key":"SMITH"},{"floor":8,"key":"REST"},{"data":"Strike_R","floor":15,"key":"PURGE"}],"circlet_count":0,"master_deck":["Strike_R","Strike_R","Strike_R","Strike_R","Defend_R","Defend_R","Defend_R","Defend_R","Bash","Apotheosis+1","Heavy Blade","Thunderclap","Sword Boomerang","Cleave","Shrug It Off","Searing Blow","Headbutt","Shrug It Off","Dual Wield"],"relics":["Black Blood","Incense Burner","Ancient Tea Set","Peace Pipe","Bag of Preparation","Potion Belt"],"acts_visited":["Exordium","TheCity"],"potions_floor_usage":[13,16],"damage_taken":[{"damage":0,"enemies":"2 Louse","floor":1,"turns":4},{"damage":5,"enemies":"Jaw Worm","floor":2,"turns":5},{"damage":0,"enemies":"Small Slimes","floor":5,"turns":4},{"damage":32,"enemies":"Lagavulin","floor":7,"turns":6},{"damage":13,"enemies":"Exordium Wildlife","floor":11,"turns":2},{"damage":22,"enemies":"3 Sentries","floor":13,"turns":5},{"damage":13,"enemies":"Gremlin Gang","floor":14,"turns":5},{"damage":0,"enemies":"Slime Boss","floor":16,"turns":6},{"damage":18,"enemies":"Chosen","floor":18,"turns":6},{"damage":24,"enemies":"Shell Parasite","floor":19,"turns":10}],"seed_played":"-9222858035171098133","potions_obtained":[{"floor":5,"key":"BlessingOfTheForge"},{"floor":11,"key":"SkillPotion"},{"floor":13,"key":"LiquidBronze"},{"floor":14,"key":"Explosive Potion"}],"is_trial":false,"path_per_floor":["M","M","$","?","M","R","E","R","T","$","M","T","E","M","R","B",null,"M","M"],"character_chosen":"IRONCLAD","items_purchased":["Shrug It Off","Searing Blow"],"campfire_rested":1,"item_purchase_floors":[10,10],"current_hp_per_floor":[78,79,79,67,73,73,47,71,71,71,64,64,48,41,41,47,72,66,42,42],"gold":176,"neow_bonus":"RANDOM_COLORLESS_2","is_daily":false,"chose_seed":false,"campfire_upgraded":1,"win_rate":0.0,"timestamp":1612562115,"path_taken":["M","M","$","?","M","R","E","R","T","$","M","?","E","M","R","BOSS","M","M"],"items_purchased_type":["Card","Card"],"build_version":"2020-12-22","purchased_purges":1,"victory":false,"max_hp_per_floor":[80,80,80,80,80,80,80,80,80,80,80,80,80,80,80,80,80,80,80,80],"card_choices":[{"not_picked":["Metamorphosis","Master of Strategy"],"picked":"Apotheosis","floor":0},{"not_picked":["Headbutt","Thunderclap"],"picked":"Heavy Blade","floor":1},{"not_picked":["Feel No Pain","Wild Strike"],"picked":"Thunderclap","floor":2},{"not_picked":["Rage","Anger"],"picked":"Sword Boomerang","floor":5},{"not_picked":["Bloodletting","Feel No Pain"],"picked":"Cleave","floor":7},{"not_picked":["True Grit","Clash"],"picked":"Headbutt","floor":11},{"not_picked":["Blood for Blood","Bloodletting"],"picked":"Shrug It Off","floor":13},{"not_picked":["Limit Break","Iron Wave"],"picked":"Dual Wield","floor":14},{"not_picked":["Armaments","Power Through+1","Headbutt"],"picked":"SKIP","floor":18}],"player_experience":53070,"relics_obtained":[{"floor":7,"key":"Ancient Tea Set"},{"floor":9,"key":"Peace Pipe"},{"floor":12,"key":"Bag of Preparation"},{"floor":13,"key":"Potion Belt"}],"event_choices":[{"damage_healed":0,"gold_gain":0,"player_choice":"Success","damage_taken":12,"relics_obtained":["Incense Burner"],"max_hp_gain":0,"max_hp_loss":0,"event_name":"Scrap Ooze","floor":4,"gold_loss":0}],"is_beta":false,"boss_relics":[{"not_picked":["Runic Cube","Runic Dome"],"picked":"Black Blood"}],"items_purged_floors":[3],"is_endless":false,"potions_floor_spawned":[5,11,13,14],"killed_by":"Shell Parasite","ascension_level":6}}