{"host":"2g68u5ewu4bp0ui7","time":1612540156,"event":{"mods":["AchievementEnabler","BaseMod","Best Route Mod","Block Reminder","Colored Map","Colored Powertips","Highlight Path","Minty Spire (QoL Compilation)","Quick Restart","Shop Mod","SuperFastMode","everything is the same but u backflip on backflip","slay the spire mod where everything is the same but ironclad has a cowboy hat"],"gold_per_floor":[116,41,52,52,52,52,52,69,69,0,17,43,43,43,43,43,43],"floor_reached":16,"language":"ENG","playtime":543,"items_purged":["Strike_R"],"score":98,"play_id":"f675c8ff-5df4-4608-966f-0c2e6f1dfc57","local_time":"20210205174916","is_ascension_mode":false,"campfire_choices":[{"data":"Headbutt","floor":6,"key":"SMITH"},{"floor":15,"key":"REST"}],"circlet_count":0,"master_deck":["Strike_R","Strike_R","Defend_R","Defend_R","Defend_R","Defend_R","Bash","Headbutt+1","Inflame","Iron Wave"],"relics":["Burning Blood","NeowsBlessing","Meat on the Bone","Peace Pipe"],"acts_visited":["Exordium"],"potions_floor_usage":[16,16],"damage_taken":[{"damage":0,"enemies":"Cultist","floor":1,"turns":1},{"damage":0,"enemies":"2 Louse","floor":3,"turns":1},{"damage":0,"enemies":"Small Slimes","floor":8,"turns":1},{"damage":7,"enemies":"Blue Slaver","floor":11,"turns":6},{"damage":37,"enemies":"Lagavulin","floor":12,"turns":9},{"damage":68,"enemies":"Slime Boss","floor":16,"turns":13}],"seed_played":"6224876444031990391","potions_obtained":[{"floor":1,"key":"BlessingOfTheForge"},{"floor":11,"key":"GamblersBrew"}],"is_trial":false,"path_per_floor":["M","$","M","?","?","R","?","M","T","$","M","E","?","?","R","B"],"character_chosen":"IRONCLAD","items_purchased":["Inflame"],"campfire_rested":1,"item_purchase_floors":[10],"current_hp_per_floor":[80,80,80,80,73,73,73,79,79,79,78,47,47,44,68,0,0],"gold":43,"neow_bonus":"THREE_ENEMY_KILL","is_daily":false,"chose_seed":false,"campfire_upgraded":1,"win_rate":0.0,"timestamp":1612540156,"path_taken":["M","$","M","?","?","R","?","M","T","?","?","E","?","?","R","BOSS"],"items_purchased_type":["Card"],"build_version":"2020-12-22","purchased_purges":1,"victory":false,"max_hp_per_floor":[80,80,80,80,80,80,80,80,80,80,80,80,80,80,80,80,80],"card_choices":[{"not_picked":["Battle Trance","Shrug It Off"],"picked":"Headbutt","floor":1},{"not_picked":["Thunderclap","Perfected Strike","Rampage"],"picked":"SKIP","floor":3},{"not_picked":["Feel No Pain","Bloodletting","Clash"],"picked":"SKIP","floor":8},{"not_picked":["Armaments","Perfected Strike"],"picked":"Iron Wave","floor":11},{"not_picked":["Havoc","Reckless Charge","True Grit"],"picked":"SKIP","floor":12}],"player_experience":71523,"relics_obtained":[{"floor":9,"key":"Meat on the Bone"},{"floor":12,"key":"Peace Pipe"}],"event_choices":[{"cards_removed":["Strike_R"],"damage_healed":0,"gold_gain":0,"player_choice":"Forget","damage_taken":0,"max_hp_gain":0,"max_hp_loss":0,"event_name":"Living Wall","floor":4,"gold_loss":0},{"cards_removed":["Strike_R"],"damage_healed":0,"gold_gain":0,"player_choice":"Card Removal","damage_taken":7,"max_hp_gain":0,"max_hp_loss":0,"event_name":"Golden Wing","floor":5,"gold_loss":0},{"damage_healed":0,"gold_gain":0,"player_choice":"Ignored","damage_taken":0,"max_hp_gain":0,"max_hp_loss":0,"event_name":"Shining Light","floor":7,"gold_loss":0},{"damage_healed":0,"gold_gain":0,"player_choice":"Ignored","damage_taken":0,"max_hp_gain":0,"max_hp_loss":0,"event_name":"Golden Idol","floor":13,"gold_loss":0},{"damage_healed":0,"gold_gain":0,"player_choice":"Fled","damage_taken":3,"max_hp_gain":0,"max_hp_loss":0,"event_name":"Scrap Ooze","floor":14,"gold_loss":0}],"is_beta":false,"boss_relics":[],"items_purged_floors":[2],"is_endless":false,"potions_floor_spawned":[1,11],"killed_by":"Slime Boss","ascension_level":0}}