{"host":"w3q5ijqu8eoknil3","time":1612547513,"event":{"mods":["AchievementEnabler","BaseMod","Block Reminder","Colored Map","Colored Powertips","Curses Come First","Dark Map","Minty Spire (QoL Compilation)","Quick Restart","Relic Stats","StSLib","ojb\u0027s Better Paths Mod","ojb\u0027s Info Mod","slay the spire mod where everything is the same but ironclad has a cowboy hat"],"gold_per_floor":[109,125,143,143,161,187,187,187,187],"floor_reached":8,"language":"ENG","playtime":213,"items_purged":[],"score":113,"play_id":"1ce4a675-21a2-481f-b0f9-73737d6f13e9","local_time":"20210205175153","is_ascension_mode":true,"campfire_choices":[{"data":"Adrenaline","floor":7,"key":"SMITH"}],"circlet_count":0,"master_deck":["AscendersBane","Strike_G","Strike_G","Strike_G","Strike_G","Defend_G","Defend_G","Defend_G","Defend_G","Defend_G","Survivor","Neutralize","Quick Slash","Blade Dance","Grand Finale","Dash","Adrenaline+1"],"relics":["Ring of the Snake","NeowsBlessing","Regal Pillow"],"acts_visited":["Exordium"],"potions_floor_usage":[5,8],"damage_taken":[{"damage":0,"enemies":"2 Louse","floor":1,"turns":1},{"damage":0,"enemies":"Jaw Worm","floor":2,"turns":1},{"damage":0,"enemies":"Cultist","floor":3,"turns":1},{"damage":7,"enemies":"Gremlin Gang","floor":5,"turns":3},{"damage":32,"enemies":"Gremlin Nob","floor":6,"turns":5},{"damage":20,"enemies":"3 Sentries","floor":8,"turns":6}],"seed_played":"4088565852891726613","potions_obtained":[{"floor":1,"key":"AttackPotion"},{"floor":2,"key":"Strength Potion"}],"is_trial":false,"path_per_floor":["M","M","M","?","M","E","R","E"],"character_chosen":"THE_SILENT","items_purchased":[],"campfire_rested":0,"item_purchase_floors":[],"current_hp_per_floor":[59,59,59,59,52,20,20,0,0],"gold":187,"neow_bonus":"THREE_ENEMY_KILL","is_daily":false,"chose_seed":false,"campfire_upgraded":1,"win_rate":0.0,"timestamp":1612547513,"path_taken":["M","M","M","?","M","E","R","E"],"items_purchased_type":[],"build_version":"2020-12-22","purchased_purges":0,"victory":false,"max_hp_per_floor":[66,66,66,66,66,66,66,66,66],"relic_stats":{"Regal Pillow":0,"counters":[6,17],"obtain_stats":[{"Regal Pillow":6,"NeowsBlessing":0,"Ring of the Snake":0},{"Regal Pillow":5,"NeowsBlessing":0,"Ring of the Snake":0},{"Regal Pillow":11,"NeowsBlessing":0,"Ring of the Snake":0}],"Ring of the Snake":[12]},"card_choices":[{"not_picked":["Accuracy","Cloak And Dagger"],"picked":"Quick Slash","floor":1},{"not_picked":["Dodge and Roll","Infinite Blades","Deflect"],"picked":"SKIP","floor":2},{"not_picked":["Cloak And Dagger","Outmaneuver"],"picked":"Blade Dance","floor":3},{"not_picked":["Setup","Quick Slash"],"picked":"Dash","floor":5},{"not_picked":["Dodge and Roll","Acrobatics"],"picked":"Adrenaline","floor":6}],"player_experience":1034572,"relics_obtained":[{"floor":6,"key":"Regal Pillow"}],"event_choices":[{"damage_healed":0,"gold_gain":0,"cards_transformed":["Strike_G"],"player_choice":"Change","damage_taken":0,"max_hp_gain":0,"max_hp_loss":0,"event_name":"Living Wall","floor":4,"gold_loss":0,"cards_obtained":["Grand Finale"]}],"is_beta":false,"boss_relics":[],"items_purged_floors":[],"is_endless":false,"potions_floor_spawned":[1,2,3],"killed_by":"3 Sentries","ascension_level":19}}