{"host":"2haferq23ht5nrlk","time":1612530878,"event":{"mods":["ATMod(°¢èªMod)","BaseMod","BetterRewards","Colored Powertips","Conspire","Dota2Spire","KomeijiMod","Lobotomy","Minty Spire (QoL Compilation)","Quick Restart","Relic Filter Mod","Relic Stats","Reliquary","Replay The Spire","Spicy Shops","StSLib","UnlockEverythingMod","¡¾ÒÅÎï¿¨ÅÆ¡¿REMEMod"],"gold_per_floor":[149,71,108,108,148,194,274,274,274,274,274,274,334,31,31,31,31],"floor_reached":16,"language":"ZHS","playtime":551,"items_purged":["Strike_R"],"score":216,"play_id":"ef2a6701-4602-4357-bacc-8e0ae1eed9ef","local_time":"20210205211438","is_ascension_mode":true,"campfire_choices":[{"data":"Barricade","floor":8,"key":"SMITH"},{"data":"HandOfGreed","floor":12,"key":"SMITH"},{"floor":15,"key":"REST"}],"circlet_count":0,"master_deck":["Strike_R","Strike_R","Strike_R+1","Strike_R","Defend_R","Defend_R","Defend_R","Defend_R","Bash","HandOfGreed+1","Body Slam","ReplayTheSpireMod:Stacked","Twilight","AT_BodySlamDance","Barricade+1","Dark Embrace","Feed","Armaments"],"relics":["Burning Blood","AT_ATBox","REME_ComplimentaryCards","conspire:Boomerang","Juzu Bracelet","AT_EbonyIvory","Chameleon Ring","Gremlin Food","Anchor"],"acts_visited":["Exordium"],"potions_floor_usage":[6,7,13],"damage_taken":[{"damage":6,"enemies":"2 Louse","floor":1,"turns":2},{"damage":13,"enemies":"Jaw Worm","floor":3,"turns":4},{"damage":0,"enemies":"Cultist","floor":5,"turns":3},{"damage":22,"enemies":"Lagavulin","floor":6,"turns":5},{"damage":17,"enemies":"Lots of Slimes","floor":7,"turns":5},{"damage":25,"enemies":"Gremlin Nob","floor":13,"turns":4},{"damage":45,"enemies":"Hexaghost","floor":16,"turns":10}],"seed_played":"-932416692874631696","potions_obtained":[{"floor":3,"key":"AttackPotion"},{"floor":6,"key":"ColorlessPotion"},{"floor":13,"key":"REME_GoldPotion"}],"is_trial":false,"path_per_floor":["M","$","M","?","M","E","M","R","T","?","?","R","E","$","R","B"],"character_chosen":"IRONCLAD","items_purchased":["HandOfGreed","conspire:Boomerang","ReplayTheSpireMod:Stacked","Anchor","Armaments"],"campfire_rested":1,"item_purchase_floors":[0,0,2,14,14],"current_hp_per_floor":[68,68,61,61,67,51,40,40,40,36,36,36,17,17,39,0,0],"gold":31,"neow_bonus":"","is_daily":false,"chose_seed":false,"campfire_upgraded":2,"win_rate":0.0,"timestamp":1612530878,"path_taken":["M","$","M","?","M","E","M","R","T","?","?","R","E","$","R","BOSS"],"items_purchased_type":["Card","Relic","Card","Relic","Card"],"build_version":"2020-12-22","purchased_purges":1,"victory":false,"max_hp_per_floor":[75,75,75,75,75,75,75,75,75,75,75,75,75,75,75,75,75],"relic_stats":{"counters":[7,33],"Juzu Bracelet":1,"obtain_stats":[{"Gremlin Food":13,"Anchor":14,"AT_ATBox":0,"Chameleon Ring":11,"AT_EbonyIvory":9,"conspire:Boomerang":0,"Juzu Bracelet":6,"Burning Blood":0,"REME_ComplimentaryCards":0},{"Gremlin Food":6,"Anchor":6,"AT_ATBox":0,"Chameleon Ring":5,"AT_EbonyIvory":5,"conspire:Boomerang":0,"Juzu Bracelet":4,"Burning Blood":0,"REME_ComplimentaryCards":0},{"Gremlin Food":23,"Anchor":23,"AT_ATBox":0,"Chameleon Ring":19,"AT_EbonyIvory":19,"conspire:Boomerang":0,"Juzu Bracelet":14,"Burning Blood":0,"REME_ComplimentaryCards":0}],"Burning Blood":36},"card_choices":[{"not_picked":["Anger","Clash"],"picked":"Body Slam","floor":1},{"not_picked":["Defy Death","Headbutt"],"picked":"Pommel Strike","floor":3},{"not_picked":["Rupture","Iron Wave"],"picked":"AT_BodySlamDance","floor":5},{"not_picked":["Heavy Blade","Cleave"],"picked":"Barricade","floor":6},{"not_picked":["Replay:Undeath\u0027s Touch","Searing Blow"],"picked":"Dark Embrace","floor":7},{"not_picked":["Clothesline","ReplayTheSpireMod:Muscle Training"],"picked":"Feed","floor":13}],"player_experience":21489,"relics_obtained":[{"floor":6,"key":"Juzu Bracelet"},{"floor":9,"key":"AT_EbonyIvory"},{"floor":13,"key":"Gremlin Food"}],"event_choices":[{"damage_healed":0,"gold_gain":0,"player_choice":"Bought 0 Potions","damage_taken":0,"max_hp_gain":0,"max_hp_loss":0,"event_name":"The Woman in Blue","floor":10,"gold_loss":0},{"cards_removed":["Pommel Strike"],"damage_healed":0,"gold_gain":0,"player_choice":"Gave Card","damage_taken":0,"relics_obtained":["Chameleon Ring"],"max_hp_gain":0,"max_hp_loss":0,"event_name":"WeMeetAgain","floor":11,"gold_loss":0}],"is_beta":false,"boss_relics":[],"items_purged_floors":[14],"is_endless":false,"potions_floor_spawned":[3,6,13],"killed_by":"Hexaghost","ascension_level":20}}