{"host":"yecadp3kwkksam5a","time":1612533634,"event":{"mods":["100% Spire Juice","Arknights","BaseMod","Minty Spire (QoL Compilation)","StSLib","SuperFastMode","The Cursed","WarShipGirlsR/??á´Ò³R mod"],"gold_per_floor":[115,115,125,135,155,155,180,180,232,25,52,52,83,70,70,147,147,164,176,191,191,191],"floor_reached":21,"language":"KOR","playtime":801,"items_purged":[],"score":387,"play_id":"a350b69b-8b24-4234-9854-a2b2b3a91d36","local_time":"20210205230034","is_ascension_mode":true,"campfire_choices":[{"data":"Armaments","floor":6.0,"key":"SMITH"},{"data":"Pommel Strike","floor":8,"key":"SMITH"},{"data":"Evolve","floor":15,"key":"SMITH"}],"circlet_count":0,"master_deck":["AscendersBane","Bash","Shrug It Off","Armaments+1","Pommel Strike+1","Evolve+1","Blood for Blood","Uppercut","Reaper","Wild Strike","Offering","Pummel","Berserk","Double Tap","Barricade","Evolve","Shockwave","Fire Breathing","Bloodletting"],"relics":["Burning Blood","Singing Bowl","Juzu Bracelet","ClockworkSouvenir","Blood Vial","Question Card","Pandora\u0027s Box"],"acts_visited":["Exordium","TheCity"],"potions_floor_usage":[7,16,16],"damage_taken":[{"damage":4.0,"enemies":"2 Louse","floor":1.0,"turns":4.0},{"damage":5.0,"enemies":"Jaw Worm","floor":3.0,"turns":4.0},{"damage":0.0,"enemies":"Small Slimes","floor":4.0,"turns":5.0},{"damage":8.0,"enemies":"Looter","floor":5.0,"turns":4.0},{"damage":25,"enemies":"Lagavulin","floor":7,"turns":8},{"damage":16,"enemies":"Gremlin Nob","floor":11,"turns":4},{"damage":25,"enemies":"Lagavulin","floor":13,"turns":6},{"damage":21,"enemies":"Exordium Thugs","floor":14,"turns":7},{"damage":34,"enemies":"Slime Boss","floor":16,"turns":11},{"damage":43,"enemies":"3 Byrds","floor":18,"turns":5},{"damage":25,"enemies":"Shell Parasite","floor":19,"turns":4},{"damage":28,"enemies":"Snecko","floor":20,"turns":5},{"damage":6,"enemies":"Cultist and Chosen","floor":21,"turns":3}],"seed_played":"-5527435532261807361","potions_obtained":[{"floor":1.0,"key":"BloodPotion"},{"floor":3.0,"key":"DuplicationPotion"},{"floor":11,"key":"Fruit Juice"},{"floor":16,"key":"Ancient Potion"},{"floor":19,"key":"SpeedPotion"}],"is_trial":false,"path_per_floor":["M","?","M","M","M","R","E","R","T","$","E","?","E","M","R","B",null,"M","M","M","M"],"character_chosen":"IRONCLAD","items_purchased":["ClockworkSouvenir","Blood for Blood"],"campfire_rested":0,"item_purchase_floors":[10,10],"current_hp_per_floor":[66,59,60,66,64,64,47,47,47,47,37,37,22,21,21,19,78,51,36,18,14,14],"gold":191,"neow_bonus":"TWENTY_PERCENT_HP_BONUS","is_daily":false,"chose_seed":false,"campfire_upgraded":3,"win_rate":0.0,"timestamp":1612533634,"path_taken":["M","?","M","M","M","R","E","R","T","$","E","?","E","M","R","BOSS","M","M","M","M"],"items_purchased_type":["Relic","Card"],"build_version":"2020-12-22","purchased_purges":0,"victory":false,"max_hp_per_floor":[89,89,89,89,89,89,91,91,91,91,91,91,93,93,93,98,98,100,102,104,104,104],"card_choices":[{"not_picked":["Blood for Blood","Clothesline"],"picked":"Shrug It Off","floor":1.0},{"not_picked":["Heavy Blade","Warcry"],"picked":"Armaments","floor":3.0},{"not_picked":["Rage","Dual Wield"],"picked":"Pommel Strike","floor":4.0},{"not_picked":["Cleave","Body Slam"],"picked":"Evolve","floor":5.0},{"not_picked":["Iron Wave","Seeing Red","Demon Form"],"picked":"Singing Bowl","floor":7},{"not_picked":["Searing Blow","Bludgeon"],"picked":"Uppercut","floor":11},{"not_picked":[],"picked":"Reaper","floor":12},{"not_picked":["Reaper","Armaments","Carnage"],"picked":"Singing Bowl","floor":13},{"not_picked":["Iron Wave","Rupture","Havoc"],"picked":"Wild Strike","floor":14},{"not_picked":["Juggernaut","Corruption","Reaper"],"picked":"Offering","floor":16},{"not_picked":["Perfected Strike","Shrug It Off","Twin Strike","Thunderclap"],"picked":"Singing Bowl","floor":18},{"not_picked":["Anger+1","Thunderclap","Juggernaut","Carnage"],"picked":"Singing Bowl","floor":19},{"not_picked":["Pummel","Thunderclap","Pommel Strike","Blood for Blood"],"picked":"Singing Bowl","floor":20}],"player_experience":602643,"relics_obtained":[{"floor":7,"key":"Singing Bowl"},{"floor":9,"key":"Juzu Bracelet"},{"floor":11,"key":"Blood Vial"},{"floor":13,"key":"Question Card"}],"event_choices":[{"cards_removed":["Strike_R"],"damage_healed":0.0,"max_hp_gain":0.0,"max_hp_loss":0.0,"gold_gain":0.0,"event_name":"Golden Wing","player_choice":"Card Removal","floor":2.0,"gold_loss":0.0,"damage_taken":7.0}],"is_beta":false,"boss_relics":[{"not_picked":["SlaversCollar","Empty Cage"],"picked":"Pandora\u0027s Box"}],"items_purged_floors":[],"is_endless":false,"potions_floor_spawned":[1,3,11,13,16,19],"killed_by":"Cultist and Chosen","ascension_level":16}}