{"host":"6q94iy5iz6612v89","time":1612556453,"event":{"mods":["2.2 Compatiblity","AchievementEnabler","BaseMod","Colored Map","DeckTracker","Keyboard Shortcuts","Minty Spire (QoL Compilation)","Permanent Neow","StSLib","SuperFastMode"],"gold_per_floor":[110,35,35,49,65,65,100,100,123,150,150,150,171,192,192,288,288,304,329,229,242,242,242,267,267,267,298,317,317,317,32,32,32,32],"floor_reached":33,"language":"KOR","playtime":676,"items_purged":["Strike_P","Strike_P","Strike_P"],"score":800,"play_id":"ca4c534a-6a78-4718-86a8-efe36a8f6f25","local_time":"20210206052053","is_ascension_mode":true,"campfire_choices":[{"data":"WheelKick","floor":6,"key":"SMITH"},{"data":"SashWhip","floor":8,"key":"SMITH"},{"data":"Adaptation","floor":11,"key":"SMITH"},{"data":"Protect","floor":15,"key":"SMITH"},{"floor":23,"key":"REST"},{"floor":32,"key":"REST"}],"circlet_count":0,"master_deck":["AscendersBane","Defend_P","Defend_P","Defend_P","Defend_P","Eruption+1","Vigilance","SashWhip+1","WheelKick+1","Protect+1","Adaptation+1","FollowUp"],"relics":["PureWater","PreservedInsect","Happy Flower","StoneCalendar","Golden Idol","VioletLotus","Blood Vial","Toxic Egg 2","TheAbacus"],"acts_visited":["Exordium","TheCity"],"potions_floor_usage":[7,16,18,18,19,21,21,24,27,27,29],"damage_taken":[{"damage":3,"enemies":"Small Slimes","floor":1,"turns":5},{"damage":0,"enemies":"Cultist","floor":4,"turns":3},{"damage":4,"enemies":"Jaw Worm","floor":5,"turns":3},{"damage":0,"enemies":"Gremlin Nob","floor":7,"turns":1},{"damage":0,"enemies":"Lagavulin","floor":10,"turns":4},{"damage":20,"enemies":"Lots of Slimes","floor":13,"turns":4},{"damage":0,"enemies":"2 Fungi Beasts","floor":14,"turns":3},{"damage":0,"enemies":"The Guardian","floor":16,"turns":8},{"damage":8,"enemies":"Shell Parasite","floor":18,"turns":4},{"damage":0,"enemies":"Chosen","floor":19,"turns":2},{"damage":18,"enemies":"Shelled Parasite and Fungi","floor":21,"turns":3},{"damage":14,"enemies":"3 Cultists","floor":24,"turns":4},{"damage":11,"enemies":"Book of Stabbing","floor":27,"turns":3},{"damage":17,"enemies":"Centurion and Healer","floor":28,"turns":5},{"damage":11,"enemies":"Colosseum Slavers","floor":29,"turns":3},{"damage":31,"enemies":"Automaton","floor":33,"turns":6}],"seed_played":"3962989377763671302","potions_obtained":[{"floor":4,"key":"Ambrosia"},{"floor":5,"key":"EssenceOfSteel"},{"floor":14,"key":"Weak Potion"},{"floor":16,"key":"EntropicBrew"},{"floor":19,"key":"StancePotion"},{"floor":21,"key":"Fruit Juice"},{"floor":25,"key":"DistilledChaos"},{"floor":25,"key":"LiquidMemories"},{"floor":27,"key":"BlessingOfTheForge"}],"is_trial":false,"path_per_floor":["M","$","?","M","M","R","E","R","T","E","R","?","M","M","R","B",null,"M","M","$","M","?","R","M","?","T","E","M","?","T","$","R","B"],"character_chosen":"WATCHER","items_purchased":["TheAbacus"],"campfire_rested":2,"item_purchase_floors":[31],"current_hp_per_floor":[58,58,58,58,54,54,54,54,54,54,54,31,11,11,11,11,54,46,46,46,33,33,54,40,40,40,29,14,5,5,5,26,0,0],"gold":32,"neow_bonus":"THREE_CARDS","is_daily":false,"chose_seed":false,"campfire_upgraded":4,"win_rate":0.0,"timestamp":1612556453,"path_taken":["M","$","?","M","?","R","E","R","T","E","R","?","M","M","R","BOSS","M","M","$","M","?","R","?","?","T","E","?","?","?","$","R","BOSS"],"items_purchased_type":["Relic"],"build_version":"2020-12-22","purchased_purges":3,"victory":false,"max_hp_per_floor":[68,68,68,68,68,68,68,68,68,68,68,68,68,68,68,68,68,68,68,68,73,73,73,73,73,73,73,73,73,73,73,73,73,73],"card_choices":[{"not_picked":["JustLucky","Study"],"picked":"SashWhip","floor":0},{"not_picked":["ClearTheMind","JustLucky"],"picked":"WheelKick","floor":1},{"not_picked":["LikeWater","Worship"],"picked":"Protect","floor":4},{"not_picked":["ThirdEye","Nirvana"],"picked":"Adaptation","floor":5},{"not_picked":["FollowUp","ForeignInfluence","Alpha"],"picked":"SKIP","floor":7},{"not_picked":["Evaluate","FlyingSleeves","ThirdEye"],"picked":"SKIP","floor":10},{"not_picked":["BattleHymn","Evaluate"],"picked":"FollowUp","floor":13},{"not_picked":["BowlingBash","EmptyMind","JustLucky"],"picked":"SKIP","floor":14},{"not_picked":["CutThroughFate","CrushJoints","EmptyBody+1"],"picked":"SKIP","floor":18},{"not_picked":["Prostrate","Crescendo","Evaluate"],"picked":"SKIP","floor":19},{"not_picked":["LikeWater","Sanctity","Evaluate"],"picked":"SKIP","floor":21},{"not_picked":["Prostrate","Meditate","Halt"],"picked":"SKIP","floor":24},{"not_picked":["CrushJoints","SashWhip","Swivel"],"picked":"SKIP","floor":27},{"not_picked":["BowlingBash","Swivel","Study"],"picked":"SKIP","floor":28}],"player_experience":1466788,"relics_obtained":[{"floor":7,"key":"PreservedInsect"},{"floor":9,"key":"Happy Flower"},{"floor":10,"key":"StoneCalendar"},{"floor":27,"key":"Blood Vial"},{"floor":30,"key":"Toxic Egg 2"}],"event_choices":[{"damage_healed":0,"gold_gain":0,"player_choice":"Forge","damage_taken":0,"max_hp_gain":0,"max_hp_loss":0,"event_name":"Accursed Blacksmith","floor":3,"gold_loss":0,"cards_upgraded":["Eruption"]},{"damage_healed":0,"gold_gain":0,"player_choice":"Take Damage","damage_taken":23,"relics_obtained":["Golden Idol"],"max_hp_gain":0,"max_hp_loss":0,"event_name":"Golden Idol","floor":12,"gold_loss":0},{"cards_removed":["Strike_P"],"damage_healed":0,"gold_gain":0,"player_choice":"Card Removal","damage_taken":0,"max_hp_gain":0,"max_hp_loss":0,"event_name":"Wheel of Change","floor":22,"gold_loss":0},{"damage_healed":0,"gold_gain":0,"player_choice":"Got Potions","damage_taken":0,"max_hp_gain":0,"max_hp_loss":0,"event_name":"Lab","floor":25,"gold_loss":0},{"damage_healed":0,"gold_gain":0,"player_choice":"Fight","damage_taken":0,"max_hp_gain":0,"max_hp_loss":0,"event_name":"Colosseum","floor":29,"gold_loss":0},{"damage_healed":0,"gold_gain":0,"player_choice":"Fled From Nobs","damage_taken":0,"max_hp_gain":0,"max_hp_loss":0,"event_name":"Colosseum","floor":29,"gold_loss":0}],"is_beta":false,"boss_relics":[{"not_picked":["Sozu","Philosopher\u0027s Stone"],"picked":"VioletLotus"}],"items_purged_floors":[2,20,31],"is_endless":false,"potions_floor_spawned":[4,5,14,16,19,21,27],"killed_by":"Automaton","ascension_level":20}}