{"host":"lv3zv4svf9qrs9uo","time":1612498889,"event":{"mods":["AchievementEnabler","BaseMod","Minty Spire (QoL Compilation)"],"gold_per_floor":[112,127,147,147,159,159,14,28,51,85,185,196,216,236,236,331,331,347,357,368,385,585,585,598,239,292,309,320,320,97,107,107,205,205,223,238,85,101,115,115,115,115,115,126,139,157,169,19,19,19],"floor_reached":51,"language":"ENG","playtime":9790,"items_purged":["Defend_P","Strike_P","Defend_P","Doubt"],"score":763,"play_id":"7cd35e48-9364-48b1-821e-f4352ce494dc","local_time":"20210204202129","is_ascension_mode":false,"campfire_choices":[{"floor":6.0,"key":"REST"},{"floor":15.0,"key":"REST"},{"floor":23.0,"key":"REST"},{"floor":29.0,"key":"REST"},{"floor":32.0,"key":"REST"},{"floor":40.0,"key":"REST"},{"floor":49,"key":"REST"}],"circlet_count":0,"master_deck":["Strike_P+1","Strike_P+1","Strike_P+1","Defend_P+1","Defend_P+1","Eruption","Vigilance","EmptyFist+1","FlurryOfBlows+1","WheelKick","ClearTheMind+1","MentalFortress+1","Prostrate+1","Evaluate+1","CarveReality+1","LessonLearned+1","Devotion+1","Sanctity+1","Wireheading+1","CrushJoints","Scrawl","Master of Strategy+1","Weave+1","Blasphemy+1","LikeWater+1","TalkToTheHand","Nirvana","Crescendo+1","ThirdEye+1","CutThroughFate+1","Parasite"],"relics":["Fusion Hammer"],"acts_visited":["Exordium","TheCity","TheBeyond"],"potions_floor_usage":[46,50,50,50],"damage_taken":[{"damage":0.0,"enemies":"Jaw Worm","floor":1.0,"turns":4.0},{"damage":0.0,"enemies":"2 Louse","floor":2.0,"turns":2.0},{"damage":0.0,"enemies":"Cultist","floor":3.0,"turns":2.0},{"damage":4.0,"enemies":"2 Fungi Beasts","floor":5.0,"turns":2.0},{"damage":2.0,"enemies":"Exordium Thugs","floor":8.0,"turns":3.0},{"damage":0.0,"enemies":"Lagavulin","floor":10.0,"turns":5.0},{"damage":4.0,"enemies":"Lots of Slimes","floor":12.0,"turns":5.0},{"damage":0.0,"enemies":"Gremlin Gang","floor":13.0,"turns":4.0},{"damage":0.0,"enemies":"Blue Slaver","floor":14.0,"turns":2.0},{"damage":42.0,"enemies":"The Guardian","floor":16.0,"turns":8.0},{"damage":8.0,"enemies":"Shell Parasite","floor":18.0,"turns":5.0},{"damage":5.0,"enemies":"3 Byrds","floor":19.0,"turns":6.0},{"damage":13.0,"enemies":"Cultist and Chosen","floor":20.0,"turns":6.0},{"damage":24.0,"enemies":"Snecko","floor":21.0,"turns":6.0},{"damage":6.0,"enemies":"Chosen and Byrds","floor":24.0,"turns":4.0},{"damage":0.0,"enemies":"Centurion and Healer","floor":27.0,"turns":9.0},{"damage":12.0,"enemies":"Snake Plant","floor":28.0,"turns":4.0},{"damage":15.0,"enemies":"Cultist and Chosen","floor":31.0,"turns":5.0},{"damage":28.0,"enemies":"Automaton","floor":33.0,"turns":7.0},{"damage":25.0,"enemies":"3 Darklings","floor":35.0,"turns":6.0},{"damage":0.0,"enemies":"3 Shapes","floor":36.0,"turns":6.0},{"damage":33.0,"enemies":"Writhing Mass","floor":38.0,"turns":9.0},{"damage":14.0,"enemies":"3 Darklings","floor":39.0,"turns":6.0},{"damage":17.0,"enemies":"Spire Growth","floor":44.0,"turns":6.0},{"damage":12.0,"enemies":"Transient","floor":45.0,"turns":5.0},{"damage":5,"enemies":"Writhing Mass","floor":46,"turns":6},{"damage":12,"enemies":"Sphere and 2 Shapes","floor":47,"turns":6},{"damage":40,"enemies":"Time Eater","floor":50,"turns":9}],"seed_played":"6154176915709927989","potions_obtained":[{"floor":1.0,"key":"PowerPotion"},{"floor":2.0,"key":"Ancient Potion"},{"floor":5.0,"key":"GamblersBrew"},{"floor":12.0,"key":"FearPotion"},{"floor":13.0,"key":"SteroidPotion"},{"floor":19.0,"key":"BottledMiracle"},{"floor":21.0,"key":"DuplicationPotion"},{"floor":31.0,"key":"SpeedPotion"},{"floor":36.0,"key":"LiquidMemories"},{"floor":39.0,"key":"Explosive Potion"},{"floor":45.0,"key":"Weak Potion"},{"floor":46,"key":"Block Potion"},{"floor":47,"key":"Swift Potion"}],"is_trial":false,"path_per_floor":["M","M","M","?","M","R","$","M","T","E","?","M","M","M","R","B",null,"M","M","M","M","?","R","M","$","T","M","M","R","$","M","R","B",null,"M","M","$","M","M","R","?","?","T","M","M","M","M","$","R","B",null],"character_chosen":"WATCHER","items_purchased":["MentalFortress","Scrawl","Master of Strategy","Fruit Juice","TalkToTheHand","Nirvana"],"campfire_rested":7,"item_purchase_floors":[7,25,25,30,37,37],"current_hp_per_floor":[72,72,72,58,54,72,72,70,70,70,70,66,66,66,72,30,72,64,59,46,22,22,43,37,37,37,37,25,46,46,36,59,31,77,52,52,52,19,5,28,77,77,77,60,48,43,31,31,54,14],"gold":19,"neow_bonus":"BOSS_RELIC","is_daily":false,"chose_seed":false,"campfire_upgraded":0,"win_rate":0.0,"timestamp":1612498889,"path_taken":["M","M","M","?","M","R","$","M","T","E","?","M","?","M","R","BOSS","M","M","M","M","?","R","M","?","T","M","M","R","$","?","R","BOSS","M","M","$","?","?","R","?","?","T","?","M","M","M","$","R","BOSS"],"items_purchased_type":["Card","Card","Card","Potion","Card","Card"],"build_version":"2020-12-22","purchased_purges":4,"victory":true,"max_hp_per_floor":[72,72,72,72,72,72,72,72,72,72,72,72,72,72,72,72,72,72,72,72,72,72,72,72,72,72,72,72,72,72,77,77,77,77,77,77,77,77,77,77,77,77,77,77,77,77,77,77,77,77],"card_choices":[{"not_picked":["Evaluate","ReachHeaven"],"picked":"EmptyFist","floor":1.0},{"not_picked":["EmptyBody","FollowUp"],"picked":"FlurryOfBlows","floor":2.0},{"not_picked":["CarveReality","EmptyBody"],"picked":"WheelKick","floor":3.0},{"not_picked":["SignatureMove","Crescendo"],"picked":"ClearTheMind","floor":5.0},{"not_picked":["FlyingSleeves","WreathOfFlame"],"picked":"Prostrate","floor":8.0},{"not_picked":["SignatureMove","Meditate"],"picked":"Evaluate","floor":10.0},{"not_picked":["FlyingSleeves","Protect"],"picked":"CarveReality","floor":12.0},{"not_picked":["Prostrate","SashWhip","WindmillStrike"],"picked":"SKIP","floor":13.0},{"not_picked":["ClearTheMind","JustLucky"],"picked":"LessonLearned","floor":14.0},{"not_picked":["SpiritShield","MasterReality"],"picked":"Devotion","floor":16.0},{"not_picked":["Fasting2","ClearTheMind+1"],"picked":"Sanctity","floor":18.0},{"not_picked":["LikeWater","Halt"],"picked":"Wireheading+1","floor":19.0},{"not_picked":["EmptyFist","Collect"],"picked":"CrushJoints","floor":20.0},{"not_picked":["Perseverance","Evaluate","Sanctity"],"picked":"SKIP","floor":21.0},{"not_picked":["ThirdEye","Swivel","BowlingBash"],"picked":"SKIP","floor":24.0},{"not_picked":["CrushJoints","BattleHymn","JustLucky"],"picked":"SKIP","floor":27.0},{"not_picked":["ClearTheMind","MentalFortress","InnerPeace"],"picked":"SKIP","floor":28.0},{"not_picked":["Evaluate","ThirdEye+1"],"picked":"Weave+1","floor":31.0},{"not_picked":["Wish","Ragnarok"],"picked":"Blasphemy","floor":33.0},{"not_picked":["Protect+1","BowlingBash+1","Halt"],"picked":"SKIP","floor":35.0},{"not_picked":["ForeignInfluence","WreathOfFlame+1"],"picked":"LikeWater+1","floor":36.0},{"not_picked":["Protect+1","Perseverance+1"],"picked":"Crescendo+1","floor":38.0},{"not_picked":["BowlingBash","CarveReality"],"picked":"ThirdEye+1","floor":39.0},{"not_picked":["FollowUp","BowlingBash+1"],"picked":"CutThroughFate+1","floor":44.0},{"not_picked":["LikeWater","Sanctity+1","Vengeance"],"picked":"SKIP","floor":45.0},{"not_picked":["ThirdEye","EmptyBody","JustLucky"],"picked":"SKIP","floor":46},{"not_picked":["FlyingSleeves","Crescendo","FollowUp+1"],"picked":"SKIP","floor":47}],"player_experience":517091,"relics_obtained":[],"event_choices":[{"damage_healed":0.0,"max_hp_gain":0.0,"max_hp_loss":0.0,"gold_gain":0.0,"event_name":"Shining Light","player_choice":"Entered Light","floor":4.0,"gold_loss":0.0,"damage_taken":14.0,"cards_upgraded":["Defend_P","EmptyFist"]},{"damage_healed":0.0,"max_hp_gain":0.0,"max_hp_loss":0.0,"gold_gain":100.0,"event_name":"Wheel of Change","player_choice":"Gold","floor":11.0,"gold_loss":0.0,"damage_taken":0.0},{"damage_healed":0.0,"max_hp_gain":0.0,"max_hp_loss":0.0,"gold_gain":250.0,"event_name":"The Joust","player_choice":"Bet on Owner","floor":22.0,"gold_loss":50.0,"damage_taken":0.0},{"damage_healed":49.0,"max_hp_gain":0.0,"max_hp_loss":0.0,"gold_gain":0.0,"event_name":"MindBloom","player_choice":"Heal","floor":41.0,"gold_loss":0.0,"damage_taken":0.0,"cards_obtained":["Doubt"]},{"damage_healed":0.0,"max_hp_gain":0.0,"max_hp_loss":0.0,"gold_gain":0.0,"event_name":"WeMeetAgain","player_choice":"Ignored","floor":42.0,"gold_loss":0.0,"damage_taken":0.0}],"is_beta":false,"boss_relics":[{"not_picked":[]},{"not_picked":[]}],"items_purged_floors":[7,25,30,48],"is_endless":false,"potions_floor_spawned":[1,2,5,12,13,19,21,31,36,39,45,46,47],"ascension_level":0}}