{"host":"yqw1zpryoutrnocq","time":1612566070,"event":{"mods":["2.2 Compatiblity","AchievementEnabler","BaseMod","Colored Map","Custom Start","DeckTracker","Minty Spire (QoL Compilation)","StSLib","SuperFastMode"],"gold_per_floor":[112,123,139,64,139,139,165,182,182,195,195,213,213,230,230,326,326,295,313,313,313],"floor_reached":20,"language":"KOR","playtime":674,"items_purged":["Strike_G"],"score":258,"play_id":"5db81590-ee0a-4f08-9b3e-52135900eee6","local_time":"20210205170110","is_ascension_mode":true,"campfire_choices":[{"data":"Neutralize","floor":6.0,"key":"SMITH"},{"data":"Acrobatics","floor":11.0,"key":"SMITH"},{"floor":15.0,"key":"REST"}],"circlet_count":0,"master_deck":["Strike_G","Strike_G","Strike_G","Strike_G","Defend_G","Defend_G","Defend_G","Defend_G","Defend_G","Survivor","Neutralize+1","Dagger Spray","Sucker Punch","Acrobatics+1","Underhanded Strike","PiercingWail","Dash","Night Terror","Unload","Deadly Poison","Cloak And Dagger","After Image","Blade Dance","Eviscerate"],"relics":["Ring of the Snake","NeowsBlessing","Thread and Needle","Bottled Lightning","WristBlade"],"acts_visited":["Exordium","TheCity"],"potions_floor_usage":[],"damage_taken":[{"damage":0.0,"enemies":"Cultist","floor":1.0,"turns":1.0},{"damage":0.0,"enemies":"Jaw Worm","floor":2.0,"turns":1.0},{"damage":0.0,"enemies":"Small Slimes","floor":3.0,"turns":1.0},{"damage":37.0,"enemies":"Gremlin Nob","floor":7.0,"turns":6.0},{"damage":1.0,"enemies":"2 Fungi Beasts","floor":8.0,"turns":3.0},{"damage":0.0,"enemies":"Looter","floor":10.0,"turns":3.0},{"damage":0.0,"enemies":"Blue Slaver","floor":12.0,"turns":4.0},{"damage":0.0,"enemies":"Gremlin Gang","floor":14.0,"turns":5.0},{"damage":27.0,"enemies":"The Guardian","floor":16.0,"turns":14.0},{"damage":13.0,"enemies":"2 Thieves","floor":18.0,"turns":5.0},{"damage":13,"enemies":"Chosen","floor":19,"turns":5},{"damage":35,"enemies":"Sentry and Sphere","floor":20,"turns":7}],"seed_played":"-1607784805877498167","potions_obtained":[{"floor":3.0,"key":"BlessingOfTheForge"},{"floor":10.0,"key":"EntropicBrew"},{"floor":12.0,"key":"ColorlessPotion"},{"floor":18.0,"key":"EssenceOfSteel"}],"is_trial":false,"path_per_floor":["M","M","M","$","?","R","E","M","T","M","R","M","?","M","R","B",null,"M","M","M"],"character_chosen":"THE_SILENT","items_purchased":[],"campfire_rested":1,"item_purchase_floors":[],"current_hp_per_floor":[63,63,63,63,52,52,15,14,14,14,14,14,14,14,35,8,55,42,29,0,0],"gold":313,"neow_bonus":"THREE_ENEMY_KILL","is_daily":false,"chose_seed":false,"campfire_upgraded":2,"win_rate":0.0,"timestamp":1612566070,"path_taken":["M","?","M","$","?","R","E","M","T","M","R","M","?","M","R","BOSS","M","M","M"],"items_purchased_type":[],"build_version":"2020-12-22","purchased_purges":1,"victory":false,"max_hp_per_floor":[70,70,70,70,70,70,70,70,70,70,70,70,70,70,70,70,70,70,70,70,70],"card_choices":[{"not_picked":["Backflip","Slice"],"picked":"Dagger Spray","floor":1.0},{"not_picked":["Expertise","Caltrops"],"picked":"Sucker Punch","floor":2.0},{"not_picked":["Deadly Poison","Well Laid Plans"],"picked":"Acrobatics","floor":3.0},{"not_picked":["Prepared","Slice"],"picked":"Underhanded Strike","floor":7.0},{"not_picked":["Crippling Poison","Backstab"],"picked":"PiercingWail","floor":8.0},{"not_picked":["Outmaneuver","Catalyst"],"picked":"Dash","floor":10.0},{"not_picked":["Backflip","Deflect"],"picked":"Night Terror","floor":12.0},{"not_picked":["Quick Slash","Dagger Spray"],"picked":"Cloak And Dagger","floor":14.0},{"not_picked":["Wraith Form v2","A Thousand Cuts"],"picked":"After Image","floor":16.0},{"not_picked":["Backflip","Dagger Throw"],"picked":"Blade Dance","floor":18.0},{"not_picked":["Sucker Punch","Poisoned Stab"],"picked":"Eviscerate","floor":19}],"player_experience":293477,"relics_obtained":[{"floor":7.0,"key":"Thread and Needle"},{"floor":9.0,"key":"Bottled Lightning"}],"event_choices":[{"damage_healed":0.0,"max_hp_gain":0.0,"max_hp_loss":0.0,"gold_gain":75.0,"event_name":"World of Goop","player_choice":"Gather Gold","floor":5.0,"gold_loss":0.0,"damage_taken":11.0},{"damage_healed":0.0,"max_hp_gain":0.0,"max_hp_loss":0.0,"gold_gain":0.0,"event_name":"Match and Keep!","player_choice":"2 cards matched","floor":13.0,"gold_loss":0.0,"damage_taken":0.0,"cards_obtained":["Unload","Deadly Poison"]}],"is_beta":false,"boss_relics":[{"not_picked":["Busted Crown","Fusion Hammer"],"picked":"WristBlade"}],"items_purged_floors":[4],"is_endless":false,"potions_floor_spawned":[3,10,12,18],"killed_by":"Sentry and Sphere","ascension_level":9}}