{"host":"v41r765ix9n0d8n3","time":1612535471,"event":{"mods":["BaseMod","Colored Powertips","Hermit","Minty Spire (QoL Compilation)","Shop Mod","StSLib","The Bug Knight","The Cursed","The Druid","The Wild Card"],"gold_per_floor":[113,131,306,319,319,319,376,376,401,436,436,449,449,484,484,581,581,600,86,185,202,222,222,222,222,222,22,22,32,32,62,62,166,166,179,199,214,214,232,232,245,245,245,257,271,271,289,289,289],"floor_reached":48,"language":"ENG","playtime":8363,"items_purged":[],"score":537,"play_id":"a46cde1d-520a-457e-990c-f86c26933491","local_time":"20210205153111","is_ascension_mode":false,"campfire_choices":[{"data":"Eruption","floor":6,"key":"SMITH"},{"data":"Worship","floor":8,"key":"SMITH"},{"floor":11,"key":"REST"},{"floor":15,"key":"REST"},{"data":"Devotion","floor":23,"key":"SMITH"},{"floor":25,"key":"REST"},{"floor":30,"key":"REST"},{"data":"Perseverance","floor":32,"key":"SMITH"},{"data":"BattleHymn","floor":40,"key":"SMITH"},{"data":"Vault","floor":42,"key":"SMITH"},{"floor":46,"key":"REST"}],"circlet_count":0,"master_deck":["Strike_P","Strike_P","Strike_P","Strike_P","Defend_P","Defend_P","Defend_P","Defend_P","Eruption+1","Vigilance","LikeWater","Evaluate","Worship+1","FollowUp","FlurryOfBlows","Vault+1","ThirdEye","Devotion+1","Crescendo","Wallop+1","BattleHymn+1","Prostrate","Perseverance+1","ClearTheMind+1","Halt","InnerPeace","CutThroughFate","Prostrate","Meditate","SignatureMove+1","Pray","Sanctity","LessonLearned","Protect+1","ClearTheMind","Wireheading+1","Consecrate+1","Parasite","ForeignInfluence+1","WheelKick+1","Vengeance+1","JustLucky+1","TalkToTheHand+1","Nirvana+1","ThirdEye+1","Halt+1","JustLucky","Prostrate+1","CarveReality","Weave+1"],"relics":["HolyWater","Prayer Wheel","Question Card","Bag of Marbles","Meat on the Bone","Happy Flower","SlaversCollar","Pocketwatch","Nilry\u0027s Codex","White Beast Statue","Regal Pillow","Darkstone Periapt"],"acts_visited":["Exordium","TheCity","TheBeyond"],"potions_floor_usage":[7,7,7,14,14,16,16,29,31,35,37,37,39,39,44,44,45,47,48],"damage_taken":[{"damage":0,"enemies":"Cultist","floor":1,"turns":3},{"damage":0,"enemies":"Jaw Worm","floor":2,"turns":4},{"damage":0,"enemies":"Small Slimes","floor":4,"turns":5},{"damage":20,"enemies":"Lagavulin Event","floor":7,"turns":10},{"damage":32,"enemies":"HollowMod:MossKnight","floor":10,"turns":11},{"damage":5,"enemies":"3 Louse","floor":12,"turns":3},{"damage":29,"enemies":"3 Sentries","floor":14,"turns":6},{"damage":31,"enemies":"Hexaghost","floor":16,"turns":10},{"damage":21,"enemies":"Spheric Guardian","floor":18,"turns":5},{"damage":9,"enemies":"Shell Parasite","floor":21,"turns":4},{"damage":40,"enemies":"Snake Plant","floor":22,"turns":6},{"damage":21,"enemies":"Cultist and Chosen","floor":29,"turns":9},{"damage":27,"enemies":"Slavers","floor":31,"turns":6},{"damage":6,"enemies":"Automaton","floor":33,"turns":7},{"damage":7,"enemies":"Orb Walker","floor":35,"turns":4},{"damage":34,"enemies":"3 Shapes","floor":36,"turns":5},{"damage":2,"enemies":"Writhing Mass","floor":37,"turns":4},{"damage":13,"enemies":"3 Darklings","floor":39,"turns":5},{"damage":11,"enemies":"4 Shapes","floor":41,"turns":3},{"damage":0,"enemies":"Transient","floor":44,"turns":6},{"damage":52,"enemies":"HollowMod:SlobberingHusk","floor":45,"turns":8},{"damage":41,"enemies":"3 Darklings","floor":47,"turns":5},{"damage":25,"enemies":"4 Shapes","floor":48,"turns":2}],"seed_played":"3900005537098839214","potions_obtained":[{"floor":2,"key":"BottledMiracle"},{"floor":4,"key":"EntropicBrew"},{"floor":10,"key":"Energy Potion"},{"floor":14,"key":"PowerPotion"},{"floor":22,"key":"LiquidMemories"},{"floor":29,"key":"SpeedPotion"},{"floor":31,"key":"Weak Potion"},{"floor":33,"key":"EssenceOfSteel"},{"floor":35,"key":"BlessingOfTheForge"},{"floor":36,"key":"Energy Potion"},{"floor":37,"key":"DuplicationPotion"},{"floor":39,"key":"SkillPotion"},{"floor":41,"key":"Weak Potion"},{"floor":44,"key":"PowerPotion"},{"floor":45,"key":"EssenceOfSteel"},{"floor":47,"key":"FearPotion"}],"is_trial":false,"path_per_floor":["M","M","?","M","?","R","?","R","T","E","R","M","?","E","R","B",null,"M","$","?","M","M","R","?","R","T","$","?","M","R","E","R","B",null,"M","M","M","?","M","R","M","R","T","M","M","R","M","M"],"character_chosen":"WATCHER","items_purchased":["BattleHymn","Prostrate","Perseverance","Pocketwatch","Regal Pillow","Prostrate"],"campfire_rested":5,"item_purchase_floors":[19,19,19,19,27,27],"current_hp_per_floor":[79,79,79,79,72,72,52,52,52,20,43,50,43,26,49,30,79,58,58,58,49,21,21,5,28,28,28,28,19,57,42,42,48,79,72,50,54,54,53,53,54,54,54,54,14,54,25,0,0],"gold":289,"neow_bonus":"TEN_PERCENT_HP_BONUS","is_daily":false,"chose_seed":false,"campfire_upgraded":6,"win_rate":0.0,"timestamp":1612535471,"path_taken":["M","M","?","M","?","R","?","R","T","E","R","M","?","E","R","BOSS","M","$","?","M","M","R","?","R","T","$","?","?","R","E","R","BOSS","M","M","M","?","M","R","M","R","T","M","M","R","M","M"],"items_purchased_type":["Card","Card","Card","Relic","Relic","Card"],"build_version":"2020-12-22","purchased_purges":0,"victory":false,"max_hp_per_floor":[79,79,79,79,79,79,79,79,79,79,79,79,79,79,79,79,79,79,79,79,79,79,79,79,79,79,79,79,79,79,79,79,79,79,79,79,85,85,85,85,85,85,85,85,85,85,85,85,85],"card_choices":[{"not_picked":["EmptyBody","Nirvana"],"picked":"LikeWater","floor":1},{"not_picked":["FlyingSleeves","JustLucky"],"picked":"Evaluate","floor":2},{"not_picked":["EmptyBody","Evaluate"],"picked":"Worship","floor":4},{"not_picked":["BowlingBash","CrushJoints","Prostrate"],"picked":"FollowUp","floor":7},{"not_picked":["SignatureMove","EmptyFist","ReachHeaven"],"picked":"FlurryOfBlows","floor":10},{"not_picked":["FlyingSleeves","ReachHeaven","Halt"],"picked":"Vault","floor":12},{"not_picked":["Evaluate","EmptyFist","FollowUp"],"picked":"ThirdEye","floor":12},{"not_picked":["SashWhip","Indignation","EmptyBody"],"picked":"BowlingBash","floor":14},{"not_picked":["Vault","MasterReality","Judgement"],"picked":"Devotion","floor":16},{"not_picked":["FlyingSleeves","Protect","WreathOfFlame"],"picked":"Crescendo","floor":18},{"not_picked":["Halt+1","Crescendo+1","FollowUp"],"picked":"Wallop","floor":18},{"not_picked":["ReachHeaven","CutThroughFate","Protect"],"picked":"ClearTheMind+1","floor":21},{"not_picked":["Conclude+1","Wallop+1","DeceiveReality"],"picked":"Halt","floor":21},{"not_picked":["ClearTheMind","PathToVictory","Collect"],"picked":"InnerPeace","floor":22},{"not_picked":["Omniscience","Crescendo+1","Halt"],"picked":"CutThroughFate","floor":22},{"not_picked":["BowlingBash+1","FlyingSleeves","CrushJoints"],"picked":"SignatureMove+1","floor":29},{"not_picked":["CutThroughFate","Halt","FlyingSleeves+1"],"picked":"Pray","floor":29},{"not_picked":["Perseverance+1","CrushJoints","InnerPeace"],"picked":"Sanctity","floor":31},{"not_picked":["Blasphemy","ConjureBlade","Judgement"],"picked":"LessonLearned","floor":33},{"not_picked":["Halt+1","BowlingBash","JustLucky"],"picked":"Protect+1","floor":35},{"not_picked":["ReachHeaven","Collect","Consecrate"],"picked":"ClearTheMind","floor":35},{"not_picked":["Halt+1","Prostrate+1","Protect"],"picked":"Wireheading+1","floor":36},{"not_picked":["Crescendo+1","BowlingBash+1","Sanctity"],"picked":"Consecrate+1","floor":36},{"not_picked":["Crescendo","SignatureMove+1","ThirdEye+1"],"picked":"ForeignInfluence+1","floor":37},{"not_picked":["EmptyBody+1","PathToVictory","SashWhip+1"],"picked":"WheelKick+1","floor":37},{"not_picked":["Consecrate","BowlingBash","PathToVictory"],"picked":"Vengeance+1","floor":39},{"not_picked":["SandsOfTime+1","Omniscience","FlurryOfBlows"],"picked":"JustLucky+1","floor":39},{"not_picked":["FollowUp+1","Fasting2+1","EmptyFist+1"],"picked":"TalkToTheHand+1","floor":41},{"not_picked":["SandsOfTime","FlurryOfBlows","Vengeance+1"],"picked":"Nirvana+1","floor":41},{"not_picked":["CutThroughFate","SashWhip+1","LikeWater+1"],"picked":"ThirdEye+1","floor":44},{"not_picked":["CrushJoints+1","Evaluate","SignatureMove"],"picked":"Halt+1","floor":44},{"not_picked":["CrushJoints","SignatureMove","FollowUp"],"picked":"JustLucky","floor":45},{"not_picked":["EmptyBody+1","JustLucky+1","PathToVictory"],"picked":"Prostrate+1","floor":45},{"not_picked":["LikeWater+1","LessonLearned","EmptyBody"],"picked":"CarveReality","floor":47},{"not_picked":["ForeignInfluence","EmptyMind","SandsOfTime+1"],"picked":"Weave+1","floor":47}],"player_experience":520094,"relics_obtained":[{"floor":9,"key":"Bag of Marbles"},{"floor":10,"key":"Meat on the Bone"},{"floor":14,"key":"Happy Flower"},{"floor":24,"key":"Nilry\u0027s Codex"},{"floor":26,"key":"White Beast Statue"},{"floor":31,"key":"Darkstone Periapt"}],"event_choices":[{"damage_healed":0,"gold_gain":175,"player_choice":"AGREE","damage_taken":0,"max_hp_gain":0,"max_hp_loss":0,"event_name":"Liars Game","floor":3,"gold_loss":0,"cards_obtained":["Doubt"]},{"damage_healed":0,"gold_gain":0,"player_choice":"Success","damage_taken":7,"relics_obtained":["Prayer Wheel"],"max_hp_gain":0,"max_hp_loss":0,"event_name":"Scrap Ooze","floor":5,"gold_loss":0},{"damage_healed":0,"gold_gain":30,"player_choice":"Searched \u00273\u0027 times","damage_taken":0,"relics_obtained":["Question Card"],"max_hp_gain":0,"max_hp_loss":0,"event_name":"Dead Adventurer","floor":7,"gold_loss":0},{"cards_removed":["Doubt"],"damage_healed":0,"gold_gain":0,"player_choice":"Card Removal","damage_taken":7,"max_hp_gain":0,"max_hp_loss":0,"event_name":"Golden Wing","floor":13,"gold_loss":0},{"damage_healed":0,"gold_gain":99,"player_choice":"Stole From Cult","damage_taken":0,"max_hp_gain":0,"max_hp_loss":0,"event_name":"Nest","floor":20,"gold_loss":0},{"damage_healed":0,"gold_gain":0,"player_choice":"Obtained Book","damage_taken":16,"max_hp_gain":0,"max_hp_loss":0,"event_name":"Cursed Tome","floor":24,"gold_loss":0},{"damage_healed":0,"gold_gain":0,"cards_transformed":["BowlingBash"],"player_choice":"Transformed","damage_taken":0,"max_hp_gain":0,"max_hp_loss":0,"event_name":"Transmorgrifier","floor":28,"gold_loss":0,"cards_obtained":["Meditate"]},{"damage_healed":0,"gold_gain":0,"player_choice":"Ignored","damage_taken":0,"max_hp_gain":0,"max_hp_loss":0,"event_name":"NoteForYourself","floor":38,"gold_loss":0}],"is_beta":false,"boss_relics":[{"not_picked":["Sozu","Empty Cage"],"picked":"SlaversCollar"},{"not_picked":["Runic Dome","Black Star"],"picked":"HolyWater"}],"items_purged_floors":[],"is_endless":false,"potions_floor_spawned":[2,4,10,14,22,29,31,33,35,36,37,39,41,44,45,47],"killed_by":"4 Shapes","ascension_level":0}}