{"host":"vyjryxuuuxkt43k4","time":1612511049,"event":{"mods":["AchievementEnabler","BaseMod","Colored Map","DeckTracker","Highlight Path","Keyboard Shortcuts","Minty Spire (QoL Compilation)","Permanent Neow","Quick Restart","Relic Stats","StSLib","SuperFastMode","everything is the same but u backflip on backflip"],"gold_per_floor":[114,125,50,50,66,66,95,95,95,95,125,125,137,137,137,215,215,231,251,251,251],"floor_reached":20,"language":"KOR","playtime":1104,"items_purged":["Injury"],"score":346,"play_id":"9a141cda-630c-4fba-994b-984e104853e9","local_time":"20210205164409","is_ascension_mode":true,"campfire_choices":[{"data":"Noxious Fumes","floor":6.0,"key":"SMITH"},{"data":"Neutralize","floor":8,"key":"SMITH"},{"data":"Acrobatics","floor":10,"key":"SMITH"},{"floor":15,"key":"REST"}],"circlet_count":0,"master_deck":["AscendersBane","Strike_G","Strike_G","Strike_G","Strike_G","Defend_G","Defend_G","Defend_G","Defend_G","Survivor","Neutralize+1","Grand Finale","Poisoned Stab","Noxious Fumes+1","Acrobatics+1","Escape Plan","Infinite Blades+1","Tactician","Adrenaline"],"relics":["Ring of the Snake","TungstenRod","Frozen Egg 2","Boot","Coffee Dripper"],"acts_visited":["Exordium","TheCity"],"potions_floor_usage":[7,13,19,19],"damage_taken":[{"damage":7.0,"enemies":"Small Slimes","floor":1.0,"turns":4.0},{"damage":8.0,"enemies":"Cultist","floor":2.0,"turns":5.0},{"damage":0.0,"enemies":"2 Louse","floor":5.0,"turns":2.0},{"damage":7,"enemies":"3 Sentries","floor":7,"turns":4},{"damage":10,"enemies":"Lagavulin","floor":11,"turns":6},{"damage":10,"enemies":"Lots of Slimes","floor":13,"turns":3},{"damage":9,"enemies":"The Guardian","floor":16,"turns":10},{"damage":12,"enemies":"2 Thieves","floor":18,"turns":5},{"damage":24,"enemies":"Spheric Guardian","floor":19,"turns":7},{"damage":22,"enemies":"Snake Plant","floor":20,"turns":4}],"seed_played":"-3397379516445954445","potions_obtained":[{"floor":5.0,"key":"SkillPotion"},{"floor":11,"key":"CunningPotion"},{"floor":16,"key":"LiquidBronze"},{"floor":18,"key":"SkillPotion"}],"is_trial":false,"path_per_floor":["M","M","$","?","M","R","E","R","T","R","E","?","M","?","R","B",null,"M","M","M"],"character_chosen":"THE_SILENT","items_purchased":[],"campfire_rested":1,"item_purchase_floors":[],"current_hp_per_floor":[52,44,44,44,44,44,37,37,37,37,27,27,17,9,28,19,54,42,18,0,0],"gold":251,"neow_bonus":"THREE_RARE_CARDS","is_daily":false,"chose_seed":false,"campfire_upgraded":3,"win_rate":0.0,"timestamp":1612511049,"path_taken":["M","M","$","?","M","R","E","R","T","R","E","?","?","?","R","BOSS","M","?","M"],"items_purchased_type":[],"build_version":"2020-12-22","purchased_purges":1,"victory":false,"max_hp_per_floor":[66,66,66,66,66,66,66,66,66,66,66,66,66,66,66,66,66,66,66,66,66],"relic_stats":{"counters":[10,50],"Boot":[38],"obtain_stats":[{"Coffee Dripper":17,"Frozen Egg 2":9,"Boot":11,"TungstenRod":7,"Ring of the Snake":0},{"Coffee Dripper":7,"Frozen Egg 2":4,"Boot":5,"TungstenRod":4,"Ring of the Snake":0},{"Coffee Dripper":34,"Frozen Egg 2":15,"Boot":21,"TungstenRod":15,"Ring of the Snake":0}],"TungstenRod":23,"Ring of the Snake":[20]},"card_choices":[{"not_picked":["Tools of the Trade","Die Die Die"],"picked":"Grand Finale","floor":0.0},{"not_picked":["Dodge and Roll","Outmaneuver","Poisoned Stab"],"picked":"SKIP","floor":1.0},{"not_picked":["Dodge and Roll","Outmaneuver"],"picked":"Poisoned Stab","floor":1.0},{"not_picked":["Leg Sweep","Die Die Die"],"picked":"Noxious Fumes","floor":2.0},{"not_picked":["Dagger Throw","Quick Slash"],"picked":"Acrobatics","floor":5.0},{"not_picked":["Cloak And Dagger","Masterful Stab","Flying Knee"],"picked":"SKIP","floor":7},{"not_picked":["Wraith Form v2+1","Quick Slash"],"picked":"Escape Plan","floor":11},{"not_picked":["Sucker Punch","Blade Dance"],"picked":"Tactician","floor":13},{"not_picked":["Tools of the Trade+1","Bullet Time"],"picked":"Adrenaline","floor":16},{"not_picked":["Deadly Poison","Blade Dance","Dagger Throw"],"picked":"SKIP","floor":18},{"not_picked":["Sucker Punch","Finisher","Predator"],"picked":"SKIP","floor":19}],"player_experience":746162,"relics_obtained":[{"floor":7,"key":"TungstenRod"},{"floor":9,"key":"Frozen Egg 2"},{"floor":11,"key":"Boot"}],"event_choices":[{"cards_removed":["Defend_G"],"damage_healed":0.0,"max_hp_gain":0.0,"max_hp_loss":0.0,"gold_gain":0.0,"event_name":"Living Wall","player_choice":"Forget","floor":4.0,"gold_loss":0.0,"damage_taken":0.0},{"damage_healed":0,"gold_gain":0,"cards_transformed":["Strike_G"],"player_choice":"Transformed","damage_taken":0,"max_hp_gain":0,"max_hp_loss":0,"event_name":"Transmorgrifier","floor":12,"gold_loss":0,"cards_obtained":["Infinite Blades"]},{"damage_healed":0,"gold_gain":0,"player_choice":"Damaged","damage_taken":9,"max_hp_gain":0,"max_hp_loss":0,"event_name":"Wheel of Change","floor":14,"gold_loss":0}],"is_beta":false,"boss_relics":[{"not_picked":["Fusion Hammer","Snecko Eye"],"picked":"Coffee Dripper"}],"items_purged_floors":[3],"is_endless":false,"potions_floor_spawned":[5,11,16,18],"killed_by":"Snake Plant","ascension_level":18}}