{"host":"takgv9cv6xf64vhq","time":1612543046,"event":{"mods":["BaseMod","Colored Powertips","Conspire","Decade(王小明)","Downfall","Energized Spire","Hermit","Hubris","LagranYue(拉格朗・月)","Marisa（F雨　魔理沙）","Minty Spire (QoL Compilation)","Replay The Spire","StSLib","The Cursed","The Hierophant","The Jungle","The Servant 0.9.4","TheHeartMod"],"gold_per_floor":[111,123,123,158,176,176,188,218,218,65,95,106,195,213,213,213,213],"floor_reached":16,"language":"ZHS","playtime":1079,"items_purged":[],"score":122,"play_id":"900662c3-7f05-4828-856c-18b7764fcecf","local_time":"20210206003726","is_ascension_mode":true,"campfire_choices":[{"data":"Zap","floor":6.0,"key":"SMITH"},{"floor":15,"key":"REST"}],"circlet_count":0,"master_deck":["Strike_B","Strike_B","Strike_B","Defend_B","Defend_B","Defend_B","Defend_B","Zap+1","Dualcast","Cold Snap","ReplayTheSpireMod:Calculation Training","Buffer","Steam+1","Auto Shields+1","Hello World","BasicCrystalCard+1","BasicCrystalCard+1","Coolheaded+1","Ball Lightning","Cold Snap","Loop","Skim+1","Static Discharge","Double Energy+1"],"relics":["Cracked Core","hubris:ToyBattleship","Toxic Egg 2","Prayer Wheel","Dream Catcher","Blood Vial","Odd Mushroom"],"acts_visited":["Exordium"],"potions_floor_usage":[14],"damage_taken":[{"damage":0.0,"enemies":"2 Louse","floor":1.0,"turns":1.0},{"damage":3.0,"enemies":"Small Slimes","floor":2.0,"turns":4.0},{"damage":17.0,"enemies":"conspire:MimicChest","floor":4.0,"turns":5.0},{"damage":0.0,"enemies":"conspire:RoseBush","floor":5.0,"turns":5.0},{"damage":5.0,"enemies":"2 Fungi Beasts","floor":7.0,"turns":4.0},{"damage":5.0,"enemies":"Lagavulin","floor":8.0,"turns":9.0},{"damage":0.0,"enemies":"The Mushroom Lair","floor":11.0,"turns":7.0},{"damage":8.0,"enemies":"3 Louse","floor":12.0,"turns":4.0},{"damage":19,"enemies":"Lots of Slimes","floor":14,"turns":4},{"damage":33,"enemies":"Slime Boss","floor":16,"turns":7}],"seed_played":"-6797553320642285968","potions_obtained":[{"floor":4.0,"key":"Strength Potion"},{"floor":5.0,"key":"Adrenaline Potion"},{"floor":11.0,"key":"SkillPotion"}],"is_trial":false,"path_per_floor":["M","M","?","?","M","R","M","E","T","$","?","M","?","M","R","B"],"character_chosen":"DEFECT","items_purchased":["Blood Vial"],"campfire_rested":1,"item_purchase_floors":[10],"current_hp_per_floor":[75,72,72,55,55,55,50,45,45,45,47,41,23,6,28,0,0],"gold":213,"neow_bonus":"RANDOM_COMMON_RELIC","is_daily":false,"chose_seed":false,"campfire_upgraded":1,"win_rate":0.0,"timestamp":1612543046,"path_taken":["M","M","?","?","M","R","M","E","T","$","?","M","?","M","R","BOSS"],"items_purchased_type":["Relic"],"build_version":"2020-12-22","purchased_purges":0,"victory":false,"max_hp_per_floor":[75,75,75,75,75,75,75,75,75,75,75,75,75,75,75,75,75],"card_choices":[{"not_picked":["Go for the Eyes","conspire:SharedLibrary"],"picked":"Cold Snap","floor":1.0},{"not_picked":["Panic Button","Aggregate"],"picked":"ReplayTheSpireMod:Calculation Training","floor":2.0},{"not_picked":["Panic Button+1","Stack+1"],"picked":"ReplayTheSpireMod:Fabricate Wheel+1","floor":4.0},{"not_picked":["Stack+1","Barrage"],"picked":"Steam+1","floor":5.0},{"not_picked":["Go for the Eyes","Gash"],"picked":"Auto Shields+1","floor":5.0},{"not_picked":["Stack+1","Streamline"],"picked":"Hello World","floor":7.0},{"not_picked":["Compile Driver","Leap+1"],"picked":"BasicCrystalCard+1","floor":7.0},{"not_picked":["Coolheaded+1","Cold Snap"],"picked":"BasicCrystalCard+1","floor":8.0},{"not_picked":["Darkness+1","Compile Driver"],"picked":"Coolheaded+1","floor":11.0},{"not_picked":["Hyperbeam","Rebound"],"picked":"Ball Lightning","floor":12.0},{"not_picked":["Stack+1","Sweeping Beam","Steam+1"],"picked":"SKIP","floor":12.0},{"not_picked":["Streamline","Compile Driver"],"picked":"Cold Snap","floor":13},{"not_picked":["Cold Snap","ReplayTheSpireMod:GoodbyeWorld"],"picked":"Loop","floor":13},{"not_picked":["Go for the Eyes","Lockon"],"picked":"Skim+1","floor":13},{"not_picked":["Coolheaded+1","ReplaySort+1"],"picked":"Static Discharge","floor":14},{"not_picked":["Tempest+1","Redo+1","Streamline"],"picked":"SKIP","floor":14},{"not_picked":["ReplayTheSpireMod:Repulse+1","Hologram+1"],"picked":"Double Energy+1","floor":15}],"player_experience":443623,"relics_obtained":[{"floor":4.0,"key":"Toxic Egg 2"},{"floor":8.0,"key":"Dream Catcher"},{"floor":11.0,"key":"Odd Mushroom"}],"event_choices":[{"damage_healed":0.0,"max_hp_gain":0.0,"max_hp_loss":0.0,"gold_gain":0.0,"event_name":"Mushrooms","player_choice":"Fought Mushrooms","floor":11.0,"gold_loss":0.0,"damage_taken":0.0}],"is_beta":false,"boss_relics":[],"items_purged_floors":[],"is_endless":false,"potions_floor_spawned":[4,5,11],"killed_by":"Slime Boss","ascension_level":4}}