{"host":"9n6i2vl93jt4o42q","time":1612514196,"event":{"mods":["BaseMod","Minty Spire (QoL Compilation)","Relic Stats"],"gold_per_floor":[112,126,140,140,154,154,154,179,179,179,190,190,240,256,256,334,334,334,334,334,334,284,284,17,17,17,17,17,17,17,17,17,17,17,17,17,17,17,17,17,17,17,17,17,17,17,17,17,17,17,17],"floor_reached":50,"language":"ENG","playtime":3539,"items_purged":[],"score":1130,"play_id":"93d24ce8-1c8d-4219-96ae-ebe450c18217","local_time":"20210205093636","is_ascension_mode":true,"campfire_choices":[{"data":"ThirdEye","floor":6.0,"key":"SMITH"},{"data":"MentalFortress","floor":10.0,"key":"SMITH"},{"data":"Tantrum","floor":12.0,"key":"SMITH"},{"data":"Vigilance","floor":15.0,"key":"SMITH"},{"floor":23.0,"key":"REST"},{"data":"Scrawl","floor":25.0,"key":"SMITH"},{"data":"Protect","floor":27.0,"key":"SMITH"},{"data":"TalkToTheHand","floor":32.0,"key":"SMITH"},{"floor":40,"key":"RECALL"},{"floor":47,"key":"REST"},{"data":"InnerPeace","floor":49,"key":"SMITH"}],"circlet_count":0,"master_deck":["AscendersBane","Strike_P+1","Strike_P+1","Strike_P+1","Defend_P+1","Defend_P+1","Defend_P+1","Eruption+1","Vigilance+1","Tantrum+1","Protect+1","ClearTheMind","ThirdEye+1","MentalFortress+1","EmptyBody","Scrawl+1","Perseverance+1","Consecrate+1","TalkToTheHand+1","DeusExMachina","InnerPeace+1"],"relics":["PureWater","Bag of Preparation","Ornamental Fan","Ectoplasm","Enchiridion","Frozen Egg 2","Damaru","Unceasing Top","Busted Crown","Letter Opener","Eternal Feather"],"acts_visited":["Exordium","TheCity","TheBeyond"],"potions_floor_usage":[50],"damage_taken":[{"damage":0.0,"enemies":"Jaw Worm","floor":1.0,"turns":3.0},{"damage":1.0,"enemies":"2 Louse","floor":2.0,"turns":3.0},{"damage":1.0,"enemies":"Small Slimes","floor":3.0,"turns":4.0},{"damage":0.0,"enemies":"Red Slaver","floor":5.0,"turns":4.0},{"damage":6.0,"enemies":"Gremlin Nob","floor":8.0,"turns":3.0},{"damage":1.0,"enemies":"Blue Slaver","floor":11.0,"turns":3.0},{"damage":0.0,"enemies":"Large Slime","floor":14.0,"turns":5.0},{"damage":49.0,"enemies":"Slime Boss","floor":16.0,"turns":12.0},{"damage":12.0,"enemies":"3 Byrds","floor":18.0,"turns":7.0},{"damage":0.0,"enemies":"Chosen","floor":21.0,"turns":3.0},{"damage":0.0,"enemies":"3 Cultists","floor":29.0,"turns":3.0},{"damage":0.0,"enemies":"Gremlin Leader","floor":30.0,"turns":5.0},{"damage":0.0,"enemies":"Automaton","floor":33.0,"turns":10.0},{"damage":15,"enemies":"3 Darklings","floor":35,"turns":4},{"damage":0,"enemies":"Orb Walker","floor":36,"turns":2},{"damage":4,"enemies":"Spire Growth","floor":41,"turns":5},{"damage":21,"enemies":"Giant Head","floor":42,"turns":9},{"damage":0,"enemies":"4 Shapes","floor":44,"turns":2},{"damage":0,"enemies":"Maw","floor":46,"turns":7},{"damage":0,"enemies":"Sphere and 2 Shapes","floor":48,"turns":3},{"damage":72,"enemies":"Awakened One","floor":50,"turns":25}],"seed_played":"-1452840268291471391","potions_obtained":[{"floor":2.0,"key":"Fruit Juice"},{"floor":3.0,"key":"DuplicationPotion"},{"floor":8.0,"key":"BlessingOfTheForge"},{"floor":14.0,"key":"StancePotion"},{"floor":36,"key":"AttackPotion"},{"floor":41,"key":"Weak Potion"}],"is_trial":false,"path_per_floor":["M","M","M","?","M","R","?","E","T","R","M","R","?","M","R","B",null,"M","?","?","M","?","R","$","R","T","R","$","M","E","$","R","B",null,"M","M","T","?","?","R","M","E","T","M","$","M","R","M","R","B"],"character_chosen":"WATCHER","items_purchased":["Frozen Egg 2"],"campfire_rested":2,"item_purchase_floors":[24],"current_hp_per_floor":[61,60,59,59,59,59,52,46,46,46,45,45,45,50,50,1,55,43,22,22,22,22,43,43,43,43,43,43,43,43,43,43,43,66,51,51,51,51,51,51,47,26,26,26,26,26,58,58,69,0,0],"gold":17,"neow_bonus":"UPGRADE_CARD","is_daily":false,"chose_seed":false,"campfire_upgraded":8,"win_rate":0.0,"timestamp":1612514196,"path_taken":["M","M","M","?","M","R","?","E","T","R","M","R","?","?","R","BOSS","M","?","?","?","?","R","$","R","T","R","?","?","E","$","R","BOSS","M","M","?","?","?","R","M","E","T","M","?","M","R","M","R","BOSS"],"items_purchased_type":["Relic"],"build_version":"2020-12-22","purchased_purges":0,"victory":false,"max_hp_per_floor":[68,68,68,68,68,68,68,68,68,68,68,68,68,73,73,73,73,73,73,73,73,73,73,73,73,73,73,73,73,73,73,73,73,73,73,73,73,73,69,69,69,69,69,69,69,69,69,69,69,69,69],"relic_stats":{"Busted Crown":14,"counters":[21,122],"Ornamental Fan":[208],"Eternal Feather":23,"Ectoplasm":364,"Bag of Preparation":[33],"Letter Opener":[148],"obtain_stats":[{"Busted Crown":34,"Ornamental Fan":9,"Enchiridion":19,"Damaru":26,"Eternal Feather":43,"Ectoplasm":17,"Bag of Preparation":8,"Letter Opener":42,"PureWater":0,"Frozen Egg 2":24,"Unceasing Top":30},{"Busted Crown":13,"Ornamental Fan":5,"Enchiridion":9,"Damaru":10,"Eternal Feather":17,"Ectoplasm":8,"Bag of Preparation":5,"Letter Opener":17,"PureWater":0,"Frozen Egg 2":10,"Unceasing Top":12},{"Busted Crown":65,"Ornamental Fan":17,"Enchiridion":44,"Damaru":47,"Eternal Feather":85,"Ectoplasm":37,"Bag of Preparation":17,"Letter Opener":85,"PureWater":0,"Frozen Egg 2":47,"Unceasing Top":55}],"Unceasing Top":[10]},"card_choices":[{"not_picked":["Protect","BowlingBash"],"picked":"Tantrum","floor":1.0},{"not_picked":["Worship","Nirvana"],"picked":"Protect","floor":2.0},{"not_picked":["JustLucky","PathToVictory"],"picked":"ClearTheMind","floor":3.0},{"not_picked":["Nirvana","DeceiveReality"],"picked":"ThirdEye","floor":5.0},{"not_picked":["Wireheading","Protect"],"picked":"MentalFortress","floor":8.0},{"not_picked":["Omniscience","FlyingSleeves"],"picked":"EmptyBody","floor":11.0},{"not_picked":["ThirdEye","SashWhip","Halt"],"picked":"SKIP","floor":14.0},{"not_picked":["DeusExMachina","Alpha"],"picked":"Scrawl","floor":16.0},{"not_picked":["Study","JustLucky","PathToVictory"],"picked":"SKIP","floor":18.0},{"not_picked":["Collect","Protect"],"picked":"Perseverance+1","floor":21.0},{"not_picked":["Wireheading+1","Weave"],"picked":"Consecrate+1","floor":29.0},{"not_picked":["FlurryOfBlows","InnerPeace"],"picked":"TalkToTheHand","floor":30.0},{"not_picked":["Establishment+1","Judgement"],"picked":"DeusExMachina","floor":33.0},{"not_picked":["JustLucky"],"picked":"SKIP","floor":35},{"not_picked":[],"picked":"InnerPeace","floor":36},{"not_picked":["ThirdEye+1"],"picked":"SKIP","floor":41},{"not_picked":["SashWhip"],"picked":"SKIP","floor":42},{"not_picked":["ThirdEye"],"picked":"SKIP","floor":44},{"not_picked":["DevaForm+1"],"picked":"SKIP","floor":46},{"not_picked":["Prostrate"],"picked":"SKIP","floor":48}],"player_experience":2458950,"relics_obtained":[{"floor":8.0,"key":"Bag of Preparation"},{"floor":9.0,"key":"Ornamental Fan"},{"floor":19.0,"key":"Enchiridion"},{"floor":26.0,"key":"Damaru"},{"floor":30.0,"key":"Unceasing Top"},{"floor":42,"key":"Letter Opener"},{"floor":43,"key":"Eternal Feather"}],"event_choices":[{"damage_healed":0.0,"max_hp_gain":0.0,"max_hp_loss":0.0,"gold_gain":0.0,"event_name":"Liars Game","player_choice":"Ignored","floor":4.0,"gold_loss":0.0,"damage_taken":0.0},{"cards_removed":["Defend_P"],"damage_healed":0.0,"max_hp_gain":0.0,"max_hp_loss":0.0,"gold_gain":0.0,"event_name":"Golden Wing","player_choice":"Card Removal","floor":7.0,"gold_loss":0.0,"damage_taken":7.0},{"damage_healed":0.0,"max_hp_gain":0.0,"max_hp_loss":0.0,"gold_gain":50.0,"event_name":"Golden Shrine","player_choice":"Pray","floor":13.0,"gold_loss":0.0,"damage_taken":0.0},{"damage_healed":0.0,"max_hp_gain":0.0,"max_hp_loss":0.0,"gold_gain":0.0,"event_name":"Cursed Tome","player_choice":"Obtained Book","floor":19.0,"gold_loss":0.0,"damage_taken":21.0},{"damage_healed":0.0,"max_hp_gain":0.0,"max_hp_loss":0.0,"gold_gain":0.0,"event_name":"Back to Basics","player_choice":"Simplicity","floor":20.0,"gold_loss":0.0,"damage_taken":0.0,"cards_upgraded":["Strike_P","Strike_P","Strike_P","Strike_P","Defend_P","Defend_P","Defend_P"]},{"damage_healed":0.0,"max_hp_gain":0.0,"max_hp_loss":0.0,"gold_gain":100.0,"event_name":"The Joust","player_choice":"Bet on Murderer","floor":22.0,"gold_loss":50.0,"damage_taken":0.0},{"cards_removed":["Strike_P"],"damage_healed":0,"gold_gain":0,"player_choice":"Removed Attack","damage_taken":0,"max_hp_gain":0,"max_hp_loss":0,"event_name":"Falling","floor":38,"gold_loss":0},{"damage_healed":0,"gold_gain":0,"player_choice":"Max HP","damage_taken":0,"max_hp_gain":0,"max_hp_loss":4,"event_name":"Winding Halls","floor":39,"gold_loss":0}],"is_beta":false,"boss_relics":[{"not_picked":["Calling Bell","Snecko Eye"],"picked":"Ectoplasm"},{"not_picked":["Philosopher\u0027s Stone","SacredBark"],"picked":"Busted Crown"}],"items_purged_floors":[],"is_endless":false,"potions_floor_spawned":[2,3,8,14,16,18,36,41],"killed_by":"Awakened One","ascension_level":20}}