{"host":"og21o26alpnbwmz8","time":1612489473,"event":{"mods":["Act Like it!","Aspiration","BaseMod","Conspire","Downfall","Halation","Hallownest","Hubris","Jedi Mod","Mimic Mod","Minty Spire (QoL Compilation)","Pale of the Ancients","Reliquary","Replay The Spire","Shop Mod","Spikes Relics","StSLib","The Alterego","The Blackbeard","The Blue Laboratory","The Death Knight","The Runesmith","Waifu the Spire"],"gold_per_floor":[99,99,116,134,134,134,134,33,63,63,78,78,78,95,107,209,209,9,9,9,28,38,157,157,188,36,49,49,128,128,147,158,256,256,156,172,172,97,113,144,171,171,181,12,32,32,32,132,150,150,150,183,33,33,33,33],"floor_reached":57,"language":"ENG","playtime":3168,"items_purged":["Slimebound:LevelUp"],"score":1375,"play_id":"34847214-afd1-4f70-b451-3045ff872c1c","local_time":"20210204204433","is_ascension_mode":false,"campfire_choices":[{"data":"Panache","floor":1,"key":"SMITH"},{"data":"Masterful Stab","floor":6,"key":"SMITH"},{"floor":10,"key":"RECALL"},{"data":"Hallownest:skillSlugHide","floor":13,"key":"SMITH"},{"data":"Slimebound:Recycling","floor":18,"key":"SMITH"},{"data":"Hallownest:skillSlugHide","floor":28,"key":"SMITH"},{"data":"Slimebound:CheckThePlaybook","floor":35,"key":"SMITH"},{"data":"Slimebound:Grow","floor":42,"key":"SMITH"},{"data":"Thinking Ahead","floor":46,"key":"SMITH"},{"data":"Hallownest:skillSlugHide","floor":54,"key":"SMITH"}],"circlet_count":0,"master_deck":["Slimebound:Split","Panache+1","Masterful Stab+1","Die Die Die","Slimebound:Repurpose","ReplayTheSpireMod:Private Reserves","Hallownest:skillSlugHide+1","Hallownest:skillSlugHide","Hallownest:skillSlugHide","Hallownest:skillSlugHide+1","Hallownest:skillSlugHide+1","Slimebound:CheckThePlaybook+1","Slimebound:Schlurp","Slimebound:Recycling+1","Slimebound:Grow+1","Slimebound:Repurpose+1","Slimebound:SlimeTap","Slimebound:SplitMire+1","Slimebound:Schlurp+1","Slimebound:SplitMire","Thinking Ahead+1","Slimebound:RejuvenatingLick+1"],"relics":["Slimebound:AbsorbEndCombat","halation:LettersToHer","RollingBoulder","Replay:Drink Me","downfall:HeartBlessingRed","downfall:HeartBlessingBlue","DeathKnight:PutricidesVial","Singing Bowl","Mango","Toolbox","Ornamental Fan","halation:EternalFortune","Empty Cage","downfall:HeartBlessingGreen","Omamori","Boot","aspiration:ChemicalBlood","Centennial Puzzle"],"acts_visited":["Exordium","Hallownest:Greenpath","TheBeyond","TheEnding"],"potions_floor_usage":[45,56],"damage_taken":[{"damage":0,"enemies":"Hallownest:monsterHuskWarrior","floor":3,"turns":3},{"damage":0,"enemies":"Hallownest:2_MossCreeps","floor":4,"turns":4},{"damage":3,"enemies":"downfall:FleeingMerchant","floor":8,"turns":4},{"damage":0,"enemies":"Hallownest:eliteMossKnight","floor":9,"turns":5},{"damage":4,"enemies":"Hallownest:2_Baldur","floor":11,"turns":2},{"damage":0,"enemies":"Hallownest:monsterMossCharger","floor":14,"turns":2},{"damage":0,"enemies":"Hallownest:monsterFoolEater","floor":15,"turns":2},{"damage":28,"enemies":"DF_ARCHETYPE_STREAMLINE","floor":16,"turns":6},{"damage":0,"enemies":"Hallownest:Guard_and_Sentry","floor":21,"turns":2},{"damage":4,"enemies":"Hallownest:2_Mistakes","floor":22,"turns":3},{"damage":0,"enemies":"downfall:FleeingMerchant","floor":23,"turns":4},{"damage":0,"enemies":"Hallownest:eliteWatcherKnight","floor":25,"turns":8},{"damage":0,"enemies":"Hallownest:Warrior_and_Youth","floor":27,"turns":3},{"damage":0,"enemies":"Hallownest:monsterShrumalOgre","floor":31,"turns":4},{"damage":0,"enemies":"Hallownest:2_Flukemon","floor":32,"turns":3},{"damage":0,"enemies":"WA_ARCHETYPE_CALM","floor":33,"turns":4},{"damage":0,"enemies":"Orb Walker","floor":36,"turns":4},{"damage":0,"enemies":"3 Darklings","floor":39,"turns":3},{"damage":5,"enemies":"Nemesis","floor":40,"turns":7},{"damage":0,"enemies":"Jaw Worm Horde","floor":43,"turns":2},{"damage":2,"enemies":"4 Shapes","floor":45,"turns":3},{"damage":0,"enemies":"Transient","floor":49,"turns":5},{"damage":10,"enemies":"IC_BLOCK_ARCHETYPE","floor":50,"turns":8},{"damage":0,"enemies":"downfall:CharBossMerchant","floor":52,"turns":7},{"damage":29,"enemies":"downfall:NeowBoss","floor":55,"turns":16},{"damage":17,"enemies":"downfall:NeowBossFinal","floor":56,"turns":13}],"seed_played":"-8937511338674486955","potions_obtained":[{"floor":4,"key":"SkillPotion"},{"floor":9,"key":"BlessingOfTheForge"},{"floor":14,"key":"blueLaboratory:Moonshine"},{"floor":27,"key":"FearPotion"},{"floor":40,"key":"Flashbang"}],"is_trial":false,"path_per_floor":["R","?","M","M","T","R","T","$","E","R","M","?","R","M","M","B",null,"R","?","?","M","M","$","T","E","$","M","R","T","?","M","M","B",null,"R","M","?","$","M","E","T","R","M","$","M","R","$","?","M","B",null,"E","$","R","B","B",null],"character_chosen":"SLIMEBOUND","items_purchased":["ReplayTheSpireMod:Private Reserves","Slimebound:SlimeTap","DeathKnight:PutricidesVial","Toolbox","Thinking Ahead","Centennial Puzzle"],"campfire_rested":0,"item_purchase_floors":[8,23,23,26,44,53],"current_hp_per_floor":[59,59,59,59,59,59,59,58,59,59,57,57,57,59,59,35,45,55,55,55,55,53,55,55,71,71,73,73,73,76,76,81,83,83,83,83,83,83,85,86,86,86,89,89,89,89,89,89,91,87,91,93,93,93,72,63],"gold":33,"neow_bonus":"RANDOM_COLORLESS_2","is_daily":false,"chose_seed":false,"campfire_upgraded":9,"win_rate":0.0,"timestamp":1612489473,"path_taken":["R","?","M","?","?","R","T","$","E","R","M","?","R","M","M","BOSS","R","?","?","?","M","$","T","E","$","M","R","?","?","?","M","BOSS","R","M","?","$","M","E","T","R","?","$","M","R","$","?","M","BOSS","E","$","R","BOSS","BOSS"],"items_purchased_type":["Card","Card","Relic","Relic","Card","Relic"],"build_version":"2020-12-22","purchased_purges":1,"victory":true,"max_hp_per_floor":[59,59,59,59,59,59,59,59,59,59,59,59,59,59,59,59,45,55,55,55,55,55,55,55,71,71,73,73,73,76,76,81,83,83,83,83,83,83,85,87,87,87,89,89,89,89,89,89,91,91,91,93,93,93,93,93],"card_choices":[{"not_picked":["Feint","Transmutation"],"picked":"Panache","floor":0},{"not_picked":["Slimebound:DisruptingSlam","Slimebound:FormOfPuddle","Slimebound:SplitBruiser"],"picked":"SKIP","floor":3},{"not_picked":["Slimebound:RainOfGoop","Slimebound:Grow"],"picked":"Slimebound:Repurpose","floor":4},{"not_picked":["Slimebound:SplitLeeching","Slimebound:Replication"],"picked":"Slimebound:Prepare","floor":8},{"not_picked":["Slimebound:LivingWall","Slimebound:PressTheAttack","Slimebound:MassFeed"],"picked":"SKIP","floor":9},{"not_picked":["Slimebound:GoopSpray","Slimebound:SplitMire","Slimebound:LeechEnergy"],"picked":"SKIP","floor":11},{"not_picked":["Slimebound:Prepare","Slimebound:PressTheAttack"],"picked":"Slimebound:CheckThePlaybook","floor":14},{"not_picked":["Slimebound:AcidTongue","Slimebound:SplitAcid"],"picked":"Slimebound:Schlurp","floor":15},{"not_picked":["Slimebound:LeechLife","Slimebound:CheckThePlaybook"],"picked":"Slimebound:Recycling","floor":16},{"not_picked":["Slimebound:GrowthPunch","Slimebound:Chomp+1","Slimebound:GoopTackle"],"picked":"SKIP","floor":21},{"not_picked":["Slimebound:SplitAcid","Slimebound:PressTheAttack"],"picked":"Slimebound:Grow","floor":22},{"not_picked":["Slimebound:LeechEnergy","Slimebound:ItLooksTasty"],"picked":"Slimebound:Repurpose+1","floor":23},{"not_picked":["Slimebound:RollThrough+1","Slimebound:TagTeam","Slimebound:LeechingTouch"],"picked":"Singing Bowl","floor":25},{"not_picked":["Slimebound:LeechEnergy+1","Slimebound:SplitBruiser","Slimebound:RainOfGoop"],"picked":"Singing Bowl","floor":27},{"not_picked":["Slimebound:DivideAndConquer","Slimebound:LeechEnergy"],"picked":"Slimebound:SplitMire+1","floor":31},{"not_picked":["Slimebound:SplitBruiser","Slimebound:ComboTackle+1","Slimebound:SplitMire"],"picked":"Singing Bowl","floor":32},{"not_picked":["Slimebound:LeechLife","Slimebound:Darklings","Slimebound:PrepareCrush"],"picked":"Singing Bowl","floor":33},{"not_picked":["Slimebound:RainOfGoop+1","Slimebound:SplitMire+1"],"picked":"Slimebound:Schlurp+1","floor":36},{"not_picked":["Slimebound:SplitMire","Slimebound:RainOfGoop","Slimebound:ItLooksTasty+1"],"picked":"Singing Bowl","floor":39},{"not_picked":["Slimebound:SamplingLick","Slimebound:Dissolve","Slimebound:DouseInSlime"],"picked":"Singing Bowl","floor":40},{"not_picked":["Slimebound:ItLooksTasty","Slimebound:LivingWall","Slimebound:SplitAcid"],"picked":"Singing Bowl","floor":43},{"not_picked":["Slimebound:ItLooksTasty+1","Slimebound:RollThrough"],"picked":"Slimebound:RejuvenatingLick+1","floor":45},{"not_picked":["Slimebound:Schlurp","Slimebound:SlimeSpikes","Slimebound:LeechEnergy"],"picked":"Singing Bowl","floor":49},{"not_picked":["Slimebound:SplitMire","Slimebound:RollThrough+1","Slimebound:GrowthPunch"],"picked":"Singing Bowl","floor":52}],"player_experience":224454,"relics_obtained":[{"floor":5,"key":"halation:LettersToHer"},{"floor":7,"key":"halation:LettersToHer"},{"floor":9,"key":"RollingBoulder"},{"floor":24,"key":"halation:LettersToHer"},{"floor":24,"key":"Singing Bowl"},{"floor":25,"key":"Mango"},{"floor":29,"key":"halation:LettersToHer"},{"floor":29,"key":"Ornamental Fan"},{"floor":32,"key":"halation:EternalFortune"},{"floor":40,"key":"Omamori"},{"floor":41,"key":"halation:LettersToHer"},{"floor":41,"key":"Boot"},{"floor":52,"key":"aspiration:ChemicalBlood"}],"event_choices":[],"is_beta":false,"boss_relics":[{"not_picked":["conspire:SpecialSausage","halation:Prosthetics"],"picked":"Replay:Drink Me"},{"not_picked":["conspire:SeveredTorchhead","halation:Yufonium"],"picked":"Empty Cage"}],"items_purged_floors":[38],"is_endless":false,"potions_floor_spawned":[4,9,14,16,25,27,31,32,36,40,45],"ascension_level":0}}