{"host":"iyj530209nkhhjuz","time":1612523507,"event":{"mods":["AchievementEnabler","BaseMod","Better Match","Better Note","Better Third Choice","BetterRewards","Colored Map","Colored Powertips","Dark Map","Fox Events","Highlight Path","Minty Spire (QoL Compilation)","Permanent Neow","Random Character Button","Rare Cards Sparkle","Relic Stats","StSLib","Waifu the Spire"],"gold_per_floor":[116,17,17,28,38,38,64,75,147,147,97,129,141,166,166,261,261,278,278,295,123,138,164,164,182,182,216,216,216,230,248,248,351,351,369,419,436,63,63,63,97,111,111,23,43,43,55,90,90,90,90,90,58,90,90,90],"floor_reached":55,"language":"ENG","playtime":3492,"items_purged":["Strike_B","Strike_B","Strike_B","Defend_B","Defend_B"],"score":2120,"play_id":"5f47f49e-52e5-4b83-accd-066bb52e6b60","local_time":"20210205121147","is_ascension_mode":true,"campfire_choices":[{"data":"Scrape","floor":6,"key":"SMITH"},{"data":"Seek","floor":10,"key":"SMITH"},{"data":"Hologram","floor":15,"key":"SMITH"},{"data":"Scrape","floor":24,"key":"SMITH"},{"data":"Scrape","floor":28,"key":"SMITH"},{"data":"Zap","floor":32,"key":"SMITH"},{"data":"Dualcast","floor":40,"key":"SMITH"},{"data":"Fission","floor":46,"key":"SMITH"},{"floor":49,"key":"RECALL"},{"data":"Thinking Ahead","floor":52,"key":"SMITH"}],"circlet_count":0,"master_deck":["AscendersBane","Defend_B","Defend_B","Zap+1","Dualcast+1","All For One","Beam Cell+1","Panache","Genetic Algorithm","Gash","Machine Learning","Gash","Gash","FTL+1","Scrape+1","Go for the Eyes","Corpse Explosion","Gash","Seek+1","Hologram+1","Echo Form","Fission+1","Scrape+1","Scrape+1","Echo Form","Tempest","Tempest","Multi-Cast","Seek+1","Thinking Ahead+1","Panache+1","Gash","Gash+1","Capacitor+1"],"relics":["Cracked Core","Membership Card","Lantern","Orrery","FossilizedHelix","Anchor","Chemical X","Gambling Chip","Toy Ornithopter","InkBottle","Akabeko","Whetstone","Black Star","Pen Nib","Omamori","Thread and Needle","Bottled Lightning","Blood Vial","Letter Opener","Frozen Egg 2","Calling Bell","Happy Flower","Singing Bowl","Mango","Calipers","DollysMirror","StoneCalendar","Oddly Smooth Stone","The Courier","Nunchaku","Gremlin Horn","Pantograph","Bronze Scales","Art of War"],"acts_visited":["Exordium","TheCity","TheBeyond","TheEnding"],"potions_floor_usage":[22,55,55],"damage_taken":[{"damage":0,"enemies":"Small Slimes","floor":1,"turns":2},{"damage":0,"enemies":"Jaw Worm","floor":4,"turns":3},{"damage":0,"enemies":"Cultist","floor":5,"turns":2},{"damage":0,"enemies":"Lagavulin","floor":7,"turns":3},{"damage":0,"enemies":"Looter","floor":8,"turns":1},{"damage":0,"enemies":"Gremlin Nob","floor":12,"turns":2},{"damage":0,"enemies":"Large Slime","floor":13,"turns":3},{"damage":0,"enemies":"3 Sentries","floor":14,"turns":1},{"damage":16,"enemies":"The Guardian","floor":16,"turns":3},{"damage":0,"enemies":"Spheric Guardian","floor":18,"turns":1},{"damage":0,"enemies":"2 Thieves","floor":20,"turns":4},{"damage":0,"enemies":"Snake Plant","floor":22,"turns":2},{"damage":0,"enemies":"Slavers","floor":23,"turns":2},{"damage":0,"enemies":"Centurion and Healer","floor":25,"turns":1},{"damage":0,"enemies":"Gremlin Leader","floor":27,"turns":2},{"damage":0,"enemies":"Snecko","floor":30,"turns":1},{"damage":0,"enemies":"3 Cultists","floor":31,"turns":1},{"damage":0,"enemies":"Champ","floor":33,"turns":2},{"damage":0,"enemies":"3 Shapes","floor":35,"turns":2},{"damage":0,"enemies":"Mind Bloom Boss Battle","floor":36,"turns":2},{"damage":0,"enemies":"3 Darklings","floor":37,"turns":1},{"damage":0,"enemies":"Reptomancer","floor":41,"turns":2},{"damage":0,"enemies":"Maw","floor":42,"turns":2},{"damage":0,"enemies":"Spire Growth","floor":45,"turns":1},{"damage":0,"enemies":"3 Darklings","floor":47,"turns":1},{"damage":0,"enemies":"Giant Head","floor":48,"turns":1},{"damage":0,"enemies":"Donu and Deca","floor":50,"turns":1},{"damage":0,"enemies":"Shield and Spear","floor":54,"turns":1},{"damage":115,"enemies":"The Heart","floor":55,"turns":4}],"seed_played":"-435048749089237246","potions_obtained":[{"floor":4,"key":"Fire Potion"},{"floor":27,"key":"DuplicationPotion"}],"is_trial":false,"path_per_floor":["M","$","?","M","M","R","E","M","T","R","?","E","M","E","R","B",null,"M","?","M","$","M","E","R","M","T","E","R","?","M","M","R","B",null,"M","?","M","$","?","R","E","M","T","$","M","R","M","E","R","B",null,"R","$","E","B"],"character_chosen":"DEFECT","items_purchased":["Membership Card","Lantern","All For One","Beam Cell","Panache","Genetic Algorithm","Gash","Orrery","FossilizedHelix","Anchor","Weak Potion","Chemical X","Go for the Eyes","Scrape","Pen Nib","DollysMirror","StoneCalendar","Oddly Smooth Stone","Capacitor+1"],"campfire_rested":0,"item_purchase_floors":[0,0,0,0,0,0,0,0,0,0,0,2,2,21,21,38,38,38,53],"current_hp_per_floor":[52,52,31,31,31,31,31,31,31,31,31,31,31,31,31,15,60,60,60,60,60,65,65,65,65,65,65,65,65,67,69,69,71,88,91,93,95,95,87,87,91,95,95,95,97,97,99,103,103,103,103,103,103,105,0,0],"gold":90,"neow_bonus":"","is_daily":false,"chose_seed":false,"campfire_upgraded":9,"win_rate":0.0,"timestamp":1612523507,"path_taken":["M","$","?","M","M","R","E","M","T","R","?","E","M","E","R","BOSS","M","?","M","$","M","E","R","M","T","E","R","?","M","M","R","BOSS","M","?","M","$","?","R","E","M","T","?","M","R","M","E","R","BOSS","R","$","E","BOSS"],"items_purchased_type":["Relic","Relic","Card","Card","Card","Card","Card","Relic","Relic","Relic","Potion","Relic","Card","Card","Relic","Relic","Relic","Relic","Card"],"build_version":"2020-12-22","purchased_purges":5,"victory":false,"max_hp_per_floor":[75,75,75,75,75,75,75,75,75,75,75,75,75,75,75,75,75,75,75,75,75,75,75,75,75,75,75,75,75,75,75,75,75,89,91,93,95,95,97,97,99,101,101,101,101,101,101,103,103,103,103,103,103,105,105,105],"relic_stats":{"Happy Flower":[15],"Singing Bowl":16,"Gremlin Horn":[1,1],"counters":[143,598],"StoneCalendar":[0],"Pen Nib":[21],"Whetstone":["Strike_R","Bash","Strike_B","Blizzard","FTL","Beam Cell"],"Letter Opener":[179],"Blood Vial":52,"Nunchaku":[65],"Gambling Chip":[73],"Pantograph":0,"Bronze Scales":[48],"Black Star":5,"Art of War":[53],"Chemical X":[55],"obtain_stats":[{"Tiny House":34,"Calipers":36,"Gremlin Horn":48,"CeramicFish":40,"Vajra":43,"Runic Capacitor":36,"Ginger":17,"Whetstone":54,"Sozu":34,"Blood Vial":0,"Lizard Tail":40,"Centennial Puzzle":41,"HornCleat":12,"Sundial":46,"DollysMirror":45,"Strawberry":0,"Prayer Wheel":46,"Kunai":26,"Toxic Egg 2":43,"Pear":53,"Happy Flower":42,"Blue Candle":26,"Astrolabe":34,"Oddly Smooth Stone":38,"Eternal Feather":42,"Pen Nib":8,"Letter Opener":41,"War Paint":23,"Question Card":6,"Akabeko":0,"Cables":30,"Du-Vu Doll":46,"OrangePellets":14,"Bottled Flame":40,"Bronze Scales":7,"Bird Faced Urn":23,"Molten Egg 2":17,"foxEvents:LuckyCharm":2,"Black Star":17,"Symbiotic Virus":54,"Pocketwatch":28,"Darkstone Periapt":25,"Regal Pillow":23,"Lantern":0,"Torii":27,"Singing Bowl":34,"Mango":29,"StoneCalendar":38,"Ancient Tea Set":29,"Nunchaku":41,"Pantograph":24,"Gambling Chip":3,"Tiny Chest":17,"WingedGreaves":0,"Chemical X":37,"Cracked Core":0,"InkBottle":9,"Potion Belt":14,"Inserter":34,"Golden Idol":11,"Thread and Needle":21,"The Courier":9,"PreservedInsect":47,"Omamori":27,"Frozen Egg 2":0,"Orichalcum":9,"Medical Kit":48,"Mercury Hourglass":48,"Calling Bell":17,"DataDisk":26,"Anchor":54,"betterThird:SlimedRelic":4,"Orrery":0,"Turnip":6,"Art of War":2,"Coffee Dripper":17,"Membership Card":0,"Bottled Lightning":26,"Toy Ornithopter":0,"FossilizedHelix":0},{"Tiny House":48,"Calipers":134,"Gremlin Horn":140,"CeramicFish":80,"Vajra":28,"Runic Capacitor":24,"Ginger":14,"Whetstone":113,"Sozu":76,"Blood Vial":88,"Lizard Tail":80,"Centennial Puzzle":81,"HornCleat":11,"Sundial":83,"DollysMirror":110,"Strawberry":60,"Prayer Wheel":30,"Kunai":44,"Toxic Egg 2":81,"Pear":58,"Happy Flower":109,"Blue Candle":19,"Astrolabe":23,"Oddly Smooth Stone":135,"Eternal Feather":28,"Pen Nib":36,"Letter Opener":81,"War Paint":73,"Question Card":35,"Akabeko":5,"Cables":103,"Du-Vu Doll":55,"OrangePellets":68,"Bottled Flame":27,"Bronze Scales":10,"Bird Faced Urn":18,"Molten Egg 2":14,"foxEvents:LuckyCharm":7,"Black Star":69,"Symbiotic Virus":59,"Pocketwatch":101,"Darkstone Periapt":19,"Regal Pillow":73,"Lantern":114,"Torii":74,"Singing Bowl":132,"Mango":75,"StoneCalendar":135,"Ancient Tea Set":45,"Nunchaku":136,"Pantograph":44,"Gambling Chip":115,"Tiny Chest":14,"WingedGreaves":60,"Chemical X":106,"Cracked Core":0,"InkBottle":119,"Potion Belt":13,"Inserter":104,"Golden Idol":37,"Thread and Needle":16,"The Courier":10,"PreservedInsect":31,"Omamori":74,"Frozen Egg 2":32,"Orichalcum":93,"Medical Kit":31,"Mercury Hourglass":85,"Calling Bell":14,"DataDisk":73,"Anchor":87,"betterThird:SlimedRelic":1,"Orrery":114,"Turnip":3,"Art of War":1,"Coffee Dripper":96,"Membership Card":60,"Bottled Lightning":128,"Toy Ornithopter":32,"FossilizedHelix":114},{"Tiny House":197,"Calipers":584,"Gremlin Horn":592,"CeramicFish":382,"Vajra":100,"Runic Capacitor":85,"Ginger":41,"Whetstone":535,"Sozu":367,"Blood Vial":428,"Lizard Tail":382,"Centennial Puzzle":389,"HornCleat":28,"Sundial":399,"DollysMirror":521,"Strawberry":288,"Prayer Wheel":105,"Kunai":168,"Toxic Egg 2":389,"Pear":276,"Happy Flower":516,"Blue Candle":61,"Astrolabe":83,"Oddly Smooth Stone":585,"Eternal Feather":100,"Pen Nib":133,"Letter Opener":389,"War Paint":347,"Question Card":130,"Akabeko":16,"Cables":489,"Du-Vu Doll":249,"OrangePellets":320,"Bottled Flame":97,"Bronze Scales":26,"Bird Faced Urn":56,"Molten Egg 2":41,"foxEvents:LuckyCharm":21,"Black Star":331,"Symbiotic Virus":283,"Pocketwatch":481,"Darkstone Periapt":61,"Regal Pillow":347,"Lantern":544,"Torii":352,"Singing Bowl":580,"Mango":357,"StoneCalendar":585,"Ancient Tea Set":173,"Nunchaku":587,"Pantograph":168,"Gambling Chip":546,"Tiny Chest":41,"WingedGreaves":288,"Chemical X":502,"Cracked Core":0,"InkBottle":555,"Potion Belt":35,"Inserter":496,"Golden Idol":136,"Thread and Needle":49,"The Courier":26,"PreservedInsect":109,"Omamori":352,"Frozen Egg 2":120,"Orichalcum":450,"Medical Kit":109,"Mercury Hourglass":411,"Calling Bell":41,"DataDisk":347,"Anchor":420,"betterThird:SlimedRelic":2,"Orrery":544,"Turnip":10,"Art of War":2,"Coffee Dripper":465,"Membership Card":288,"Bottled Lightning":574,"Toy Ornithopter":120,"FossilizedHelix":544}],"Toy Ornithopter":15,"InkBottle":[116]},"card_choices":[{"not_picked":["Barrage","Loop"],"picked":"Machine Learning","floor":0},{"not_picked":["Cold Snap","Biased Cognition"],"picked":"Gash","floor":0},{"not_picked":["Tempest","Genetic Algorithm"],"picked":"Gash","floor":0},{"not_picked":["Compile Driver","Leap"],"picked":"FTL","floor":0},{"not_picked":["Darkness","Leap"],"picked":"Scrape","floor":1},{"not_picked":["Chill","Go for the Eyes"],"picked":"Gash","floor":4},{"not_picked":["Go for the Eyes","Melter","Turbo"],"picked":"SKIP","floor":5},{"not_picked":["Hologram","Thunder Strike"],"picked":"Seek","floor":7},{"not_picked":["Go for the Eyes","Chaos","Auto Shields"],"picked":"SKIP","floor":8},{"not_picked":["Doom and Gloom","Stack","Ball Lightning"],"picked":"SKIP","floor":12},{"not_picked":["Stack","Turbo"],"picked":"Hologram","floor":13},{"not_picked":["Sweeping Beam","Genetic Algorithm"],"picked":"Echo Form","floor":14},{"not_picked":["Buffer","Electrodynamics"],"picked":"Fission","floor":16},{"not_picked":["Cold Snap","Heatsinks","Undo"],"picked":"SKIP","floor":18},{"not_picked":["Hello World","Go for the Eyes","Stack"],"picked":"SKIP","floor":20},{"not_picked":["Beam Cell","Genetic Algorithm"],"picked":"Scrape","floor":22},{"not_picked":["Barrage+1","Leap"],"picked":"Echo Form","floor":23},{"not_picked":["Cold Snap","Barrage"],"picked":"Tempest","floor":25},{"not_picked":["Skim","Redo","Stack+1"],"picked":"SKIP","floor":27},{"not_picked":["Compile Driver","Recycle"],"picked":"Tempest","floor":30},{"not_picked":["Recycle","Darkness+1","Steam"],"picked":"SKIP","floor":31},{"not_picked":["Core Surge","Machine Learning+1"],"picked":"Multi-Cast","floor":33},{"not_picked":["Sweeping Beam+1","Coolheaded","Hologram+1"],"picked":"Singing Bowl","floor":35},{"not_picked":["Cold Snap+1","Rebound","Consume"],"picked":"Singing Bowl","floor":36},{"not_picked":["Cold Snap+1","Turbo","Barrage+1"],"picked":"Singing Bowl","floor":37},{"not_picked":["Apotheosis","Mind Blast","Purity"],"picked":"Singing Bowl","floor":39},{"not_picked":["Panacea","Enlightenment"],"picked":"Thinking Ahead","floor":39},{"not_picked":["PanicButton","Dark Shackles"],"picked":"Panache+1","floor":39},{"not_picked":["Go for the Eyes+1","Streamline","Rebound+1"],"picked":"Singing Bowl","floor":41},{"not_picked":["Defragment+1","Storm+1","Static Discharge+1"],"picked":"Singing Bowl","floor":42},{"not_picked":["Heatsinks+1","Steam+1"],"picked":"Gash","floor":45},{"not_picked":["Blizzard","Hologram+1"],"picked":"Gash+1","floor":47},{"not_picked":["Ball Lightning+1","Beam Cell","Leap"],"picked":"Singing Bowl","floor":48},{"not_picked":["Streamline+1","Tempest","Skim"],"picked":"Singing Bowl","floor":54}],"player_experience":492757,"relics_obtained":[{"floor":7,"key":"Toy Ornithopter"},{"floor":9,"key":"InkBottle"},{"floor":12,"key":"Akabeko"},{"floor":14,"key":"Whetstone"},{"floor":23,"key":"Omamori"},{"floor":23,"key":"Thread and Needle"},{"floor":26,"key":"Bottled Lightning"},{"floor":27,"key":"Blood Vial"},{"floor":27,"key":"Letter Opener"},{"floor":34,"key":"Happy Flower"},{"floor":34,"key":"Singing Bowl"},{"floor":34,"key":"Mango"},{"floor":36,"key":"Calipers"},{"floor":41,"key":"The Courier"},{"floor":41,"key":"Nunchaku"},{"floor":48,"key":"Gremlin Horn"},{"floor":48,"key":"Pantograph"},{"floor":54,"key":"Bronze Scales"},{"floor":54,"key":"Art of War"}],"event_choices":[{"cards_removed":["Strike_B"],"damage_healed":0,"gold_gain":0,"player_choice":"Card Removal","damage_taken":0,"max_hp_gain":0,"max_hp_loss":0,"event_name":"The Cleric","floor":11,"gold_loss":50},{"cards_removed":["Seek"],"damage_healed":0,"gold_gain":0,"player_choice":"Give","damage_taken":0,"max_hp_gain":0,"max_hp_loss":0,"event_name":"betterNote:BetterNote","floor":19,"gold_loss":0,"cards_obtained":["Searing Blow"]},{"damage_healed":0,"gold_gain":0,"player_choice":"Opened","damage_taken":0,"relics_obtained":["Frozen Egg 2"],"max_hp_gain":0,"max_hp_loss":0,"event_name":"The Mausoleum","floor":29,"gold_loss":0},{"damage_healed":0,"gold_gain":0,"player_choice":"Fight","damage_taken":0,"max_hp_gain":0,"max_hp_loss":0,"event_name":"MindBloom","floor":36,"gold_loss":0},{"damage_healed":0,"gold_gain":0,"player_choice":"Memory 3","damage_taken":10,"max_hp_gain":0,"max_hp_loss":0,"event_name":"SensoryStone","floor":39,"gold_loss":0}],"is_beta":false,"boss_relics":[{"not_picked":["SlaversCollar","Pandora\u0027s Box"],"picked":"Black Star"},{"not_picked":["SacredBark","Empty Cage"],"picked":"Calling Bell"}],"items_purged_floors":[0,0,21,38,44],"is_endless":false,"potions_floor_spawned":[4,5,12,20,27,31,37,41,47,48],"killed_by":"The Heart","ascension_level":11}}