{"host":"5mo0809oo9tcrmpl","time":1612489070,"event":{"mods":["BaseMod","Highlight Path","Minty Spire (QoL Compilation)","Relic Stats","Slay the Relics Exporter"],"gold_per_floor":[115,132,149,162,172,172,188,219,219,219,219],"floor_reached":10,"language":"ENG","playtime":383,"items_purged":[],"score":144,"play_id":"25bb6e3f-ee10-4d04-a719-af72b0b96a56","local_time":"20210204193750","is_ascension_mode":true,"campfire_choices":[{"data":"Armaments","floor":6,"key":"SMITH"}],"circlet_count":0,"master_deck":["AscendersBane","Strike_R","Strike_R","Strike_R","Strike_R","Strike_R","Defend_R","Defend_R","Defend_R","Defend_R","Bash","Twin Strike","Headbutt","Cleave","Disarm","Armaments+1","Shockwave","Clash","Regret"],"relics":["Cursed Key","CaptainsWheel","Shuriken"],"acts_visited":["Exordium"],"potions_floor_usage":[8],"damage_taken":[{"damage":0.0,"enemies":"Small Slimes","floor":1.0,"turns":3.0},{"damage":7.0,"enemies":"Jaw Worm","floor":2.0,"turns":3.0},{"damage":0.0,"enemies":"Cultist","floor":3.0,"turns":3.0},{"damage":18.0,"enemies":"Exordium Wildlife","floor":4.0,"turns":3.0},{"damage":0,"enemies":"Looter","floor":5,"turns":3},{"damage":2,"enemies":"3 Louse","floor":7,"turns":3},{"damage":34,"enemies":"Gremlin Nob","floor":8,"turns":4},{"damage":7,"enemies":"3 Sentries","floor":10,"turns":4}],"seed_played":"9148166758698541915","potions_obtained":[{"floor":4.0,"key":"ElixirPotion"},{"floor":5,"key":"DistilledChaos"}],"is_trial":false,"path_per_floor":["M","M","M","M","M","R","M","E","T","E"],"character_chosen":"IRONCLAD","items_purchased":[],"campfire_rested":0,"item_purchase_floors":[],"current_hp_per_floor":[68,61,61,43,43,43,41,7,7,0,0],"gold":219,"neow_bonus":"BOSS_RELIC","is_daily":false,"chose_seed":false,"campfire_upgraded":1,"win_rate":0.0,"timestamp":1612489070,"path_taken":["M","M","M","M","M","R","M","E","T","E"],"items_purchased_type":[],"build_version":"2020-12-22","purchased_purges":0,"victory":false,"max_hp_per_floor":[75,75,75,75,75,75,75,75,75,75,75],"relic_stats":{"counters":[8,26],"Shuriken":[2],"Cursed Key":1,"obtain_stats":[{"CaptainsWheel":8,"Shuriken":9,"Cursed Key":0,"Burning Blood":0},{"CaptainsWheel":7,"Shuriken":7,"Cursed Key":0,"Burning Blood":0},{"CaptainsWheel":22,"Shuriken":22,"Cursed Key":0,"Burning Blood":0}]},"card_choices":[{"not_picked":["Flex","True Grit"],"picked":"Twin Strike","floor":1.0},{"not_picked":["Wild Strike","Sword Boomerang"],"picked":"Headbutt","floor":2.0},{"not_picked":["Limit Break","Thunderclap"],"picked":"Cleave","floor":3.0},{"not_picked":["Anger","Searing Blow"],"picked":"Disarm","floor":4.0},{"not_picked":["Flex","Cleave"],"picked":"Armaments","floor":5},{"not_picked":["Rupture","Heavy Blade"],"picked":"Shockwave","floor":7},{"not_picked":["Sentinel","Hemokinesis"],"picked":"Clash","floor":8}],"player_experience":1246555,"relics_obtained":[{"floor":8,"key":"CaptainsWheel"},{"floor":9,"key":"Shuriken"}],"event_choices":[],"is_beta":false,"boss_relics":[],"items_purged_floors":[],"is_endless":false,"potions_floor_spawned":[4,5],"killed_by":"3 Sentries","ascension_level":20}}