{"host":"23qk1co0p3p8qz56","time":1612487242,"event":{"mods":["AchievementEnabler","Act Like it!","Arknights","BaseMod","Better Note","Better Third Choice","BetterRewards","CapriCore","Colored Map","Lobotomy","LobotomyExtend","Marisa（霧雨　魔理沙）","Minty Spire (QoL Compilation)","Prisma Mod","Reimu（博??梦）","StSLib","The Alterego","The Animator","The Immortal","The Senshi","Waifu the Spire"],"gold_per_floor":[110,70,82,92,19,44,119,84,110,141,141,87,119,119,119,216,216,227,213,225,236,161,191,191,225,225,254,272,272,272,284,284,387,387,403,403,69,85,85,85,114,114,139,139,139,139],"floor_reached":45,"language":"ENG","playtime":3634,"items_purged":["PrismaMod:IllyaBride"],"score":567,"play_id":"0ef7673e-ff0d-48db-8fe5-1aa4488cbee6","local_time":"20210204180722","is_ascension_mode":false,"campfire_choices":[{"data":"PrismaMod:IllyaUberChannel","floor":15,"key":"SMITH"},{"data":"PrismaMod:IllyaPoisonTippedWeapons","floor":24,"key":"SMITH"},{"data":"PrismaMod:IllyaUberPoisonChannel","floor":30,"key":"SMITH"},{"data":"PrismaMod:IllyaPoisoningPhantasm","floor":32,"key":"SMITH"},{"data":"PrismaMod:IllyaZwei","floor":40,"key":"SMITH"},{"data":"PrismaMod:IllyaRapidFire","floor":42,"key":"SMITH"},{"data":"PrismaMod:IllyaStunPoison","floor":44,"key":"SMITH"}],"circlet_count":0,"master_deck":["PrismaMod:IllyaCommonAttack","PrismaMod:IllyaCommonAttack","PrismaMod:IllyaCommonDefend+1","PrismaMod:IllyaCommonAttack","PrismaMod:IllyaCommonDefend","PrismaMod:IllyaCommonAttack","PrismaMod:IllyaCommonDefend","PrismaMod:IllyaCommonAttack","PrismaMod:IllyaCommonDefend","PrismaMod:IllyaUncommonAttack","PrismaMod:IllyaUncommonDefend+1","PrismaMod:IllyaUncommonAOEAttack","PrismaMod:IllyaGrail","PrismaMod:IllyaCommonEvoke","PrismaMod:IllyaCheapChannelDefend+1","PrismaMod:IllyaHassanGift","PrismaMod:IllyaUberChannel+1","PrismaMod:IllyaCommandSeal","PrismaMod:IllyaPoisonTippedWeapons+1","PrismaMod:IllyaInstallShielder","PrismaMod:IllyaCheapDefend+1","PrismaMod:IllyaCheapChannelPoison+1","PrismaMod:IllyaDetonatingBlow+1","PrismaMod:IllyaFeed","PrismaMod:IllyaStunPoison+1","PrismaMod:IllyaBoysLove","PrismaMod:IllyaUberPoisonChannel+1","PrismaMod:IllyaPoisoningPhantasm+1","PrismaMod:IllyaPartialInstallAssassin","PrismaMod:IllyaUberChannel+1","PrismaMod:IllyaDualEvoke","PrismaMod:IllyaZwei+1","PrismaMod:IllyaGun+1","PrismaMod:IllyaFeed","PrismaMod:IllyaRapidFire+1"],"relics":["PrismaMod:PrismaRuby","LetterFromLob","PaintedHorse:ReiMu","War Paint","Juzu Bracelet","Anchor","Letter Opener","theSenshi:SailorFukuRelic","Runic Pyramid","InkBottle","Oddly Smooth Stone","RuthlessExorcism:ReiMu","MealTicket","Mercury Hourglass","Tea:ReiMu","Lantern"],"acts_visited":["Exordium","TheCity","TheBeyond"],"potions_floor_usage":[],"damage_taken":[{"damage":0,"enemies":"Small Slimes","floor":1,"turns":3},{"damage":1,"enemies":"Jaw Worm","floor":3,"turns":3},{"damage":0,"enemies":"2 Louse","floor":4,"turns":3},{"damage":1,"enemies":"Lagavulin","floor":6,"turns":8},{"damage":0,"enemies":"3 Sentries","floor":10,"turns":7},{"damage":14,"enemies":"Gremlin Nob","floor":13,"turns":5},{"damage":30,"enemies":"The Guardian","floor":16,"turns":11},{"damage":12,"enemies":"Spheric Guardian","floor":18,"turns":6},{"damage":0,"enemies":"2 Thieves","floor":19,"turns":4},{"damage":0,"enemies":"Snecko","floor":20,"turns":7},{"damage":0,"enemies":"Centurion and Healer","floor":21,"turns":10},{"damage":24,"enemies":"Slavers","floor":23,"turns":5},{"damage":20,"enemies":"Book of Stabbing","floor":25,"turns":6},{"damage":32,"enemies":"Gremlin Leader","floor":27,"turns":7},{"damage":4,"enemies":"Cultist and Chosen","floor":28,"turns":5},{"damage":17,"enemies":"Snake Plant","floor":31,"turns":4},{"damage":53,"enemies":"Collector","floor":33,"turns":11},{"damage":36,"enemies":"3 Darklings","floor":35,"turns":6},{"damage":7,"enemies":"Orb Walker","floor":38,"turns":4},{"damage":68,"enemies":"Reptomancer","floor":41,"turns":6},{"damage":44,"enemies":"Giant Head","floor":45,"turns":9}],"seed_played":"-85321257165082418","potions_obtained":[{"floor":1,"key":"PowerPotion"},{"floor":3,"key":"Block Potion"},{"floor":13,"key":"PowerPotion"},{"floor":19,"key":"BlessingOfTheForge"},{"floor":31,"key":"MagicPotion:ReiMu"}],"is_trial":false,"path_per_floor":["M","?","M","M","$","E","?","?","T","E","?","$","E","M","R","B",null,"M","M","M","M","$","E","R","E","T","E","M","?","R","M","R","B",null,"M","?","$","M","?","R","E","R","T","R","E"],"character_chosen":"ILLYA","items_purchased":["PrismaMod:IllyaCheapChannelDefend","PrismaMod:IllyaHassanGift","PrismaMod:IllyaPoisonTippedWeapons","PrismaMod:IllyaStunPoison","PrismaMod:IllyaBoysLove","Mercury Hourglass"],"campfire_rested":0,"item_purchase_floors":[5,5,12,22,22,37],"current_hp_per_floor":[75,75,74,74,74,73,62,75,75,75,75,75,64,64,64,37,75,63,71,75,75,75,59,59,58,58,49,68,68,68,56,56,14,75,48,48,63,68,68,68,35,35,35,35,0,0],"gold":139,"neow_bonus":"UPGRADE_CARD","is_daily":false,"chose_seed":false,"campfire_upgraded":7,"win_rate":0.0,"timestamp":1612487242,"path_taken":["M","?","M","M","$","E","?","?","T","E","?","?","E","M","R","BOSS","M","M","M","M","$","E","R","E","T","E","M","?","R","M","R","BOSS","M","?","$","M","?","R","E","R","T","R","E"],"items_purchased_type":["Card","Card","Card","Card","Card","Relic"],"build_version":"2020-12-22","purchased_purges":1,"victory":false,"max_hp_per_floor":[75,75,75,75,75,75,75,75,75,75,75,75,75,75,75,75,75,75,75,75,75,75,75,75,75,75,75,75,75,75,75,75,75,75,75,75,75,75,75,75,75,75,75,75,75,75],"card_choices":[{"not_picked":["PrismaMod:IllyaBoysLove","PrismaMod:IllyaPoisonBomb"],"picked":"PrismaMod:IllyaUncommonAOEAttack","floor":1},{"not_picked":["PrismaMod:IllyaCommonEvoke","PrismaMod:IllyaGun"],"picked":"PrismaMod:IllyaGrail","floor":3},{"not_picked":["PrismaMod:IllyaUncommonDefend","PrismaMod:IllyaFeed"],"picked":"PrismaMod:IllyaCommonEvoke","floor":4},{"not_picked":["PrismaMod:IllyaDevil","PrismaMod:IllyaUpgradeOrbs"],"picked":"PrismaMod:IllyaUberChannel","floor":6},{"not_picked":["PrismaMod:IllyaCheapChannelAttack","PrismaMod:IllyaGrailKun"],"picked":"PrismaMod:IllyaCommandSeal","floor":10},{"not_picked":["PrismaMod:IllyaCheapChannelPoison","PrismaMod:IllyaAssassinRevenge"],"picked":"PrismaMod:IllyaBride","floor":13},{"not_picked":["PrismaMod:IllyaUberAttackChannel","PrismaMod:IllyaZwei"],"picked":"PrismaMod:IllyaInstallShielder","floor":16},{"not_picked":["PrismaMod:IllyaCheapChannelDefend","PrismaMod:IllyaEvokeAll+1"],"picked":"PrismaMod:IllyaCheapDefend+1","floor":18},{"not_picked":["PrismaMod:IllyaHassanGift","PrismaMod:IllyaCommonEvoke"],"picked":"PrismaMod:IllyaCheapChannelPoison+1","floor":19},{"not_picked":["PrismaMod:IllyaUncommonAttack+1","PrismaMod:IllyaCommonEvoke+1"],"picked":"PrismaMod:IllyaDetonatingBlow+1","floor":20},{"not_picked":["PrismaMod:IllyaHassanGift","PrismaMod:IllyaRussianRoulette+1"],"picked":"PrismaMod:IllyaFeed","floor":21},{"not_picked":["PrismaMod:IllyaPoisonTippedWeapons","PrismaMod:IllyaCheapChannelAttack"],"picked":"PrismaMod:IllyaUberPoisonChannel","floor":23},{"not_picked":["PrismaMod:IllyaBlindPoisonToss+1","PrismaMod:IllyaFriendMaker+1"],"picked":"PrismaMod:IllyaPoisoningPhantasm","floor":25},{"not_picked":["PrismaMod:IllyaUncommonDefend","PrismaMod:IllyaPoisonBlock"],"picked":"PrismaMod:IllyaPartialInstallAssassin","floor":27},{"not_picked":["PrismaMod:IllyaCheapChannelAttack+1","PrismaMod:IllyaCheapChannelPoison"],"picked":"PrismaMod:IllyaUberChannel+1","floor":28},{"not_picked":["PrismaMod:IllyaGun","PrismaMod:IllyaUncommonEvoke+1"],"picked":"PrismaMod:IllyaDualEvoke","floor":31},{"not_picked":["PrismaMod:IllyaUberPoisonChannel","PrismaMod:IllyaInstallForeigner"],"picked":"PrismaMod:IllyaZwei","floor":33},{"not_picked":["PrismaMod:IllyaPoisonBomb","PrismaMod:IllyaBoysLove"],"picked":"PrismaMod:IllyaGun+1","floor":35},{"not_picked":["PrismaMod:IllyaPoisonTippedWeapons+1","PrismaMod:IllyaGrail+1"],"picked":"PrismaMod:IllyaFeed","floor":38},{"not_picked":["PrismaMod:IllyaCheapChannelDefend","PrismaMod:IllyaInstallMoonCancer"],"picked":"PrismaMod:IllyaRapidFire","floor":41}],"player_experience":21315,"relics_obtained":[{"floor":1,"key":"LetterFromLob"},{"floor":6,"key":"War Paint"},{"floor":9,"key":"Juzu Bracelet"},{"floor":10,"key":"Anchor"},{"floor":13,"key":"theSenshi:SailorFukuRelic"},{"floor":23,"key":"InkBottle"},{"floor":25,"key":"Oddly Smooth Stone"},{"floor":26,"key":"RuthlessExorcism:ReiMu"},{"floor":27,"key":"MealTicket"},{"floor":41,"key":"Tea:ReiMu"},{"floor":43,"key":"Lantern"}],"event_choices":[{"damage_healed":0,"gold_gain":0,"player_choice":"Donate","damage_taken":0,"relics_obtained":["PaintedHorse:ReiMu"],"max_hp_gain":0,"max_hp_loss":0,"event_name":"yidonshenshe","floor":2,"gold_loss":40},{"damage_healed":0,"gold_gain":75,"player_choice":"Gold","damage_taken":11,"max_hp_gain":0,"max_hp_loss":0,"event_name":"betterThird:BetterGoop","floor":7,"gold_loss":0},{"damage_healed":18,"gold_gain":0,"player_choice":"Healed","damage_taken":0,"max_hp_gain":0,"max_hp_loss":0,"event_name":"The Cleric","floor":8,"gold_loss":35},{"damage_healed":0,"gold_gain":0,"player_choice":"Gave Potion","damage_taken":0,"relics_obtained":["Letter Opener"],"max_hp_gain":0,"max_hp_loss":0,"event_name":"WeMeetAgain","floor":11,"gold_loss":0},{"cards_removed":["PrismaMod:IllyaCommonDefend"],"damage_healed":0,"gold_gain":0,"player_choice":"Card Removal","damage_taken":0,"max_hp_gain":0,"max_hp_loss":0,"event_name":"Wheel of Change","floor":29,"gold_loss":0},{"damage_healed":0,"gold_gain":0,"player_choice":"Ignored","damage_taken":0,"max_hp_gain":0,"max_hp_loss":0,"event_name":"Mysterious Sphere","floor":36,"gold_loss":0}],"is_beta":false,"boss_relics":[{"not_picked":["Tiny House","Velvet Choker"],"picked":"Runic Pyramid"},{"not_picked":[]}],"items_purged_floors":[37],"is_endless":false,"potions_floor_spawned":[1,3,13,19,27,31,33],"killed_by":"Giant Head","ascension_level":0}}