{"host":"8is2j71l4wmybkoi","time":1612536534,"event":{"mods":["AchievementEnabler","BaseMod","Colored Map","Minty Spire (QoL Compilation)","Rare Cards Sparkle","StSLib","SuperFastMode"],"gold_per_floor":[369,74,74,74,93,93,118,118,173,173,173,188,219,234,234,310,310,324,324,324,324,339,339,372,372,418,468,189,189,64,84,84,163,163,183,183,183,207,236,248,274,286,286],"floor_reached":42,"language":"KOR","playtime":1494,"items_purged":["Regret","Strike_R","Strike_R"],"score":895,"play_id":"b8fe2774-9a74-4fe6-aace-1a8d88d435cf","local_time":"20210205234854","is_ascension_mode":true,"campfire_choices":[{"data":"Searing Blow","floor":6.0,"key":"SMITH"},{"data":"Searing Blow+1","floor":8.0,"key":"SMITH"},{"data":"Searing Blow+2","floor":10.0,"key":"SMITH"},{"data":"Searing Blow+3","floor":15.0,"key":"SMITH"},{"data":"Armaments","floor":23.0,"key":"SMITH"},{"data":"Searing Blow+4","floor":25.0,"key":"SMITH"},{"data":"Searing Blow+5","floor":32.0,"key":"SMITH"},{"data":"Searing Blow+6","floor":40.0,"key":"SMITH"}],"circlet_count":0,"master_deck":["AscendersBane","Defend_R","Defend_R","Defend_R+1","Defend_R","Bash","Searing Blow+7","Fire Breathing+1","Seeing Red","Power Through","Reckless Charge","Armaments+1","Shockwave","Second Wind","Sentinel","Reaper","Armaments+1","Feel No Pain+1"],"relics":["Burning Blood","Lee\u0027s Waffle","Art of War","Juzu Bracelet","Bag of Marbles","Mark of Pain","Kunai","Bag of Preparation","Empty Cage","MawBank"],"acts_visited":["Exordium","TheCity","TheBeyond"],"potions_floor_usage":[41],"damage_taken":[{"damage":20.0,"enemies":"Jaw Worm","floor":1.0,"turns":4.0},{"damage":4.0,"enemies":"2 Louse","floor":5.0,"turns":2.0},{"damage":42.0,"enemies":"Lagavulin","floor":7.0,"turns":7.0},{"damage":0.0,"enemies":"Cultist","floor":12.0,"turns":2.0},{"damage":20.0,"enemies":"3 Sentries","floor":13.0,"turns":4.0},{"damage":6.0,"enemies":"Large Slime","floor":14.0,"turns":5.0},{"damage":0.0,"enemies":"Slime Boss","floor":16.0,"turns":7.0},{"damage":26.0,"enemies":"2 Thieves","floor":18.0,"turns":4.0},{"damage":19.0,"enemies":"Chosen","floor":22.0,"turns":5.0},{"damage":29.0,"enemies":"Gremlin Leader","floor":24.0,"turns":4.0},{"damage":11.0,"enemies":"Shelled Parasite and Fungi","floor":31.0,"turns":5.0},{"damage":55.0,"enemies":"Champ","floor":33.0,"turns":11.0},{"damage":14.0,"enemies":"3 Darklings","floor":35.0,"turns":10.0},{"damage":5.0,"enemies":"3 Shapes","floor":38.0,"turns":5.0},{"damage":37.0,"enemies":"Spire Growth","floor":39.0,"turns":6.0},{"damage":21,"enemies":"Sphere and 2 Shapes","floor":41,"turns":5},{"damage":72,"enemies":"Nemesis","floor":42,"turns":9}],"seed_played":"-4447599286850205518","potions_obtained":[{"floor":1.0,"key":"FearPotion"},{"floor":5.0,"key":"Dexterity Potion"},{"floor":13.0,"key":"DuplicationPotion"},{"floor":31.0,"key":"Fire Potion"},{"floor":33.0,"key":"Strength Potion"},{"floor":39.0,"key":"Dexterity Potion"}],"is_trial":false,"path_per_floor":["M","$","?","?","M","R","E","R","T","R","?","M","E","M","R","B",null,"M","?","?","?","M","R","E","R","T","?","$","?","$","M","R","B",null,"M","?","?","M","M","R","M","E"],"character_chosen":"IRONCLAD","items_purchased":["Lee\u0027s Waffle","Fire Breathing","SkillPotion","Explosive Potion","Sentinel"],"campfire_rested":0,"item_purchase_floors":[2,2,28,28,28],"current_hp_per_floor":[54,82,57,57,59,59,23,23,23,23,23,29,15,15,15,21,67,50,50,50,50,37,37,14,14,14,14,14,95,95,90,90,41,82,87,87,87,95,71,71,64,0,0],"gold":286,"neow_bonus":"TWO_FIFTY_GOLD","is_daily":false,"chose_seed":false,"campfire_upgraded":8,"win_rate":0.0,"timestamp":1612536534,"path_taken":["M","$","?","?","?","R","E","R","T","R","?","M","E","M","R","BOSS","M","?","?","?","M","R","E","R","T","?","$","?","?","M","R","BOSS","M","?","?","M","M","R","M","E"],"items_purchased_type":["Relic","Card","Potion","Potion","Card"],"build_version":"2020-12-22","purchased_purges":3,"victory":false,"max_hp_per_floor":[75,82,82,82,82,82,82,82,82,82,82,82,82,82,82,82,82,85,85,85,85,85,85,85,85,85,85,85,95,95,95,95,95,95,95,95,95,95,95,95,95,95,95],"card_choices":[{"not_picked":["Pommel Strike","Ghostly Armor"],"picked":"Searing Blow","floor":1.0},{"not_picked":["Wild Strike","Clash"],"picked":"Seeing Red","floor":5.0},{"not_picked":["Inflame","Thunderclap","Uppercut"],"picked":"SKIP","floor":7.0},{"not_picked":["Spot Weakness","Armaments"],"picked":"Power Through","floor":12.0},{"not_picked":["Sentinel","Anger"],"picked":"Reckless Charge","floor":13.0},{"not_picked":["Intimidate","Headbutt","Carnage"],"picked":"SKIP","floor":14.0},{"not_picked":["Bludgeon","Demon Form"],"picked":"Feed","floor":16.0},{"not_picked":["Warcry+1","Twin Strike"],"picked":"Armaments","floor":18.0},{"not_picked":["Pommel Strike","Juggernaut","Headbutt"],"picked":"SKIP","floor":22.0},{"not_picked":["Wild Strike","Iron Wave"],"picked":"Second Wind","floor":24.0},{"not_picked":["Anger","Sword Boomerang","Carnage"],"picked":"SKIP","floor":31.0},{"not_picked":["Juggernaut","Limit Break"],"picked":"Reaper","floor":33.0},{"not_picked":["Carnage","Bloodletting","Sword Boomerang+1"],"picked":"SKIP","floor":35.0},{"not_picked":["Cleave","Wild Strike+1"],"picked":"Feel No Pain+1","floor":38.0},{"not_picked":["Perfected Strike","Armaments+1","Searing Blow"],"picked":"SKIP","floor":39.0},{"not_picked":["Sword Boomerang","Feed","Anger"],"picked":"SKIP","floor":41}],"player_experience":996450,"relics_obtained":[{"floor":7.0,"key":"Art of War"},{"floor":9.0,"key":"Juzu Bracelet"},{"floor":13.0,"key":"Bag of Marbles"},{"floor":24.0,"key":"Kunai"},{"floor":26.0,"key":"Bag of Preparation"}],"event_choices":[{"damage_healed":0.0,"max_hp_gain":0.0,"max_hp_loss":0.0,"gold_gain":0.0,"event_name":"Shining Light","player_choice":"Entered Light","floor":3.0,"gold_loss":0.0,"damage_taken":25.0,"cards_upgraded":["Defend_R","Fire Breathing"]},{"cards_removed":["Strike_R"],"damage_healed":0.0,"max_hp_gain":0.0,"max_hp_loss":0.0,"gold_gain":0.0,"event_name":"Purifier","player_choice":"Purged","floor":4.0,"gold_loss":0.0,"damage_taken":0.0},{"damage_healed":0.0,"max_hp_gain":0.0,"max_hp_loss":0.0,"gold_gain":0.0,"event_name":"Scrap Ooze","player_choice":"Fled","floor":11.0,"gold_loss":0.0,"damage_taken":0.0},{"damage_healed":0.0,"max_hp_gain":0.0,"max_hp_loss":0.0,"gold_gain":0.0,"event_name":"The Library","player_choice":"Read","floor":19.0,"gold_loss":0.0,"damage_taken":0.0,"cards_obtained":["Shockwave"]},{"damage_healed":0.0,"max_hp_gain":0.0,"max_hp_loss":0.0,"gold_gain":0.0,"event_name":"Ghosts","player_choice":"Ignored","floor":20.0,"gold_loss":0.0,"damage_taken":0.0},{"damage_healed":0.0,"max_hp_gain":0.0,"max_hp_loss":0.0,"gold_gain":0.0,"event_name":"The Mausoleum","player_choice":"Ignored","floor":21.0,"gold_loss":0.0,"damage_taken":0.0},{"damage_healed":0.0,"max_hp_gain":0.0,"max_hp_loss":0.0,"gold_gain":50.0,"event_name":"Nest","player_choice":"Stole From Cult","floor":27.0,"gold_loss":0.0,"damage_taken":0.0},{"cards_removed":["Feed"],"damage_healed":71.0,"max_hp_gain":10.0,"max_hp_loss":0.0,"gold_gain":0.0,"event_name":"Bonfire Elementals","player_choice":"Offered Rare","floor":29.0,"gold_loss":0.0,"damage_taken":0.0},{"damage_healed":0.0,"max_hp_gain":0.0,"max_hp_loss":0.0,"gold_gain":0.0,"event_name":"Duplicator","player_choice":"Copied","floor":36.0,"gold_loss":0.0,"damage_taken":0.0,"cards_obtained":["Armaments"]},{"damage_healed":0.0,"max_hp_gain":0.0,"max_hp_loss":0.0,"gold_gain":0.0,"event_name":"WeMeetAgain","player_choice":"Gave Potion","floor":37.0,"gold_loss":0.0,"damage_taken":0.0,"relics_obtained":["MawBank"]}],"is_beta":false,"boss_relics":[{"not_picked":["Philosopher\u0027s Stone","Ectoplasm"],"picked":"Mark of Pain"},{"not_picked":["Sozu","SacredBark"],"picked":"Empty Cage"}],"items_purged_floors":[2,28,30],"is_endless":false,"potions_floor_spawned":[1,5,13,31,33,35,39],"killed_by":"Nemesis","ascension_level":15}}