{"host":"xp5rvh2jwe2ejyfm","time":1612533432,"event":{"mods":["2.2 Compatiblity","Aspiration","BaseMod","BetterRewards","Colored Powertips","Conspire","Downfall","GifTheSpireLib","Gremlin Mod","Hermit","Hubris","Jorbs\u0027s Wanderer Trilogy","Minty Spire (QoL Compilation)","Replay The Spire","Robot Space Explorer","Shade Mod","Somnambulant","StSLib","The Bug Knight","The Clintock","The Construct","The Cursed","The Disciple","The Forsaken","The Hierophant","The Necromancer","The Runesmith","The Servant 0.9.4","The Valiant","The Witch","thorton"],"gold_per_floor":[122,145,3,24,45,45,66,86,86,86],"floor_reached":8,"language":"ENG","playtime":1113,"items_purged":[],"score":50,"play_id":"3d39b24f-d15d-49b2-a4a7-53a91e6365c9","local_time":"20210205085712","is_ascension_mode":false,"campfire_choices":[{"floor":6,"key":"REST"}],"circlet_count":0,"master_deck":["thethorton:Strike","thethorton:Strike","thethorton:Strike","thethorton:Strike","thethorton:Defend","thethorton:Defend","thethorton:Defend","thethorton:Defend","thethorton:Heckle","thethorton:CreditCard","Normality","thethorton:LongTermPayoff","thethorton:StampSmack","thethorton:PowerUp","thethorton:ToxicGreed","thethorton:SheetShred","thethorton:Portfolio","thethorton:BattleTrash"],"relics":["thethorton:CouragePotion","NeowsBlessing"],"acts_visited":["Exordium"],"potions_floor_usage":[8,8],"damage_taken":[{"damage":6,"enemies":"Small Slimes","floor":1,"turns":2},{"damage":0,"enemies":"Cultist","floor":2,"turns":1},{"damage":0,"enemies":"Jaw Worm","floor":4,"turns":1},{"damage":13,"enemies":"Red Slaver","floor":5,"turns":7},{"damage":33,"enemies":"Gremlin Gang","floor":7,"turns":5},{"damage":0,"enemies":"Gremlin Nob","floor":8,"turns":3}],"seed_played":"7270696431063034585","potions_obtained":[{"floor":4,"key":"Strength Potion"},{"floor":7,"key":"SpeedPotion"}],"is_trial":false,"path_per_floor":["M","M","$","M","M","R","M","E"],"character_chosen":"THE_THORT","items_purchased":["thethorton:PowerUp","thethorton:ToxicGreed"],"campfire_rested":1,"item_purchase_floors":[3,3],"current_hp_per_floor":[62,62,62,62,49,68,35,35,35,35],"gold":86,"neow_bonus":"THREE_ENEMY_KILL","is_daily":false,"chose_seed":false,"campfire_upgraded":0,"win_rate":0.0,"timestamp":1612533432,"path_taken":["M","M","$","M","M","R","M","E"],"items_purchased_type":["Card","Card"],"build_version":"2020-12-22","purchased_purges":0,"victory":false,"max_hp_per_floor":[68,68,68,68,68,68,68,68,68,68],"card_choices":[{"not_picked":["thethorton:WhirlingBriefcase","thethorton:LongDaysWork"],"picked":"thethorton:LongTermPayoff","floor":1},{"not_picked":["thethorton:TakeAccounts","thethorton:BoardroomBlast"],"picked":"thethorton:StampSmack","floor":2},{"not_picked":["thethorton:AngerMoment","thethorton:TakeAccounts"],"picked":"thethorton:SheetShred","floor":4},{"not_picked":["thethorton:CoinShield","thethorton:DownPayment"],"picked":"thethorton:Portfolio","floor":5},{"not_picked":["thethorton:CallIn","thethorton:SicklyRun"],"picked":"thethorton:BattleTrash","floor":7}],"player_experience":430048,"relics_obtained":[],"event_choices":[],"is_beta":false,"boss_relics":[],"items_purged_floors":[],"is_endless":false,"potions_floor_spawned":[4,7],"killed_by":"Gremlin Nob","ascension_level":0}}