{"host":"1ooxfz79hmpvpehx","time":1612547020,"event":{"mods":["BaseMod","Minty Spire (QoL Compilation)","Quick Restart","Replay The Spire","StSLib","SuperFastMode"],"gold_per_floor":[115,65,65,79,102,127,97,131,131,146,41,51,77,94,94,191,191,103,114,14,14,32,32,107,140,164,164,164],"floor_reached":27,"language":"ENG","playtime":729,"items_purged":["Strike_B","Strike_B"],"score":290,"play_id":"3712f235-128e-4ed0-9ec2-a8b5d69f8884","local_time":"20210205144340","is_ascension_mode":true,"campfire_choices":[{"data":"Gash","floor":15,"key":"SMITH"},{"data":"Gash","floor":23,"key":"SMITH"}],"circlet_count":0,"master_deck":["Defend_B","Defend_B","Defend_B","Zap","Dualcast","Gash+1","FTL","Gash+1","Creative AI","FTL+1","Conserve Battery+1","BootSequence+1"],"relics":["Cracked Core","NeowsBlessing","Centennial Puzzle","MealTicket","ReplayTheSpireMod:Lightbulb","Replay:Wax Seal","Orichalcum","Painkiller Herb","Sundial","Gremlin Food"],"acts_visited":["Exordium","TheCity"],"potions_floor_usage":[8,13,13,16,18],"damage_taken":[{"damage":0,"enemies":"Jaw Worm","floor":1,"turns":1},{"damage":0,"enemies":"2 Louse","floor":4,"turns":1},{"damage":0,"enemies":"Lagavulin","floor":6,"turns":1},{"damage":9,"enemies":"3 Sentries","floor":8,"turns":5},{"damage":0,"enemies":"Small Slimes","floor":10,"turns":2},{"damage":5,"enemies":"Looter","floor":12,"turns":3},{"damage":11,"enemies":"Gremlin Nob","floor":13,"turns":5},{"damage":8,"enemies":"Red Slaver","floor":14,"turns":2},{"damage":12,"enemies":"Slime Boss","floor":16,"turns":7},{"damage":10,"enemies":"3 Byrds","floor":18,"turns":5},{"damage":4,"enemies":"Chosen","floor":19,"turns":5},{"damage":18,"enemies":"3 Cultists","floor":22,"turns":5},{"damage":38,"enemies":"Replay:Snechameleon","floor":25,"turns":7},{"damage":14,"enemies":"Snake Plant","floor":27,"turns":2}],"seed_played":"5273600046037698684","potions_obtained":[{"floor":6,"key":"Strength Potion"},{"floor":7,"key":"Dexterity Potion"},{"floor":7,"key":"EssenceOfDarkness"},{"floor":10,"key":"Languid Potion"},{"floor":13,"key":"Block Potion"},{"floor":19,"key":"FearPotion"},{"floor":25,"key":"PotionOfCapacity"}],"is_trial":false,"path_per_floor":["M","?","?","M","T","E","?","E","T","M","$","M","E","M","R","B",null,"?","?","T","?","?","T","?","E","T","?"],"character_chosen":"DEFECT","items_purchased":["Replay:Wax Seal","Gash"],"campfire_rested":0,"item_purchase_floors":[11,11],"current_hp_per_floor":[75,75,68,68,68,68,68,59,59,59,74,69,58,50,50,38,75,65,61,75,75,57,57,50,12,12,0,0],"gold":164,"neow_bonus":"THREE_ENEMY_KILL","is_daily":false,"chose_seed":false,"campfire_upgraded":2,"win_rate":0.0,"timestamp":1612547020,"path_taken":["M","?","?","M","?","E","?","E","T","M","$","M","E","M","R","BOSS","?","?","?","?","?","T","?","E","T","?"],"items_purchased_type":["Relic","Card"],"build_version":"2020-12-22","purchased_purges":2,"victory":false,"max_hp_per_floor":[75,75,75,75,75,75,75,75,75,75,75,75,75,75,75,75,75,75,75,75,75,75,75,75,75,75,75,75],"card_choices":[{"not_picked":["Leap","Rebound","Panic Button"],"picked":"SKIP","floor":1},{"not_picked":["White Noise","Sunder"],"picked":"Gash","floor":4},{"not_picked":["Scrape","BasicCrystalCard"],"picked":"FTL","floor":6},{"not_picked":["Beam Cell","BootSequence","Cold Snap"],"picked":"SKIP","floor":8},{"not_picked":["Hologram","Redo","Streamline"],"picked":"SKIP","floor":10},{"not_picked":["Streamline","Hello World","Steam"],"picked":"SKIP","floor":12},{"not_picked":["Reprogram","Barrage","Go for the Eyes"],"picked":"SKIP","floor":13},{"not_picked":["Storm","ReplaySolidLightProjector","Rebound"],"picked":"SKIP","floor":14},{"not_picked":["Core Surge","Biased Cognition"],"picked":"Creative AI","floor":16},{"not_picked":["Barrage","Streamline","Aggregate"],"picked":"SKIP","floor":18},{"not_picked":["Steam+1","Streamline"],"picked":"FTL+1","floor":19},{"not_picked":["Leap","Ball Lightning"],"picked":"Conserve Battery+1","floor":22},{"not_picked":["Lockon","Auto Shields"],"picked":"BootSequence+1","floor":25}],"player_experience":18735,"relics_obtained":[{"floor":5,"key":"Centennial Puzzle"},{"floor":6,"key":"MealTicket"},{"floor":8,"key":"ReplayTheSpireMod:Lightbulb"},{"floor":13,"key":"Orichalcum"},{"floor":25,"key":"Sundial"},{"floor":26,"key":"Gremlin Food"}],"event_choices":[{"cards_removed":["Strike_B"],"damage_healed":0,"gold_gain":0,"player_choice":"Card Removal","damage_taken":0,"max_hp_gain":0,"max_hp_loss":0,"event_name":"The Cleric","floor":2,"gold_loss":50},{"cards_removed":["Strike_B"],"damage_healed":0,"gold_gain":0,"player_choice":"Card Removal","damage_taken":7,"max_hp_gain":0,"max_hp_loss":0,"event_name":"Golden Wing","floor":3,"gold_loss":0},{"damage_healed":0,"gold_gain":0,"player_choice":"Bought 2 Potions","damage_taken":0,"max_hp_gain":0,"max_hp_loss":0,"event_name":"The Woman in Blue","floor":7,"gold_loss":0},{"cards_removed":["Defend_B"],"damage_healed":0,"gold_gain":0,"player_choice":"Offered Basic","damage_taken":0,"max_hp_gain":0,"max_hp_loss":0,"event_name":"Bonfire Elementals","floor":21,"gold_loss":0},{"damage_healed":0,"gold_gain":75,"player_choice":"Touch","damage_taken":7,"max_hp_gain":0,"max_hp_loss":0,"event_name":"FaceTrader","floor":24,"gold_loss":0}],"is_beta":false,"boss_relics":[{"not_picked":["Ectoplasm","Runic Pyramid"],"picked":"Painkiller Herb"}],"items_purged_floors":[11,20],"is_endless":false,"potions_floor_spawned":[6,10,12,13,19,25],"killed_by":"Snake Plant","ascension_level":1}}