{"host":"vl29iwkwnyytuw8q","time":1612543097,"event":{"mods":["BaseMod","Minty Spire (QoL Compilation)","Permanent Neow","Relic Stats","StSLib"],"gold_per_floor":[119,135,146,166,166,166,200,200,200,68,68,96,111,128,128,128,128],"floor_reached":16,"language":"ENG","playtime":499,"items_purged":["Strike_G"],"score":224,"play_id":"0004a359-d6e4-44b1-941e-b47442013cb3","local_time":"20210205173817","is_ascension_mode":true,"campfire_choices":[{"data":"Neutralize","floor":6.0,"key":"SMITH"},{"floor":8.0,"key":"REST"},{"floor":15.0,"key":"REST"}],"circlet_count":0,"master_deck":["AscendersBane","Strike_G","Strike_G","Strike_G","Strike_G","Defend_G","Defend_G","Defend_G","Defend_G","Defend_G","Survivor","Neutralize+1","Dagger Spray","Deadly Poison","Cloak And Dagger","PiercingWail","PiercingWail","Blade Dance","Pain","Prepared","Sucker Punch","Cloak And Dagger"],"relics":["HoveringKite","Bag of Preparation","Boot","WarpedTongs","InkBottle"],"acts_visited":["Exordium"],"potions_floor_usage":[16,16],"damage_taken":[{"damage":4.0,"enemies":"Small Slimes","floor":1.0,"turns":5.0},{"damage":0.0,"enemies":"2 Louse","floor":2.0,"turns":2.0},{"damage":6.0,"enemies":"Cultist","floor":3.0,"turns":4.0},{"damage":4.0,"enemies":"3 Louse","floor":4.0,"turns":4.0},{"damage":36.0,"enemies":"3 Sentries","floor":7.0,"turns":6.0},{"damage":34.0,"enemies":"Gremlin Nob","floor":12.0,"turns":4.0},{"damage":0.0,"enemies":"Red Slaver","floor":13.0,"turns":2.0},{"damage":0.0,"enemies":"Lots of Slimes","floor":14.0,"turns":2.0},{"damage":24,"enemies":"Hexaghost","floor":16,"turns":12}],"seed_played":"-6500445087023265312","potions_obtained":[{"floor":2.0,"key":"SpeedPotion"},{"floor":4.0,"key":"CultistPotion"},{"floor":12.0,"key":"Swift Potion"},{"floor":14.0,"key":"LiquidMemories"}],"is_trial":false,"path_per_floor":["M","M","M","M","?","R","E","R","T","$","?","E","M","M","R","B"],"character_chosen":"THE_SILENT","items_purchased":["Blade Dance"],"campfire_rested":2,"item_purchase_floors":[10],"current_hp_per_floor":[55,55,49,45,50,50,14,35,35,35,35,1,1,1,22,0,0],"gold":128,"neow_bonus":"BOSS_RELIC","is_daily":false,"chose_seed":false,"campfire_upgraded":1,"win_rate":0.0,"timestamp":1612543097,"path_taken":["M","M","M","M","?","R","E","R","T","$","?","E","?","M","R","BOSS"],"items_purchased_type":["Card"],"build_version":"2020-12-22","purchased_purges":1,"victory":false,"max_hp_per_floor":[66,66,66,66,71,71,71,71,71,71,71,71,71,71,71,71,71],"relic_stats":{"counters":[9,41],"HoveringKite":[8],"Bag of Preparation":[8],"Boot":[43],"obtain_stats":[{"HoveringKite":0,"Bag of Preparation":7,"Boot":9,"InkBottle":12,"Ring of the Snake":0,"WarpedTongs":11},{"HoveringKite":0,"Bag of Preparation":5,"Boot":5,"InkBottle":6,"Ring of the Snake":0,"WarpedTongs":5},{"HoveringKite":0,"Bag of Preparation":21,"Boot":21,"InkBottle":25,"Ring of the Snake":0,"WarpedTongs":21}],"InkBottle":[7],"WarpedTongs":[20]},"card_choices":[{"not_picked":["Underhanded Strike","Eviscerate"],"picked":"Dagger Spray","floor":1.0},{"not_picked":["Sucker Punch","Reflex"],"picked":"Deadly Poison","floor":2.0},{"not_picked":["Masterful Stab","Bane"],"picked":"Cloak And Dagger","floor":3.0},{"not_picked":["Cloak And Dagger","Sucker Punch"],"picked":"PiercingWail","floor":4.0},{"not_picked":["Grand Finale","Dodge and Roll"],"picked":"PiercingWail","floor":7.0},{"not_picked":["Expertise","Die Die Die"],"picked":"Prepared","floor":12.0},{"not_picked":["Slice","Catalyst"],"picked":"Sucker Punch","floor":13.0},{"not_picked":["Escape Plan","Dagger Spray"],"picked":"Cloak And Dagger","floor":14.0}],"player_experience":666441,"relics_obtained":[{"floor":7.0,"key":"Bag of Preparation"},{"floor":9.0,"key":"Boot"},{"floor":12.0,"key":"InkBottle"}],"event_choices":[{"damage_healed":0.0,"max_hp_gain":5.0,"max_hp_loss":0.0,"gold_gain":0.0,"event_name":"Big Fish","player_choice":"Donut","floor":5.0,"gold_loss":0.0,"damage_taken":0.0},{"damage_healed":0.0,"max_hp_gain":0.0,"max_hp_loss":0.0,"gold_gain":0.0,"event_name":"Accursed Blacksmith","player_choice":"Rummage","floor":11.0,"gold_loss":0.0,"damage_taken":0.0,"relics_obtained":["WarpedTongs"],"cards_obtained":["Pain"]}],"is_beta":false,"boss_relics":[],"items_purged_floors":[10],"is_endless":false,"potions_floor_spawned":[2,4,12,14],"killed_by":"Hexaghost","ascension_level":20}}