{"host":"q8o6l8eqnoevndy4","time":1612499778,"event":{"mods":["2.2 Compatiblity","AchievementEnabler","Act Like it!","AlwaysNeverKeys","Bard","BaseMod","Bestiary","Better Altar","Better Match","Better Note","Better Sensory Stone","Better Skull","Better Third Choice","Better Vampires","Better-Laid Plans","Booster Modes","Colored Map","Colored Powertips","Custom Start","Disable Question Mark Monsters","Displayed Cursed Tome","Downfall","Friendly Minions","GifTheSpireLib","Hermit","Highlight Path","Infinite Spire","Keyboard Shortcuts","Minty Spire (QoL Compilation)","Permanent Neow","Quick Restart","Random Character Button","Random Character Mod","Rare Cards Sparkle","Relic Filter","Relic Sorter","Relic Stats","Reliquary","Reorder Act Four","Spicy Shops","Spire Arcade","StSLib","The Blackbeard","The Gatherer","TheSurvivalist","Transform Curses","Virulent Crown"],"gold_per_floor":[349,366,516,532,532,432,459,471,547,566,151,163,63,94,109,214,214,114,134,148,148,148,166,166,166,176,176,176,191,5,20,20,20],"floor_reached":31,"language":"ENG","playtime":2851,"items_purged":["hexamod:Defend","hexamod:Strike","hexamod:Defend"],"score":239,"play_id":"4b3a9afa-8d9a-4887-abd1-bb081b70b237","local_time":"20210204223618","is_ascension_mode":false,"campfire_choices":[{"floor":1,"key":"RECALL"},{"data":"hexamod:Sear","floor":6,"key":"SMITH"},{"data":"hexamod:TimeOfNeed","floor":13,"key":"SMITH"},{"data":"hexamod:SpectralAdrenaline","floor":18,"key":"SMITH"},{"data":"hexamod:ThermalTransfer","floor":27,"key":"SMITH"}],"circlet_count":0,"master_deck":["hexamod:Strike+1","hexamod:Strike","hexamod:Strike","hexamod:Defend+1","hexamod:Defend","hexamod:Sear+1","hexamod:Float","hexamod:GhostflameBarrier+1","hexamod:Hexaguard+1","hexamod:BurningTouch+1","hexamod:Hexaguard","hexamod:AdvancingGuard","hexamod:TimeOfNeed+1","hexamod:SpectralAdrenaline+1","hexamod:PhantomFireball","hexamod:EmpoweredFlame+1","hexamod:SixthSeal","CurseOfTheBell","hexamod:ThermalTransfer+1","hexamod:DynamicBlow+1","infinitespire:Gouge","hexamod:AdvancingGuard+1"],"relics":["hexamod:SpiritBrand","downfall:HeartBlessingRed","reliquary:Firecrackers","PreservedInsect","downfall:HeartBlessingBlue","reliquary:Aerogel","Calling Bell","Juzu Bracelet","Peace Pipe","Letter Opener","downfall:HeartBlessingGreen","Centennial Puzzle","Tiny Chest","Pocketwatch","hexamod:UnbrokenSoul","Frozen Eye"],"acts_visited":["Exordium","TheCity"],"potions_floor_usage":[10],"damage_taken":[{"damage":1,"enemies":"2 Louse","floor":2,"turns":2},{"damage":0,"enemies":"Small Slimes","floor":4,"turns":3},{"damage":1,"enemies":"Cultist","floor":8,"turns":4},{"damage":3,"enemies":"Exordium Thugs","floor":10,"turns":5},{"damage":0,"enemies":"downfall:FleeingMerchant","floor":11,"turns":4},{"damage":4,"enemies":"2 Fungi Beasts","floor":12,"turns":5},{"damage":19,"enemies":"Lagavulin","floor":14,"turns":7},{"damage":0,"enemies":"Red Slaver","floor":15,"turns":4},{"damage":7,"enemies":"SI_SHIV_ARCHETYPE","floor":16,"turns":9},{"damage":12,"enemies":"Spheric Guardian","floor":19,"turns":6},{"damage":7,"enemies":"3 Byrds","floor":20,"turns":4},{"damage":0,"enemies":"3 Cultists","floor":23,"turns":4},{"damage":2,"enemies":"Centurion and Healer","floor":26,"turns":5},{"damage":0,"enemies":"Shelled Parasite and Fungi","floor":29,"turns":5},{"damage":0,"enemies":"downfall:FleeingMerchant","floor":30,"turns":4},{"damage":2,"enemies":"Snecko","floor":31,"turns":5}],"seed_played":"-1118863376692498942","potions_obtained":[{"floor":2,"key":"Energy Potion"},{"floor":10,"key":"Fruit Juice"},{"floor":15,"key":"hexamod:InfernoChargePotion"},{"floor":26,"key":"hexamod:DoubleChargePotion"}],"is_trial":false,"path_per_floor":["R","M","?","M","?","R","T","M","T","M","$","M","R","E","M","B",null,"R","M","M","?","?","M","T","T","M","R","AVR","M","$","M"],"character_chosen":"THE_SPIRIT","items_purchased":["PreservedInsect","hexamod:AdvancingGuard","hexamod:TimeOfNeed","Frozen Eye"],"campfire_rested":0,"item_purchase_floors":[11,11,11,30],"current_hp_per_floor":[63,62,62,62,62,62,62,61,61,63,63,59,69,50,50,43,78,78,66,59,59,59,59,59,59,57,57,57,57,57,55,55,55],"gold":20,"neow_bonus":"TWO_FIFTY_GOLD","is_daily":false,"chose_seed":false,"campfire_upgraded":4,"win_rate":0.0,"timestamp":1612499778,"path_taken":["R","M","?","M","?","R","T","?","?","M","$","M","R","E","M","BOSS","R","M","M","?","?","M","T","T","M","R","AVR","M","$","M"],"items_purchased_type":["Relic","Card","Card","Relic"],"build_version":"2020-12-22","purchased_purges":3,"victory":false,"max_hp_per_floor":[63,63,63,63,63,63,63,63,63,68,68,68,78,78,78,78,78,78,78,78,78,78,78,78,78,78,78,78,78,78,78,78,78],"relic_stats":{"Peace Pipe":0,"Centennial Puzzle":[6],"counters":[16,76],"Tiny Chest":0,"PreservedInsect":44,"Juzu Bracelet":1,"Letter Opener":[86],"obtain_stats":[{"downfall:HeartBlessingRed":6,"reliquary:Aerogel":14,"reliquary:Firecrackers":9,"downfall:HeartBlessingGreen":18,"PreservedInsect":11,"Juzu Bracelet":17,"Letter Opener":17,"Calling Bell":17,"Peace Pipe":17,"Frozen Eye":30,"Centennial Puzzle":24,"hexamod:UnbrokenSoul":28,"downfall:HeartBlessingBlue":13,"Tiny Chest":25,"hexamod:SpiritBrand":0,"Pocketwatch":28},{"downfall:HeartBlessingRed":2,"reliquary:Aerogel":7,"reliquary:Firecrackers":3,"downfall:HeartBlessingGreen":9,"PreservedInsect":5,"Juzu Bracelet":9,"Letter Opener":9,"Calling Bell":9,"Peace Pipe":9,"Frozen Eye":15,"Centennial Puzzle":12,"hexamod:UnbrokenSoul":13,"downfall:HeartBlessingBlue":6,"Tiny Chest":12,"hexamod:SpiritBrand":0,"Pocketwatch":13},{"downfall:HeartBlessingRed":5,"reliquary:Aerogel":30,"reliquary:Firecrackers":9,"downfall:HeartBlessingGreen":43,"PreservedInsect":18,"Juzu Bracelet":43,"Letter Opener":43,"Calling Bell":43,"Peace Pipe":43,"Frozen Eye":71,"Centennial Puzzle":57,"hexamod:UnbrokenSoul":62,"downfall:HeartBlessingBlue":23,"Tiny Chest":57,"hexamod:SpiritBrand":0,"Pocketwatch":62}],"Pocketwatch":[5]},"card_choices":[{"not_picked":["hexamod:BacktrackSmack","hexamod:Again","hexamod:HauntingEcho"],"picked":"SKIP","floor":2},{"not_picked":["hexamod:FlamesFromBeyond","hexamod:NightmareGuise"],"picked":"hexamod:GhostflameBarrier","floor":4},{"not_picked":["hexamod:ChargedBarrage","hexamod:GhostLash"],"picked":"hexamod:Hexaguard","floor":8},{"not_picked":["hexamod:SwordOfDarkness","hexamod:GhostShield"],"picked":"hexamod:BurningTouch","floor":10},{"not_picked":["hexamod:ChargedBarrage","hexamod:HeatMetal"],"picked":"hexamod:Hexaguard","floor":11},{"not_picked":["hexamod:ChargedBarrage","hexamod:Haunt"],"picked":"hexamod:SpectralAdrenaline","floor":12},{"not_picked":["hexamod:SuperheatedStrike","hexamod:FastForward"],"picked":"hexamod:PhantomFireball","floor":14},{"not_picked":["hexamod:Rewind","hexamod:HauntingEcho"],"picked":"hexamod:EmpoweredFlame","floor":15},{"not_picked":["hexamod:Toasty","hexamod:SearingWound"],"picked":"hexamod:SixthSeal","floor":16},{"not_picked":["hexamod:HeatMetal+1","hexamod:SkipABeat","hexamod:NightmareGuise"],"picked":"SKIP","floor":19},{"not_picked":["hexamod:NightmareGuise","hexamod:Firestarter+1"],"picked":"hexamod:ThermalTransfer","floor":20},{"not_picked":["hexamod:RetreatToShadows+1","hexamod:RecurringNightmare","hexamod:NightmareGuise+1"],"picked":"SKIP","floor":23},{"not_picked":["hexamod:SkipABeat","hexamod:InspiringFlames"],"picked":"hexamod:DynamicBlow","floor":26},{"not_picked":["hexamod:RecurringNightmare","hexamod:SpectralAdrenaline"],"picked":"hexamod:AdvancingGuard","floor":29},{"not_picked":["hexamod:FlamesFromBeyond","hexamod:BacktrackSmack","hexamod:SuperheatedStrike"],"picked":"SKIP","floor":30}],"player_experience":1212443,"relics_obtained":[{"floor":9,"key":"reliquary:Firecrackers"},{"floor":14,"key":"reliquary:Aerogel"},{"floor":17,"key":"Juzu Bracelet"},{"floor":17,"key":"Peace Pipe"},{"floor":17,"key":"Letter Opener"},{"floor":24,"key":"Centennial Puzzle"},{"floor":25,"key":"Tiny Chest"}],"event_choices":[{"damage_healed":0,"gold_gain":0,"player_choice":"Ignored","damage_taken":0,"max_hp_gain":0,"max_hp_loss":0,"event_name":"betterNote:BetterNote","floor":22,"gold_loss":0,"cards_obtained":["infinitespire:Menacing"]}],"is_beta":false,"boss_relics":[{"not_picked":["Cursed Key","Velvet Choker"],"picked":"Calling Bell"}],"items_purged_floors":[11,28,30],"is_endless":false,"potions_floor_spawned":[2,10,15,26,31],"killed_by":"Snecko","ascension_level":0}}