{"host":"rnjhaewkefy4rz3c","time":1612498789,"event":{"mods":["2.2 Compatiblity","AchievementEnabler","Aspiration","BaseMod","CCEM2","Colored Map","Conspire","Downfall","Halation","Hubris","Jedi Mod","Minty Spire (QoL Compilation)","Permanent Neow","Relic Filter","Relic Sorter","Reliquary","StS++","StSLib"],"gold_per_floor":[111,111,130,27,27,27,59,78,78,3,13,33,53,73,73,170,170,186,186,205,205,239,268,268,133,156,186,200,200,223,223,223,327,327,337,212,232,244,257,284,284,284,284,284,284],"floor_reached":44,"language":"ENG","playtime":2204,"items_purged":["bronze:Strike","bronze:Replicate","bronze:Strike"],"score":581,"play_id":"011140fc-451f-4263-a0ca-689b4361bb3f","local_time":"20210205001949","is_ascension_mode":true,"campfire_choices":[{"data":"bronze:Goto","floor":6,"key":"SMITH"},{"data":"bronze:BugBarrage","floor":15,"key":"SMITH"},{"data":"bronze:MaxOutput","floor":24,"key":"SMITH"},{"data":"bronze:ItsAFeature","floor":29,"key":"SMITH"},{"data":"bronze:BuggyMess","floor":32,"key":"SMITH"},{"floor":42,"key":"REST"}],"circlet_count":0,"master_deck":["bronze:Strike","bronze:Strike","bronze:Defend","bronze:Defend","bronze:Defend","bronze:Defend","bronze:Goto+1","bronze:BugBarrage+1","bronze:Flail+1","bronze:ItsAFeature+1","bronze:MaxOutput+1","bronze:BronzeOrb","bronze:WildBeam","bronze:BuggyMess+1","bronze:BuggyMess+1","bronze:FindAndReplace","bronze:WildBeam+1","bronze:ItsAFeature+1","bronze:ItsAFeature+1","bronze:WhirlingStrike+1","bronze:Allocate","bronze:BuggyMess+1","bronze:Allocate","bronze:ShipIt"],"relics":["bronze:BronzeCore","hubris:TinFlute","Blood Vial","halation:EternalFortune","bronze:BottledCode","reliquary:SharkskinSheath","aspiration:Lifesprig","reliquary:WritOfMandamus","reliquary:WeakTea","Centennial Puzzle","Lizard Tail","jedi:battlestandard","hubris:Teleporter","halation:PrussianBluePaint"],"acts_visited":["Exordium","TheCity","TheBeyond"],"potions_floor_usage":[12,38],"damage_taken":[{"damage":8,"enemies":"Jaw Worm","floor":1,"turns":5},{"damage":5,"enemies":"2 Louse","floor":3,"turns":3},{"damage":42,"enemies":"Lagavulin","floor":7,"turns":6},{"damage":1,"enemies":"Cultist","floor":8,"turns":3},{"damage":16,"enemies":"Lots of Slimes","floor":11,"turns":2},{"damage":0,"enemies":"2 Fungi Beasts","floor":12,"turns":2},{"damage":0,"enemies":"Looter","floor":13,"turns":1},{"damage":0,"enemies":"Lots of Slimes","floor":14,"turns":1},{"damage":8,"enemies":"Hexaghost","floor":16,"turns":4},{"damage":7,"enemies":"2 Thieves","floor":18,"turns":3},{"damage":1,"enemies":"Chosen","floor":20,"turns":3},{"damage":0,"enemies":"conspire:MimicChest","floor":22,"turns":3},{"damage":11,"enemies":"Book of Stabbing","floor":23,"turns":2},{"damage":0,"enemies":"Gremlin Leader","floor":27,"turns":4},{"damage":13,"enemies":"Centurion and Healer","floor":28,"turns":2},{"damage":24,"enemies":"Automaton","floor":33,"turns":4},{"damage":22,"enemies":"3 Darklings","floor":35,"turns":2},{"damage":15,"enemies":"Orb Walker","floor":37,"turns":2},{"damage":17,"enemies":"Writhing Mass","floor":38,"turns":3},{"damage":42,"enemies":"4 Shapes","floor":39,"turns":3},{"damage":0,"enemies":"Giant Head","floor":40,"turns":5},{"damage":42,"enemies":"Jaw Worm Horde","floor":44,"turns":1}],"seed_played":"1488875017640508951","potions_obtained":[{"floor":3,"key":"jedi:wingpotion"},{"floor":7,"key":"Weak Potion"},{"floor":11,"key":"Energy Potion"},{"floor":12,"key":"AttackPotion"},{"floor":14,"key":"Dexterity Potion"},{"floor":27,"key":"FearPotion"}],"is_trial":false,"path_per_floor":["M","?","M","$","?","R","E","M","T","$","M","M","M","M","R","B",null,"M","?","M","?","?","E","R","$","T","E","M","R","T","?","R","B",null,"M","$","M","M","M","E","R","T","M"],"character_chosen":"THE_AUTOMATON","items_purchased":["bronze:Flail","bronze:ItsAFeature","bronze:Allocate"],"campfire_rested":1,"item_purchase_floors":[4,4,25],"current_hp_per_floor":[62,65,65,65,65,65,24,25,25,25,11,13,15,17,17,11,66,59,59,60,60,62,53,53,53,53,55,47,47,47,47,47,25,69,47,47,34,19,15,17,37,37,0,0,0],"gold":284,"neow_bonus":"RANDOM_COMMON_RELIC","is_daily":false,"chose_seed":false,"campfire_upgraded":5,"win_rate":0.0,"timestamp":1612498789,"path_taken":["M","?","M","$","?","R","E","M","T","?","M","?","M","?","R","BOSS","M","?","?","?","?","E","R","$","T","E","?","R","?","?","R","BOSS","M","$","M","M","M","E","R","T","?"],"items_purchased_type":["Card","Card","Card"],"build_version":"2020-12-22","purchased_purges":3,"victory":false,"max_hp_per_floor":[70,73,76,76,66,66,66,66,66,66,66,66,66,66,66,66,66,66,66,66,66,66,66,66,66,66,66,69,69,69,69,69,69,69,69,69,69,69,69,69,69,69,69,69,69],"card_choices":[{"not_picked":["bronze:WildBeam","bronze:DarkDash"],"picked":"bronze:BugBarrage","floor":1},{"not_picked":["bronze:DarkDash","bronze:BitShift","bronze:Safeguard"],"picked":"SKIP","floor":3},{"not_picked":["bronze:BitShift","bronze:DelayedGuard"],"picked":"bronze:MaxOutput","floor":7},{"not_picked":["bronze:Constructor","bronze:DelayedGuard","bronze:Frontload"],"picked":"SKIP","floor":8},{"not_picked":["bronze:Invalidate","bronze:DigitalCarnage"],"picked":"bronze:BronzeOrb","floor":11},{"not_picked":["bronze:InfiniteBeams","bronze:Fortify"],"picked":"bronze:WildBeam","floor":12},{"not_picked":["bronze:Iterate","bronze:OilSpill"],"picked":"bronze:BuggyMess","floor":13},{"not_picked":["bronze:DelayedSlice","bronze:BronzeArmor"],"picked":"bronze:BuggyMess","floor":14},{"not_picked":["bronze:Mutator","bronze:Assembly"],"picked":"bronze:FindAndReplace","floor":16},{"not_picked":["bronze:Deprecate","bronze:Refactor"],"picked":"bronze:WildBeam+1","floor":18},{"not_picked":["bronze:InfiniteBeams","bronze:Shell","bronze:Invalidate"],"picked":"SKIP","floor":20},{"not_picked":["bronze:Invalidate","bronze:Turbo"],"picked":"bronze:ItsAFeature+1","floor":22},{"not_picked":["bronze:CutThrough","bronze:Turbo"],"picked":"bronze:WhirlingStrike","floor":23},{"not_picked":["bronze:DarkDash","bronze:Deprecate+1","bronze:SpaghettiCode"],"picked":"SKIP","floor":27},{"not_picked":["bronze:Branch","bronze:FineTuning"],"picked":"bronze:BuggyMess+1","floor":28},{"not_picked":["bronze:InfiniteBeams","bronze:FineTuning","bronze:Deprecate+1"],"picked":"SKIP","floor":35},{"not_picked":["bronze:Repulsor+1","bronze:Iterate","bronze:DigitalCarnage+1"],"picked":"SKIP","floor":37},{"not_picked":["bronze:Invalidate+1","bronze:WhirlingStrike+1"],"picked":"bronze:Allocate","floor":38},{"not_picked":["bronze:Separator+1","bronze:DelayedGuard+1","bronze:Branch"],"picked":"SKIP","floor":39},{"not_picked":["bronze:Turbo+1","bronze:WildBeam+1"],"picked":"bronze:ShipIt","floor":40}],"player_experience":731137,"relics_obtained":[{"floor":3,"key":"halation:EternalFortune"},{"floor":7,"key":"reliquary:SharkskinSheath"},{"floor":9,"key":"aspiration:Lifesprig"},{"floor":22,"key":"reliquary:WeakTea"},{"floor":23,"key":"hubris:TinFlute"},{"floor":26,"key":"Centennial Puzzle"},{"floor":27,"key":"Lizard Tail"},{"floor":28,"key":"halation:EternalFortune"},{"floor":40,"key":"hubris:Teleporter"},{"floor":43,"key":"halation:PrussianBluePaint"}],"event_choices":[{"damage_healed":0,"gold_gain":0,"player_choice":"Read","damage_taken":0,"max_hp_gain":0,"max_hp_loss":0,"event_name":"The Library","floor":19,"gold_loss":0,"cards_obtained":["bronze:ItsAFeature"]}],"is_beta":false,"boss_relics":[{"not_picked":["Fusion Hammer","Velvet Choker"],"picked":"reliquary:WritOfMandamus"},{"not_picked":["Snecko Eye","halation:LoveArrow"],"picked":"jedi:battlestandard"}],"items_purged_floors":[10,25,36],"is_endless":false,"potions_floor_spawned":[3,7,11,12,14,20,27,28,35],"killed_by":"Jaw Worm Horde","ascension_level":2}}