{"host":"aq3xpixvif6gmjmv","time":1612503545,"event":{"mods":["BaseMod","CapriCore","Colored Map","Colored Powertips","Friendly Minions","Minty Spire (QoL Compilation)","StSLib","SuperFastMode","The Hierophant"],"gold_per_floor":[115,70,70,17,32,32,32,32,32,32,65,65,85,99,99,195,195,212,23,122,122,122,122,138,188,188,224,224,244,263,188,188,188,188],"floor_reached":33,"language":"KOR","playtime":998,"items_purged":["Strike_G"],"score":286,"play_id":"461eab08-8947-4d23-8c58-1de5e2ded087","local_time":"20210205143905","daily_mods":["Vintage","Flight"],"is_ascension_mode":false,"campfire_choices":[{"data":"Cloak And Dagger","floor":6,"key":"SMITH"},{"data":"Cloak And Dagger","floor":8,"key":"SMITH"},{"data":"Neutralize","floor":10,"key":"SMITH"},{"data":"Survivor","floor":15,"key":"SMITH"},{"data":"Adrenaline","floor":23,"key":"SMITH"},{"floor":28,"key":"REST"},{"data":"Corpse Explosion","floor":32,"key":"SMITH"}],"circlet_count":0,"master_deck":["Strike_G","Strike_G","Strike_G","Defend_G","Defend_G","Defend_G","Defend_G","Survivor+1","Neutralize+1","Cloak And Dagger+1","Cloak And Dagger+1","Corpse Explosion+1","Adrenaline+1","CurseOfTheBell","PiercingWail"],"relics":["Ring of the Snake","Calipers","Bronze Scales","Pen Nib","Oddly Smooth Stone","Ginger","Calling Bell","Incense Burner","Frozen Egg 2","CeramicFish","Singing Bowl","Membership Card","Pantograph","Tiny Chest","Nunchaku","Eternal Feather","Art of War","The Courier"],"acts_visited":["Exordium","TheCity"],"potions_floor_usage":[24,27,33,33],"damage_taken":[{"damage":4,"enemies":"Small Slimes","floor":1,"turns":5},{"damage":2,"enemies":"Cultist","floor":5,"turns":5},{"damage":13,"enemies":"3 Sentries","floor":11,"turns":7},{"damage":5,"enemies":"2 Louse","floor":13,"turns":2},{"damage":0,"enemies":"Looter","floor":14,"turns":3},{"damage":5,"enemies":"Hexaghost","floor":16,"turns":11},{"damage":4,"enemies":"Shell Parasite","floor":18,"turns":6},{"damage":1,"enemies":"2 Thieves","floor":24,"turns":2},{"damage":65,"enemies":"Gremlin Leader","floor":27,"turns":9},{"damage":4,"enemies":"Centurion and Healer","floor":29,"turns":7},{"damage":1,"enemies":"Shelled Parasite and Fungi","floor":30,"turns":6},{"damage":78,"enemies":"Automaton","floor":33,"turns":16}],"seed_played":"3081054843647100152","potions_obtained":[{"floor":3,"key":"Explosive Potion"},{"floor":3,"key":"SpeedPotion"},{"floor":3,"key":"Dexterity Potion"},{"floor":27,"key":"LiquidBronze"},{"floor":29,"key":"Ancient Potion"}],"is_trial":true,"path_per_floor":["M","$","?","$","M","R","?","R","T","R","E","?","M","M","R","B",null,"M","$","?","T","?","R","M","?","T","E","R","M","M","?","R","B"],"character_chosen":"THE_SILENT","items_purchased":["Cloak And Dagger","Cloak And Dagger","Membership Card"],"campfire_rested":1,"item_purchase_floors":[2,4,19],"current_hp_per_floor":[66,66,66,66,64,64,57,57,57,57,44,49,44,44,44,39,75,71,71,71,71,71,71,70,70,70,5,36,32,31,31,40,0,0],"gold":188,"neow_bonus":"","is_daily":false,"chose_seed":false,"campfire_upgraded":6,"win_rate":0.0,"timestamp":1612503545,"path_taken":["M","$","?","?","?","R","?","R","T","R","E","?","M","M","R","BOSS","M","$","?","?","?","R","?","?","T","E","R","M","?","?","R","BOSS"],"items_purchased_type":["Card","Card","Relic"],"build_version":"2020-12-22","purchased_purges":1,"victory":false,"max_hp_per_floor":[70,70,70,70,70,70,70,70,70,70,70,75,75,75,75,75,75,75,75,75,75,75,75,75,75,75,75,75,75,75,75,75,75,75],"card_choices":[{"not_picked":["Infinite Blades","Reflex"],"picked":"Corpse Explosion","floor":11},{"not_picked":["Doppelganger","Wraith Form v2"],"picked":"Adrenaline","floor":16},{"not_picked":["Endless Agony","Deadly Poison"],"picked":"PiercingWail","floor":27}],"player_experience":407503,"relics_obtained":[{"floor":1,"key":"Calipers"},{"floor":5,"key":"Bronze Scales"},{"floor":9,"key":"Pen Nib"},{"floor":13,"key":"Oddly Smooth Stone"},{"floor":14,"key":"Ginger"},{"floor":17,"key":"Incense Burner"},{"floor":17,"key":"Frozen Egg 2"},{"floor":17,"key":"CeramicFish"},{"floor":18,"key":"Singing Bowl"},{"floor":21,"key":"Pantograph"},{"floor":24,"key":"Tiny Chest"},{"floor":26,"key":"Nunchaku"},{"floor":27,"key":"Eternal Feather"},{"floor":29,"key":"Art of War"},{"floor":30,"key":"The Courier"}],"event_choices":[{"damage_healed":0,"gold_gain":0,"player_choice":"Got Potions","damage_taken":0,"max_hp_gain":0,"max_hp_loss":0,"event_name":"Lab","floor":3,"gold_loss":0},{"cards_removed":["Strike_G"],"damage_healed":0,"gold_gain":0,"player_choice":"Card Removal","damage_taken":7,"max_hp_gain":0,"max_hp_loss":0,"event_name":"Golden Wing","floor":7,"gold_loss":0},{"damage_healed":0,"gold_gain":0,"player_choice":"Donut","damage_taken":0,"max_hp_gain":5,"max_hp_loss":0,"event_name":"Big Fish","floor":12,"gold_loss":0},{"damage_healed":0,"gold_gain":99,"player_choice":"Stole From Cult","damage_taken":0,"max_hp_gain":0,"max_hp_loss":0,"event_name":"Nest","floor":20,"gold_loss":0},{"damage_healed":0,"gold_gain":0,"player_choice":"Ignored","damage_taken":0,"max_hp_gain":0,"max_hp_loss":0,"event_name":"Ghosts","floor":22,"gold_loss":0},{"damage_healed":0,"gold_gain":100,"player_choice":"Bet on Murderer","damage_taken":0,"max_hp_gain":0,"max_hp_loss":0,"event_name":"The Joust","floor":25,"gold_loss":50},{"cards_removed":["Defend_G"],"damage_healed":0,"gold_gain":0,"player_choice":"Gave Gold","damage_taken":0,"max_hp_gain":0,"max_hp_loss":0,"event_name":"Beggar","floor":31,"gold_loss":75}],"is_beta":false,"boss_relics":[{"not_picked":["Ectoplasm","Snecko Eye"],"picked":"Calling Bell"}],"items_purged_floors":[19],"is_endless":false,"potions_floor_spawned":[11,16,27,29],"killed_by":"Automaton","ascension_level":0}}