{"host":"5n1fl7z5i1vf7jan","time":1612491358,"event":{"mods":["BaseMod","Minty Spire (QoL Compilation)","Quick Restart","Relic Stats"],"gold_per_floor":[112,125,145,145,70,101,101,126,205,238,249,249,260,276,276,350,400,411,411,27,47,57,84,101,16,65,96,110,110,130,160,160,160,160],"floor_reached":33,"language":"ENG","playtime":1306,"items_purged":["Strike_P"],"score":715,"play_id":"4c4540e0-3bfa-47cf-8d78-841392ffa97e","local_time":"20210204181558","is_ascension_mode":true,"campfire_choices":[{"data":"TalkToTheHand","floor":7.0,"key":"SMITH"},{"data":"Ragnarok","floor":15.0,"key":"SMITH"},{"floor":29,"key":"REST"},{"floor":32,"key":"REST"}],"circlet_count":0,"master_deck":["AscendersBane","Strike_P","Strike_P","Defend_P","Defend_P","Defend_P","Defend_P","Eruption","Vigilance","FollowUp","TalkToTheHand+1","FollowUp","Conclude","CrushJoints+1","Halt","CutThroughFate","InnerPeace","Ragnarok+1","EmptyMind","Omniscience","Sanctity","Weave","WreathOfFlame","FlurryOfBlows","Crescendo","Vault","CutThroughFate","Tantrum","Halt+1"],"relics":["PureWater","Mango","Bag of Marbles","Pantograph","Dream Catcher","Tiny House","MealTicket","Sling","Orichalcum","Lantern","Mummified Hand","Bronze Scales","Regal Pillow","Omamori"],"acts_visited":["Exordium","TheCity"],"potions_floor_usage":[33],"damage_taken":[{"damage":0.0,"enemies":"2 Louse","floor":1.0,"turns":3.0},{"damage":0.0,"enemies":"Jaw Worm","floor":2.0,"turns":3.0},{"damage":0.0,"enemies":"Cultist","floor":3.0,"turns":4.0},{"damage":15.0,"enemies":"3 Sentries","floor":6.0,"turns":6.0},{"damage":16.0,"enemies":"Gremlin Nob","floor":8.0,"turns":3.0},{"damage":2.0,"enemies":"Lagavulin","floor":10.0,"turns":7.0},{"damage":4.0,"enemies":"Lots of Slimes","floor":11.0,"turns":3.0},{"damage":0.0,"enemies":"Exordium Wildlife","floor":13.0,"turns":1.0},{"damage":8.0,"enemies":"Blue Slaver","floor":14.0,"turns":3.0},{"damage":19.0,"enemies":"Slime Boss","floor":16.0,"turns":7.0},{"damage":13.0,"enemies":"Shell Parasite","floor":18.0,"turns":5.0},{"damage":9.0,"enemies":"Chosen","floor":21.0,"turns":4.0},{"damage":0.0,"enemies":"Sentry and Sphere","floor":22.0,"turns":3.0},{"damage":27.0,"enemies":"Book of Stabbing","floor":23.0,"turns":4.0},{"damage":0.0,"enemies":"3 Cultists","floor":24.0,"turns":2.0},{"damage":0.0,"enemies":"Gremlin Leader","floor":27.0,"turns":5.0},{"damage":0,"enemies":"Chosen and Byrds","floor":28,"turns":1},{"damage":18,"enemies":"Centurion and Healer","floor":30,"turns":5},{"damage":8,"enemies":"Slavers","floor":31,"turns":3},{"damage":227,"enemies":"Automaton","floor":33,"turns":9}],"seed_played":"4637227437079868213","potions_obtained":[{"floor":2.0,"key":"Explosive Potion"},{"floor":3.0,"key":"FairyPotion"},{"floor":14.0,"key":"SpeedPotion"},{"floor":16.0,"key":"FearPotion"},{"floor":17.0,"key":"LiquidMemories"}],"is_trial":false,"path_per_floor":["M","M","M","?","$","E","R","E","T","E","M","?","M","M","R","B",null,"M","?","$","M","M","E","M","?","T","E","M","R","M","E","R","B"],"character_chosen":"WATCHER","items_purchased":["Sling","WreathOfFlame","Orichalcum"],"campfire_rested":2,"item_purchase_floors":[20,20,20],"current_hp_per_floor":[61,61,61,66,66,65,65,49,49,47,43,43,43,35,35,41,81,68,68,83,74,74,47,47,47,47,47,47,89,71,63,92,0,0],"gold":160,"neow_bonus":"TRANSFORM_CARD","is_daily":false,"chose_seed":false,"campfire_upgraded":2,"win_rate":0.0,"timestamp":1612491358,"path_taken":["M","M","M","?","$","E","R","E","T","E","M","?","M","M","R","BOSS","M","?","$","?","M","E","?","?","T","E","M","R","M","E","R","BOSS"],"items_purchased_type":["Relic","Card","Relic"],"build_version":"2020-12-22","purchased_purges":1,"victory":false,"max_hp_per_floor":[68,68,68,73,73,87,87,87,87,87,87,87,87,87,87,87,92,92,92,92,92,92,92,92,92,92,92,92,92,92,92,92,92,92],"relic_stats":{"Dream Catcher":2,"Regal Pillow":17,"counters":[20,81],"Mummified Hand":[0],"Pantograph":25,"Bronze Scales":[51],"MealTicket":15,"Orichalcum":[30],"obtain_stats":[{"Lantern":23,"Regal Pillow":27,"Tiny House":17,"Mango":6,"Omamori":31,"Orichalcum":20,"Sling":20,"Dream Catcher":10,"Mummified Hand":25,"Pantograph":9,"Bronze Scales":26,"MealTicket":19,"Bag of Marbles":8,"PureWater":0},{"Lantern":14,"Regal Pillow":16,"Tiny House":10,"Mango":4,"Omamori":19,"Orichalcum":11,"Sling":11,"Dream Catcher":6,"Mummified Hand":15,"Pantograph":5,"Bronze Scales":15,"MealTicket":11,"Bag of Marbles":5,"PureWater":0},{"Lantern":56,"Regal Pillow":63,"Tiny House":40,"Mango":16,"Omamori":72,"Orichalcum":45,"Sling":45,"Dream Catcher":26,"Mummified Hand":58,"Pantograph":19,"Bronze Scales":58,"MealTicket":45,"Bag of Marbles":19,"PureWater":0}]},"card_choices":[{"not_picked":["SashWhip","BattleHymn"],"picked":"TalkToTheHand","floor":1.0},{"not_picked":["Swivel","SashWhip"],"picked":"FollowUp","floor":2.0},{"not_picked":["Protect","BowlingBash"],"picked":"Conclude","floor":3.0},{"not_picked":["LikeWater","Fasting2"],"picked":"CrushJoints","floor":6.0},{"not_picked":["Consecrate","BowlingBash"],"picked":"Halt","floor":8.0},{"not_picked":["ForeignInfluence","BowlingBash"],"picked":"CutThroughFate","floor":10.0},{"not_picked":["FlyingSleeves","BattleHymn"],"picked":"InnerPeace","floor":11.0},{"not_picked":["Halt","SignatureMove"],"picked":"Ragnarok","floor":13.0},{"not_picked":["CrushJoints","Halt"],"picked":"EmptyMind","floor":14.0},{"not_picked":["Brilliance","MasterReality"],"picked":"Omniscience","floor":16.0},{"not_picked":["WindmillStrike","Evaluate"],"picked":"Sanctity","floor":17.0},{"not_picked":["Meditate","FlyingSleeves"],"picked":"Weave","floor":18.0},{"not_picked":["InnerPeace","LikeWater+1"],"picked":"FlurryOfBlows","floor":21.0},{"not_picked":["Prostrate","EmptyBody"],"picked":"Crescendo","floor":22.0},{"not_picked":["FollowUp","Halt","BowlingBash+1"],"picked":"SKIP","floor":23.0},{"not_picked":["JustLucky","Crescendo"],"picked":"Vault","floor":24.0},{"not_picked":["BowlingBash","Pray","JustLucky"],"picked":"SKIP","floor":27.0},{"not_picked":["SandsOfTime","Nirvana","CarveReality+1"],"picked":"SKIP","floor":28},{"not_picked":["Consecrate","Alpha"],"picked":"CutThroughFate","floor":29},{"not_picked":["BowlingBash","FollowUp"],"picked":"Tantrum","floor":30},{"not_picked":["Tantrum","FearNoEvil","SandsOfTime"],"picked":"SKIP","floor":31},{"not_picked":["Fasting2","FollowUp"],"picked":"Halt+1","floor":32}],"player_experience":309518,"relics_obtained":[{"floor":6.0,"key":"Mango"},{"floor":8.0,"key":"Bag of Marbles"},{"floor":9.0,"key":"Pantograph"},{"floor":10.0,"key":"Dream Catcher"},{"floor":19.0,"key":"MealTicket"},{"floor":23.0,"key":"Lantern"},{"floor":26.0,"key":"Bronze Scales"},{"floor":27.0,"key":"Regal Pillow"},{"floor":31,"key":"Omamori"}],"event_choices":[{"damage_healed":0.0,"max_hp_gain":5.0,"max_hp_loss":0.0,"gold_gain":0.0,"event_name":"Big Fish","player_choice":"Donut","floor":4.0,"gold_loss":0.0,"damage_taken":0.0},{"damage_healed":0.0,"max_hp_gain":0.0,"max_hp_loss":0.0,"gold_gain":0.0,"event_name":"Liars Game","player_choice":"Ignored","floor":12.0,"gold_loss":0.0,"damage_taken":0.0},{"damage_healed":0.0,"max_hp_gain":0.0,"max_hp_loss":0.0,"gold_gain":0.0,"event_name":"Wheel of Change","player_choice":"Relic","floor":19.0,"gold_loss":0.0,"damage_taken":0.0},{"damage_healed":0.0,"max_hp_gain":0.0,"max_hp_loss":0.0,"gold_gain":0.0,"event_name":"Addict","player_choice":"Obtained Relic","floor":25.0,"gold_loss":85.0,"damage_taken":0.0,"relics_obtained":["Mummified Hand"]}],"is_beta":false,"boss_relics":[{"not_picked":["Ectoplasm","SacredBark"],"picked":"Tiny House"}],"items_purged_floors":[5],"is_endless":false,"potions_floor_spawned":[2,3,14,16,21,23,24,27,30],"killed_by":"Automaton","ascension_level":19}}