{"host":"ypphcgdomtfqpc2w","time":1612532284,"event":{"mods":["BaseMod","DeckTracker","Minty Spire (QoL Compilation)","Relic Stats","StSLib"],"gold_per_floor":[13,13,27,102,102,102,140,140,167,190,203,243,262,262,262,386,386,411,411,16,16,16,16,60,73,100,131,155,175,175,190,190,315,315,329,662,142,157,173,207,207,207,207,207,238,249,266,294,294,294,294,294,15,49,49],"floor_reached":56,"language":"ENG","playtime":3783,"items_purged":["Strike_P+1"],"score":1976,"play_id":"1cc0f9ff-47d4-438f-a2d0-2374736d5d04","local_time":"20210205223804","is_ascension_mode":true,"campfire_choices":[{"data":"Eruption","floor":6.0,"key":"SMITH"},{"data":"Vigilance","floor":8.0,"key":"SMITH"},{"data":"CrushJoints","floor":15.0,"key":"SMITH"},{"data":"Scrawl","floor":23.0,"key":"SMITH"},{"data":"Fasting2","floor":30.0,"key":"SMITH"},{"data":"EmptyMind","floor":32.0,"key":"SMITH"},{"floor":42.0,"key":"RECALL"},{"data":"Meditate","floor":44.0,"key":"SMITH"},{"floor":49,"key":"DIG"},{"floor":52,"key":"DIG"}],"circlet_count":0,"master_deck":["Strike_P+1","Strike_P+1","Defend_P+1","Defend_P+1","Defend_P+1","Eruption+1","Vigilance+1","ReachHeaven+1","Scrawl+1","Protect+1","Wireheading+1","Prostrate+1","Worship+1","CrushJoints+1","ClearTheMind+1","LessonLearned+1","MasterReality+1","Weave+1","EmptyMind+1","Wireheading+1","Fasting2+1","DeusExMachina+1","JustLucky+1","Meditate+1","ThirdEye+1","DevaForm+1","WheelKick+1","CutThroughFate+1","Evaluate+1","MentalFortress","SashWhip+1"],"relics":["PureWater","Mummified Hand","PreservedInsect","Toy Ornithopter","War Paint","GoldenEye","Coffee Dripper","Damaru","Gremlin Horn","Bottled Lightning","Potion Belt","Yang","SacredBark","Singing Bowl","Nunchaku","Pen Nib","Shovel","Ginger","Centennial Puzzle","Ornamental Fan","Oddly Smooth Stone"],"acts_visited":["Exordium","TheCity","TheBeyond","TheEnding"],"potions_floor_usage":[55,55,55,55],"damage_taken":[{"damage":3.0,"enemies":"2 Louse","floor":1.0,"turns":3.0},{"damage":0.0,"enemies":"Jaw Worm","floor":3.0,"turns":3.0},{"damage":0.0,"enemies":"Gremlin Nob","floor":7.0,"turns":2.0},{"damage":3.0,"enemies":"Small Slimes","floor":10.0,"turns":3.0},{"damage":0.0,"enemies":"Looter","floor":11.0,"turns":4.0},{"damage":0.0,"enemies":"Lagavulin","floor":12.0,"turns":4.0},{"damage":0.0,"enemies":"2 Fungi Beasts","floor":13.0,"turns":3.0},{"damage":19.0,"enemies":"Hexaghost","floor":16.0,"turns":9.0},{"damage":0.0,"enemies":"3 Byrds","floor":18.0,"turns":6.0},{"damage":2.0,"enemies":"Gremlin Leader","floor":24.0,"turns":3.0},{"damage":0.0,"enemies":"Spheric Guardian","floor":25.0,"turns":1.0},{"damage":0.0,"enemies":"Book of Stabbing","floor":27.0,"turns":3.0},{"damage":0.0,"enemies":"Cultist and Chosen","floor":28.0,"turns":3.0},{"damage":0.0,"enemies":"Snake Plant","floor":29.0,"turns":3.0},{"damage":0.0,"enemies":"Centurion and Healer","floor":31.0,"turns":4.0},{"damage":0.0,"enemies":"Champ","floor":33.0,"turns":8.0},{"damage":0.0,"enemies":"3 Shapes","floor":35.0,"turns":2.0},{"damage":0.0,"enemies":"Orb Walker","floor":38.0,"turns":2.0},{"damage":0.0,"enemies":"Writhing Mass","floor":39.0,"turns":5.0},{"damage":0.0,"enemies":"Giant Head","floor":40.0,"turns":5.0},{"damage":0,"enemies":"Reptomancer","floor":45,"turns":3},{"damage":0,"enemies":"Maw","floor":46,"turns":4},{"damage":0,"enemies":"4 Shapes","floor":47,"turns":2},{"damage":0,"enemies":"Giant Head","floor":48,"turns":3},{"damage":0,"enemies":"Donu and Deca","floor":50,"turns":5},{"damage":27,"enemies":"Shield and Spear","floor":54,"turns":5},{"damage":16,"enemies":"The Heart","floor":55,"turns":5}],"seed_played":"218733626476617749","potions_obtained":[{"floor":3.0,"key":"StancePotion"},{"floor":7.0,"key":"SkillPotion"},{"floor":12.0,"key":"CultistPotion"},{"floor":18.0,"key":"SneckoOil"},{"floor":27.0,"key":"LiquidMemories"},{"floor":33.0,"key":"Regen Potion"},{"floor":38.0,"key":"SkillPotion"},{"floor":46,"key":"CultistPotion"}],"is_trial":false,"path_per_floor":["M","?","M","?","T","R","E","R","T","M","M","E","M","?","R","B",null,"M","?","$","?","?","R","E","M","T","E","M","M","R","M","R","B",null,"M","?","$","M","M","E","?","R","T","R","E","M","M","E","R","B",null,"R","$","E","B",null],"character_chosen":"WATCHER","items_purchased":["Damaru","Gremlin Horn","Meditate","ThirdEye","Singing Bowl","Nunchaku","Evaluate","MentalFortress","StancePotion"],"campfire_rested":0,"item_purchase_floors":[20,20,37,37,37,37,53,53,53],"current_hp_per_floor":[62,44,44,33,33,33,33,33,33,30,30,30,35,32,32,13,57,57,57,57,57,57,57,60,60,60,60,60,65,65,65,65,65,70,70,70,70,72,76,76,76,76,76,76,78,78,80,80,80,80,80,80,80,53,80],"gold":49,"neow_bonus":"TRANSFORM_TWO_CARDS","is_daily":false,"chose_seed":false,"campfire_upgraded":7,"win_rate":0.0,"timestamp":1612532284,"path_taken":["M","?","M","?","?","R","E","R","T","M","M","E","?","?","R","BOSS","M","?","$","?","?","R","E","M","T","E","M","?","R","M","R","BOSS","M","?","$","M","M","E","?","R","T","R","E","M","M","E","R","BOSS","R","$","E","BOSS"],"items_purchased_type":["Relic","Relic","Card","Card","Relic","Relic","Card","Card","Potion"],"build_version":"2020-12-22","purchased_purges":1,"victory":true,"max_hp_per_floor":[72,72,72,72,72,72,72,72,72,72,72,72,72,72,72,72,72,72,72,72,72,72,72,72,72,72,72,72,72,72,72,72,72,72,72,72,72,74,76,76,76,76,76,76,78,78,80,80,80,80,80,80,80,80,80],"relic_stats":{"Gremlin Horn":[15,15],"Singing Bowl":8,"counters":[27,103],"Yang":[181],"PreservedInsect":504,"Pen Nib":[10],"Ginger":[2],"War Paint":["Defend_P","Defend_P"],"GoldenEye":[113],"Nunchaku":[13],"Centennial Puzzle":[5],"Shovel":2,"Mummified Hand":[113],"Ornamental Fan":[24],"obtain_stats":[{"Potion Belt":26,"Gremlin Horn":20,"Singing Bowl":37,"Golden Idol":2,"SacredBark":34,"Damaru":20,"Oddly Smooth Stone":54,"Yang":27,"PreservedInsect":7,"Pen Nib":40,"Ginger":48,"War Paint":12,"GoldenEye":14,"Nunchaku":37,"Centennial Puzzle":49,"Shovel":45,"Mummified Hand":5,"Ornamental Fan":52,"Coffee Dripper":17,"Bottled Lightning":24,"PureWater":0,"Toy Ornithopter":9},{"Potion Belt":11,"Gremlin Horn":9,"Singing Bowl":17,"Golden Idol":1,"SacredBark":16,"Damaru":9,"Oddly Smooth Stone":26,"Yang":12,"PreservedInsect":3,"Pen Nib":20,"Ginger":24,"War Paint":6,"GoldenEye":7,"Nunchaku":17,"Centennial Puzzle":24,"Shovel":21,"Mummified Hand":2,"Ornamental Fan":25,"Coffee Dripper":8,"Bottled Lightning":10,"PureWater":0,"Toy Ornithopter":3},{"Potion Belt":41,"Gremlin Horn":37,"Singing Bowl":64,"Golden Idol":3,"SacredBark":62,"Damaru":37,"Oddly Smooth Stone":98,"Yang":44,"PreservedInsect":8,"Pen Nib":76,"Ginger":88,"War Paint":19,"GoldenEye":22,"Nunchaku":64,"Centennial Puzzle":88,"Shovel":79,"Mummified Hand":6,"Ornamental Fan":93,"Coffee Dripper":31,"Bottled Lightning":40,"PureWater":0,"Toy Ornithopter":8}],"Toy Ornithopter":37},"card_choices":[{"not_picked":["Evaluate","SignatureMove"],"picked":"Protect","floor":1.0},{"not_picked":["EmptyFist","Pray"],"picked":"Wireheading","floor":3.0},{"not_picked":["Vengeance","Evaluate"],"picked":"Prostrate","floor":7.0},{"not_picked":["Evaluate","BowlingBash"],"picked":"Worship","floor":10.0},{"not_picked":["Sanctity","Consecrate"],"picked":"CrushJoints","floor":11.0},{"not_picked":["Perseverance","SashWhip"],"picked":"ClearTheMind","floor":12.0},{"not_picked":["Evaluate","ThirdEye"],"picked":"LessonLearned","floor":13.0},{"not_picked":["DeusExMachina","Vault"],"picked":"MasterReality","floor":16.0},{"not_picked":["SashWhip","Wireheading"],"picked":"Weave+1","floor":18.0},{"not_picked":["SignatureMove","Protect"],"picked":"EmptyMind","floor":24.0},{"not_picked":["FlyingSleeves","ClearTheMind"],"picked":"Wireheading","floor":25.0},{"not_picked":["BowlingBash","FollowUp+1","MasterReality"],"picked":"SKIP","floor":27.0},{"not_picked":["EmptyFist","FlyingSleeves","Crescendo"],"picked":"SKIP","floor":28.0},{"not_picked":["BowlingBash+1","Conclude+1"],"picked":"Fasting2","floor":29.0},{"not_picked":["EmptyBody","FlyingSleeves","EmptyFist"],"picked":"SKIP","floor":31.0},{"not_picked":["Omniscience","Scrawl"],"picked":"DeusExMachina","floor":33.0},{"not_picked":["Prostrate+1","CrushJoints"],"picked":"JustLucky+1","floor":35.0},{"not_picked":["Protect+1","ClearTheMind+1","CrushJoints"],"picked":"Singing Bowl","floor":38.0},{"not_picked":["LikeWater","EmptyBody","JustLucky"],"picked":"Singing Bowl","floor":39.0},{"not_picked":["WheelKick","Sanctity+1"],"picked":"DevaForm","floor":40.0},{"not_picked":["JustLucky+1","FlyingSleeves+1","BowlingBash+1"],"picked":"Singing Bowl","floor":45},{"not_picked":["ThirdEye","EmptyFist"],"picked":"WheelKick","floor":46},{"not_picked":["Prostrate+1","Weave+1","Vengeance"],"picked":"Singing Bowl","floor":47},{"not_picked":["Swivel","FearNoEvil+1"],"picked":"CutThroughFate","floor":48},{"not_picked":["Swivel","JustLucky+1"],"picked":"SashWhip+1","floor":54}],"player_experience":2142438,"relics_obtained":[{"floor":5.0,"key":"Mummified Hand"},{"floor":7.0,"key":"PreservedInsect"},{"floor":9.0,"key":"Toy Ornithopter"},{"floor":12.0,"key":"War Paint"},{"floor":24.0,"key":"Bottled Lightning"},{"floor":26.0,"key":"Potion Belt"},{"floor":27.0,"key":"Yang"},{"floor":40.0,"key":"Pen Nib"},{"floor":45,"key":"Shovel"},{"floor":48,"key":"Ginger"},{"floor":49,"key":"Centennial Puzzle"},{"floor":52,"key":"Ornamental Fan"},{"floor":54,"key":"Oddly Smooth Stone"}],"event_choices":[{"damage_healed":0.0,"max_hp_gain":0.0,"max_hp_loss":0.0,"gold_gain":0.0,"event_name":"Golden Idol","player_choice":"Take Damage","floor":2.0,"gold_loss":0.0,"damage_taken":18.0,"relics_obtained":["Golden Idol"]},{"damage_healed":0.0,"max_hp_gain":0.0,"max_hp_loss":0.0,"gold_gain":75.0,"event_name":"World of Goop","player_choice":"Gather Gold","floor":4.0,"gold_loss":0.0,"damage_taken":11.0},{"damage_healed":0.0,"max_hp_gain":0.0,"max_hp_loss":0.0,"gold_gain":0.0,"event_name":"Scrap Ooze","player_choice":"Success","floor":14.0,"gold_loss":0.0,"damage_taken":3.0,"relics_obtained":["GoldenEye"]},{"damage_healed":0.0,"max_hp_gain":0.0,"max_hp_loss":0.0,"gold_gain":0.0,"event_name":"Back to Basics","player_choice":"Simplicity","floor":19.0,"gold_loss":0.0,"damage_taken":0.0,"cards_upgraded":["Strike_P","Strike_P","Strike_P","Defend_P"]},{"damage_healed":0.0,"max_hp_gain":0.0,"max_hp_loss":0.0,"gold_gain":0.0,"event_name":"Vampires","player_choice":"Ignored","floor":21.0,"gold_loss":0.0,"damage_taken":0.0},{"damage_healed":0.0,"max_hp_gain":0.0,"max_hp_loss":0.0,"gold_gain":0.0,"event_name":"N\u0027loth","player_choice":"Ignored","floor":22.0,"gold_loss":0.0,"damage_taken":0.0},{"damage_healed":0.0,"max_hp_gain":0.0,"max_hp_loss":0.0,"gold_gain":333.0,"event_name":"The Moai Head","player_choice":"Gave Idol","floor":36.0,"relics_lost":["Golden Idol"],"gold_loss":0.0,"damage_taken":0.0},{"damage_healed":0.0,"max_hp_gain":0.0,"max_hp_loss":0.0,"gold_gain":0.0,"event_name":"Tomb of Lord Red Mask","player_choice":"Ignored","floor":41.0,"gold_loss":0.0,"damage_taken":0.0}],"is_beta":false,"boss_relics":[{"not_picked":["Calling Bell","Busted Crown"],"picked":"Coffee Dripper"},{"not_picked":["HolyWater","Velvet Choker"],"picked":"SacredBark"}],"items_purged_floors":[53],"is_endless":false,"potions_floor_spawned":[3,7,12,18,27,33,38,46,54],"ascension_level":7}}