{"host":"45gjn1i9lq2ky2i9","time":1612527884,"event":{"mods":["2.2 Compatiblity","Act Like it!","Aspiration","BaseMod","Beaked The Cultist","Better Altar","Better Match","Better Note","Better Sensory Stone","Better Skull","Better Third Choice","Better Vampires","Conspire","Downfall","Halation","Hubris","Infinite Spire","Jedi Mod","Lobotomy","LobotomyExtend","Minty Spire (QoL Compilation)","Pale of the Ancients","Permanent Neow","Shop Mod","Spikes Relics","StSLib","The Runesmith","The Wild Card"],"gold_per_floor":[117,127,146,161,161,161,116,146,224,149,166,166,131,145,145,242,242,256,266,283,333,333,333,345,374,425,459,216,216,216,229,229,328,328,328,346,346,346,346,346],"floor_reached":39,"language":"RUS","playtime":1562,"items_purged":["Strike_R"],"score":730,"play_id":"f830d9ab-6be8-4762-9679-ff4434a41e4f","local_time":"20210205202444","is_ascension_mode":true,"campfire_choices":[{"data":"Armaments","floor":6,"key":"SMITH"},{"floor":12,"key":"REST"},{"data":"hubris:StunningStrike","floor":15,"key":"SMITH"},{"data":"Twin Strike","floor":23,"key":"SMITH"},{"floor":32,"key":"REST"}],"circlet_count":0,"master_deck":["AscendersBane","Strike_R","Strike_R","Strike_R","Defend_R","Defend_R","Defend_R","Defend_R","Bash","Exhume+1","Cleave","Disarm","Armaments+1","Inflame","hubris:StunningStrike+1","Sword Boomerang","jedi:unlimitedpower","Shrug It Off","Shrug It Off+1","Twin Strike+1","hubris:InfiniteBlow+160","Inflame","Berserk","Hemokinesis","Berserk","Combust"],"relics":["Burning Blood","PreservedInsect","jedi:ironblood","halation:Thesaurus","Tiny House","SpikesRelics:ToyHorsey","Art of War","Dream Catcher","Runesmith:Nanobots","Busted Crown","hubris:Towel"],"acts_visited":["Exordium","TheCity","TheBeyond"],"potions_floor_usage":[8,8,16,18,35],"damage_taken":[{"damage":6,"enemies":"Cultist","floor":1,"turns":4},{"damage":2,"enemies":"conspire:RoseBush","floor":2,"turns":8},{"damage":6,"enemies":"2 Louse","floor":3,"turns":4},{"damage":13,"enemies":"Blue Slaver","floor":4,"turns":6},{"damage":25,"enemies":"Gremlin Nob","floor":8,"turns":5},{"damage":15,"enemies":"2 Fungi Beasts","floor":11,"turns":5},{"damage":9,"enemies":"Exordium Wildlife","floor":14,"turns":2},{"damage":65,"enemies":"Hexaghost","floor":16,"turns":16},{"damage":17,"enemies":"2 Thieves","floor":18,"turns":4},{"damage":10,"enemies":"Shell Parasite","floor":19,"turns":7},{"damage":21,"enemies":"Cultist and Chosen","floor":20,"turns":7},{"damage":0,"enemies":"Snecko","floor":24,"turns":2},{"damage":0,"enemies":"conspire:SneckoGhost","floor":25,"turns":5},{"damage":27,"enemies":"Slavers","floor":27,"turns":5},{"damage":0,"enemies":"Chosen and Byrds","floor":31,"turns":4},{"damage":13,"enemies":"Automaton","floor":33,"turns":3},{"damage":21,"enemies":"3 Darklings","floor":35,"turns":4},{"damage":21,"enemies":"3 Shapes","floor":36,"turns":2},{"damage":0,"enemies":"Jaw Worm Horde","floor":39,"turns":1}],"seed_played":"-5800489233022834332","potions_obtained":[{"floor":2,"key":"jedi:StrikingPotion"},{"floor":4,"key":"Block Potion"},{"floor":8,"key":"bronze:BurnAndBuffPotion"},{"floor":16,"key":"champ:CounterPotion"},{"floor":18,"key":"jedi:mysterypotion"},{"floor":20,"key":"SmokeBomb"},{"floor":27,"key":"EssenceOfSteel"}],"is_trial":false,"path_per_floor":["M","M","M","M","?","R","?","E","T","$","M","R","?","M","R","B",null,"M","M","M","AVR","?","R","M","E","T","E","$","?","R","M","R","B",null,"M","M","?","?","M"],"character_chosen":"IRONCLAD","items_purchased":["Runesmith:Nanobots"],"campfire_rested":2,"item_purchase_floors":[28],"current_hp_per_floor":[72,76,76,69,69,69,69,50,50,50,41,65,80,77,77,18,65,54,50,35,40,40,40,46,52,52,31,31,31,31,37,62,55,78,63,48,48,48,48,48],"gold":346,"neow_bonus":"ONE_RANDOM_RARE_CARD","is_daily":false,"chose_seed":false,"campfire_upgraded":3,"win_rate":0.0,"timestamp":1612527884,"path_taken":["M","M","?","M","?","R","?","E","T","?","?","R","?","M","R","BOSS","M","M","M","AVR","?","R","M","E","T","E","$","?","R","?","R","BOSS","M","?","?","?","M"],"items_purchased_type":["Relic"],"build_version":"2020-12-22","purchased_purges":1,"victory":false,"max_hp_per_floor":[80,80,80,80,80,80,80,80,80,80,80,80,80,80,80,80,80,80,80,80,85,85,85,85,85,85,85,85,85,85,85,85,85,85,85,85,85,85,85,85],"card_choices":[{"not_picked":["Infernal Blade","jedi:suffering"],"picked":"Cleave","floor":1},{"not_picked":["Sentinel","Havoc"],"picked":"Disarm","floor":2},{"not_picked":["Thunderclap","True Grit"],"picked":"Armaments","floor":3},{"not_picked":["Pummel","jedi:fear"],"picked":"Inflame","floor":4},{"not_picked":["Pommel Strike","Invigoration"],"picked":"hubris:StunningStrike","floor":8},{"not_picked":["Searing Blow","hubris:ReadiedAction","hubris:CleavingFinish"],"picked":"SKIP","floor":11},{"not_picked":["Headbutt","Body Slam"],"picked":"Sword Boomerang","floor":14},{"not_picked":["Berserk","jedi:strikingstrike"],"picked":"jedi:unlimitedpower","floor":16},{"not_picked":["Entrench+1","Anger"],"picked":"Shrug It Off","floor":18},{"not_picked":["Cleave","Havoc"],"picked":"Shrug It Off","floor":19},{"not_picked":["Power Through+1","Fire Breathing"],"picked":"Twin Strike","floor":20},{"not_picked":["Clothesline","Sever Soul+1","Twin Strike+1"],"picked":"SKIP","floor":24},{"not_picked":["Reckless Charge","Hemokinesis"],"picked":"Inflame","floor":25},{"not_picked":["Cleave","jedi:MakeshiftSword+1"],"picked":"Berserk","floor":27},{"not_picked":["True Grit","Clothesline+1","Dual Wield"],"picked":"SKIP","floor":31},{"not_picked":["jedi:strikingstrike","conspire:HitWhereItHurts"],"picked":"Berserk","floor":33},{"not_picked":[],"picked":"Combust","floor":36}],"player_experience":565978,"relics_obtained":[{"floor":8,"key":"PreservedInsect"},{"floor":9,"key":"jedi:ironblood"},{"floor":25,"key":"SpikesRelics:ToyHorsey"},{"floor":26,"key":"Art of War"},{"floor":27,"key":"Dream Catcher"}],"event_choices":[{"damage_healed":0,"gold_gain":0,"player_choice":"Left","damage_taken":0,"max_hp_gain":0,"max_hp_loss":0,"event_name":"betterThird:BetterGoop","floor":7,"gold_loss":45},{"damage_healed":20,"gold_gain":0,"player_choice":"Healed","damage_taken":0,"max_hp_gain":0,"max_hp_loss":0,"event_name":"The Cleric","floor":13,"gold_loss":35},{"damage_healed":0,"gold_gain":0,"cards_transformed":["Strike_R"],"player_choice":"Transformed","damage_taken":0,"max_hp_gain":0,"max_hp_loss":0,"event_name":"Transmorgrifier","floor":29,"gold_loss":0,"cards_obtained":["Hemokinesis"]}],"is_beta":false,"boss_relics":[{"not_picked":["conspire:SeveredTorchhead","Snecko Eye"],"picked":"halation:HeavySnake"},{"not_picked":["jedi:paperlyon","halation:PinkAlligatorPlush"],"picked":"Busted Crown"}],"items_purged_floors":[10],"is_endless":false,"potions_floor_spawned":[2,4,8,16,18,20,27,31],"killed_by":"Jaw Worm Horde","ascension_level":11}}