{"host":"8z0h4areh8sio1k0","time":1612513457,"event":{"mods":["Act Like it!","Aspiration","BaseMod","Colored Map","Conspire","Hubris","Minty Spire (QoL Compilation)","Replay The Spire","StSLib","TestMod","The Bug Knight"],"gold_per_floor":[116,126,126,139,139,139,157,157,208,228,228,228,241,252,252,355,355,369,389,11,11,30,30,30,30],"floor_reached":24,"language":"ZHS","playtime":852,"items_purged":[],"score":190,"play_id":"4b7f1e7e-f16e-4cfe-a667-addb63cf3083","local_time":"20210205162417","is_ascension_mode":false,"campfire_choices":[{"data":"Eruption","floor":6.0,"key":"SMITH"},{"data":"Vigilance","floor":8.0,"key":"SMITH"},{"data":"PathToVictory","floor":15.0,"key":"SMITH"},{"data":"Tantrum","floor":23,"key":"SMITH"}],"circlet_count":0,"master_deck":["Strike_P","Strike_P","Strike_P","Strike_P","Defend_P","Defend_P","Defend_P","Defend_P","Eruption+1","Vigilance+1","CutThroughFate","ClearTheMind","Crescendo","PathToVictory+1","Omniscience","EmptyFist+1","Tantrum+1"],"relics":["PureWater","testmod-TestBox","aspiration:Nostalgia","Ring of the Snake","testmod-NegativeEmotionEnhancer","Smiling Mask","hubris:Towel","CultistMask","testmod-Temperance","testmod-Brilliant"],"acts_visited":["Exordium","TheCity"],"potions_floor_usage":[24],"damage_taken":[{"damage":0.0,"enemies":"2 Louse","floor":1.0,"turns":1.0},{"damage":0.0,"enemies":"Small Slimes","floor":2.0,"turns":2.0},{"damage":0.0,"enemies":"Cultist","floor":4.0,"turns":2.0},{"damage":0.0,"enemies":"2 Fungi Beasts","floor":7.0,"turns":1.0},{"damage":1.0,"enemies":"Looter","floor":10.0,"turns":3.0},{"damage":0.0,"enemies":"Exordium Wildlife","floor":13.0,"turns":2.0},{"damage":9.0,"enemies":"Large Slime","floor":14.0,"turns":5.0},{"damage":59.0,"enemies":"Fading Forest","floor":16.0,"turns":11.0},{"damage":8.0,"enemies":"Shell Parasite","floor":18.0,"turns":6.0},{"damage":18.0,"enemies":"2 Thieves","floor":19.0,"turns":3.0},{"damage":22,"enemies":"Snake Plant","floor":22,"turns":4},{"damage":53,"enemies":"Centurion and Healer","floor":24,"turns":3}],"seed_played":"-6117058683351731956","potions_obtained":[{"floor":7.0,"key":"testmod-SpacePotion"},{"floor":10.0,"key":"Explosive Potion"},{"floor":13.0,"key":"Venom Potion"},{"floor":14.0,"key":"CultistPotion"},{"floor":19.0,"key":"DuplicationPotion"}],"is_trial":false,"path_per_floor":["M","M","$","M","?","R","M","R","T","M","?","?","M","M","R","B",null,"M","M","$","?","M","R","M"],"character_chosen":"WATCHER","items_purchased":["Tantrum","testmod-Brilliant"],"campfire_rested":0,"item_purchase_floors":[20,20],"current_hp_per_floor":[73,74,74,75,75,75,76,76,76,77,77,77,78,71,71,28,80,74,59,59,59,39,39,0,0],"gold":30,"neow_bonus":"NOSTALGIA","is_daily":false,"chose_seed":false,"campfire_upgraded":4,"win_rate":0.0,"timestamp":1612513457,"path_taken":["M","M","$","M","?","R","M","R","T","M","?","?","M","?","R","BOSS","M","M","$","?","M","R","M"],"items_purchased_type":["Card","Relic"],"build_version":"2020-12-22","purchased_purges":0,"victory":false,"max_hp_per_floor":[73,74,74,75,75,75,76,76,76,77,77,77,78,79,79,80,80,81,82,82,82,83,83,83,83],"card_choices":[{"not_picked":["JustLucky","Replay:ManipulateFuture"],"picked":"CutThroughFate","floor":1.0},{"not_picked":["CrushJoints","FearNoEvil"],"picked":"ClearTheMind","floor":2.0},{"not_picked":["Replay:Cycle","Replay:BluntJabs","Halt"],"picked":"SKIP","floor":4.0},{"not_picked":["SashWhip","Perseverance","CutThroughFate"],"picked":"SKIP","floor":7.0},{"not_picked":["ThirdEye","JustLucky","Replay:BluntJabs"],"picked":"SKIP","floor":10.0},{"not_picked":["WindmillStrike","Replay:AtTheReady","Nirvana"],"picked":"SKIP","floor":13.0},{"not_picked":["Study","FlyingSleeves"],"picked":"PathToVictory","floor":14.0},{"not_picked":["ConjureBlade","Establishment"],"picked":"Omniscience","floor":16.0},{"not_picked":["PathToVictory","Protect+1"],"picked":"EmptyFist+1","floor":18.0},{"not_picked":["CutThroughFate","CrushJoints","Prostrate"],"picked":"SKIP","floor":19.0},{"not_picked":["SandsOfTime","EmptyMind","CutThroughFate"],"picked":"SKIP","floor":22}],"player_experience":519183,"relics_obtained":[{"floor":9.0,"key":"Smiling Mask"}],"event_choices":[{"damage_healed":0.0,"max_hp_gain":0.0,"max_hp_loss":0.0,"gold_gain":0.0,"event_name":"FaceTrader","player_choice":"Trade","floor":12.0,"gold_loss":0.0,"damage_taken":0.0,"relics_obtained":["CultistMask"]}],"is_beta":false,"boss_relics":[{"not_picked":["testmod-PortableAltar","conspire:SeveredTorchhead"],"picked":"testmod-Temperance"}],"items_purged_floors":[],"is_endless":false,"potions_floor_spawned":[7,10,13,14,19],"killed_by":"Centurion and Healer","ascension_level":0}}