{"host":"vyiqbz5w606ur92t","time":1612491197,"event":{"mods":["BaseMod","Downfall","Minty Spire (QoL Compilation)","StSLib"],"gold_per_floor":[99,111,121,148,41,316,316,340,360,378,122,150,150,193,213,325,325,225,243,256,341,364,264,311,419,454,410,510,535,435,478,491,598,598,598,621,638,186,186,213,213,238,257,300,373,401,401,417,433,433,433,476,20,20,20,20],"floor_reached":57,"language":"ENG","playtime":8957,"items_purged":["downfall:Bewildered","Regret","hexamod:Defend","hexamod:Defend"],"score":1700,"play_id":"6ee58275-ab33-47a4-945b-1827ce45e5f2","local_time":"20210205021317","is_ascension_mode":true,"campfire_choices":[{"data":"hexamod:Float","floor":1,"key":"SMITH"},{"data":"hexamod:GiftsFromTheDead","floor":13,"key":"SMITH"},{"floor":18,"key":"RECALL"},{"data":"hexamod:RecurringNightmare","floor":23,"key":"SMITH"},{"data":"hexamod:ParanormalForm","floor":30,"key":"SMITH"},{"data":"hexamod:GhostOfSpirePast","floor":35,"key":"SMITH"},{"data":"hexamod:ParanormalForm","floor":47,"key":"SMITH"},{"data":"hexamod:GiftsFromTheDead","floor":54,"key":"SMITH"}],"circlet_count":0,"master_deck":["hexamod:Strike","hexamod:Strike","hexamod:Defend","hexamod:Defend","hexamod:Sear","hexamod:Float+1","hexamod:SuperheatedStrike","hexamod:SecondSeal","hexamod:RecurringNightmare+1","hexamod:GhostShield","hexamod:Hexaguard","hexamod:FlamesFromBeyond","hexamod:FourthSeal","hexamod:BurningTouch","hexamod:PhantomCloak","hexamod:GiftsFromTheDead+1","hexamod:GiftsFromTheDead+1","hexamod:ParanormalForm+1","CurseOfTheBell","hexamod:ExtraCrispy","hexamod:NightmareGuise+1","hexamod:SoulSteal","J.A.X.","hexamod:GhostOfSpirePast+1","hexamod:SpectersWail","hexamod:ThirdSeal","hexamod:PowerFromBeyond","hexamod:GhostLash","hexamod:TimeWarp","hexamod:FlamesFromBeyond","hexamod:GiftsFromTheDead","hexamod:RecurringNightmare","hexamod:EtherealExpedition","hexamod:TimeWarp","hexamod:ParanormalForm+1","hexamod:GhostOfSpirePast","hexamod:AdvancingGuard+1","hexamod:Hexaguard+1","expansioncontent:YouAreMine","expansioncontent:HyperBeam","hexamod:TimeWarp","hexamod:HeatShield","hexamod:HeatCrush+1","hexamod:SearingWound","hexamod:GhostOfSpirePast","hexamod:BacktrackSmack+1","hexamod:Rewind+1","Parasite","hexamod:EtherealExpedition+1","hexamod:UnlimitedPower"],"relics":["hexamod:SpiritBrand","Gambling Chip","bronze:DecasWashers","hexamod:RecyclingMachine","hexamod:BolsterEngine","Slimebound:StickyStick","Calling Bell","Oddly Smooth Stone","hexamod:InflammatoryLetter","Dead Branch","downfall:HeartBlessingGreen","downfall:HeartBlessingRed","MutagenicStrength","champ:DuelingGlove","OrangePellets","Singing Bowl","downfall:HeartBlessingBlue","Gremlin Horn","sneckomod:SneckoTalon","TungstenRod","HornCleat","Anchor","Sundial","Toy Ornithopter","Unceasing Top","Chemical X"],"acts_visited":["Exordium","TheCity","TheBeyond","TheEnding"],"potions_floor_usage":[9,14,14,22,22,26,40,40,50],"damage_taken":[{"damage":0,"enemies":"Cultist","floor":2,"turns":3},{"damage":0,"enemies":"Small Slimes","floor":3,"turns":3},{"damage":2,"enemies":"Jaw Worm","floor":4,"turns":3},{"damage":0,"enemies":"downfall:FleeingMerchant","floor":5,"turns":4},{"damage":11,"enemies":"3 Louse","floor":8,"turns":5},{"damage":5,"enemies":"Large Slime","floor":9,"turns":4},{"damage":8,"enemies":"Exordium Wildlife","floor":10,"turns":3},{"damage":0,"enemies":"downfall:FleeingMerchant","floor":11,"turns":4},{"damage":1,"enemies":"Gremlin Nob","floor":12,"turns":3},{"damage":12,"enemies":"3 Sentries","floor":14,"turns":5},{"damage":0,"enemies":"Large Slime","floor":15,"turns":3},{"damage":12,"enemies":"DF_ARCHETYPE_STREAMLINE","floor":16,"turns":8},{"damage":0,"enemies":"Chosen","floor":19,"turns":4},{"damage":13,"enemies":"3 Byrds","floor":20,"turns":4},{"damage":0,"enemies":"Shelled Parasite and Fungi","floor":22,"turns":4},{"damage":6,"enemies":"downfall:Augmenter","floor":25,"turns":5},{"damage":5,"enemies":"Slavers","floor":26,"turns":3},{"damage":0,"enemies":"downfall:FleeingMerchant","floor":27,"turns":4},{"damage":3,"enemies":"Book of Stabbing","floor":29,"turns":3},{"damage":1,"enemies":"Gremlin Leader","floor":31,"turns":4},{"damage":0,"enemies":"3 Cultists","floor":32,"turns":3},{"damage":11,"enemies":"SI_MIRROR_ARCHETYPE","floor":33,"turns":5},{"damage":0,"enemies":"3 Shapes","floor":36,"turns":2},{"damage":0,"enemies":"Orb Walker","floor":37,"turns":2},{"damage":0,"enemies":"Transient","floor":40,"turns":5},{"damage":0,"enemies":"Maw","floor":42,"turns":3},{"damage":0,"enemies":"Writhing Mass","floor":43,"turns":4},{"damage":0,"enemies":"Reptomancer","floor":44,"turns":3},{"damage":0,"enemies":"Transient","floor":46,"turns":5},{"damage":0,"enemies":"3 Darklings","floor":48,"turns":1},{"damage":0,"enemies":"Writhing Mass","floor":49,"turns":3},{"damage":5,"enemies":"IC_BLOCK_ARCHETYPE","floor":50,"turns":3},{"damage":0,"enemies":"downfall:CharBossMerchant","floor":52,"turns":4},{"damage":2,"enemies":"downfall:NeowBoss","floor":55,"turns":8},{"damage":0,"enemies":"downfall:NeowBossFinal","floor":56,"turns":6}],"seed_played":"7316117002133511866","potions_obtained":[{"floor":2,"key":"GamblersBrew"},{"floor":9,"key":"DistilledChaos"},{"floor":10,"key":"AttackPotion"},{"floor":10,"key":"Block Potion"},{"floor":14,"key":"FairyPotion"},{"floor":16,"key":"bronze:BurnAndBuffPotion"},{"floor":19,"key":"Slimebound:ThreeZeroPotion"},{"floor":22,"key":"Block Potion"},{"floor":22,"key":"Swift Potion"},{"floor":31,"key":"Dexterity Potion"},{"floor":40,"key":"SkillPotion"},{"floor":40,"key":"Fruit Juice"},{"floor":42,"key":"SteroidPotion"},{"floor":43,"key":"Strength Potion"},{"floor":49,"key":"DistilledChaos"},{"floor":52,"key":"Swift Potion"}],"is_trial":false,"path_per_floor":["R","M","M","M","$","?","T","M","M","M","$","E","R","E","M","B",null,"R","M","M","?","M","R","T","?","E","$","?","E","R","E","M","B",null,"R","M","M","$","?","M","T","M","M","E","T","M","R","M","M","B",null,"E","$","R","B","B",null],"character_chosen":"THE_SPIRIT","items_purchased":["hexamod:Hexaguard","hexamod:RecyclingMachine","OrangePellets","hexamod:TimeWarp","hexamod:FlamesFromBeyond","TungstenRod","Unceasing Top","Chemical X"],"campfire_rested":0,"item_purchase_floors":[5,11,27,27,27,38,53,53],"current_hp_per_floor":[70,70,70,68,68,68,68,57,52,44,44,43,43,31,31,19,70,70,70,57,43,43,43,43,37,32,32,32,29,39,38,40,29,82,82,84,84,84,77,84,84,84,86,86,86,86,86,88,90,85,99,99,99,99,97,97],"gold":20,"neow_bonus":"ONE_RARE_RELIC","is_daily":false,"chose_seed":false,"campfire_upgraded":7,"win_rate":0.0,"timestamp":1612491197,"path_taken":["R","M","?","M","$","?","T","?","?","M","$","E","R","E","M","BOSS","R","M","M","?","M","R","T","?","E","$","?","E","R","E","M","BOSS","R","M","M","$","?","M","T","M","M","E","?","M","R","M","M","BOSS","E","$","R","BOSS","BOSS"],"items_purchased_type":["Card","Relic","Relic","Card","Card","Relic","Relic","Relic"],"build_version":"2020-12-22","purchased_purges":4,"victory":true,"max_hp_per_floor":[70,70,70,70,70,70,70,70,70,70,70,70,70,70,70,70,70,70,70,70,70,70,70,70,70,70,70,70,70,80,80,82,82,82,82,84,84,84,86,93,93,93,95,95,95,95,95,97,99,99,99,99,99,99,99,99],"card_choices":[{"not_picked":["hexamod:RadiantFlame","hexamod:SecondSeal"],"picked":"hexamod:SuperheatedStrike","floor":2},{"not_picked":["hexamod:FlamesFromBeyond","hexamod:HeatMetal"],"picked":"hexamod:SecondSeal","floor":3},{"not_picked":["hexamod:InspiringFlames","hexamod:HeatMetal"],"picked":"hexamod:RecurringNightmare","floor":4},{"not_picked":["hexamod:ThermalTransfer","hexamod:GhostOfSpirePresent"],"picked":"hexamod:GhostShield","floor":5},{"not_picked":["hexamod:HeatMetal","hexamod:Hexaguard"],"picked":"hexamod:FlamesFromBeyond","floor":8},{"not_picked":["hexamod:NightmareStrike","hexamod:ShieldOfDarkness"],"picked":"hexamod:FourthSeal","floor":9},{"not_picked":["hexamod:HeatCrush","hexamod:ShieldOfDarkness"],"picked":"hexamod:BurningTouch","floor":10},{"not_picked":["hexamod:ShieldOfDarkness","hexamod:BurningTouch"],"picked":"hexamod:PhantomCloak","floor":11},{"not_picked":["hexamod:ShieldOfDarkness","hexamod:Rewind"],"picked":"hexamod:GiftsFromTheDead","floor":12},{"not_picked":["hexamod:BacktrackSmack","hexamod:AdvancingGuard"],"picked":"hexamod:GiftsFromTheDead","floor":14},{"not_picked":["hexamod:SwordOfDarkness","hexamod:AdvancingGuard","hexamod:HeatMetal"],"picked":"SKIP","floor":15},{"not_picked":["hexamod:ApocalypseNow","hexamod:FifthSeal"],"picked":"hexamod:ParanormalForm","floor":16},{"not_picked":["hexamod:GhostShield","hexamod:AdvancingGuard"],"picked":"hexamod:ExtraCrispy","floor":19},{"not_picked":["hexamod:HeatMetal+1","hexamod:GhostShield+1"],"picked":"hexamod:NightmareGuise+1","floor":20},{"not_picked":["hexamod:Firestarter","hexamod:RetreatToShadows"],"picked":"hexamod:SoulSteal","floor":22},{"not_picked":[],"picked":"J.A.X.","floor":25},{"not_picked":["hexamod:FastForward","hexamod:SwordOfDarkness"],"picked":"hexamod:ThirdSeal","floor":25},{"not_picked":["hexamod:WildfireWeapon","hexamod:HeatMetal"],"picked":"hexamod:PowerFromBeyond","floor":26},{"not_picked":["hexamod:HauntingEcho","hexamod:FastForward"],"picked":"hexamod:GhostLash","floor":27},{"not_picked":["hexamod:SkipABeat","hexamod:TimeOfNeed"],"picked":"hexamod:GiftsFromTheDead","floor":29},{"not_picked":["hexamod:ChargedBarrage+1","hexamod:SuperheatedStrike"],"picked":"hexamod:RecurringNightmare","floor":31},{"not_picked":["hexamod:GhostLash","hexamod:FlamesFromBeyond","hexamod:GhostOfSpireFuture"],"picked":"Singing Bowl","floor":32},{"not_picked":["hexamod:ChargedBarrage","hexamod:GhostLash"],"picked":"hexamod:EtherealExpedition","floor":32},{"not_picked":["hexamod:ApocalypticArmor","hexamod:SearingWound"],"picked":"hexamod:TimeWarp","floor":33},{"not_picked":["hexamod:GiftsFromTheDead","hexamod:ApocalypseNow"],"picked":"hexamod:ParanormalForm","floor":33},{"not_picked":["hexamod:HauntingEcho+1","hexamod:ShieldOfDarkness"],"picked":"hexamod:GhostOfSpirePast","floor":36},{"not_picked":["hexamod:ChargedBarrage","hexamod:InspiringFlames+1","hexamod:SwordOfDarkness"],"picked":"Singing Bowl","floor":36},{"not_picked":["hexamod:RecurringNightmare","hexamod:SuperheatedStrike+1"],"picked":"hexamod:AdvancingGuard+1","floor":37},{"not_picked":["hexamod:CatchUp+1","hexamod:GhostShield"],"picked":"hexamod:Hexaguard+1","floor":37},{"not_picked":["expansioncontent:PolyBeam","expansioncontent:Chronoboost"],"picked":"expansioncontent:YouAreMine","floor":39},{"not_picked":["expansioncontent:LastStand","expansioncontent:PolyBeam"],"picked":"expansioncontent:HyperBeam","floor":39},{"not_picked":["expansioncontent:HyperBeam","expansioncontent:PrepareCrush","expansioncontent:LastStand"],"picked":"Singing Bowl","floor":39},{"not_picked":["hexamod:ShieldOfDarkness+1","hexamod:InspiringFlames","hexamod:PowerFromBeyond"],"picked":"Singing Bowl","floor":40},{"not_picked":["hexamod:GhostLash","hexamod:FlamesFromBeyond+1"],"picked":"hexamod:TimeWarp","floor":42},{"not_picked":["hexamod:SwordOfDarkness+1","hexamod:ThermalTransfer"],"picked":"hexamod:HeatShield","floor":42},{"not_picked":["hexamod:GhostShield","hexamod:RecurringNightmare","hexamod:ChargedBarrage+1"],"picked":"Singing Bowl","floor":43},{"not_picked":["hexamod:SwordOfDarkness+1","hexamod:GhostOfSpireFuture+1"],"picked":"hexamod:HeatCrush+1","floor":44},{"not_picked":["hexamod:ThirdSeal","hexamod:ShieldOfDarkness+1"],"picked":"hexamod:SearingWound","floor":44},{"not_picked":["hexamod:BurningTouch+1","hexamod:HeatShield+1"],"picked":"hexamod:GhostOfSpirePast","floor":46},{"not_picked":["hexamod:SpectersWail+1","hexamod:GhostLash"],"picked":"hexamod:BacktrackSmack+1","floor":46},{"not_picked":["hexamod:BurningTouch","hexamod:InspiringFlames+1"],"picked":"hexamod:Rewind+1","floor":48},{"not_picked":["hexamod:HeatMetal","hexamod:Firestarter","hexamod:SwordOfDarkness+1"],"picked":"Singing Bowl","floor":48},{"not_picked":["hexamod:AdvancingGuard","hexamod:Hexaguard"],"picked":"hexamod:EtherealExpedition+1","floor":49},{"not_picked":["hexamod:SpectralAdrenaline+1","hexamod:FastForward","hexamod:FlameSwitch"],"picked":"Singing Bowl","floor":49},{"not_picked":["hexamod:FlamesFromBeyond+1","hexamod:HauntingEcho"],"picked":"hexamod:UnlimitedPower","floor":52}],"player_experience":1491657,"relics_obtained":[{"floor":7,"key":"bronze:DecasWashers"},{"floor":12,"key":"hexamod:BolsterEngine"},{"floor":14,"key":"Slimebound:StickyStick"},{"floor":17,"key":"Oddly Smooth Stone"},{"floor":17,"key":"hexamod:InflammatoryLetter"},{"floor":17,"key":"Dead Branch"},{"floor":25,"key":"MutagenicStrength"},{"floor":26,"key":"champ:DuelingGlove"},{"floor":29,"key":"Singing Bowl"},{"floor":31,"key":"Gremlin Horn"},{"floor":41,"key":"HornCleat"},{"floor":44,"key":"Anchor"},{"floor":45,"key":"Sundial"},{"floor":52,"key":"Toy Ornithopter"}],"event_choices":[],"is_beta":false,"boss_relics":[{"not_picked":["Pandora\u0027s Box","SacredBark"],"picked":"Calling Bell"},{"not_picked":["Sozu","Snecko Eye"],"picked":"sneckomod:SneckoTalon"}],"items_purged_floors":[5,11,27,38],"is_endless":false,"potions_floor_spawned":[2,9,10,12,16,19,22,31,40,42,43,44,48,52],"ascension_level":4}}