{"host":"bzdetxjlj4j9z4ce","time":1612560139,"event":{"mods":["BaseMod","Bestiary","Colored Map","Colored Powertips","DeckTracker","Minty Spire (QoL Compilation)"],"gold_per_floor":[119,135,147,147,147,166,166,166,189,201,217,69,69,86,86,188,188,205,205,205,221,221,221],"floor_reached":22,"language":"ENG","playtime":1518,"items_purged":[],"score":178,"play_id":"6ffaa0c5-22b8-4b99-86eb-6d0d5e013635","local_time":"20210205232219","is_ascension_mode":false,"campfire_choices":[{"data":"Burst","floor":15,"key":"SMITH"}],"circlet_count":0,"master_deck":["Strike_G+1","Strike_G","Strike_G+1","Strike_G","Defend_G","Defend_G","Defend_G","Survivor","Neutralize","Poisoned Stab+1","Blur","Dodge and Roll","Acrobatics","Burst+1","Backflip","Predator","Envenom","Flying Knee"],"relics":["Ring of the Snake","NeowsBlessing","Toy Ornithopter","Snake Skull","Empty Cage","Orichalcum"],"acts_visited":["Exordium","TheCity"],"potions_floor_usage":[16,16],"damage_taken":[{"damage":0,"enemies":"Cultist","floor":1,"turns":1},{"damage":0,"enemies":"Jaw Worm","floor":2,"turns":1},{"damage":0,"enemies":"Small Slimes","floor":3,"turns":1},{"damage":1,"enemies":"2 Fungi Beasts","floor":6,"turns":4},{"damage":8,"enemies":"Gremlin Gang","floor":10,"turns":7},{"damage":12,"enemies":"Lots of Slimes","floor":11,"turns":5},{"damage":2,"enemies":"Blue Slaver","floor":14,"turns":3},{"damage":11,"enemies":"Hexaghost","floor":16,"turns":13},{"damage":20,"enemies":"Shell Parasite","floor":18,"turns":8},{"damage":20,"enemies":"3 Byrds","floor":21,"turns":8},{"damage":40,"enemies":"Shelled Parasite and Fungi","floor":22,"turns":4}],"seed_played":"-8334162560303079242","potions_obtained":[{"floor":1,"key":"FearPotion"},{"floor":3,"key":"Fire Potion"},{"floor":6,"key":"DistilledChaos"},{"floor":10,"key":"Energy Potion"},{"floor":13,"key":"SneckoOil"},{"floor":18,"key":"DistilledChaos"}],"is_trial":false,"path_per_floor":["M","M","M","?","?","M","?","?","T","M","M","$","?","M","R","B",null,"M","?","?","M","M"],"character_chosen":"THE_SILENT","items_purchased":["Snake Skull"],"campfire_rested":0,"item_purchase_floors":[12],"current_hp_per_floor":[70,70,70,56,56,55,60,60,60,52,40,40,40,38,38,37,75,55,55,55,35,0,0],"gold":221,"neow_bonus":"THREE_ENEMY_KILL","is_daily":false,"chose_seed":false,"campfire_upgraded":1,"win_rate":0.0,"timestamp":1612560139,"path_taken":["M","M","M","?","?","?","?","?","T","M","?","?","?","M","R","BOSS","M","?","?","M","M"],"items_purchased_type":["Relic"],"build_version":"2020-12-22","purchased_purges":0,"victory":false,"max_hp_per_floor":[70,70,70,70,70,70,75,75,75,75,75,75,75,75,75,75,75,75,75,75,75,75,75],"card_choices":[{"not_picked":["Heel Hook","Dodge and Roll"],"picked":"Poisoned Stab","floor":1},{"not_picked":["Poisoned Stab","Calculated Gamble"],"picked":"Blur","floor":2},{"not_picked":["Dagger Spray","Prepared"],"picked":"Dodge and Roll","floor":3},{"not_picked":["Phantasmal Killer","Distraction"],"picked":"Acrobatics","floor":6},{"not_picked":["Dagger Throw","Infinite Blades"],"picked":"Backflip","floor":10},{"not_picked":["Tactician","Backstab"],"picked":"Predator","floor":11},{"not_picked":["Backflip","Sucker Punch","Quick Slash"],"picked":"SKIP","floor":14},{"not_picked":["Bullet Time","Wraith Form v2"],"picked":"Envenom","floor":16},{"not_picked":["Quick Slash+1","Dodge and Roll"],"picked":"Flying Knee","floor":18},{"not_picked":["Dodge and Roll","Endless Agony","Finisher+1"],"picked":"SKIP","floor":21}],"player_experience":826,"relics_obtained":[{"floor":9,"key":"Toy Ornithopter"}],"event_choices":[{"damage_healed":0,"gold_gain":0,"player_choice":"Entered Light","damage_taken":14,"max_hp_gain":0,"max_hp_loss":0,"event_name":"Shining Light","floor":4,"gold_loss":0,"cards_upgraded":["Strike_G","Strike_G"]},{"damage_healed":0,"gold_gain":0,"player_choice":"Forge","damage_taken":0,"max_hp_gain":0,"max_hp_loss":0,"event_name":"Accursed Blacksmith","floor":5,"gold_loss":0,"cards_upgraded":["Poisoned Stab"]},{"damage_healed":0,"gold_gain":0,"player_choice":"Donut","damage_taken":0,"max_hp_gain":5,"max_hp_loss":0,"event_name":"Big Fish","floor":7,"gold_loss":0},{"damage_healed":0,"gold_gain":0,"cards_transformed":["Defend_G"],"player_choice":"Transformed","damage_taken":0,"max_hp_gain":0,"max_hp_loss":0,"event_name":"Transmorgrifier","floor":8,"gold_loss":0,"cards_obtained":["Burst"]},{"damage_healed":0,"gold_gain":0,"player_choice":"Got Potions","damage_taken":0,"max_hp_gain":0,"max_hp_loss":0,"event_name":"Lab","floor":13,"gold_loss":0},{"damage_healed":0,"gold_gain":0,"player_choice":"Opened","damage_taken":0,"relics_obtained":["Orichalcum"],"max_hp_gain":0,"max_hp_loss":0,"event_name":"The Mausoleum","floor":19,"gold_loss":0},{"damage_healed":0,"gold_gain":0,"player_choice":"Ignored","damage_taken":0,"max_hp_gain":0,"max_hp_loss":0,"event_name":"Ghosts","floor":20,"gold_loss":0}],"is_beta":false,"boss_relics":[{"not_picked":["Philosopher\u0027s Stone","HoveringKite"],"picked":"Empty Cage"}],"items_purged_floors":[],"is_endless":false,"potions_floor_spawned":[1,3,6,10,18],"killed_by":"Shelled Parasite and Fungi","ascension_level":0}}