{"host":"5trcja4hacd149zc","time":1612506221,"event":{"mods":["BaseMod","Colored Map","GifTheSpireLib","Minty Spire (QoL Compilation)","Relic Stats","StSLib"],"gold_per_floor":[109,384,398,398,412,455,455,473,545,545,545,545],"floor_reached":11,"language":"ENG","playtime":234,"items_purged":[],"score":146,"play_id":"7190f9e1-25da-45dc-b217-71fdd0361629","local_time":"20210205002341","is_ascension_mode":true,"campfire_choices":[{"data":"TalkToTheHand","floor":10,"key":"SMITH"}],"circlet_count":0,"master_deck":["AscendersBane","Strike_P","Strike_P","Strike_P","Strike_P","Defend_P","Defend_P","Defend_P","Defend_P","Eruption","Vigilance","CutThroughFate","Regret","TalkToTheHand+1","FearNoEvil","Parasite","Weave"],"relics":["PureWater","NeowsBlessing","Golden Idol","Gambling Chip","Molten Egg 2"],"acts_visited":["Exordium"],"potions_floor_usage":[6,11],"damage_taken":[{"damage":0.0,"enemies":"Small Slimes","floor":1.0,"turns":1.0},{"damage":0.0,"enemies":"Cultist","floor":3.0,"turns":1.0},{"damage":0.0,"enemies":"2 Louse","floor":5.0,"turns":1.0},{"damage":39,"enemies":"Lagavulin","floor":6,"turns":9},{"damage":3,"enemies":"Large Slime","floor":8,"turns":4},{"damage":60,"enemies":"Gremlin Nob","floor":11,"turns":3}],"seed_played":"-2497032956512431406","potions_obtained":[{"floor":1.0,"key":"Energy Potion"},{"floor":8,"key":"Block Potion"}],"is_trial":false,"path_per_floor":["M","?","M","?","M","E","?","M","T","R","E"],"character_chosen":"WATCHER","items_purchased":[],"campfire_rested":0,"item_purchase_floors":[],"current_hp_per_floor":[61,61,61,61,61,22,37,34,34,34,0,0],"gold":545,"neow_bonus":"THREE_ENEMY_KILL","is_daily":false,"chose_seed":false,"campfire_upgraded":1,"win_rate":0.0,"timestamp":1612506221,"path_taken":["M","?","?","?","M","E","?","M","T","R","E"],"items_purchased_type":[],"build_version":"2020-12-22","purchased_purges":0,"victory":false,"max_hp_per_floor":[68,68,68,62,62,62,62,62,62,62,62,62],"relic_stats":{"counters":[6,19],"Golden Idol":16,"Gambling Chip":[7],"obtain_stats":[{"NeowsBlessing":0,"Golden Idol":4,"Gambling Chip":6,"Molten Egg 2":9,"PureWater":0},{"NeowsBlessing":0,"Golden Idol":2,"Gambling Chip":4,"Molten Egg 2":5,"PureWater":0},{"NeowsBlessing":0,"Golden Idol":2,"Gambling Chip":12,"Molten Egg 2":16,"PureWater":0}]},"card_choices":[{"not_picked":["BowlingBash","ClearTheMind"],"picked":"CutThroughFate","floor":1.0},{"not_picked":["Crescendo","Evaluate"],"picked":"TalkToTheHand","floor":3.0},{"not_picked":["ClearTheMind","Prostrate"],"picked":"FearNoEvil","floor":5.0},{"not_picked":["FlyingSleeves","Fasting2","Perseverance"],"picked":"SKIP","floor":6},{"not_picked":["Worship","FlyingSleeves"],"picked":"Weave","floor":8}],"player_experience":771473,"relics_obtained":[{"floor":6,"key":"Gambling Chip"},{"floor":9,"key":"Molten Egg 2"}],"event_choices":[{"damage_healed":0.0,"max_hp_gain":0.0,"max_hp_loss":0.0,"gold_gain":275.0,"event_name":"Golden Shrine","player_choice":"Desecrate","floor":2.0,"gold_loss":0.0,"damage_taken":0.0,"cards_obtained":["Regret"]},{"damage_healed":0.0,"max_hp_gain":0.0,"max_hp_loss":6.0,"gold_gain":0.0,"event_name":"Golden Idol","player_choice":"Lose Max HP","floor":4.0,"gold_loss":0.0,"damage_taken":0.0,"relics_obtained":["Golden Idol"]},{"damage_healed":15,"gold_gain":0,"player_choice":"Healed and dodged fight","damage_taken":0,"max_hp_gain":0,"max_hp_loss":0,"event_name":"Mushrooms","floor":7,"gold_loss":0,"cards_obtained":["Parasite"]}],"is_beta":false,"boss_relics":[],"items_purged_floors":[],"is_endless":false,"potions_floor_spawned":[1,8],"killed_by":"Gremlin Nob","ascension_level":20}}