{"host":"coat6gkfrd6s61c3","time":1612498813,"event":{"mods":["2.2 Compatiblity","AchievementEnabler","BaseMod","Colored Powertips","Conspire","Friendly Minions","Hermit","Hubris","Infinite Spire","Minty Spire (QoL Compilation)","Practice Mode","Replay The Spire","Shop Mod","StSLib","Waifu the Spire","everything is the same but u backflip on backflip","slay the spire mod where everything is the same but ironclad has a cowboy hat"],"gold_per_floor":[118,133,133,133,148,178,178,178,205,217,25,53,53,53,53],"floor_reached":14,"language":"ENG","playtime":685,"items_purged":[],"score":98,"play_id":"ae7b50d7-2baa-4b40-a8f7-4a6168781f7d","local_time":"20210205145013","is_ascension_mode":false,"campfire_choices":[{"data":"hermit:FullyLoaded","floor":8,"key":"SMITH"},{"data":"Apotheosis","floor":13,"key":"SMITH"}],"circlet_count":0,"master_deck":["hermit:Strike_Hermit+1","hermit:Strike_Hermit","hermit:Strike_Hermit","hermit:Strike_Hermit","hermit:Defend_Hermit","hermit:Defend_Hermit","hermit:Defend_Hermit","hermit:Defend_Hermit","hermit:Snapshot","hermit:Covet","hubris:Compulsion","hermit:Roughhouse","hermit:Brawl","hermit:FullyLoaded+1","hermit:Showdown","Alpha+1","hermit:Maintenance","Apotheosis+1","hermit:Feint"],"relics":["hermit:Momento","Nunchaku","infinitespire:Satchel","Replay:Baseball"],"acts_visited":["Exordium"],"potions_floor_usage":[6,14],"damage_taken":[{"damage":5,"enemies":"2 Louse","floor":1,"turns":2},{"damage":1,"enemies":"Cultist","floor":2,"turns":4},{"damage":3,"enemies":"Small Slimes","floor":5,"turns":3},{"damage":25,"enemies":"Gremlin Nob","floor":6,"turns":4},{"damage":0,"enemies":"2 Fungi Beasts","floor":10,"turns":3},{"damage":19,"enemies":"Replay:BlueRogue","floor":12,"turns":4},{"damage":24,"enemies":"Gremlin Nob","floor":14,"turns":4}],"seed_played":"-7253467973508576010","potions_obtained":[{"floor":2,"key":"LiquidMemories"},{"floor":5,"key":"Explosive Potion"},{"floor":6,"key":"DuplicationPotion"},{"floor":10,"key":"PowerPotion"}],"is_trial":false,"path_per_floor":["M","M","?","?","M","E","?","R","T","M","$","E","R","E"],"character_chosen":"HERMIT","items_purchased":["Apotheosis"],"campfire_rested":0,"item_purchase_floors":[11],"current_hp_per_floor":[70,69,69,69,66,41,41,41,41,41,41,22,22,0,0],"gold":53,"neow_bonus":"THREE_RARE_CARDS","is_daily":false,"chose_seed":false,"campfire_upgraded":2,"win_rate":0.0,"timestamp":1612498813,"path_taken":["M","M","?","?","?","E","?","R","T","?","?","E","R","E"],"items_purchased_type":["Card"],"build_version":"2020-12-22","purchased_purges":0,"victory":false,"max_hp_per_floor":[75,75,75,75,75,75,75,75,75,75,75,75,75,75,75],"card_choices":[{"not_picked":["hermit:HighNoon","hermit:Adapt"],"picked":"hermit:Roughhouse","floor":0},{"not_picked":["hermit:Showdown","hermit:TrackingShot"],"picked":"hermit:Brawl","floor":1},{"not_picked":["hermit:Ricochet","hermit:Dive"],"picked":"hermit:FullyLoaded","floor":2},{"not_picked":["hermit:Misfire","hermit:Scavenge"],"picked":"hermit:Showdown","floor":5},{"not_picked":["hermit:Ricochet","hermit:HoleUp"],"picked":"hermit:Gambit","floor":6},{"not_picked":["hermit:CalledShot","hermit:HighCaliber"],"picked":"hermit:Maintenance","floor":10},{"not_picked":["hermit:FinalCanter","hermit:Roulette"],"picked":"hermit:Feint","floor":12}],"player_experience":760064,"relics_obtained":[{"floor":6,"key":"Nunchaku"},{"floor":9,"key":"infinitespire:Satchel"},{"floor":12,"key":"Replay:Baseball"}],"event_choices":[{"damage_healed":0,"gold_gain":0,"player_choice":"0 cards matched","damage_taken":0,"max_hp_gain":0,"max_hp_loss":0,"event_name":"Match and Keep!","floor":4,"gold_loss":0,"cards_obtained":[]},{"cards_removed":["hermit:Gambit"],"damage_healed":0,"gold_gain":0,"player_choice":"Took Card","damage_taken":0,"max_hp_gain":0,"max_hp_loss":0,"event_name":"NoteForYourself","floor":7,"gold_loss":0,"cards_obtained":["Alpha"]}],"is_beta":false,"boss_relics":[],"items_purged_floors":[],"is_endless":false,"potions_floor_spawned":[2,5,6,10],"killed_by":"Gremlin Nob","ascension_level":0}}