{"host":"ELF","time":1612509444,"event":{"mods":["BaseMod","Bestiary","Minty Spire (QoL Compilation)","Relic Stats","Slay the Relics Exporter"],"gold_per_floor":[113,113,188,188,10,53,53,67,91,120,120,140,140,154,154,248,248,262,287,287,287],"floor_reached":20,"language":"ENG","playtime":658,"items_purged":[],"score":394,"play_id":"38db2bcc-e5bc-400f-bb44-51aefdbcec02","local_time":"20210205011724","is_ascension_mode":true,"campfire_choices":[{"floor":7,"key":"REST"},{"floor":13,"key":"REST"},{"data":"Glacier","floor":15,"key":"SMITH"}],"circlet_count":0,"master_deck":["AscendersBane","Strike_B","Strike_B","Strike_B","Strike_B","Defend_B","Defend_B","Defend_B","Defend_B","Zap","Dualcast","Rip and Tear","Self Repair","Steam","Cold Snap","Gash","Glacier+1","Hologram+1","Conserve Battery","Gash","Amplify","Ball Lightning+1","Coolheaded"],"relics":["Cracked Core","NeowsBlessing","Golden Idol","Potion Belt","Matryoshka","Smiling Mask","Odd Mushroom","Velvet Choker"],"acts_visited":["Exordium","TheCity"],"potions_floor_usage":[10,16],"damage_taken":[{"damage":0,"enemies":"Jaw Worm","floor":1,"turns":1},{"damage":0,"enemies":"Lagavulin","floor":6,"turns":1},{"damage":0,"enemies":"Small Slimes","floor":8,"turns":1},{"damage":8,"enemies":"The Mushroom Lair","floor":10,"turns":5},{"damage":11,"enemies":"2 Louse","floor":12,"turns":2},{"damage":6,"enemies":"Blue Slaver","floor":14,"turns":4},{"damage":29,"enemies":"Hexaghost","floor":16,"turns":15},{"damage":30,"enemies":"3 Byrds","floor":18,"turns":8},{"damage":31,"enemies":"Spheric Guardian","floor":19,"turns":5},{"damage":10,"enemies":"Masked Bandits","floor":20,"turns":2}],"seed_played":"-3638708753216626920","potions_obtained":[{"floor":1,"key":"SkillPotion"},{"floor":12,"key":"Block Potion"},{"floor":18,"key":"Dexterity Potion"}],"is_trial":false,"path_per_floor":["M","?","?","?","$","E","R","M","T","?","?","M","R","M","R","B",null,"M","M","?"],"character_chosen":"DEFECT","items_purchased":["Self Repair","Steam","Cold Snap"],"campfire_rested":2,"item_purchase_floors":[5,5,5],"current_hp_per_floor":[64,40,29,3,3,3,24,24,24,23,23,12,33,34,34,12,56,33,9,0,0],"gold":287,"neow_bonus":"THREE_ENEMY_KILL","is_daily":false,"chose_seed":false,"campfire_upgraded":1,"win_rate":0.0,"timestamp":1612509444,"path_taken":["M","?","?","?","$","E","R","M","T","?","?","M","R","M","R","BOSS","M","M","?"],"items_purchased_type":["Card","Card","Card"],"build_version":"2020-12-18","purchased_purges":0,"victory":false,"max_hp_per_floor":[71,71,71,71,71,71,71,71,71,71,71,71,71,71,71,71,71,71,71,71,71],"relic_stats":{"counters":[10,44],"Golden Idol":60,"Smiling Mask":0,"obtain_stats":[{"Potion Belt":4,"Matryoshka":6,"NeowsBlessing":0,"Golden Idol":2,"Velvet Choker":17,"Odd Mushroom":10,"Cracked Core":0,"Smiling Mask":9},{"Potion Belt":1,"Matryoshka":2,"NeowsBlessing":0,"Golden Idol":1,"Velvet Choker":7,"Odd Mushroom":4,"Cracked Core":0,"Smiling Mask":3},{"Potion Belt":1,"Matryoshka":2,"NeowsBlessing":0,"Golden Idol":1,"Velvet Choker":29,"Odd Mushroom":8,"Cracked Core":0,"Smiling Mask":3}]},"card_choices":[{"not_picked":["Chaos","Ball Lightning"],"picked":"Rip and Tear","floor":1},{"not_picked":["Conserve Battery","Sunder"],"picked":"Gash","floor":6},{"not_picked":["Go for the Eyes","Ball Lightning"],"picked":"Glacier","floor":8},{"not_picked":["Turbo","Hello World"],"picked":"Hologram","floor":10},{"not_picked":["Ball Lightning","Compile Driver"],"picked":"Conserve Battery","floor":12},{"not_picked":["Sweeping Beam","Streamline"],"picked":"Gash","floor":14},{"not_picked":["Thunder Strike","Multi-Cast"],"picked":"Amplify","floor":16},{"not_picked":["Steam","Sweeping Beam"],"picked":"Ball Lightning+1","floor":18},{"not_picked":["Consume","Heatsinks"],"picked":"Coolheaded","floor":19}],"player_experience":3401440,"relics_obtained":[{"floor":6,"key":"Matryoshka"},{"floor":9,"key":"Smiling Mask"},{"floor":10,"key":"Odd Mushroom"}],"event_choices":[{"damage_healed":0,"gold_gain":0,"player_choice":"Take Damage","damage_taken":24,"relics_obtained":["Golden Idol"],"max_hp_gain":0,"max_hp_loss":0,"event_name":"Golden Idol","floor":2,"gold_loss":0},{"damage_healed":0,"gold_gain":75,"player_choice":"Gather Gold","damage_taken":11,"max_hp_gain":0,"max_hp_loss":0,"event_name":"World of Goop","floor":3,"gold_loss":0},{"damage_healed":0,"gold_gain":0,"player_choice":"Success","damage_taken":26,"relics_obtained":["Potion Belt"],"max_hp_gain":0,"max_hp_loss":0,"event_name":"Scrap Ooze","floor":4,"gold_loss":0},{"damage_healed":0,"gold_gain":0,"player_choice":"Fought Mushrooms","damage_taken":0,"max_hp_gain":0,"max_hp_loss":0,"event_name":"Mushrooms","floor":10,"gold_loss":0},{"damage_healed":0,"gold_gain":0,"player_choice":"Grow","damage_taken":0,"max_hp_gain":0,"max_hp_loss":0,"event_name":"Living Wall","floor":11,"gold_loss":0,"cards_upgraded":["Hologram"]},{"damage_healed":0,"gold_gain":0,"player_choice":"Fought Bandits","damage_taken":0,"max_hp_gain":0,"max_hp_loss":0,"event_name":"Masked Bandits","floor":20,"gold_loss":0}],"is_beta":true,"boss_relics":[{"not_picked":["Fusion Hammer","Busted Crown"],"picked":"Velvet Choker"}],"items_purged_floors":[],"is_endless":false,"potions_floor_spawned":[1,12,18],"killed_by":"Masked Bandits","ascension_level":20}}