{"host":"4a0aa7b2d8dxohwr","time":1612506448,"event":{"mods":["ATMod(∞¢Ë™Mod)","Act Like it!","BaseMod","Dota2Spire","Friendly Minions","Gensokyo","GifTheSpireLib","GungeonMod","Marisa£®ÏF”Í°°ƒß¿Ì…≥£©","Minty Spire (QoL Compilation)","Reimu£®≤©¿ˆ¡È√Œ£©","Reliquary","Remilia£®¿Ÿ√◊¿Ú—«£©","Shop Mod","StSLib","The Cursed","The Senshi","The Servant 0.9.4","Youmu£®ªÍ∆«—˝√Œ£©","[IsaacMod]“‘»ˆº‚À˛"],"gold_per_floor":[118,198,218,235,252,283,303,303,303,303,43,77,77,5,5,110,110,148,388,388,474,514,673,673,782,782,934,997,1072,1072,1132,1132,1359,1359,1446,1625,1662,1248,1293,1447,1492,1492,1492,821,913,464,490,549,549,674,674,674,71,224,249],"floor_reached":56,"language":"ZHS","playtime":3891,"items_purged":["Strike_G","Pain","Strike_G","Strike_G","Shame"],"score":2925,"play_id":"5c66d7fe-88b3-4694-b63e-988d8f653adf","local_time":"20210205142728","is_ascension_mode":true,"campfire_choices":[{"data":"AT_FamilyPortrait","floor":13.0,"key":"SMITH"},{"data":"AT_ArcaneSupremacy","floor":15.0,"key":"SMITH"},{"data":"AT_EssenceShift","floor":24,"key":"SMITH"},{"data":"Adrenaline","floor":32,"key":"SMITH"},{"data":"AT_KneejerkReflex","floor":42,"key":"SMITH"},{"floor":49,"key":"RECALL"},{"data":"AT_KingSlayer","floor":52,"key":"SMITH"}],"circlet_count":0,"master_deck":["AscendersBane","Strike_G","Strike_G","Defend_G","Defend_G","Defend_G","Defend_G+1","Defend_G","Survivor","Neutralize","AT_FamilyPortrait+1","Acrobatics","Poisoned Stab","Backflip","PiercingWail","AT_WindFlip+1","AT_ArcaneSupremacy+1","Adrenaline+1","AT_EssenceShift+1","AT_ShadowStep+1","Night Terror","Cloak And Dagger","Dagger Throw","Blade Dance","AT_KingSlayer+1","Cloak And Dagger+1","AT_KneejerkReflex+1","Infinite Blades+1","Parasite","Accuracy","Accuracy"],"relics":["HushsDoor","AT_ATBox","BookOfRevelations","reliquary:Craggleroot","FossilizedHelix","Nunchaku","Ancient Tea Set","Cursed Key","AT_MibuBalloonWealth","DemoMod:LamentConfigurum","DemoMod:PartiallyEatenCheese","StoneCalendar","DemoMod:ChaffGrenade","reliquary:PrincelyHelmet","DemoMod:GlassGuonStoneRelic","theSenshi:MoonKaleidoScopeRelic","BookofShadows","Dota2Spire:BladeMail","AT_ChloranthyRing","Dota2Spire:BlackKingBar","Dota2Spire:PowerTreads","Dota2Spire:DrumOfEndurance","AnarchistCookbook","MerchantsRug","Sundial","Dota2Spire:CrimsonGuard","Chemical X","Lantern","Mastiff:ReiMu","Dota2Spire:MagicBottle","Akabeko","ClockworkSouvenir","reliquary:Aerogel","Incense Burner","Gremlin Horn"],"acts_visited":["Exordium","Gensokyo:Gensokyo","TheBeyond","TheEnding"],"potions_floor_usage":[23,25,28,36,37,48,55,55],"damage_taken":[{"damage":0.0,"enemies":"Gensokyo:Python","floor":1.0,"turns":3.0},{"damage":0.0,"enemies":"Gensokyo:3_Fairies","floor":3.0,"turns":4.0},{"damage":1.0,"enemies":"Gensokyo:2_Kodama","floor":4.0,"turns":5.0},{"damage":0.0,"enemies":"Gensokyo:Kitsune","floor":5.0,"turns":5.0},{"damage":0.0,"enemies":"Gensokyo:Cirno","floor":6.0,"turns":5.0},{"damage":0.0,"enemies":"Gensokyo:LivingMonolith","floor":7.0,"turns":3.0},{"damage":0.0,"enemies":"Gensokyo:Aya","floor":12.0,"turns":9.0},{"damage":0.0,"enemies":"Gensokyo:Reimu","floor":16.0,"turns":10.0},{"damage":0.0,"enemies":"Gensokyo:AngelMirror","floor":18.0,"turns":4.0},{"damage":4.0,"enemies":"Gensokyo:Chomper","floor":19.0,"turns":4.0},{"damage":0.0,"enemies":"Gensokyo:3_Gloops","floor":21.0,"turns":3.0},{"damage":4.0,"enemies":"Gensokyo:Wraith","floor":22.0,"turns":11.0},{"damage":0,"enemies":"Gensokyo:Reisen","floor":23,"turns":7},{"damage":0,"enemies":"Gensokyo:Tenshi","floor":25,"turns":5},{"damage":0,"enemies":"Gensokyo:Reisen","floor":27,"turns":3},{"damage":10,"enemies":"Gensokyo:Monolith_and_Dog","floor":28,"turns":7},{"damage":1,"enemies":"Gensokyo:Tenshi","floor":29,"turns":5},{"damage":0,"enemies":"Gensokyo:Chomper_and_Gloop","floor":31,"turns":2},{"damage":0,"enemies":"Gensokyo:Kaguya","floor":33,"turns":8},{"damage":0,"enemies":"3 Shapes","floor":35,"turns":4},{"damage":0,"enemies":"2 Orb Walkers","floor":36,"turns":4},{"damage":0,"enemies":"Orb Walker","floor":37,"turns":7},{"damage":0,"enemies":"Maw","floor":39,"turns":7},{"damage":0,"enemies":"Reptomancer","floor":40,"turns":7},{"damage":0,"enemies":"Writhing Mass","floor":41,"turns":5},{"damage":0,"enemies":"Sphere and 2 Shapes","floor":45,"turns":2},{"damage":0,"enemies":"Giant Head","floor":48,"turns":2},{"damage":0,"enemies":"Awakened One","floor":50,"turns":3},{"damage":0,"enemies":"Shield and Spear","floor":54,"turns":3},{"damage":0,"enemies":"The Heart","floor":55,"turns":5}],"seed_played":"5714253626159477720","potions_obtained":[{"floor":1.0,"key":"SkillPotion"},{"floor":5.0,"key":"SkillPotion"},{"floor":6.0,"key":"SmokeBomb"},{"floor":12.0,"key":"Regen Potion"},{"floor":19.0,"key":"SkillPotion"},{"floor":23,"key":"DistilledChaos"},{"floor":27,"key":"Weak Potion"},{"floor":28,"key":"Dota2Spire:Clarity"},{"floor":33,"key":"AttackPotion"},{"floor":33,"key":"Block Potion"},{"floor":39,"key":"ZuzhouPotion:ReiMu"},{"floor":40,"key":"Fire Potion"},{"floor":45,"key":"ColorlessPotion"},{"floor":48,"key":"LiquidMemories"},{"floor":54,"key":"Strength Potion"}],"is_trial":false,"path_per_floor":["M","?","M","M","M","E","M","?","T","?","$","E","R","COS","R","B",null,"M","M","?","M","M","E","R","E","T","E","M","E","?","M","R","B",null,"M","?","M","$","M","E","M","R","T","$","M","$","T","E","R","B",null,"R","$","E","B",null],"character_chosen":"THE_SILENT","items_purchased":["AT_ArcaneSupremacy","Nunchaku","AT_KneejerkReflex","Dota2Spire:BlackKingBar","MerchantsRug","Lee\u0027s Waffle","Sundial","Chemical X","Lantern","Akabeko","ClockworkSouvenir","Accuracy","CunningPotion","reliquary:Aerogel"],"campfire_rested":0,"item_purchase_floors":[11,11,38,38,44,44,44,46,46,53,53,53,53,53],"current_hp_per_floor":[63,63,63,62,62,62,62,62,62,69,69,69,69,69,69,69,75,75,71,64,64,60,77,77,77,77,77,67,66,66,66,66,66,74,74,74,74,74,74,74,74,74,74,84,84,84,84,84,84,84,84,84,84,84,82],"gold":249,"neow_bonus":"BOSS_RELIC","is_daily":false,"chose_seed":false,"campfire_upgraded":6,"win_rate":0.0,"timestamp":1612506448,"path_taken":["M","?","M","M","M","E","M","?","T","?","?","E","R","COS","R","BOSS","M","M","?","M","M","E","R","E","T","E","?","E","?","M","R","BOSS","M","?","M","$","M","E","M","R","T","$","M","$","?","E","R","BOSS","R","$","E","BOSS"],"items_purchased_type":["Card","Relic","Card","Relic","Relic","Relic","Relic","Relic","Relic","Relic","Relic","Card","Potion","Relic"],"build_version":"2020-12-22","purchased_purges":5,"victory":true,"max_hp_per_floor":[70,70,70,70,70,70,70,70,70,77,77,77,77,77,77,77,77,77,77,77,77,77,77,77,77,77,77,77,77,77,77,77,77,77,77,77,77,77,77,77,77,77,77,84,84,84,84,84,84,84,84,84,84,84,82],"card_choices":[{"not_picked":[],"picked":"Bomb","floor":0.0},{"not_picked":["Outmaneuver","Predator"],"picked":"Acrobatics","floor":1.0},{"not_picked":["Acrobatics","Phantasmal Killer","Eviscerate"],"picked":"SKIP","floor":3.0},{"not_picked":["Escape Plan","AT_TinkerSharpsword"],"picked":"Poisoned Stab","floor":4.0},{"not_picked":["Deflect","Caltrops"],"picked":"Backflip","floor":5.0},{"not_picked":["Bouncing Flask","Catalyst"],"picked":"PiercingWail","floor":6.0},{"not_picked":["PiercingWail","Bullet Time","Dodge and Roll"],"picked":"SKIP","floor":7.0},{"not_picked":["Deadly Poison","Envenom"],"picked":"Adrenaline","floor":12.0},{"not_picked":["Phantasmal Killer","Glass Knife"],"picked":"AT_EssenceShift","floor":16.0},{"not_picked":["Deadly Poison","Poisoned Stab"],"picked":"AT_ShadowStep+1","floor":18.0},{"not_picked":["AT_WindFlip","Deadly Poison","Acrobatics+1"],"picked":"SKIP","floor":19.0},{"not_picked":["Calculated Gamble+1","Prepared"],"picked":"Cloak And Dagger","floor":21.0},{"not_picked":["AT_ThistleTea","Deflect","Flying Knee"],"picked":"SKIP","floor":22.0},{"not_picked":["Envenom","Cloak And Dagger","Night Terror"],"picked":"SKIP","floor":23},{"not_picked":["Bane","Concentrate","Deadly Poison"],"picked":"SKIP","floor":25},{"not_picked":["Blade Dance","Malaise"],"picked":"Dagger Throw","floor":27},{"not_picked":["Well Laid Plans","PiercingWail","Quick Slash"],"picked":"SKIP","floor":28},{"not_picked":["Underhanded Strike","PiercingWail","AT_TwilightShroud"],"picked":"SKIP","floor":29},{"not_picked":["Poisoned Stab","Escape Plan"],"picked":"Blade Dance","floor":31},{"not_picked":["Phantasmal Killer","Venomology"],"picked":"AT_KingSlayer","floor":33},{"not_picked":["Dodge and Roll+1","Bane","Dagger Throw+1"],"picked":"SKIP","floor":35},{"not_picked":["PiercingWail+1","Noxious Fumes"],"picked":"Cloak And Dagger+1","floor":37},{"not_picked":["Catalyst+1","Caltrops","Deflect+1"],"picked":"SKIP","floor":39},{"not_picked":["AT_WomanClash+1","A Thousand Cuts","Underhanded Strike"],"picked":"SKIP","floor":40},{"not_picked":["Slice","Concentrate"],"picked":"Infinite Blades+1","floor":41},{"not_picked":["Underhanded Strike+1","Bouncing Flask+1","Backflip"],"picked":"SKIP","floor":45},{"not_picked":["Wraith Form v2","AT_ThistleTea+1","Backflip+1"],"picked":"SKIP","floor":48},{"not_picked":["Blade Dance","Noxious Fumes"],"picked":"Accuracy","floor":54}],"player_experience":555230,"relics_obtained":[{"floor":6.0,"key":"FossilizedHelix"},{"floor":12.0,"key":"Ancient Tea Set"},{"floor":23,"key":"DemoMod:LamentConfigurum"},{"floor":25,"key":"DemoMod:PartiallyEatenCheese"},{"floor":26,"key":"StoneCalendar"},{"floor":27,"key":"reliquary:PrincelyHelmet"},{"floor":29,"key":"AT_BellDemon"},{"floor":35,"key":"BookofShadows"},{"floor":36,"key":"reliquary:KillPill"},{"floor":36,"key":"Dota2Spire:BladeMail"},{"floor":37,"key":"AT_ChloranthyRing"},{"floor":39,"key":"Dota2Spire:PowerTreads"},{"floor":40,"key":"Dota2Spire:DrumOfEndurance"},{"floor":43,"key":"AnarchistCookbook"},{"floor":45,"key":"Dota2Spire:CrimsonGuard"},{"floor":47,"key":"CeramicFish"},{"floor":48,"key":"Mastiff:ReiMu"},{"floor":48,"key":"Dota2Spire:MagicBottle"},{"floor":54,"key":"Gremlin Horn"}],"event_choices":[{"damage_healed":0,"gold_gain":0,"player_choice":"Fight","damage_taken":0,"max_hp_gain":0,"max_hp_loss":0,"event_name":"Mysterious Sphere","floor":36,"gold_loss":0}],"is_beta":false,"boss_relics":[{"not_picked":["Snecko Eye","DemoMod:WaxWing"],"picked":"Cursed Key"},{"not_picked":[]},{"not_picked":["reliquary:RedCape","SacredBark"],"picked":"theSenshi:MoonKaleidoScopeRelic"},{"not_picked":[]}],"items_purged_floors":[11,38,44,46,53],"is_endless":false,"potions_floor_spawned":[1,5,6,12,19,23,27,28,33,39,40,45,48,54],"ascension_level":11}}