{"host":"nlh1m2716594vj2h","time":1612491141,"event":{"mods":["AchievementEnabler","BaseMod","Beaked The Cultist","BetterRewards","Downfall","Glutton Mod","Googly Eyes","Hermit","Hubris","Jorbs\u0027s Wanderer Trilogy","Marisa????????","Minty Spire (QoL Compilation)","Replay The Spire","Shop Mod","StSLib","The Animator","The Blackbeard","The Bug Knight","The Cursed","The Hierophant","The Necromancer","The Runesmith","The Servant 0.9.4"],"gold_per_floor":[99,118,131,231,231,131,158,158,158,169,79,157,142,161,179,276,276,276,295,308,321,332,72,72,72,84,84,184,195,72,91,110,212,212,212,224,235,28,28,47,47,47,63,63,63,63,63],"floor_reached":45,"language":"ENG","playtime":3120,"items_purged":["downfall:Malfunctioning","downfall:Icky"],"score":484,"play_id":"b329c8e7-5ef4-4a36-8ab9-979fc2eb973a","local_time":"20210204211221","is_ascension_mode":false,"campfire_choices":[{"floor":1,"key":"RECALL"},{"data":"bronze:ChosenStrike","floor":6,"key":"SMITH"},{"data":"bronze:Strike","floor":9,"key":"SMITH"},{"data":"bronze:SpaghettiCode","floor":18,"key":"SMITH"},{"data":"bronze:Mutator","floor":35,"key":"SMITH"},{"data":"expansioncontent:DashGenerateEvil","floor":42,"key":"SMITH"}],"circlet_count":0,"master_deck":["bronze:Strike","bronze:Strike+1","bronze:Defend","bronze:Defend","bronze:Defend+1","bronze:Replicate+1","bronze:Goto+1","bronze:ChosenStrike+1","bronze:Frontload+1","bronze:ChildClass","bronze:ChosenStrike","bronze:DelayedSlice","bronze:Iterate","bronze:Flail","bronze:SpaghettiCode+1","bronze:BuggyMess+1","bronze:Allocate","bronze:Iterate","bronze:Return","expansioncontent:QuickStudy","bronze:GetLatest+1","Slimebound:CheckThePlaybook","bronze:FineTuning","bronze:OilSpill","bronze:ItsAFeature","bronze:Overload","bronze:Mutator+1","expansioncontent:DashGenerateEvil+1","bronze:FineTuning","bronze:Allocate","expansioncontent:DashGenerateEvil+1"],"relics":["bronze:BronzeCore","downfall:HeartBlessingRed","HollowMod:PaleOreRelic","bronze:CableSpool","Replay:Grab Bag","Busted Crown","ChewingGum","Replay:Drink Me","Akabeko","Replay:WaspNest","hubris:CuriousFeather","CaptainsWheel","SacredBark","downfall:TeleportStone"],"acts_visited":["Exordium","TheCity","TheBeyond"],"potions_floor_usage":[16,20,29,33],"damage_taken":[{"damage":0,"enemies":"Small Slimes","floor":2,"turns":5},{"damage":1,"enemies":"Jaw Worm","floor":3,"turns":3},{"damage":0,"enemies":"2 Louse","floor":10,"turns":2},{"damage":0,"enemies":"downfall:FleeingMerchant","floor":11,"turns":4},{"damage":0,"enemies":"downfall:FleeingMerchant","floor":13,"turns":4},{"damage":0,"enemies":"Blue Slaver","floor":14,"turns":2},{"damage":0,"enemies":"3 Louse","floor":15,"turns":2},{"damage":16,"enemies":"DF_ARCHETYPE_STREAMLINE","floor":16,"turns":6},{"damage":0,"enemies":"Chosen and Byrds","floor":19,"turns":2},{"damage":0,"enemies":"Centurion and Healer","floor":20,"turns":2},{"damage":0,"enemies":"Shelled Parasite and Fungi","floor":21,"turns":2},{"damage":10,"enemies":"Cultist and Chosen","floor":22,"turns":2},{"damage":0,"enemies":"downfall:FleeingMerchant","floor":23,"turns":4},{"damage":0,"enemies":"Snecko","floor":26,"turns":1},{"damage":14,"enemies":"Chosen and Byrds","floor":29,"turns":2},{"damage":0,"enemies":"Centurion and Healer","floor":31,"turns":2},{"damage":4,"enemies":"Snake Plant","floor":32,"turns":2},{"damage":0,"enemies":"WA_ARCHETYPE_CALM","floor":33,"turns":4},{"damage":0,"enemies":"Orb Walker","floor":36,"turns":1},{"damage":15,"enemies":"3 Shapes","floor":37,"turns":1},{"damage":3,"enemies":"Jaw Worm Horde","floor":40,"turns":3},{"damage":2,"enemies":"Transient","floor":43,"turns":5},{"damage":42,"enemies":"HollowMod:StalkingDevout","floor":45,"turns":4}],"seed_played":"-5027038987025674327","potions_obtained":[{"floor":2,"key":"Languid Potion"},{"floor":3,"key":"GamblersBrew"},{"floor":14,"key":"SpeedPotion"},{"floor":15,"key":"Energy Potion"},{"floor":16,"key":"PowerPotion"},{"floor":22,"key":"DistilledChaos"},{"floor":29,"key":"Strength Potion"},{"floor":33,"key":"PowerPotion"}],"is_trial":false,"path_per_floor":["R","M","M","?","?","R","T","?","R","M","$","T","$","M","M","B",null,"R","M","M","M","M","$","T","?","M","?","?","M","$","M","M","B",null,"R","M","M","$","?","M","T","R","M","?","E"],"character_chosen":"THE_AUTOMATON","items_purchased":["expansioncontent:QuickStudy","Akabeko","Replay:WaspNest","bronze:OilSpill","expansioncontent:DashGenerateEvil","bronze:FineTuning"],"campfire_rested":0,"item_purchase_floors":[23,23,23,30,38,38],"current_hp_per_floor":[77,77,76,76,76,76,76,76,76,76,76,76,76,76,76,60,58,58,58,58,58,48,48,48,43,43,43,43,29,29,29,25,25,58,58,58,43,43,43,40,40,40,38,38,0,0,0],"gold":63,"neow_bonus":"TEN_PERCENT_HP_BONUS","is_daily":false,"chose_seed":false,"campfire_upgraded":5,"win_rate":0.0,"timestamp":1612491141,"path_taken":["R","M","M","?","?","R","T","?","R","M","$","?","$","M","M","BOSS","R","M","M","M","M","$","T","?","M","?","?","M","$","?","M","BOSS","R","M","M","$","?","?","T","R","M","?","E"],"items_purchased_type":["Card","Relic","Relic","Card","Card","Card"],"build_version":"2020-12-22","purchased_purges":2,"victory":false,"max_hp_per_floor":[77,77,77,77,77,77,77,77,77,77,77,77,77,77,77,77,58,58,58,58,58,58,58,58,58,58,58,58,58,58,58,58,58,58,58,58,58,58,58,58,58,58,58,58,58,58,58],"card_choices":[{"not_picked":["bronze:ForLoop","bronze:Allocate"],"picked":"bronze:ChosenStrike","floor":2},{"not_picked":["bronze:Shell","bronze:OilSpill"],"picked":"bronze:Frontload","floor":3},{"not_picked":["bronze:Philosophize","bronze:ClassDefault"],"picked":"bronze:ChildClass","floor":10},{"not_picked":["bronze:Shield","bronze:BuggyMess"],"picked":"bronze:ChosenStrike","floor":11},{"not_picked":["bronze:DarkDash","bronze:ItsAFeature"],"picked":"bronze:DelayedSlice","floor":13},{"not_picked":["bronze:DelayedSlice","bronze:BuggyMess"],"picked":"bronze:Iterate","floor":14},{"not_picked":["bronze:BugBarrage","bronze:ChildClass"],"picked":"bronze:Flail","floor":15},{"not_picked":["bronze:CleanCode","bronze:FindAndReplace"],"picked":"bronze:SpaghettiCode","floor":16},{"not_picked":[],"picked":"bronze:BuggyMess+1","floor":19},{"not_picked":[],"picked":"bronze:Allocate","floor":20},{"not_picked":[],"picked":"bronze:Iterate","floor":21},{"not_picked":["bronze:Invalidate"],"picked":"SKIP","floor":22},{"not_picked":[],"picked":"bronze:Return","floor":23},{"not_picked":[],"picked":"bronze:GetLatest+1","floor":26},{"not_picked":[],"picked":"bronze:FineTuning","floor":29},{"not_picked":[],"picked":"bronze:ItsAFeature","floor":31},{"not_picked":[],"picked":"bronze:Overload","floor":32},{"not_picked":[],"picked":"bronze:Mutator","floor":33},{"not_picked":["bronze:WildBeam"],"picked":"SKIP","floor":36},{"not_picked":["bronze:Invalidate+1"],"picked":"SKIP","floor":37},{"not_picked":[],"picked":"bronze:Allocate","floor":40},{"not_picked":["bronze:NullPointer+1"],"picked":"SKIP","floor":43}],"player_experience":457099,"relics_obtained":[{"floor":7,"key":"HollowMod:PaleOreRelic"},{"floor":12,"key":"bronze:CableSpool"},{"floor":24,"key":"hubris:CuriousFeather"}],"event_choices":[{"damage_healed":0,"gold_gain":0,"player_choice":"CaptainsWheel","damage_taken":0,"relics_obtained":["CaptainsWheel"],"max_hp_gain":0,"max_hp_loss":0,"event_name":"blackbeard:ShipwreckEvent","floor":25,"gold_loss":0}],"is_beta":false,"boss_relics":[{"not_picked":["ReplayTheSpireMod:DimensionalGlitch","Black Star"],"picked":"Replay:Grab Bag"},{"not_picked":["Replay:Bronze Core","Coffee Dripper"],"picked":"Busted Crown"},{"not_picked":["Runesmith:UraniumAnvil","Fusion Hammer"],"picked":"ChewingGum"},{"not_picked":["hubris:Backtick","beaked:SacredDeck"],"picked":"Replay:Drink Me"},{"not_picked":["Snecko Eye","Empty Cage"],"picked":"SacredBark"}],"items_purged_floors":[11,30],"is_endless":false,"potions_floor_spawned":[2,3,14,15,16,22,26,29,31,33,36],"killed_by":"HollowMod:StalkingDevout","ascension_level":0}}