{"host":"rolltorest","time":1612560215,"event":{"mods":["BaseMod","Minty Spire (QoL Compilation)","Relic Stats","Slay the Relics Exporter","StSLib"],"gold_per_floor":[99,99,63,63,63,63,63,63,63,63,63,63,3,3,3,3,3,3,3,3,3,3,3,3,3,3,3,3],"floor_reached":27,"language":"ENG","playtime":965,"items_purged":[],"score":438,"play_id":"eb33f82e-7f5c-45b0-9f2e-f610a5f76a4e","local_time":"20210205132335","is_ascension_mode":true,"campfire_choices":[{"floor":6,"key":"REST"},{"floor":8,"key":"REST"},{"floor":11,"key":"REST"},{"data":"Sweeping Beam","floor":15,"key":"SMITH"},{"data":"Capacitor","floor":23,"key":"SMITH"}],"circlet_count":0,"master_deck":["AscendersBane","Strike_B","Strike_B","Strike_B","Strike_B","Defend_B","Defend_B","Defend_B","Defend_B","Zap","Dualcast","Self Repair","Undo","Leap+1","Capacitor+1","Ball Lightning","Sweeping Beam+1","Darkness+1","Electrodynamics","Coolheaded+1","Ghostly+1","Ghostly+1","Ghostly+1","FTL","Coolheaded+1"],"relics":["Ectoplasm","Lizard Tail","Toxic Egg 2","Blue Candle","Regal Pillow","Inserter","Red Mask","Molten Egg 2"],"acts_visited":["Exordium","TheCity"],"potions_floor_usage":[21,27],"damage_taken":[{"damage":6,"enemies":"2 Louse","floor":1,"turns":3},{"damage":7,"enemies":"Jaw Worm","floor":2,"turns":3},{"damage":42,"enemies":"3 Sentries","floor":7,"turns":16},{"damage":14,"enemies":"Lagavulin","floor":10,"turns":10},{"damage":0,"enemies":"Cultist","floor":12,"turns":5},{"damage":6,"enemies":"Looter","floor":13,"turns":4},{"damage":0,"enemies":"3 Louse","floor":14,"turns":4},{"damage":62,"enemies":"Hexaghost","floor":16,"turns":10},{"damage":30,"enemies":"Chosen","floor":18,"turns":7},{"damage":43,"enemies":"Masked Bandits","floor":21,"turns":6},{"damage":6,"enemies":"Spheric Guardian","floor":24,"turns":12},{"damage":31,"enemies":"Book of Stabbing","floor":27,"turns":7}],"seed_played":"5427864025433096439","potions_obtained":[{"floor":1,"key":"SteroidPotion"},{"floor":13,"key":"Regen Potion"},{"floor":24,"key":"Weak Potion"}],"is_trial":false,"path_per_floor":["M","M","?","?","?","R","E","R","T","E","R","M","M","M","R","B",null,"M","?","$","?","?","R","M","$","T","E"],"character_chosen":"DEFECT","items_purchased":[],"campfire_rested":3,"item_purchase_floors":[],"current_hp_per_floor":[58,58,58,23,23,44,9,30,30,23,59,66,67,71,71,16,57,34,34,34,31,24,24,25,25,25,0,0],"gold":3,"neow_bonus":"BOSS_RELIC","is_daily":false,"chose_seed":false,"campfire_upgraded":2,"win_rate":0.0,"timestamp":1612560215,"path_taken":["M","M","?","?","?","R","E","R","T","E","R","M","M","M","R","BOSS","M","?","$","?","?","R","M","$","T","E"],"items_purchased_type":[],"build_version":"2020-12-18","purchased_purges":0,"victory":false,"max_hp_per_floor":[71,71,71,71,71,71,71,71,71,71,71,71,71,71,71,71,71,71,35,35,35,40,40,40,40,40,40,40],"relic_stats":{"Lizard Tail":17,"Regal Pillow":15,"Inserter":[14],"counters":[12,87],"Blue Candle":[0],"Ectoplasm":326,"obtain_stats":[{"Lizard Tail":4,"Regal Pillow":10,"Inserter":17,"Blue Candle":9,"Molten Egg 2":26,"Ectoplasm":0,"Red Mask":21,"Toxic Egg 2":7,"Cracked Core":0},{"Lizard Tail":2,"Regal Pillow":4,"Inserter":8,"Blue Candle":3,"Molten Egg 2":11,"Ectoplasm":0,"Red Mask":10,"Toxic Egg 2":3,"Cracked Core":0},{"Lizard Tail":6,"Regal Pillow":32,"Inserter":55,"Blue Candle":22,"Molten Egg 2":80,"Ectoplasm":0,"Red Mask":68,"Toxic Egg 2":22,"Cracked Core":0}]},"card_choices":[{"not_picked":["Steam Power","Compile Driver"],"picked":"Self Repair","floor":1},{"not_picked":["Beam Cell","Sweeping Beam"],"picked":"Undo","floor":2},{"not_picked":["Turbo+1","Rebound"],"picked":"Leap+1","floor":7},{"not_picked":["Redo+1","Scrape"],"picked":"Capacitor","floor":10},{"not_picked":["BootSequence+1","Steam Power+1"],"picked":"Ball Lightning","floor":12},{"not_picked":["Tempest+1","Redo+1"],"picked":"Sweeping Beam","floor":13},{"not_picked":["Reprogram+1","Rebound"],"picked":"Darkness+1","floor":14},{"not_picked":["Meteor Strike","Reboot+1"],"picked":"Electrodynamics","floor":16},{"not_picked":["Hologram+1","Beam Cell"],"picked":"Coolheaded+1","floor":18},{"not_picked":["Auto Shields+1","Gash"],"picked":"FTL","floor":21},{"not_picked":["BootSequence+1","Sweeping Beam"],"picked":"Coolheaded+1","floor":24}],"player_experience":1870082,"relics_obtained":[{"floor":7,"key":"Toxic Egg 2"},{"floor":9,"key":"Blue Candle"},{"floor":10,"key":"Regal Pillow"},{"floor":21,"key":"Red Mask"},{"floor":26,"key":"Molten Egg 2"}],"event_choices":[{"damage_healed":0,"gold_gain":0,"player_choice":"Left Gold","damage_taken":0,"max_hp_gain":0,"max_hp_loss":0,"event_name":"World of Goop","floor":3,"gold_loss":36},{"damage_healed":0,"gold_gain":0,"player_choice":"Success","damage_taken":35,"relics_obtained":["Lizard Tail"],"max_hp_gain":0,"max_hp_loss":0,"event_name":"Scrap Ooze","floor":4,"gold_loss":0},{"damage_healed":0,"gold_gain":0,"player_choice":"Ignored","damage_taken":0,"max_hp_gain":0,"max_hp_loss":0,"event_name":"Liars Game","floor":5,"gold_loss":0},{"damage_healed":0,"gold_gain":0,"player_choice":"Became a Ghost","damage_taken":0,"max_hp_gain":0,"max_hp_loss":36,"event_name":"Ghosts","floor":19,"gold_loss":0,"cards_obtained":["Ghostly","Ghostly","Ghostly"]},{"damage_healed":0,"gold_gain":0,"player_choice":"Fought Bandits","damage_taken":0,"max_hp_gain":0,"max_hp_loss":0,"event_name":"Masked Bandits","floor":21,"gold_loss":0},{"damage_healed":0,"gold_gain":0,"player_choice":"Shed Blood","damage_taken":12,"max_hp_gain":5,"max_hp_loss":0,"event_name":"Forgotten Altar","floor":22,"gold_loss":0}],"is_beta":true,"boss_relics":[{"not_picked":["Coffee Dripper","Runic Dome"],"picked":"Inserter"}],"items_purged_floors":[],"is_endless":false,"potions_floor_spawned":[1,13,24],"killed_by":"Book of Stabbing","ascension_level":20}}