{"host":"0s8kyghz8ihx2r41","time":1612498465,"event":{"mods":["100% Spire Juice","2.2 Compatiblity","Act Like it!","Bard","BaseMod","CapriCore","Chen","Conspire","Downfall","Friendly Minions","GungeonMod","Hermit","HololiveMod","Hubris","Koishi","Lobotomy","LobotomyExtend","Marisa（霧雨　魔理沙）","Minty Spire (QoL Compilation)","Monster B Gone","Morshu Shopkeeper","Prisma Mod","Reimu（博??梦）","Reliquary","Replay The Spire","Spire Birthday Party","StSLib","The Administrix","The Alterego","The Clintock","The Construct","The Cursed","The Disciple","The Edgeheg","The Gatherer","The Immortal","The Marked","The Mystic","The Servant 0.9.4","TheBandit","TheSwordswoman","TheVacant","Waifu the Spire","Yakumo Yukari mod","Yuyuko","everything is the same but u backflip on backflip","slay the spire mod where everything is the same but ironclad has a cowboy hat"],"gold_per_floor":[215,228,228,228,246,246,263,72,72,72,72,85,98,98,98,198,198,219,75,75,75,75,107,107,107,107,124,124,161,183,31,31,137,137,162,87,87,105,5,5,5,5,5,5,114,134,149,167,167,167,167,167],"floor_reached":50,"language":"ENG","playtime":3241,"items_purged":["hubris:Disease","Replay:Hysterical Blindness"],"score":493,"play_id":"f9fe22bd-3986-4cda-9458-586c478d74e3","local_time":"20210204231425","is_ascension_mode":false,"campfire_choices":[{"floor":6,"key":"REST"},{"data":"wariomod:DoubleDash","floor":10,"key":"SMITH"},{"data":"wariomod:Smackflip","floor":15,"key":"SMITH"},{"floor":25,"key":"REST"},{"floor":32,"key":"REST"},{"floor":40,"key":"REST"},{"data":"alterego_mod:Rake","floor":42,"key":"SMITH"},{"data":"wariomod:ChargeForth","floor":44,"key":"SMITH"},{"floor":49,"key":"REST"}],"circlet_count":0,"master_deck":["wariomod:Strike+1","wariomod:Strike+1","wariomod:Strike+1","wariomod:Strike+1","wariomod:Defend+1","wariomod:Defend+1","wariomod:Defend+1","wariomod:Defend+1","wariomod:Step","wariomod:Leap","wariomod:BodyBlock","wariomod:DoubleDash+1","wariomod:Smackflip+1","wariomod:SmallSprint","wariomod:TempestBlasts","wariomod:GreaterGuard","hubris:Greed","wariomod:FabulousPrizes","wariomod:Goblast+1","wariomod:ChargeForth+1","wariomod:SilenceBombs","wariomod:ThatsNotAll+1","alterego_mod:Rake+1","Sickly","wariomod:SmackSlam+1","Wraith","wariomod:Hopshield+1","wariomod:Bombshield+1","wariomod:OctoJump+1","wariomod:DanceDash+1","wariomod:DiceyMove+1"],"relics":["wariomod:TheHat","LetterFromLob","Lee\u0027s Waffle","Blue Doll","hubris:DisguiseKit","Replay:Bronze Core","wariomod:SmileyHat","MutagenicStrength","reliquary:BoilingFlask","Replay:WaspNest","Pocketwatch","Strange Spoon","Replay:Ancient Bell","reliquary:PartyBalloon","HornCleat","Ice Cream","reliquary:JackalopeAntler","Toxic Egg 2","reliquary:TatteredRug"],"acts_visited":["Exordium","TheCity","TheBeyond"],"potions_floor_usage":[23,33,33,50,50],"damage_taken":[{"damage":7,"enemies":"Jaw Worm","floor":1,"turns":5},{"damage":4,"enemies":"2 Louse","floor":2,"turns":2},{"damage":0,"enemies":"Small Slimes","floor":5,"turns":3},{"damage":19,"enemies":"Looter","floor":7,"turns":3},{"damage":6,"enemies":"Red Slaver","floor":12,"turns":3},{"damage":2,"enemies":"Large Slime","floor":13,"turns":4},{"damage":15,"enemies":"Fading Forest","floor":16,"turns":11},{"damage":14,"enemies":"Shell Parasite","floor":18,"turns":5},{"damage":18,"enemies":"Book of Stabbing","floor":23,"turns":4},{"damage":1,"enemies":"Chosen","floor":27,"turns":4},{"damage":12,"enemies":"Slavers","floor":29,"turns":4},{"damage":5,"enemies":"Centurion and Healer","floor":30,"turns":4},{"damage":42,"enemies":"Champ","floor":33,"turns":7},{"damage":18,"enemies":"3 Shapes","floor":35,"turns":4},{"damage":0,"enemies":"3 Darklings","floor":38,"turns":4},{"damage":17,"enemies":"Maw","floor":46,"turns":7},{"damage":22,"enemies":"Sphere and 2 Shapes","floor":47,"turns":4},{"damage":22,"enemies":"Spire Growth","floor":48,"turns":5},{"damage":52,"enemies":"Replay:Hell Engine","floor":50,"turns":9}],"seed_played":"2669040802752601474","potions_obtained":[{"floor":2,"key":"MagicPotion:ReiMu"},{"floor":5,"key":"Fire Potion"},{"floor":23,"key":"SpeedPotion"},{"floor":38,"key":"DuplicationPotion"},{"floor":46,"key":"Death Potion"}],"is_trial":false,"path_per_floor":["M","M","?","?","M","R","M","$","T","R","?","M","M","?","R","B",null,"M","$","?","?","?","E","?","R","T","M","?","E","M","$","R","B",null,"M","$","?","M","$","R","T","R","T","R","?","M","M","M","R","B"],"character_chosen":"THE_BANDIT","items_purchased":["Lee\u0027s Waffle","wariomod:TempestBlasts","wariomod:SmileyHat","Strange Spoon"],"campfire_rested":5,"item_purchase_floors":[8,8,19,31],"current_hp_per_floor":[73,69,69,69,69,80,61,87,87,87,87,81,79,79,79,74,87,73,73,73,73,73,55,55,81,81,80,80,68,63,63,87,45,87,69,69,69,69,69,87,87,87,87,87,87,70,48,26,52,0,0,0],"gold":167,"neow_bonus":"HUNDRED_GOLD","is_daily":false,"chose_seed":false,"campfire_upgraded":4,"win_rate":0.0,"timestamp":1612498465,"path_taken":["M","M","?","?","M","R","M","?","T","R","?","?","M","?","R","BOSS","M","$","?","?","?","E","?","R","T","M","?","E","M","?","R","BOSS","M","$","?","M","$","R","?","R","T","R","?","M","M","M","R","BOSS"],"items_purchased_type":["Relic","Card","Relic","Relic"],"build_version":"2020-12-22","purchased_purges":2,"victory":false,"max_hp_per_floor":[80,80,80,80,80,80,80,87,87,87,87,87,87,87,87,87,87,87,87,87,87,87,87,87,87,87,87,87,87,87,87,87,87,87,87,87,87,87,87,87,87,87,87,87,87,87,87,87,87,87,87,87],"card_choices":[{"not_picked":["wariomod:SpikeSlash","wariomod:TrekTime"],"picked":"wariomod:BodyBlock","floor":1},{"not_picked":["wariomod:BoomBoom","wariomod:DiceyMove"],"picked":"wariomod:DoubleDash","floor":2},{"not_picked":["wariomod:BumRush","wariomod:TheGrandJourney"],"picked":"wariomod:Smackflip","floor":5},{"not_picked":["wariomod:TreasureDig","wariomod:EmptyMind"],"picked":"wariomod:SmallSprint","floor":7},{"not_picked":["wariomod:Goblast","wariomod:BodyBlock"],"picked":"wariomod:GreaterGuard","floor":12},{"not_picked":["wariomod:DiceyMove","wariomod:TrekTime","wariomod:SpikeSlash"],"picked":"SKIP","floor":13},{"not_picked":["wariomod:PoisonBombs","wariomod:MassiveParty","alterego_mod:Venus"],"picked":"wariomod:FabulousPrizes","floor":16},{"not_picked":["wariomod:DoubleDip+1","wariomod:SmackSlam","alterego_mod:DustData"],"picked":"wariomod:Goblast+1","floor":18},{"not_picked":["wariomod:BumRush","wariomod:EmptyMind+1","alterego_mod:MagicResistance"],"picked":"wariomod:ChargeForth","floor":23},{"not_picked":["wariomod:DeadlyDash","wariomod:GreaterGuard","wariomod:Bombtime+1","alterego_mod:Cycle"],"picked":"SKIP","floor":27},{"not_picked":["wariomod:DamnedStrength","wariomod:WipeClean","alterego_mod:BreastValley"],"picked":"wariomod:SilenceBombs","floor":29},{"not_picked":["wariomod:Immortalize","wariomod:DoubleDash","alterego_mod:Schoolgirl"],"picked":"wariomod:ThatsNotAll+1","floor":30},{"not_picked":["wariomod:EnergizedBombs","wariomod:AbandonGame","wariomod:FabulousPrizes"],"picked":"alterego_mod:Rake","floor":33},{"not_picked":["Spreading Infection","ReplayTheSpireMod:Restless Dread","Delirium"],"picked":"Replay:Hysterical Blindness","floor":34},{"not_picked":["downfall:Haunted","downfall:Icky","ReplayTheSpireMod:Restless Dread"],"picked":"Sickly","floor":34},{"not_picked":["Decay","ReplayTheSpireMod:Splinters","hubris:Wrath"],"picked":"hubris:Disease","floor":34},{"not_picked":["wariomod:EmptyMind","wariomod:CursedSpaces","alterego_mod:PurpleHair"],"picked":"wariomod:SmackSlam+1","floor":35},{"not_picked":["wariomod:WipeClean","wariomod:BoomBoom","wariomod:BigUpgrade+1","alterego_mod:MagicResistance"],"picked":"SKIP","floor":38},{"not_picked":["wariomod:Boomsmack","wariomod:SpaceSwap+1","alterego_mod:Belle"],"picked":"wariomod:Hopshield+1","floor":45},{"not_picked":["wariomod:Boomsmack","wariomod:DamnedStrength+1","alterego_mod:Skirt"],"picked":"wariomod:Bombshield+1","floor":45},{"not_picked":["wariomod:BoomBoom+1","wariomod:DamnedStrength+1","alterego_mod:Rip"],"picked":"wariomod:OctoJump+1","floor":46},{"not_picked":["wariomod:EndlessBlast","wariomod:Goblast+1","alterego_mod:Birthday"],"picked":"wariomod:DanceDash+1","floor":47},{"not_picked":["wariomod:ChargeForth+1","wariomod:BoomBoom+1","alterego_mod:TrickOrTreatment"],"picked":"wariomod:DiceyMove+1","floor":48}],"player_experience":355312,"relics_obtained":[{"floor":1,"key":"LetterFromLob"},{"floor":9,"key":"Blue Doll"},{"floor":23,"key":"reliquary:BoilingFlask"},{"floor":26,"key":"Replay:WaspNest"},{"floor":29,"key":"Pocketwatch"},{"floor":41,"key":"reliquary:JackalopeAntler"},{"floor":43,"key":"Toxic Egg 2"},{"floor":45,"key":"reliquary:TatteredRug"}],"event_choices":[{"damage_healed":0,"gold_gain":0,"player_choice":"Ignored","damage_taken":0,"max_hp_gain":0,"max_hp_loss":0,"event_name":"Liars Game","floor":3,"gold_loss":0},{"damage_healed":0,"gold_gain":0,"player_choice":"Ignored","damage_taken":0,"max_hp_gain":0,"max_hp_loss":0,"event_name":"Purifier","floor":11,"gold_loss":0},{"damage_healed":0,"gold_gain":0,"player_choice":"Ignored","damage_taken":0,"max_hp_gain":0,"max_hp_loss":0,"event_name":"Ghosts","floor":20,"gold_loss":0},{"damage_healed":0,"gold_gain":0,"player_choice":"Inject Mutagens","damage_taken":0,"relics_obtained":["MutagenicStrength"],"max_hp_gain":0,"max_hp_loss":0,"event_name":"Drug Dealer","floor":21,"gold_loss":0},{"damage_healed":0,"gold_gain":0,"player_choice":"Simplicity","damage_taken":0,"max_hp_gain":0,"max_hp_loss":0,"event_name":"Back to Basics","floor":24,"gold_loss":0,"cards_upgraded":["wariomod:Strike","wariomod:Strike","wariomod:Strike","wariomod:Strike","wariomod:Defend","wariomod:Defend","wariomod:Defend","wariomod:Defend"]},{"damage_healed":0,"gold_gain":0,"player_choice":"Ignored","damage_taken":0,"max_hp_gain":0,"max_hp_loss":0,"event_name":"Beggar","floor":28,"gold_loss":0},{"damage_healed":0,"gold_gain":0,"player_choice":"Ignored","damage_taken":0,"max_hp_gain":0,"max_hp_loss":0,"event_name":"OrinTheCat","floor":37,"gold_loss":0}],"is_beta":false,"boss_relics":[{"not_picked":["Replay:Grab Bag","Hololive_Finger"],"picked":"Replay:Bronze Core"},{"not_picked":["bronze:MakeshiftBattery","conspire:RunicOctahedron"],"picked":"Replay:Ancient Bell"},{"not_picked":["Replay:Mystery Machine","Replay:Rubber Ducky"],"picked":"reliquary:PartyBalloon"},{"not_picked":["reliquary:IridiumChain","Eternal Feather"],"picked":"HornCleat"},{"not_picked":["hubris:Spice","Prayer Wheel"],"picked":"Ice Cream"}],"items_purged_floors":[36,39],"is_endless":false,"potions_floor_spawned":[2,5,23,29,38,46,48],"killed_by":"Replay:Hell Engine","ascension_level":0}}