{"host":"vp4kanoy3sgrizh7","time":1612496129,"event":{"mods":["100% Spire Juice","ATMod(阿瑾Mod)","Act Like it!","Arknights","BaseMod","Downfall","Energized Spire","Gensokyo","GungeonMod","Hermit","HumanHunterMod(怪物杀人mod)","Minty Spire (QoL Compilation)","MostiFishMod","Pale of the Ancients","Reliquary","Replay The Spire","RumiaBox-露米娅的神秘盒子","Shop Mod","StSLib","The Cursed","The Hierophant","The Mystic","The Poker Player","Warlord Emblem","[IsaacMod]以撒尖塔","noobMod","【功能Mod】聪明的最终Boss","【遗物卡牌】REMEMod"],"gold_per_floor":[117,128,13,27,27,61,61,95,95,125,125,125,125,33,33,107,107,107,107],"floor_reached":18,"language":"ZHS","playtime":616,"items_purged":["ats:Defend"],"score":672,"play_id":"bfb25ffd-cb04-466f-92f0-7bf2bf96c85d","local_time":"20210205113529","daily_mods":["Vintage","Diverse","Heirloom","Flight","DeadlyEvents","Elite Swarm","Uncertain Future","Binary"],"is_ascension_mode":true,"campfire_choices":[{"data":"MostiFishMod:ReadyAimFire","floor":7,"key":"SMITH"},{"data":"ats:Calcification","floor":11,"key":"SMITH"},{"data":"ats:Emotion Absorption","floor":15,"key":"SMITH"}],"circlet_count":0,"master_deck":["AscendersBane","ats:Strike C","ats:Strike G","ats:Strike S","ats:Strike V","ats:Armor Crushing Shot","ats:Defend","ats:Defend","ats:Defend","ats:Emotion Absorption+1","MostiFishMod:ReadyAimFire+1","ats:Calcification+1","MostiFishMod:KamiSmash"],"relics":["ats:Sanity","Busted Crown","DaveBox","ice","HushsDoor","AT_ATBox","REME_ComplimentaryCards","BirthdayGift-Icosahedron","D6","SentryEyes","SynthV:TestCard","DemoMod:Metronome","DemoMod:GnawedKey","ReplayTheSpireMod:TigerMarble","ats:Originium","ReplayTheSpireMod:Ninjato","SteamSale","Pen Nib","DemoMod:VorpalBullet","MerchantsRug","energizedSpire:SpiderWeb"],"acts_visited":["Gensokyo:Gensokyo","TheCity"],"potions_floor_usage":[],"damage_taken":[{"damage":0,"enemies":"Gensokyo:Gryphon","floor":1,"turns":2},{"damage":0,"enemies":"Gensokyo:2_Kodama","floor":2,"turns":2},{"damage":0,"enemies":"Gensokyo:3_Fairies","floor":4,"turns":2},{"damage":0,"enemies":"Gensokyo:Cirno","floor":6,"turns":4},{"damage":0,"enemies":"Gensokyo:Mamizou","floor":8,"turns":2},{"damage":0,"enemies":"Gensokyo:Aya","floor":10,"turns":1},{"damage":48,"enemies":"Gensokyo:Kokoro","floor":16,"turns":6},{"damage":59,"enemies":"Spheric Guardian","floor":18,"turns":4}],"seed_played":"3688760738810806097","potions_obtained":[{"floor":2,"key":"Fire Potion"},{"floor":6,"key":"Weak Potion"}],"is_trial":true,"path_per_floor":["M","M","$","M","?","E","R","E","T","E","R","WH","WH","$","R","B",null,"M"],"character_chosen":"DOCTOR_CLASS","items_purchased":["DemoMod:GnawedKey","MerchantsRug"],"campfire_rested":0,"item_purchase_floors":[3,14],"current_hp_per_floor":[65,66,66,67,74,75,75,76,76,77,77,77,77,77,77,78,78,20,20],"gold":107,"neow_bonus":"","is_daily":false,"chose_seed":false,"campfire_upgraded":3,"win_rate":0.0,"timestamp":1612496129,"path_taken":["M","M","$","M","?","E","R","E","T","E","R","WH","WH","?","R","BOSS","M"],"items_purchased_type":["Relic","Relic"],"build_version":"2020-12-22","purchased_purges":1,"victory":false,"max_hp_per_floor":[71,71,71,71,78,78,78,78,78,78,78,78,78,78,78,78,78,81,81],"card_choices":[{"not_picked":["MostiFishMod:GrandStart"],"picked":"MostiFishMod:ReadyAimFire","floor":6},{"not_picked":["bronze:SpaghettiCode"],"picked":"ats:Calcification","floor":8},{"not_picked":["mysticmod:Haste","ReplayTheSpireMod:Omega Cannon"],"picked":"SKIP","floor":10},{"not_picked":["MostiFishMod:StarOceanP"],"picked":"MostiFishMod:KamiSmash","floor":16}],"player_experience":48143,"relics_obtained":[{"floor":1,"key":"SynthV:TestCard"},{"floor":2,"key":"DemoMod:Metronome"},{"floor":4,"key":"ReplayTheSpireMod:TigerMarble"},{"floor":6,"key":"ats:Originium"},{"floor":6,"key":"ReplayTheSpireMod:Ninjato"},{"floor":8,"key":"ats:Originium"},{"floor":8,"key":"SteamSale"},{"floor":9,"key":"Pen Nib"},{"floor":10,"key":"ats:Originium"},{"floor":10,"key":"DemoMod:VorpalBullet"}],"event_choices":[],"is_beta":false,"boss_relics":[{"not_picked":["reliquary:RedCape","reliquary:KinkedSpring"],"picked":"energizedSpire:SpiderWeb"},{"not_picked":[]}],"items_purged_floors":[14],"is_endless":true,"potions_floor_spawned":[2,6],"killed_by":"Spheric Guardian","ascension_level":20}}