{"host":"tq11g1xvjhf4r9h6","time":1612509816,"event":{"mods":["2.2 Compatiblity","BaseMod","Colored Powertips","Communication Mod","DeckTracker","Minty Spire (QoL Compilation)","Permanent Neow","Quick Restart","Rare Cards Sparkle","Relic Stats","StSLib","Unknown Chances","everything is the same but u backflip on backflip"],"gold_per_floor":[116,26,39,56,56,81,100,100,177,212,229,259,259,269,269,347,347,365,365,376,391,391,391,35,51,51,51,69,89,89,162,162,162,162],"floor_reached":33,"language":"KOR","playtime":1130,"items_purged":["Strike_B"],"score":542,"play_id":"d56e2885-c6c7-4d61-93e7-265f4e9e8969","local_time":"20210205162336","is_ascension_mode":true,"campfire_choices":[{"floor":8.0,"key":"REST"},{"floor":13.0,"key":"REST"},{"floor":15.0,"key":"REST"},{"data":"Capacitor","floor":23.0,"key":"SMITH"},{"floor":27.0,"key":"REST"},{"data":"Hologram","floor":30.0,"key":"SMITH"},{"floor":32.0,"key":"REST"}],"circlet_count":0,"master_deck":["AscendersBane","Defend_B","Defend_B","Defend_B","Defend_B","Zap","Dualcast","Electrodynamics","Ball Lightning","Defragment+1","Coolheaded","Cold Snap","Undo","Barrage","Capacitor+1","Hologram+1","Rainbow","Reinforced Body","Hologram","Coolheaded","Defragment"],"relics":["Cracked Core","CaptainsWheel","The Courier","Strawberry","DataDisk","Empty Cage","Torii","Cables","Frozen Egg 2"],"acts_visited":["Exordium","TheCity"],"potions_floor_usage":[33],"damage_taken":[{"damage":9.0,"enemies":"2 Louse","floor":1.0,"turns":2.0},{"damage":3.0,"enemies":"Cultist","floor":3.0,"turns":3.0},{"damage":9.0,"enemies":"Jaw Worm","floor":4.0,"turns":3.0},{"damage":22.0,"enemies":"Lagavulin","floor":6.0,"turns":8.0},{"damage":10.0,"enemies":"Gremlin Gang","floor":7.0,"turns":2.0},{"damage":16.0,"enemies":"3 Sentries","floor":10.0,"turns":4.0},{"damage":3.0,"enemies":"Looter","floor":11.0,"turns":3.0},{"damage":18.0,"enemies":"Lagavulin","floor":12.0,"turns":6.0},{"damage":17.0,"enemies":"Large Slime","floor":14.0,"turns":4.0},{"damage":16.0,"enemies":"Slime Boss","floor":16.0,"turns":6.0},{"damage":36.0,"enemies":"2 Thieves","floor":18.0,"turns":3.0},{"damage":0.0,"enemies":"Shell Parasite","floor":19.0,"turns":1.0},{"damage":5.0,"enemies":"3 Cultists","floor":20.0,"turns":3.0},{"damage":9.0,"enemies":"Centurion and Healer","floor":21.0,"turns":8.0},{"damage":14.0,"enemies":"Snake Plant","floor":25.0,"turns":5.0},{"damage":13.0,"enemies":"Snecko","floor":28.0,"turns":5.0},{"damage":0.0,"enemies":"Chosen and Byrds","floor":29.0,"turns":7.0},{"damage":46,"enemies":"Automaton","floor":33,"turns":6}],"seed_played":"-4862610672267481625","potions_obtained":[{"floor":4.0,"key":"FocusPotion"},{"floor":6.0,"key":"Fruit Juice"},{"floor":11.0,"key":"SmokeBomb"},{"floor":12.0,"key":"LiquidMemories"},{"floor":20.0,"key":"ColorlessPotion"}],"is_trial":false,"path_per_floor":["M","$","M","M","?","E","M","R","T","E","M","E","R","M","R","B",null,"M","M","M","M","?","R","$","M","T","R","M","M","R","T","R","B"],"character_chosen":"DEFECT","items_purchased":["Defragment","Coolheaded","Torii","Coolheaded"],"campfire_rested":5,"item_purchase_floors":[2,2,24,24],"current_hp_per_floor":[55,55,52,43,43,21,11,32,32,28,25,7,31,14,38,22,68,32,32,27,18,18,18,18,4,4,28,15,15,15,15,39,0,0],"gold":162,"neow_bonus":"ONE_RANDOM_RARE_CARD","is_daily":false,"chose_seed":false,"campfire_upgraded":2,"win_rate":0.0,"timestamp":1612509816,"path_taken":["M","$","M","M","?","E","M","R","T","E","M","E","R","M","R","BOSS","M","?","M","M","?","R","$","M","T","R","?","M","R","?","R","BOSS"],"items_purchased_type":["Card","Card","Relic","Card"],"build_version":"2020-12-22","purchased_purges":1,"victory":false,"max_hp_per_floor":[71,71,71,71,71,71,71,71,71,83,83,83,83,83,83,83,83,83,83,83,83,83,83,83,83,83,83,83,83,83,83,83,83,83],"relic_stats":{"Torii":0,"counters":[18,79],"obtain_stats":[{"CaptainsWheel":6,"DataDisk":12,"Torii":24,"Strawberry":10,"The Courier":9,"Frozen Egg 2":31,"Cracked Core":0,"Empty Cage":17,"Cables":26},{"CaptainsWheel":4,"DataDisk":8,"Torii":14,"Strawberry":6,"The Courier":5,"Frozen Egg 2":17,"Cracked Core":0,"Empty Cage":10,"Cables":15},{"CaptainsWheel":16,"DataDisk":31,"Torii":56,"Strawberry":22,"The Courier":18,"Frozen Egg 2":73,"Cracked Core":0,"Empty Cage":41,"Cables":61}],"Cables":[15,9,6,0,0]},"card_choices":[{"not_picked":["Compile Driver","Hologram"],"picked":"Ball Lightning","floor":1.0},{"not_picked":["Hologram","Force Field"],"picked":"Cold Snap","floor":3.0},{"not_picked":["Turbo","Gash","Rebound"],"picked":"SKIP","floor":4.0},{"not_picked":["Steam Power","Static Discharge","Beam Cell"],"picked":"SKIP","floor":6.0},{"not_picked":["Gash","Streamline"],"picked":"Barrage","floor":7.0},{"not_picked":["Darkness","Barrage"],"picked":"Capacitor","floor":10.0},{"not_picked":["Go for the Eyes","Streamline","Rainbow"],"picked":"SKIP","floor":11.0},{"not_picked":["BootSequence","Conserve Battery","Ball Lightning"],"picked":"SKIP","floor":12.0},{"not_picked":["Compile Driver","Steam"],"picked":"Hologram","floor":14.0},{"not_picked":["Multi-Cast","Thunder Strike"],"picked":"Rainbow","floor":16.0},{"not_picked":["Double Energy","Rebound","Stack"],"picked":"SKIP","floor":18.0},{"not_picked":["Hologram","Steam"],"picked":"Reinforced Body","floor":20.0},{"not_picked":["Double Energy","Auto Shields"],"picked":"Hologram","floor":21.0},{"not_picked":["Undo","Cold Snap"],"picked":"Defragment","floor":25.0},{"not_picked":["Stack","Skim","Turbo"],"picked":"SKIP","floor":28.0},{"not_picked":["Sweeping Beam","Rainbow","Gash"],"picked":"SKIP","floor":29.0}],"player_experience":350077,"relics_obtained":[{"floor":6.0,"key":"CaptainsWheel"},{"floor":9.0,"key":"The Courier"},{"floor":10.0,"key":"Strawberry"},{"floor":12.0,"key":"DataDisk"},{"floor":26.0,"key":"Cables"},{"floor":31.0,"key":"Frozen Egg 2"}],"event_choices":[{"damage_healed":0.0,"max_hp_gain":0.0,"max_hp_loss":0.0,"gold_gain":0.0,"cards_transformed":["Strike_B"],"event_name":"Transmorgrifier","player_choice":"Transformed","floor":5.0,"gold_loss":0.0,"damage_taken":0.0,"cards_obtained":["Undo"]},{"damage_healed":0.0,"max_hp_gain":0.0,"max_hp_loss":0.0,"gold_gain":0.0,"event_name":"Accursed Blacksmith","player_choice":"Forge","floor":22.0,"gold_loss":0.0,"damage_taken":0.0,"cards_upgraded":["Defragment"]}],"is_beta":false,"boss_relics":[{"not_picked":["Runic Pyramid","Coffee Dripper"],"picked":"Empty Cage"}],"items_purged_floors":[24],"is_endless":false,"potions_floor_spawned":[4,6,11,12,18,20,29],"killed_by":"Automaton","ascension_level":20}}