{"host":"cxvb37eaaiijvrl4","time":1612505910,"event":{"mods":["ATMod(°¢èªMod)","BaseMod","Better Third Choice","Minty Spire (QoL Compilation)","MostiFishMod","Quick Restart","Rare Cards Sparkle","Shop Mod","Spicy Shops","StSLib","TestMod","Uncapped","²ÐÁôÖ®Îï"],"gold_per_floor":[112,128,128,146,164,196,196,209,209,220,239,164,89,123,123,202,202,216,235,-1390,-1390,-1390,-1362,-1351,-1322,-1298,-1298,-1298,-1298,-1298,-1211,-1211,-1111,-1111,-1025,-884,-884,-841,-798,-644,-644,-592,-569,-533,-533,-447,-411,-259,-259,-134,-109,-109,-109,-109,-24,1],"floor_reached":57,"language":"ZHS","playtime":2218,"items_purged":["Strike_P","CutThroughFate","Strike_P"],"score":3567,"play_id":"e8dd7f78-e14b-4417-8c43-b1f82f0db780","local_time":"20210204221830","is_ascension_mode":true,"campfire_choices":[{"data":"Eruption","floor":7.0,"key":"SMITH"},{"data":"WheelKick","floor":15.0,"key":"SMITH"},{"data":"MostiFishMod:PathToVictory","floor":27.0,"key":"SMITH"},{"data":"MostiFishMod:Speedup","floor":29.0,"key":"SMITH"},{"data":"MostiFishMod:Adaptation","floor":32.0,"key":"SMITH"},{"data":"Prostrate","floor":41.0,"key":"SMITH"},{"floor":49.0,"key":"RECALL"},{"data":"MostiFishMod:PathToVictory","floor":53.0,"key":"SMITH"}],"circlet_count":0,"master_deck":["AscendersBane","Defend_P+1","Eruption+1","Vigilance+1","AT_EssenceShift+1","WheelKick+1","MostiFishMod:Adaptation+1","MostiFishMod:StarLaLaLa+1","MostiFishMod:FlowState+1","Pray+1","MostiFishMod:Speedup+1","MostiFishMod:PathToVictory+1","Sanctity","Brilliance+1","Adaptation+1","Prostrate+1","MostiFishMod:PathToVictory+1","MasterReality"],"relics":["PureWater","testmod-TestBox","DaveBox","AT_ATBox","ChiXiaoBlade","testmod-SaigiyounoYou","SynthV:TestCard","testmod-Nyarlathotep","testmod-TurbochargingSystem","War Paint","Astrolabe","SynthV:MejaisSoulstealer","PlaceholderMod:SoulofChaos","AT_MibuBalloonWealth","testmod-CardMagician","Red Mask","Whetstone","AT_SpeedBoots","testmod-LifeArmor","Torii","testmod-Justice"],"acts_visited":["Exordium","TheCity","TheBeyond","TheEnding"],"potions_floor_usage":[],"damage_taken":[{"damage":0.0,"enemies":"2 Louse","floor":1.0,"turns":2.0},{"damage":0.0,"enemies":"Jaw Worm","floor":2.0,"turns":3.0},{"damage":0.0,"enemies":"Small Slimes","floor":4.0,"turns":2.0},{"damage":0.0,"enemies":"3 Louse","floor":5.0,"turns":3.0},{"damage":0.0,"enemies":"Lagavulin","floor":6.0,"turns":5.0},{"damage":0.0,"enemies":"Blue Slaver","floor":8.0,"turns":2.0},{"damage":0.0,"enemies":"2 Fungi Beasts","floor":10.0,"turns":2.0},{"damage":0.0,"enemies":"Large Slime","floor":11.0,"turns":3.0},{"damage":16.0,"enemies":"Gremlin Nob","floor":14.0,"turns":3.0},{"damage":0.0,"enemies":"Slime Boss","floor":16.0,"turns":5.0},{"damage":0.0,"enemies":"2 Thieves","floor":18.0,"turns":2.0},{"damage":0.0,"enemies":"Spheric Guardian","floor":19.0,"turns":3.0},{"damage":0.0,"enemies":"Slavers","floor":23.0,"turns":2.0},{"damage":0.0,"enemies":"Chosen and Byrds","floor":24.0,"turns":5.0},{"damage":0.0,"enemies":"Book of Stabbing","floor":25.0,"turns":3.0},{"damage":0.0,"enemies":"3 Cultists","floor":31.0,"turns":3.0},{"damage":0.0,"enemies":"Champ","floor":33.0,"turns":4.0},{"damage":0.0,"enemies":"3 Shapes","floor":35.0,"turns":1.0},{"damage":10.0,"enemies":"3 Darklings","floor":36.0,"turns":3.0},{"damage":0.0,"enemies":"Transient","floor":38.0,"turns":3.0},{"damage":0.0,"enemies":"Writhing Mass","floor":39.0,"turns":2.0},{"damage":0.0,"enemies":"Reptomancer","floor":40.0,"turns":3.0},{"damage":9.0,"enemies":"Giant Head","floor":42.0,"turns":2.0},{"damage":0.0,"enemies":"Maw","floor":44.0,"turns":2.0},{"damage":0.0,"enemies":"Sphere and 2 Shapes","floor":46.0,"turns":3.0},{"damage":0.0,"enemies":"Spire Growth","floor":47.0,"turns":2.0},{"damage":0.0,"enemies":"Reptomancer","floor":48.0,"turns":2.0},{"damage":0.0,"enemies":"Awakened One","floor":50.0,"turns":4.0},{"damage":0.0,"enemies":"Time Eater","floor":51.0,"turns":2.0},{"damage":0.0,"enemies":"Shield and Spear","floor":55.0,"turns":3.0},{"damage":2,"enemies":"The Heart","floor":56,"turns":6}],"seed_played":"-5164822372992491563","potions_obtained":[{"floor":2.0,"key":"Energy Potion"},{"floor":6.0,"key":"AttackPotion"},{"floor":8.0,"key":"Energy Potion"}],"is_trial":false,"path_per_floor":["M","M","?","M","M","E","R","M","T","M","M","$","?","E","R","B",null,"M","M","$","?","?","E","M","E","T","R","$","R","?","M","R","B",null,"M","M","?","M","M","E","R","E","T","M","?","M","M","E","R","B","B",null,"R","$","E","B",null],"character_chosen":"WATCHER","items_purchased":["SynthV:MejaisSoulstealer"],"campfire_rested":0,"item_purchase_floors":[20],"current_hp_per_floor":[62,62,43,49,55,62,62,62,62,62,62,62,62,47,47,56,61,62,62,62,62,62,62,62,62,62,62,62,62,65,65,65,65,65,65,61,64,68,68,68,68,63,63,68,71,71,71,71,71,71,71,71,71,71,71,71],"gold":1,"neow_bonus":"REMOVE_TWO","is_daily":false,"chose_seed":false,"campfire_upgraded":7,"win_rate":0.0,"timestamp":1612505910,"path_taken":["M","M","?","M","M","E","R","M","T","M","M","$","?","E","R","BOSS","M","M","$","?","?","E","M","E","T","R","$","R","?","M","R","BOSS","M","M","?","M","M","E","R","E","T","M","?","M","M","E","R","BOSS","BOSS","R","$","E","BOSS"],"items_purchased_type":["Relic"],"build_version":"2020-12-22","purchased_purges":3,"victory":true,"max_hp_per_floor":[62,62,62,62,62,62,62,62,62,62,62,62,62,62,62,62,62,62,62,62,62,62,62,62,62,62,62,62,62,65,65,65,65,65,65,65,68,68,68,68,68,68,68,68,71,71,71,71,71,71,71,71,71,71,71,71],"card_choices":[{"not_picked":["Halt","Wallop"],"picked":"BowlingBash","floor":1.0},{"not_picked":["MostiFishMod:LegendTransform","EmptyFist","SashWhip","Meditate"],"picked":"CutThroughFate","floor":2.0},{"not_picked":["FlurryOfBlows","WaveOfTheHand","BowlingBash","ReachHeaven","Halt"],"picked":"SKIP","floor":4.0},{"not_picked":["MostiFishMod:FlowState","ThirdEye","FlyingSleeves","Protect","WindmillStrike"],"picked":"SKIP","floor":5.0},{"not_picked":["JustLucky","InnerPeace","ThirdEye","EmptyFist"],"picked":"MasterReality","floor":6.0},{"not_picked":["WreathOfFlame","Crescendo","Wireheading","FlyingSleeves"],"picked":"WheelKick","floor":8.0},{"not_picked":["CrushJoints","Indignation","EmptyFist","EmptyBody","CutThroughFate"],"picked":"SKIP","floor":10.0},{"not_picked":["Halt","InnerPeace","CrushJoints","EmptyMind","Study"],"picked":"SKIP","floor":11.0},{"not_picked":["Protect","Judgement","CutThroughFate","WheelKick","AT_ChampionStep"],"picked":"SKIP","floor":14.0},{"not_picked":["MostiFishMod:StarWish","AT_ChampionKick","MostiFishMod:StarOceanP","Alpha"],"picked":"MostiFishMod:Adaptation","floor":16.0},{"not_picked":["Conclude","SashWhip","FlurryOfBlows","Perseverance","MentalFortress+1"],"picked":"SKIP","floor":18.0},{"not_picked":["PathToVictory","SashWhip","SignatureMove","WheelKick"],"picked":"MostiFishMod:Speedup","floor":19.0},{"not_picked":["InnerPeace","MostiFishMod:FlowState","SashWhip","Indignation","Protect"],"picked":"SKIP","floor":23.0},{"not_picked":["PathToVictory+1","EmptyMind","MostiFishMod:ScryFuture","ThirdEye","CrushJoints"],"picked":"SKIP","floor":24.0},{"not_picked":["SashWhip","Devotion","PathToVictory","Collect"],"picked":"Sanctity","floor":25.0},{"not_picked":["PathToVictory","ThirdEye","Sanctity","WindmillStrike","Indignation"],"picked":"SKIP","floor":31.0},{"not_picked":["AT_IrregularMenstruation","MostiFishMod:DisColor","AT_ChampionKick","MostiFishMod:Minus"],"picked":"Brilliance","floor":33.0},{"not_picked":["EmptyBody","Protect","MentalFortress","ThirdEye"],"picked":"Adaptation+1","floor":35.0},{"not_picked":["MostiFishMod:DisColor","Halt","EmptyBody","Crescendo+1"],"picked":"Prostrate","floor":36.0},{"not_picked":["FollowUp","Adaptation","Sanctity","Halt","ClearTheMind"],"picked":"SKIP","floor":38.0},{"not_picked":["MostiFishMod:KamiSmash","PathToVictory","AT_ChampionStep","InnerPeace","SandsOfTime+1"],"picked":"SKIP","floor":39.0},{"not_picked":["Pray","Worship","Swivel","Halt","MostiFishMod:Disappear"],"picked":"SKIP","floor":40.0},{"not_picked":["ThirdEye","PathToVictory","Perseverance","CarveReality","Worship"],"picked":"SKIP","floor":42.0},{"not_picked":["Pray","Crescendo","MostiFishMod:Clarity","WreathOfFlame","FlurryOfBlows"],"picked":"SKIP","floor":44.0},{"not_picked":["CrushJoints","EmptyBody+1","AT_DivineConfetti","MentalFortress","BowlingBash"],"picked":"SKIP","floor":46.0},{"not_picked":["Tantrum","Protect","AT_DivineConfetti+1","JustLucky"],"picked":"MostiFishMod:PathToVictory","floor":47.0},{"not_picked":["FlurryOfBlows","MostiFishMod:StarHerder","BowlingBash","CutThroughFate","ForeignInfluence"],"picked":"SKIP","floor":48.0},{"not_picked":["Consecrate","Crescendo","MostiFishMod:Dust","JustLucky"],"picked":"MasterReality","floor":55.0}],"player_experience":744675,"relics_obtained":[{"floor":1.0,"key":"SynthV:TestCard"},{"floor":6.0,"key":"testmod-Nyarlathotep"},{"floor":9.0,"key":"testmod-TurbochargingSystem"},{"floor":14.0,"key":"War Paint"},{"floor":23.0,"key":"PlaceholderMod:SoulofChaos"},{"floor":25.0,"key":"AT_MibuBalloonWealth"},{"floor":40.0,"key":"Whetstone"},{"floor":42.0,"key":"AT_SpeedBoots"},{"floor":43.0,"key":"testmod-LifeArmor"},{"floor":48.0,"key":"Torii"},{"floor":55.0,"key":"testmod-Justice"}],"event_choices":[{"damage_healed":62.0,"max_hp_gain":0.0,"max_hp_loss":62.0,"gold_gain":0.0,"event_name":"betterThird:BetterShining","player_choice":"Upgrade","floor":3.0,"gold_loss":0.0,"damage_taken":19.0,"cards_upgraded":["Defend_P","AT_EssenceShift"]},{"cards_removed":["Defend_P"],"damage_healed":0.0,"max_hp_gain":0.0,"max_hp_loss":0.0,"gold_gain":0.0,"event_name":"The Cleric","player_choice":"Card Removal","floor":13.0,"gold_loss":75.0,"damage_taken":0.0},{"damage_healed":0.0,"max_hp_gain":0.0,"max_hp_loss":0.0,"gold_gain":0.0,"event_name":"The Library","player_choice":"Read","floor":21.0,"gold_loss":0.0,"damage_taken":0.0,"cards_obtained":["MostiFishMod:PathToVictory"]},{"damage_healed":0.0,"max_hp_gain":0.0,"max_hp_loss":0.0,"gold_gain":0.0,"event_name":"Vampires","player_choice":"Ignored","floor":22.0,"gold_loss":0.0,"damage_taken":0.0},{"cards_removed":["Defend_P"],"damage_healed":0.0,"max_hp_gain":0.0,"max_hp_loss":0.0,"gold_gain":0.0,"event_name":"betterThird:BetterWriting","player_choice":"Elegance","floor":30.0,"gold_loss":0.0,"damage_taken":0.0},{"damage_healed":0.0,"max_hp_gain":0.0,"max_hp_loss":0.0,"gold_gain":0.0,"event_name":"Tomb of Lord Red Mask","player_choice":"Paid","floor":37.0,"gold_loss":-884.0,"damage_taken":0.0,"relics_obtained":["Red Mask"]},{"damage_healed":0.0,"max_hp_gain":0.0,"max_hp_loss":0.0,"gold_gain":0.0,"event_name":"Match and Keep!","player_choice":"0 cards matched","floor":45.0,"gold_loss":0.0,"damage_taken":0.0,"cards_obtained":[]}],"is_beta":false,"boss_relics":[{"not_picked":["Cursed Key","testmod-Temperance"],"picked":"Astrolabe"},{"not_picked":["testmod-NegativeEmotionEnhancer","testmod-GoldenSoul"],"picked":"testmod-CardMagician"}],"items_purged_floors":[12,20,20],"is_endless":false,"potions_floor_spawned":[2,6,8,11,14,19,23,25,36,44,47],"ascension_level":20}}