{"host":"gk5m6v7zec9neb0j","time":1612553558,"event":{"mods":["AchievementEnabler","AlwaysNeverKeys","BaseMod","BetterRewards","Block Reminder","Minty Spire (QoL Compilation)","Rare Cards Sparkle","Relic Stats","StSLib"],"gold_per_floor":[111,111,131,131,54,89,104,279,349,349,366,266,296,10,10,114,114,124,25,25,38,38,38,73,89,89,89,108,118,72,100,100,203,203,221,65,65,81,96,96,127,143,143,143,62,79,79,79,79,79,79,79,10,10,10],"floor_reached":54,"language":"ENG","playtime":1994,"items_purged":["Strike_R","Doubt"],"score":963,"play_id":"6f1156c2-b3f5-4f4e-84e2-5e81fdf4a8bc","local_time":"20210205143238","is_ascension_mode":false,"campfire_choices":[{"data":"Demon Form","floor":10,"key":"SMITH"},{"floor":15,"key":"REST"},{"data":"Rampage","floor":23,"key":"SMITH"},{"floor":32,"key":"REST"},{"data":"Metallicize","floor":40,"key":"SMITH"},{"floor":47,"key":"REST"},{"data":"Metallicize","floor":49,"key":"SMITH"},{"data":"Metallicize","floor":52,"key":"SMITH"}],"circlet_count":0,"master_deck":["Defend_R","Defend_R+1","Defend_R+1","Defend_R","Bash","Metallicize+1","Rampage+1","Headbutt","Demon Form+1","Shrug It Off","Double Tap","Warcry","Metallicize+1","Shrug It Off","Bloodletting","Metallicize+1","Metallicize"],"relics":["Black Blood","War Paint","Pantograph","Pocketwatch","Turnip","White Beast Statue","Calipers","Darkstone Periapt","CultistMask","Singing Bowl","Empty Cage","Oddly Smooth Stone","Regal Pillow","Toxic Egg 2","Strawberry"],"acts_visited":["Exordium","TheCity","TheBeyond","TheEnding"],"potions_floor_usage":[18,24,25,31,33,35,41,50,50],"damage_taken":[{"damage":1,"enemies":"Jaw Worm","floor":1,"turns":4},{"damage":0,"enemies":"Cultist","floor":3,"turns":3},{"damage":25,"enemies":"Lagavulin","floor":6,"turns":6},{"damage":3,"enemies":"2 Louse","floor":7,"turns":2},{"damage":9,"enemies":"Looter","floor":11,"turns":3},{"damage":39,"enemies":"Gremlin Nob","floor":13,"turns":5},{"damage":35,"enemies":"Slime Boss","floor":16,"turns":7},{"damage":40,"enemies":"2 Thieves","floor":18,"turns":5},{"damage":8,"enemies":"Shell Parasite","floor":21,"turns":7},{"damage":36,"enemies":"Slavers","floor":24,"turns":8},{"damage":20,"enemies":"Shelled Parasite and Fungi","floor":25,"turns":6},{"damage":29,"enemies":"Snake Plant","floor":28,"turns":4},{"damage":7,"enemies":"Snecko","floor":29,"turns":4},{"damage":54,"enemies":"Book of Stabbing","floor":31,"turns":8},{"damage":38,"enemies":"Champ","floor":33,"turns":10},{"damage":9,"enemies":"3 Shapes","floor":35,"turns":9},{"damage":20,"enemies":"3 Darklings","floor":38,"turns":9},{"damage":13,"enemies":"Maw","floor":39,"turns":7},{"damage":69,"enemies":"Reptomancer","floor":41,"turns":7},{"damage":56,"enemies":"Transient","floor":42,"turns":5},{"damage":27,"enemies":"3 Darklings","floor":46,"turns":9},{"damage":53,"enemies":"Time Eater","floor":50,"turns":11},{"damage":107,"enemies":"Shield and Spear","floor":54,"turns":8}],"seed_played":"3914191561465912750","potions_obtained":[{"floor":1,"key":"Regen Potion"},{"floor":16,"key":"Block Potion"},{"floor":24,"key":"Block Potion"},{"floor":25,"key":"GamblersBrew"},{"floor":31,"key":"Ancient Potion"},{"floor":33,"key":"Strength Potion"},{"floor":35,"key":"Fruit Juice"},{"floor":41,"key":"BlessingOfTheForge"},{"floor":42,"key":"CultistPotion"},{"floor":46,"key":"CultistPotion"}],"is_trial":false,"path_per_floor":["M","?","M","$","$","E","M","?","T","R","M","$","E","$","R","B",null,"M","$","?","M","?","R","E","M","T","?","M","M","$","E","R","B",null,"M","$","?","M","M","R","E","M","T","T","$","M","R","$","R","B",null,"R","$","E"],"character_chosen":"IRONCLAD","items_purchased":["FairyPotion","Metallicize","Rampage","Demon Form","Turnip","FairyPotion","Shrug It Off","Oddly Smooth Stone","Metallicize","Metallicize"],"campfire_rested":3,"item_purchase_floors":[0,0,0,5,14,19,30,36,45,53],"current_hp_per_floor":[74,74,80,80,80,61,64,64,64,64,61,61,28,28,52,48,80,52,52,52,56,56,56,47,39,39,39,22,27,27,16,40,41,84,91,91,91,83,84,84,29,39,39,46,46,33,79,79,79,63,106,106,106,0,0],"gold":10,"neow_bonus":"","is_daily":false,"chose_seed":false,"campfire_upgraded":5,"win_rate":0.0,"timestamp":1612553558,"path_taken":["M","?","M","?","$","E","M","?","T","R","M","$","E","$","R","BOSS","M","$","?","M","?","R","E","M","T","?","?","M","$","E","R","BOSS","M","$","?","?","M","R","E","M","T","?","$","M","R","?","R","BOSS","R","$","E"],"items_purchased_type":["Potion","Card","Card","Card","Relic","Potion","Card","Relic","Card","Card"],"build_version":"2020-12-22","purchased_purges":2,"victory":false,"max_hp_per_floor":[80,80,80,80,80,80,80,80,80,80,80,80,80,80,80,80,80,80,80,80,80,80,80,80,80,80,80,80,80,80,82,82,84,84,91,91,91,91,93,93,95,97,97,104,104,106,106,106,106,106,106,106,106,106,106],"relic_stats":{"Darkstone Periapt":0,"Regal Pillow":15,"Singing Bowl":14,"counters":[77,452],"Pantograph":122,"Black Blood":609,"Turnip":[11],"War Paint":["Defend_R","Defend_R"],"obtain_stats":[{"Darkstone Periapt":26,"Regal Pillow":41,"Calipers":24,"Singing Bowl":0,"Vajra":0,"Black Blood":17,"StoneCalendar":22,"Juzu Bracelet":25,"Whetstone":43,"Bottled Tornado":31,"PrismaticShard":19,"Empty Cage":34,"Burning Blood":0,"ClockworkSouvenir":0,"Dream Catcher":17,"Shovel":0,"Sundial":11,"Pantograph":9,"Strawberry":44,"MealTicket":9,"Prayer Wheel":0,"Kunai":10,"Toxic Egg 2":43,"Paper Frog":0,"Oddly Smooth Stone":0,"Frozen Egg 2":0,"Odd Mushroom":8,"War Paint":6,"White Beast Statue":22,"Mercury Hourglass":26,"Calling Bell":17,"Ornamental Fan":17,"Turnip":14,"CultistMask":27,"Bag of Marbles":12,"Black Star":17,"Champion Belt":0,"Bottled Lightning":26,"Pocketwatch":17},{"Darkstone Periapt":65,"Regal Pillow":73,"Calipers":64,"Singing Bowl":0,"Vajra":0,"Black Blood":7,"StoneCalendar":50,"Juzu Bracelet":35,"Whetstone":20,"Bottled Tornado":15,"PrismaticShard":32,"Empty Cage":69,"Burning Blood":0,"ClockworkSouvenir":0,"Dream Catcher":31,"Shovel":0,"Sundial":45,"Pantograph":28,"Strawberry":74,"MealTicket":3,"Prayer Wheel":39,"Kunai":45,"Toxic Egg 2":74,"Paper Frog":0,"Oddly Smooth Stone":0,"Frozen Egg 2":0,"Odd Mushroom":45,"War Paint":57,"White Beast Statue":63,"Mercury Hourglass":13,"Calling Bell":31,"Ornamental Fan":31,"Turnip":60,"CultistMask":65,"Bag of Marbles":5,"Black Star":47,"Champion Belt":0,"Bottled Lightning":35,"Pocketwatch":31},{"Darkstone Periapt":361,"Regal Pillow":419,"Calipers":355,"Singing Bowl":0,"Vajra":0,"Black Blood":34,"StoneCalendar":278,"Juzu Bracelet":186,"Whetstone":116,"Bottled Tornado":78,"PrismaticShard":173,"Empty Cage":387,"Burning Blood":0,"ClockworkSouvenir":0,"Dream Catcher":170,"Shovel":0,"Sundial":234,"Pantograph":155,"Strawberry":424,"MealTicket":13,"Prayer Wheel":208,"Kunai":234,"Toxic Egg 2":424,"Paper Frog":0,"Oddly Smooth Stone":0,"Frozen Egg 2":0,"Odd Mushroom":234,"War Paint":318,"White Beast Statue":347,"Mercury Hourglass":64,"Calling Bell":170,"Ornamental Fan":170,"Turnip":328,"CultistMask":361,"Bag of Marbles":23,"Black Star":256,"Champion Belt":0,"Bottled Lightning":186,"Pocketwatch":170}],"Pocketwatch":[204]},"card_choices":[{"not_picked":["Havoc","Searing Blow"],"picked":"Headbutt","floor":1},{"not_picked":["Flex","Whirlwind","Carnage"],"picked":"SKIP","floor":3},{"not_picked":["Spot Weakness","Sever Soul","Wild Strike"],"picked":"SKIP","floor":6},{"not_picked":["Entrench","Dual Wield"],"picked":"Shrug It Off","floor":7},{"not_picked":["Headbutt","Twin Strike","Hemokinesis"],"picked":"SKIP","floor":11},{"not_picked":["Headbutt","Pommel Strike"],"picked":"Double Tap","floor":13},{"not_picked":["Dark Embrace","Clothesline","Clash"],"picked":"SKIP","floor":18},{"not_picked":["Anger","Thunderclap","Flex"],"picked":"SKIP","floor":21},{"not_picked":["Reckless Charge+1","Body Slam","Entrench+1"],"picked":"SKIP","floor":24},{"not_picked":["Blood for Blood","Clash","Havoc"],"picked":"SKIP","floor":25},{"not_picked":["Cleave+1","Havoc"],"picked":"Warcry","floor":28},{"not_picked":["Sever Soul","True Grit+1"],"picked":"Metallicize","floor":29},{"not_picked":["Carnage+1","Spot Weakness","Ghostly Armor"],"picked":"Singing Bowl","floor":31},{"not_picked":["Feed","Corruption","Brutality"],"picked":"Singing Bowl","floor":33},{"not_picked":["Combust+1","Fire Breathing","Anger+1"],"picked":"Singing Bowl","floor":35},{"not_picked":["Anger+1","Havoc"],"picked":"Bloodletting","floor":38},{"not_picked":["Searing Blow+1","Clash","Anger"],"picked":"Singing Bowl","floor":39},{"not_picked":["Armaments","Immolate","Anger+1"],"picked":"Singing Bowl","floor":41},{"not_picked":["True Grit","Second Wind+1","Flex"],"picked":"Singing Bowl","floor":42},{"not_picked":["Twin Strike","Iron Wave+1","Headbutt+1"],"picked":"Singing Bowl","floor":46}],"player_experience":784728,"relics_obtained":[{"floor":6,"key":"War Paint"},{"floor":9,"key":"Pantograph"},{"floor":13,"key":"Pocketwatch"},{"floor":24,"key":"Calipers"},{"floor":26,"key":"Darkstone Periapt"},{"floor":31,"key":"Singing Bowl"},{"floor":41,"key":"Regal Pillow"},{"floor":43,"key":"Toxic Egg 2"},{"floor":44,"key":"Strawberry"}],"event_choices":[{"cards_removed":["Strike_R"],"damage_healed":0,"gold_gain":0,"player_choice":"Purged","damage_taken":0,"max_hp_gain":0,"max_hp_loss":0,"event_name":"Purifier","floor":2,"gold_loss":0},{"damage_healed":0,"gold_gain":175,"player_choice":"AGREE","damage_taken":0,"max_hp_gain":0,"max_hp_loss":0,"event_name":"Liars Game","floor":8,"gold_loss":0,"cards_obtained":["Doubt"]},{"damage_healed":0,"gold_gain":0,"player_choice":"Opened","damage_taken":0,"relics_obtained":["White Beast Statue"],"max_hp_gain":0,"max_hp_loss":0,"event_name":"The Mausoleum","floor":22,"gold_loss":0},{"damage_healed":0,"gold_gain":0,"player_choice":"Trade","damage_taken":0,"relics_obtained":["CultistMask"],"max_hp_gain":0,"max_hp_loss":0,"event_name":"FaceTrader","floor":27,"gold_loss":0},{"cards_removed":["Strike_R"],"damage_healed":0,"gold_gain":0,"player_choice":"Offered Basic","damage_taken":0,"max_hp_gain":0,"max_hp_loss":0,"event_name":"Bonfire Elementals","floor":37,"gold_loss":0}],"is_beta":false,"boss_relics":[{"not_picked":["Runic Pyramid","Philosopher\u0027s Stone"],"picked":"Black Blood"},{"not_picked":["SlaversCollar","Calling Bell"],"picked":"Empty Cage"}],"items_purged_floors":[0,12],"is_endless":false,"potions_floor_spawned":[1,13,16,24,25,28,29,31,33,35,38,39,41,42,46],"killed_by":"Shield and Spear","ascension_level":0}}