{"host":"x000krxjblg8jdg4","time":1612484399,"event":{"mods":["BaseMod","Downfall","Hermit","Minty Spire (QoL Compilation)","StSLib","The Runesmith","The Servant 0.9.4"],"gold_per_floor":[117,117,128,36,46,81,7,63,63,63,63],"floor_reached":10,"language":"ENG","playtime":617,"items_purged":[],"score":66,"play_id":"1800e615-a335-41be-bd06-73d01d5a902e","local_time":"20210204221959","is_ascension_mode":false,"campfire_choices":[],"circlet_count":0,"master_deck":["Strike_S","Strike_S","Strike_S","Strike_S","Defend_S","Defend_S","Defend_S","Defend_S","KidneyShot","Exchange","Contraction","ShatteredReality","Bandage Up","FastForward","Misdirection","SurpressingFire+1","Ricochet"],"relics":["Uniform","NeowsBlessing","Eternal Feather","Frozen Egg 2","Juzu Bracelet","Runesmith:Nanobots"],"acts_visited":["Exordium"],"potions_floor_usage":[8,10],"damage_taken":[{"damage":0,"enemies":"Cultist","floor":1,"turns":1},{"damage":0,"enemies":"2 Louse","floor":3,"turns":1},{"damage":0,"enemies":"Small Slimes","floor":5,"turns":2},{"damage":27,"enemies":"Lagavulin","floor":6,"turns":14},{"damage":16,"enemies":"Lagavulin Event","floor":8,"turns":11},{"damage":21,"enemies":"3 Sentries","floor":10,"turns":6}],"seed_played":"5567852448213102549","potions_obtained":[{"floor":5,"key":"Dexterity Potion"},{"floor":8,"key":"DuplicationPotion"}],"is_trial":false,"path_per_floor":["M","?","M","$","M","E","$","?","T","E"],"character_chosen":"THE_SERVANT","items_purchased":["Bandage Up","SurpressingFire+1"],"campfire_rested":0,"item_purchase_floors":[4,7],"current_hp_per_floor":[65,47,47,47,47,24,24,12,12,0,0],"gold":63,"neow_bonus":"THREE_ENEMY_KILL","is_daily":false,"chose_seed":false,"campfire_upgraded":0,"win_rate":0.0,"timestamp":1612484399,"path_taken":["M","?","M","$","M","E","$","?","T","E"],"items_purchased_type":["Card","Card"],"build_version":"2020-12-22","purchased_purges":0,"victory":false,"max_hp_per_floor":[65,65,65,65,65,65,65,65,65,65,65],"card_choices":[{"not_picked":["ShatteredReality","DoubleEdge"],"picked":"Contraction","floor":1},{"not_picked":["Alleviate","DoubleEdge"],"picked":"ShatteredReality","floor":3},{"not_picked":["Unruled","Starlight"],"picked":"FastForward","floor":5},{"not_picked":["FastForward","LightFlow"],"picked":"Misdirection","floor":6},{"not_picked":["Moonlight","Unruled"],"picked":"Ricochet","floor":8}],"player_experience":48401,"relics_obtained":[{"floor":6,"key":"Frozen Egg 2"},{"floor":8,"key":"Juzu Bracelet"},{"floor":9,"key":"Runesmith:Nanobots"}],"event_choices":[{"damage_healed":0,"gold_gain":0,"player_choice":"Success","damage_taken":18,"relics_obtained":["Eternal Feather"],"max_hp_gain":0,"max_hp_loss":0,"event_name":"Scrap Ooze","floor":2,"gold_loss":0},{"damage_healed":0,"gold_gain":0,"player_choice":"Searched \u00271\u0027 times","damage_taken":0,"max_hp_gain":0,"max_hp_loss":0,"event_name":"Dead Adventurer","floor":8,"gold_loss":0}],"is_beta":false,"boss_relics":[],"items_purged_floors":[],"is_endless":false,"potions_floor_spawned":[5,8],"killed_by":"3 Sentries","ascension_level":0}}