{"host":"KYO","time":1612526431,"event":{"mods":["ATMod(°¢èªMod)","BaseMod","Better Vampires","BetterRewards","Minty Spire (QoL Compilation)","Permanent Neow","Replay The Spire","Shop Mod","StSLib","SuperFastMode","TestMod","[IsaacMod]ÒÔÈö¼âËþ","¡¾ÒÅÎï¿¨ÅÆ¡¿REMEMod"],"gold_per_floor":[112,130,130,130,147,181,181,219,219,255,255,275,308,322,322,406,406,418,502,702,716,731,775,775,813,813,350,484,484,608,733,733,1008,1008,1027,1027,1027,1038,1094,1222,1245,1377,1403,1532,1556,1556,847,864,864,1063,1164,1164,1164,213,441,560],"floor_reached":57,"language":"ZHS","playtime":5018,"items_purged":["Strike_R","Defend_R","Strike_R","Defend_R","Strike_R","Strike_R","Strike_R"],"score":4782,"play_id":"8fbd5db3-ed9f-4c7a-a14c-a5c283d62ff9","local_time":"20210205200031","is_ascension_mode":true,"campfire_choices":[{"data":"Searing Blow","floor":7.0,"key":"SMITH"},{"data":"Searing Blow+1","floor":11.0,"key":"SMITH"},{"data":"Searing Blow+2","floor":15.0,"key":"SMITH"},{"data":"Searing Blow+3","floor":24,"key":"SMITH"},{"data":"Searing Blow+4","floor":29,"key":"SMITH"},{"data":"Searing Blow+5","floor":32,"key":"SMITH"},{"floor":46,"key":"RECALL"},{"data":"Disarm","floor":49,"key":"SMITH"},{"data":"Searing Blow+6","floor":53,"key":"SMITH"}],"circlet_count":0,"master_deck":["AscendersBane","Defend_R","Defend_R","Bash","REME_HeartOfCthun+1","Flex+1","testmod-EternalityOfKhronos+1","Searing Blow+7","Disarm+1","Feed","AT_ShrugMaster+1"],"relics":["Burning Blood","HushsDoor","AT_ATBox","REME_ComplimentaryCards","testmod-TestBox","BookOfRevelations","testmod-DeterminationOfClimber","Garlic","MerchantsRug","SalivaCoin","ReplayTheSpireMod:TigerMarble","TheAbacus","Vajra","Habit","testmod-LifeArmor","D6","Guide Book","AT_DeathDance","PreservedInsect","BFFS","Replay:Accelerometer","GnawedLeaf","Oddly Smooth Stone","SacredBark","Juzu Bracelet","REME_HourglassOfDeath","AT_TheCollector","Omamori","testmod-Charity","AT_ChloranthyRing","Self Forming Clay","Leech","testmod-EnergyCheck","Replay:WaspNest","Regal Pillow","testmod-Justice","AnarchistCookbook","testmod-OneHitWonder","HowToJump","AT_RedTearstoneRing","Ornamental Fan","Thread and Needle","Champion Belt","Durian"],"acts_visited":["Exordium","TheCity","TheBeyond","TheEnding"],"potions_floor_usage":[19,41,51,55],"damage_taken":[{"damage":0.0,"enemies":"Jaw Worm","floor":1.0,"turns":2.0},{"damage":0.0,"enemies":"2 Louse","floor":2.0,"turns":2.0},{"damage":0.0,"enemies":"Cultist","floor":5.0,"turns":2.0},{"damage":0.0,"enemies":"Gremlin Nob","floor":6.0,"turns":4.0},{"damage":0.0,"enemies":"Lagavulin","floor":8.0,"turns":2.0},{"damage":0.0,"enemies":"Replay:BlueRogue","floor":10.0,"turns":2.0},{"damage":0.0,"enemies":"3 Louse","floor":12.0,"turns":1.0},{"damage":0.0,"enemies":"Lagavulin","floor":13.0,"turns":3.0},{"damage":0.0,"enemies":"Gremlin Gang","floor":14.0,"turns":1.0},{"damage":0,"enemies":"The Guardian","floor":16,"turns":7},{"damage":0,"enemies":"Spheric Guardian","floor":18,"turns":1},{"damage":0,"enemies":"Hiden Room Battle","floor":19,"turns":2},{"damage":0,"enemies":"2 Thieves","floor":21,"turns":2},{"damage":0,"enemies":"Chosen and Byrds","floor":22,"turns":2},{"damage":0,"enemies":"Book of Stabbing","floor":23,"turns":9},{"damage":0,"enemies":"REME_1_Revenger","floor":25,"turns":3},{"damage":0,"enemies":"Gremlin Leader","floor":28,"turns":3},{"damage":0,"enemies":"Book of Stabbing","floor":30,"turns":3},{"damage":0,"enemies":"Slavers","floor":31,"turns":1},{"damage":0,"enemies":"Pondfish","floor":33,"turns":4},{"damage":0,"enemies":"3 Shapes","floor":35,"turns":3},{"damage":0,"enemies":"3 Darklings","floor":38,"turns":3},{"damage":0,"enemies":"Hiden Room Battle","floor":39,"turns":2},{"damage":0,"enemies":"Reptomancer","floor":40,"turns":2},{"damage":0,"enemies":"Transient","floor":41,"turns":10},{"damage":0,"enemies":"R_Hoarder","floor":42,"turns":4},{"damage":0,"enemies":"Reptomancer","floor":44,"turns":2},{"damage":0,"enemies":"Sphere and 2 Shapes","floor":45,"turns":2},{"damage":0,"enemies":"Spire Growth","floor":48,"turns":2},{"damage":0,"enemies":"Awakened One","floor":50,"turns":5},{"damage":0,"enemies":"Time Eater","floor":51,"turns":4},{"damage":0,"enemies":"Shield and Spear","floor":55,"turns":1},{"damage":0,"enemies":"The Heart","floor":56,"turns":5}],"seed_played":"-2472619937353380329","potions_obtained":[{"floor":14.0,"key":"REME_GoldPotion"},{"floor":21,"key":"DistilledChaos"},{"floor":41,"key":"Fruit Juice"},{"floor":42,"key":"Energy Potion"}],"is_trial":false,"path_per_floor":["M","M","?","?","M","E","R","E","T","E","R","M","E","M","R","B",null,"M","?","?","M","M","E","R","E","T","$","E","R","E","E","R","B",null,"M","?","?","M","?","E","M","E","T","E","M","R","$","M","R","B","B",null,"R","$","E","B",null],"character_chosen":"IRONCLAD","items_purchased":["Garlic","REME_HeartOfCthun","MerchantsRug","SalivaCoin","ReplayTheSpireMod:TigerMarble","TheAbacus","Flex","Vajra","Habit","testmod-LifeArmor","testmod-EternalityOfKhronos","D6","Guide Book","AT_DeathDance","Searing Blow","BargainBundle","Weak Potion","Block Potion","SteroidPotion","Disarm","Omamori","testmod-Charity","AT_RedTearstoneRing","EssenceOfSteel","AT_ShrugMaster+1","Ornamental Fan","Thread and Needle","Swift Potion","Champion Belt"],"campfire_rested":0,"item_purchase_floors":[0,0,0,0,0,0,0,0,0,0,0,0,0,0,0,0,0,0,0,0,27,27,47,47,47,47,54,54,54],"current_hp_per_floor":[75,75,75,75,75,75,75,78,78,78,78,84,84,90,90,90,90,90,93,93,93,96,99,99,99,99,99,105,105,117,121,121,133,133,143,143,143,150,149,160,191,201,202,210,217,217,219,226,226,243,254,254,254,254,271,302],"gold":560,"neow_bonus":"","is_daily":false,"chose_seed":false,"campfire_upgraded":8,"win_rate":0.0,"timestamp":1612526431,"path_taken":["M","M","?","?","M","E","R","E","T","E","R","?","E","M","R","BOSS","M","?","?","M","M","E","R","E","T","?","E","R","E","E","R","BOSS","M","?","?","M","?","E","M","E","T","E","M","R","$","M","R","BOSS","BOSS","R","$","E","BOSS"],"items_purchased_type":["Relic","Card","Relic","Relic","Relic","Relic","Card","Relic","Relic","Relic","Card","Relic","Relic","Relic","Card","Relic","Potion","Potion","Potion","Card","Relic","Relic","Relic","Potion","Card","Relic","Relic","Potion","Relic"],"build_version":"2020-12-18","purchased_purges":7,"victory":true,"max_hp_per_floor":[75,75,75,75,75,75,75,78,78,78,78,84,84,90,90,90,90,90,93,93,93,96,99,99,99,99,99,105,105,117,121,121,133,133,143,143,143,150,154,160,191,201,202,210,217,217,219,226,226,243,254,254,254,254,271,302],"card_choices":[{"not_picked":[],"picked":"Bomb","floor":0.0},{"not_picked":["ReplayTheSpireMod:Stacked","Twin Strike"],"picked":"Bomb","floor":1.0},{"not_picked":["Sword Boomerang","AT_ManFootWork","ReplayTheSpireMod:Stacked"],"picked":"SKIP","floor":2.0},{"not_picked":["Wild Strike","AT_BodySlamDance","Evolve"],"picked":"SKIP","floor":5.0},{"not_picked":["Thunderclap","Feel No Pain"],"picked":"Feed","floor":6.0},{"not_picked":["Iron Wave","Eclipse","Metallicize"],"picked":"SKIP","floor":8.0},{"not_picked":["Sword Boomerang","Wild Strike","Thunderclap"],"picked":"SKIP","floor":10.0},{"not_picked":["Pommel Strike","Run Through","Massacre"],"picked":"SKIP","floor":12.0},{"not_picked":["Havoc","ReplayTheSpireMod:Limb From Limb","Replay:Undeath\u0027s Touch"],"picked":"SKIP","floor":13.0},{"not_picked":["ReplayTheSpireMod:Strike From Hell","Intimidate","Headbutt"],"picked":"SKIP","floor":14.0},{"not_picked":["Combust","Flex","AT_BodySlamDance"],"picked":"SKIP","floor":18},{"not_picked":["Wild Strike","AT_BodySlamDance","Inflame"],"picked":"SKIP","floor":21},{"not_picked":["Headbutt+1","Rage","AT_IchimonjiDouble"],"picked":"SKIP","floor":22},{"not_picked":["Cleave","Brutality","Seeing Red"],"picked":"SKIP","floor":23},{"not_picked":["ReplayTheSpireMod:Strike From Hell","Run Through","Ghostly Armor"],"picked":"SKIP","floor":25},{"not_picked":["Armaments","Flex+1","ReplayTheSpireMod:Corrosion Curse"],"picked":"SKIP","floor":28},{"not_picked":["Clash","Limit Break","Defy Death"],"picked":"SKIP","floor":30},{"not_picked":["AT_IchimonjiDouble","Clothesline","Replay:Undeath\u0027s Touch"],"picked":"SKIP","floor":31},{"not_picked":["True Grit+1","Sword Boomerang","Perfected Strike"],"picked":"SKIP","floor":35},{"not_picked":["Clash","Searing Blow","Wild Strike"],"picked":"SKIP","floor":38},{"not_picked":["True Grit","Blood for Blood+1","Dropkick+1"],"picked":"SKIP","floor":40},{"not_picked":["Thunderclap","AT_DiedThrough+1","Spot Weakness"],"picked":"SKIP","floor":41},{"not_picked":["Power Through","Eclipse","Bludgeon"],"picked":"SKIP","floor":42},{"not_picked":["Armaments","Clash+1","Anger"],"picked":"SKIP","floor":44},{"not_picked":["Run Through","Flex+1","Reaper"],"picked":"SKIP","floor":45},{"not_picked":["ReplayTheSpireMod:Strike From Hell+1","Headbutt","True Grit+1"],"picked":"SKIP","floor":48},{"not_picked":["Dark Embrace+1","ReplayTheSpireMod:Muscle Training+1","Fire Breathing"],"picked":"SKIP","floor":55}],"player_experience":739969,"relics_obtained":[{"floor":6.0,"key":"PreservedInsect"},{"floor":8.0,"key":"BFFS"},{"floor":9.0,"key":"Replay:Accelerometer"},{"floor":10.0,"key":"GnawedLeaf"},{"floor":13.0,"key":"Oddly Smooth Stone"},{"floor":19,"key":"Juzu Bracelet"},{"floor":19,"key":"REME_HourglassOfDeath"},{"floor":23,"key":"AT_TheCollector"},{"floor":25,"key":"WingedGreaves"},{"floor":28,"key":"AT_ChloranthyRing"},{"floor":30,"key":"Self Forming Clay"},{"floor":31,"key":"Leech"},{"floor":39,"key":"Replay:WaspNest"},{"floor":39,"key":"Regal Pillow"},{"floor":40,"key":"testmod-Justice"},{"floor":42,"key":"AnarchistCookbook"},{"floor":43,"key":"testmod-OneHitWonder"},{"floor":44,"key":"HowToJump"},{"floor":55,"key":"Durian"}],"event_choices":[{"damage_healed":0,"gold_gain":0,"player_choice":"Fight","damage_taken":0,"max_hp_gain":0,"max_hp_loss":0,"event_name":"HidenRoomEvent","floor":19,"gold_loss":0},{"damage_healed":0,"gold_gain":200,"player_choice":"Gold","damage_taken":0,"max_hp_gain":0,"max_hp_loss":0,"event_name":"Wheel of Change","floor":20,"gold_loss":0},{"damage_healed":0,"gold_gain":0,"player_choice":"Memory 1","damage_taken":0,"max_hp_gain":0,"max_hp_loss":0,"event_name":"SensoryStone","floor":36,"gold_loss":0},{"damage_healed":0,"gold_gain":0,"player_choice":"0 cards matched","damage_taken":0,"max_hp_gain":0,"max_hp_loss":0,"event_name":"Match and Keep!","floor":37,"gold_loss":0,"cards_obtained":[]},{"damage_healed":0,"gold_gain":0,"player_choice":"Fight","damage_taken":0,"max_hp_gain":0,"max_hp_loss":0,"event_name":"HidenRoomEvent","floor":39,"gold_loss":0}],"is_beta":true,"boss_relics":[{"not_picked":["SlaversCollar","Ectoplasm"],"picked":"SacredBark"},{"not_picked":[]},{"not_picked":["REME_DemonsWealth","testmod-Nine"],"picked":"testmod-EnergyCheck"},{"not_picked":[]}],"items_purged_floors":[0,0,0,0,27,47,54],"is_endless":false,"potions_floor_spawned":[1,5,10,14,16,18,21,25,28,33,35,40,41,42,48],"ascension_level":20}}