{"host":"7tqog9fnhs0gxmti","time":1612520790,"event":{"mods":["AchievementEnabler","Act Like it!","Astrologer","BaseMod","Beaked The Cultist","CapriCore","Colored Map","Colored Powertips","Downfall","Hermit","Highlight Path","Koishi","Marisa????????","Minty Spire (QoL Compilation)","Quick Restart","Random Character Button","Rare Cards Sparkle","Robot Space Explorer","Smile Girya","StSLib","The Bug Knight","The Construct","The Cursed","The Disciple","The Gatherer","The Hayseed","The Marked","everything is the same but u backflip on backflip"],"gold_per_floor":[112,62,77,57,67,95,107,136,188,219,294,294,469,501,501,605,605,620,62,62,82,82,82,92,92,92,110,110,0,0,0],"floor_reached":30,"language":"ENG","playtime":1212,"items_purged":["Doubt"],"score":344,"play_id":"8860a904-e7e8-428c-99e6-7de15abc058c","local_time":"20210205182630","is_ascension_mode":true,"campfire_choices":[{"floor":12.0,"key":"REST"},{"floor":15.0,"key":"REST"},{"data":"Defragment","floor":23,"key":"SMITH"},{"floor":28,"key":"REST"}],"circlet_count":0,"master_deck":["Strike_B","Strike_B","Strike_B","Defend_B","Defend_B","Defend_B","Defend_B","Zap+1","Dualcast","Good Instincts","Conserve Battery","Sweeping Beam","Cold Snap","Glacier+1","Streamline","Machine Learning","Self Repair","Defragment+1","Loop","Blizzard"],"relics":["Cracked Core","Shuriken","Odd Mushroom","Art of War","HollowMod:PaleOreRelic","War Paint","SlaversCollar","Oddly Smooth Stone","Question Card","Bag of Preparation","Ancient Tea Set"],"acts_visited":["Exordium","TheCity"],"potions_floor_usage":[],"damage_taken":[{"damage":6.0,"enemies":"Jaw Worm","floor":1.0,"turns":3.0},{"damage":0.0,"enemies":"2 Louse","floor":3.0,"turns":3.0},{"damage":0.0,"enemies":"Cultist","floor":5.0,"turns":4.0},{"damage":16.0,"enemies":"Gremlin Nob","floor":6.0,"turns":4.0},{"damage":2.0,"enemies":"Large Slime","floor":7.0,"turns":5.0},{"damage":20.0,"enemies":"The Mushroom Lair","floor":8.0,"turns":4.0},{"damage":17.0,"enemies":"Lagavulin","floor":10.0,"turns":10.0},{"damage":7.0,"enemies":"HollowMod:MossKnight","floor":14.0,"turns":18.0},{"damage":38.0,"enemies":"The Guardian","floor":16.0,"turns":18.0},{"damage":22.0,"enemies":"3 Byrds","floor":18.0,"turns":6.0},{"damage":0.0,"enemies":"Chosen","floor":21.0,"turns":6.0},{"damage":16,"enemies":"Snake Plant","floor":24,"turns":6},{"damage":25,"enemies":"3 Cultists","floor":27,"turns":7},{"damage":46,"enemies":"Slavers","floor":30,"turns":4}],"seed_played":"9172551597508080009","potions_obtained":[{"floor":1.0,"key":"Fruit Juice"},{"floor":3.0,"key":"SteroidPotion"},{"floor":4.0,"key":"SneckoOil"},{"floor":8.0,"key":"Ancient Potion"},{"floor":16.0,"key":"Energy Potion"},{"floor":21,"key":"Fire Potion"}],"is_trial":false,"path_per_floor":["M","?","M","?","M","E","M","?","T","E","?","R","?","E","R","B",null,"M","$","?","M","$","R","M","?","T","M","R","?","E"],"character_chosen":"DEFECT","items_purchased":["Self Repair","Oddly Smooth Stone","Question Card"],"campfire_rested":3,"item_purchase_floors":[19,19,19],"current_hp_per_floor":[67,67,67,67,67,51,49,29,29,12,1,25,25,18,42,4,61,39,39,39,46,46,46,37,37,37,19,43,43,0,0],"gold":0,"neow_bonus":"RANDOM_COLORLESS","is_daily":false,"chose_seed":false,"campfire_upgraded":1,"win_rate":0.0,"timestamp":1612520790,"path_taken":["M","?","M","?","?","E","M","?","T","E","?","R","?","E","R","BOSS","M","$","?","M","$","R","M","?","T","?","R","?","E"],"items_purchased_type":["Card","Relic","Relic"],"build_version":"2020-12-22","purchased_purges":1,"victory":false,"max_hp_per_floor":[80,80,80,80,80,80,80,80,80,80,80,80,80,80,80,80,80,80,80,80,80,80,80,80,80,80,80,80,80,80,80],"card_choices":[{"not_picked":["Purity","Bandage Up"],"picked":"Good Instincts","floor":0.0},{"not_picked":["Storm","Double Energy"],"picked":"Conserve Battery","floor":1.0},{"not_picked":["Reprogram","Rebound"],"picked":"Sweeping Beam","floor":3.0},{"not_picked":["Ball Lightning","Genetic Algorithm"],"picked":"Cold Snap","floor":5.0},{"not_picked":["Aggregate","Skim","Leap"],"picked":"SKIP","floor":6.0},{"not_picked":["Steam","Barrage","Redo"],"picked":"SKIP","floor":7.0},{"not_picked":["Compile Driver","Sweeping Beam"],"picked":"Glacier","floor":8.0},{"not_picked":["Seek","Hologram"],"picked":"Streamline","floor":10.0},{"not_picked":["All For One","Stack","Rebound"],"picked":"SKIP","floor":14.0},{"not_picked":["Reboot","Thunder Strike"],"picked":"Machine Learning","floor":16.0},{"not_picked":["Static Discharge","Stack+1","Darkness"],"picked":"SKIP","floor":18.0},{"not_picked":["Stack+1","Conserve Battery","Genetic Algorithm"],"picked":"Loop","floor":21},{"not_picked":["Compile Driver+1","Leap","Gash","Lockon"],"picked":"SKIP","floor":24},{"not_picked":["Turbo","Fusion+1","Go for the Eyes+1"],"picked":"Blizzard","floor":27}],"player_experience":923776,"relics_obtained":[{"floor":6.0,"key":"Shuriken"},{"floor":8.0,"key":"Odd Mushroom"},{"floor":9.0,"key":"Art of War"},{"floor":10.0,"key":"HollowMod:PaleOreRelic"},{"floor":14.0,"key":"War Paint"},{"floor":26,"key":"Ancient Tea Set"}],"event_choices":[{"cards_removed":["Strike_B"],"damage_healed":0.0,"max_hp_gain":0.0,"max_hp_loss":0.0,"gold_gain":0.0,"event_name":"The Cleric","player_choice":"Card Removal","floor":2.0,"gold_loss":50.0,"damage_taken":0.0},{"damage_healed":0.0,"max_hp_gain":0.0,"max_hp_loss":0.0,"gold_gain":0.0,"event_name":"The Woman in Blue","player_choice":"Bought 1 Potion","floor":4.0,"gold_loss":0.0,"damage_taken":0.0},{"damage_healed":0.0,"max_hp_gain":0.0,"max_hp_loss":0.0,"gold_gain":0.0,"event_name":"Mushrooms","player_choice":"Fought Mushrooms","floor":8.0,"gold_loss":0.0,"damage_taken":0.0},{"damage_healed":0.0,"max_hp_gain":0.0,"max_hp_loss":0.0,"gold_gain":75.0,"event_name":"World of Goop","player_choice":"Gather Gold","floor":11.0,"gold_loss":0.0,"damage_taken":11.0},{"damage_healed":0.0,"max_hp_gain":0.0,"max_hp_loss":0.0,"gold_gain":175.0,"event_name":"Liars Game","player_choice":"AGREE","floor":13.0,"gold_loss":0.0,"damage_taken":0.0,"cards_obtained":["Doubt"]},{"damage_healed":0.0,"max_hp_gain":0.0,"max_hp_loss":0.0,"gold_gain":0.0,"event_name":"The Library","player_choice":"Read","floor":20.0,"gold_loss":0.0,"damage_taken":0.0,"cards_obtained":["Defragment"]},{"damage_healed":0,"gold_gain":0,"player_choice":"Gave Potion","damage_taken":0,"relics_obtained":["Bag of Preparation"],"max_hp_gain":0,"max_hp_loss":0,"event_name":"WeMeetAgain","floor":25,"gold_loss":0},{"damage_healed":0,"gold_gain":0,"player_choice":"Paid Fearfully","damage_taken":0,"max_hp_gain":0,"max_hp_loss":0,"event_name":"Masked Bandits","floor":29,"gold_loss":110}],"is_beta":false,"boss_relics":[{"not_picked":["Tiny House","Runic Pyramid"],"picked":"SlaversCollar"}],"items_purged_floors":[19],"is_endless":false,"potions_floor_spawned":[1,3,8,16,21],"killed_by":"Slavers","ascension_level":8}}