{"host":"takgv9cv6xf64vhq","time":1612525779,"event":{"mods":["BaseMod","Colored Powertips","Conspire","Decade(王小明)","Downfall","Energized Spire","Hermit","Hubris","LagranYue(拉格朗・月)","Marisa（F雨　魔理沙）","Minty Spire (QoL Compilation)","Replay The Spire","StSLib","The Cursed","The Hierophant","The Jungle","The Servant 0.9.4","TheHeartMod"],"gold_per_floor":[119,44,54,54,73,73,73,100,169,169,244,278,278,278,278,407,407,422,445,43,67,67,102,102,143,443,443,518,538,538,538,538,664,664,689,689,714,730,730,730],"floor_reached":39,"language":"ZHS","playtime":2202,"items_purged":["Strike_G","Strike_G"],"score":498,"play_id":"ea79decd-c635-4e98-a3b7-34b1127ae366","local_time":"20210205194939","is_ascension_mode":true,"campfire_choices":[{"data":"Neutralize","floor":6.0,"key":"SMITH"},{"data":"Cloak And Dagger","floor":13.0,"key":"SMITH"},{"data":"Pain","floor":15.0,"key":"PURGE"},{"data":"Bouncing Flask","floor":24.0,"key":"SMITH"},{"data":"Draining Mist","floor":30.0,"key":"SMITH"}],"circlet_count":0,"master_deck":["Defend_G","Defend_G","Defend_G","Defend_G","Survivor","Neutralize+1","Blade Dance","ReplayTheSpireMod:Speed Training","Cloak And Dagger+1","Dodge and Roll","After Image","AbeCurse","hubris:TrickCloak+1","Deadly Poison","Bouncing Flask+1","Draining Mist+1","conspire:DoublingDagger","Distraction","Phantasmal Killer","Poison Darts","Toxin Wave+1","Hidden Blade","Malaise"],"relics":["Ring of the Snake","NeowsBlessing","hubris:Towel","Snake Skull","hubris:Reverence","Golden Idol","Counterbalance","WarpedTongs","Abe\u0027s Treasure","OrangePellets","Blood Vial","Bronze Scales","Garlic","Old Coin","Lantern","Enchiridion","Empty Cage"],"acts_visited":["Exordium","TheCity","TheBeyond"],"potions_floor_usage":[39,39],"damage_taken":[{"damage":0.0,"enemies":"Small Slimes","floor":1.0,"turns":1.0},{"damage":0.0,"enemies":"Cultist","floor":3.0,"turns":1.0},{"damage":0.0,"enemies":"Jaw Worm","floor":5.0,"turns":1.0},{"damage":15.0,"enemies":"Gremlin Nob","floor":8.0,"turns":5.0},{"damage":10.0,"enemies":"3 Sentries","floor":12.0,"turns":11.0},{"damage":9.0,"enemies":"Fading Forest","floor":16.0,"turns":11.0},{"damage":16.0,"enemies":"Chosen","floor":18.0,"turns":9.0},{"damage":0.0,"enemies":"Shell Parasite","floor":19.0,"turns":7.0},{"damage":2.0,"enemies":"Shelled Parasite and Fungi","floor":21.0,"turns":7.0},{"damage":21.0,"enemies":"Slavers","floor":23.0,"turns":11.0},{"damage":0.0,"enemies":"conspire:Head Lice","floor":25.0,"turns":8.0},{"damage":1.0,"enemies":"Snecko","floor":29.0,"turns":4.0},{"damage":2.0,"enemies":"Champ","floor":33.0,"turns":9.0},{"damage":5.0,"enemies":"3 Shapes","floor":35.0,"turns":4.0},{"damage":2.0,"enemies":"Orb Walker","floor":37.0,"turns":4.0},{"damage":5.0,"enemies":"Spire Growth","floor":38.0,"turns":4.0},{"damage":0,"enemies":"Jaw Worm Horde","floor":39,"turns":1}],"seed_played":"-324039165076759114","potions_obtained":[{"floor":3.0,"key":"Explosive Potion"},{"floor":5.0,"key":"Swift Potion"},{"floor":12.0,"key":"ColorlessPotion"},{"floor":19.0,"key":"DistilledChaos"},{"floor":23.0,"key":"Dexterity Potion"},{"floor":25.0,"key":"Block Potion"},{"floor":28.0,"key":"Flashbang"},{"floor":28.0,"key":"Milkshake"},{"floor":37.0,"key":"Energy Potion"},{"floor":38.0,"key":"Swift Potion"}],"is_trial":false,"path_per_floor":["M","$","M","?","M","R","?","E","T","?","?","E","R","?","R","B",null,"M","M","$","M","$","E","R","E","T","?","?","M","R","?","R","B",null,"M","?","M","M","M"],"character_chosen":"THE_SILENT","items_purchased":["OrangePellets","Blood Vial"],"campfire_rested":0,"item_purchase_floors":[20,20],"current_hp_per_floor":[70,70,70,70,70,70,70,55,55,55,44,34,34,34,34,25,65,49,49,49,49,49,30,30,32,32,32,32,33,33,33,17,17,65,60,60,60,57,59,59],"gold":730,"neow_bonus":"THREE_ENEMY_KILL","is_daily":false,"chose_seed":false,"campfire_upgraded":4,"win_rate":0.0,"timestamp":1612525779,"path_taken":["M","$","M","?","?","R","?","E","T","?","?","E","R","?","R","BOSS","M","M","$","M","?","E","R","E","T","?","?","M","R","?","R","BOSS","M","?","M","M","M"],"items_purchased_type":["Relic","Relic"],"build_version":"2020-12-22","purchased_purges":2,"victory":false,"max_hp_per_floor":[70,70,70,70,70,70,70,70,70,65,65,65,65,65,65,65,65,65,65,65,65,65,65,65,65,65,65,65,65,65,65,65,65,65,65,65,65,65,65,65],"card_choices":[{"not_picked":["Deadly Poison","Dodge and Roll"],"picked":"Blade Dance","floor":1.0},{"not_picked":["ReplayTheSpireMod:Shiv Toss","All Out Attack"],"picked":"ReplayTheSpireMod:Speed Training","floor":3.0},{"not_picked":["hubris:TrickCloak","Outmaneuver","Quick Slash"],"picked":"SKIP","floor":5.0},{"not_picked":["hubris:SlightOfHand","Eviscerate"],"picked":"Cloak And Dagger","floor":8.0},{"not_picked":["PiercingWail","Backflip"],"picked":"Dodge and Roll","floor":12.0},{"not_picked":["ReplayTheSpireMod:From All Sides","Unload"],"picked":"After Image","floor":16.0},{"not_picked":["Outmaneuver","Predator"],"picked":"hubris:TrickCloak+1","floor":18.0},{"not_picked":["hubris:Sniper","All Out Attack"],"picked":"Deadly Poison","floor":19.0},{"not_picked":["Skewer","Quick Slash+1","Reflex"],"picked":"SKIP","floor":21.0},{"not_picked":["Poisoned Stab+1","Dagger Spray"],"picked":"Bouncing Flask","floor":23.0},{"not_picked":["Calculated Gamble","Slice"],"picked":"Draining Mist","floor":25.0},{"not_picked":["Calculated Gamble","Sucker Punch"],"picked":"conspire:DoublingDagger","floor":28.0},{"not_picked":["ReplayTheSpireMod:Shiv Toss+1","Deadly Poison"],"picked":"Distraction","floor":29.0},{"not_picked":["ReplayTheSpireMod:Necrosis","Die Die Die"],"picked":"Poison Darts","floor":33.0},{"not_picked":["Underhanded Strike","hubris:Sniper+1"],"picked":"Toxin Wave+1","floor":35.0},{"not_picked":["Underhanded Strike+1","Outmaneuver"],"picked":"Hidden Blade","floor":37.0},{"not_picked":["Quick Slash","Blade Dance+1"],"picked":"Malaise","floor":38.0}],"player_experience":436533,"relics_obtained":[{"floor":8.0,"key":"Snake Skull"},{"floor":9.0,"key":"hubris:Reverence"},{"floor":12.0,"key":"Counterbalance"},{"floor":23.0,"key":"Bronze Scales"},{"floor":25.0,"key":"Garlic"},{"floor":26.0,"key":"Old Coin"},{"floor":28.0,"key":"Lantern"},{"floor":32.0,"key":"Enchiridion"}],"event_choices":[{"cards_removed":["Strike_G"],"damage_healed":0.0,"max_hp_gain":0.0,"max_hp_loss":0.0,"gold_gain":0.0,"event_name":"Bonfire Elementals","player_choice":"Offered Basic","floor":4.0,"gold_loss":0.0,"damage_taken":0.0},{"damage_healed":0.0,"max_hp_gain":0.0,"max_hp_loss":5.0,"gold_gain":0.0,"event_name":"Golden Idol","player_choice":"Lose Max HP","floor":10.0,"gold_loss":0.0,"damage_taken":0.0,"relics_obtained":["Golden Idol"]},{"damage_healed":0.0,"max_hp_gain":0.0,"max_hp_loss":0.0,"gold_gain":75.0,"event_name":"World of Goop","player_choice":"Gather Gold","floor":11.0,"gold_loss":0.0,"damage_taken":11.0},{"damage_healed":0.0,"max_hp_gain":0.0,"max_hp_loss":0.0,"gold_gain":0.0,"event_name":"Accursed Blacksmith","player_choice":"Rummage","floor":14.0,"gold_loss":0.0,"damage_taken":0.0,"relics_obtained":["WarpedTongs"],"cards_obtained":["Pain"]},{"damage_healed":0.0,"max_hp_gain":0.0,"max_hp_loss":0.0,"gold_gain":0.0,"cards_transformed":["Strike_G","Strike_G"],"event_name":"Drug Dealer","player_choice":"Became Test Subject","floor":31.0,"gold_loss":0.0,"damage_taken":0.0,"cards_obtained":["hubris:Counter","Phantasmal Killer"]},{"damage_healed":0.0,"max_hp_gain":0.0,"max_hp_loss":0.0,"gold_gain":0.0,"event_name":"Cursed Tome","player_choice":"Obtained Book","floor":32.0,"gold_loss":0.0,"damage_taken":16.0},{"damage_healed":0.0,"max_hp_gain":0.0,"max_hp_loss":0.0,"gold_gain":0.0,"event_name":"SecretPortal","player_choice":"Ignored","floor":36.0,"gold_loss":0.0,"damage_taken":0.0}],"is_beta":false,"boss_relics":[{"not_picked":["Black Star","Ring of Chaos"],"picked":"Abe\u0027s Treasure"},{"not_picked":["Fusion Hammer","Pandora\u0027s Box"],"picked":"Empty Cage"}],"items_purged_floors":[2,20],"is_endless":false,"potions_floor_spawned":[3,5,12,19,23,25,29,37,38],"killed_by":"Jaw Worm Horde","ascension_level":1}}