{"host":"zxkjcgzis4pm3za5","time":1612495509,"event":{"mods":["AchievementEnabler","Act Like it!","BaseMod","Colored Map","Colored Powertips","Friendly Minions","GifTheSpireLib","Minty Spire (QoL Compilation)","Quick Restart","Random Character Button","Relic Sorter","Relic Stats","StSLib"],"gold_per_floor":[115,132,150,75,86,86,86,115,193,193,193],"floor_reached":10,"language":"ENG","playtime":586,"items_purged":[],"score":133,"play_id":"8cdd3a07-42d9-4cd7-a8ea-9784104e1e8a","local_time":"20210205085509","is_ascension_mode":true,"campfire_choices":[{"data":"Armaments","floor":6.0,"key":"SMITH"}],"circlet_count":0,"master_deck":["AscendersBane","Strike_R","Strike_R","Strike_R","Strike_R","Defend_R","Defend_R","Defend_R","Defend_R","Bash","Panacea","Twin Strike","Anger","Cleave","Armaments+1","Headbutt"],"relics":["Burning Blood","WingedGreaves"],"acts_visited":["Exordium"],"potions_floor_usage":[8],"damage_taken":[{"damage":8.0,"enemies":"Cultist","floor":1.0,"turns":5.0},{"damage":14.0,"enemies":"Small Slimes","floor":2.0,"turns":4.0},{"damage":3.0,"enemies":"2 Louse","floor":3.0,"turns":3.0},{"damage":31.0,"enemies":"Exordium Thugs","floor":5.0,"turns":5.0},{"damage":16,"enemies":"Lagavulin","floor":8,"turns":7},{"damage":35,"enemies":"3 Sentries","floor":10,"turns":5}],"seed_played":"-5596948002850814124","potions_obtained":[{"floor":1.0,"key":"HeartOfIron"},{"floor":2.0,"key":"Explosive Potion"}],"is_trial":false,"path_per_floor":["M","M","M","?","M","R","?","E","T","E"],"character_chosen":"IRONCLAD","items_purchased":[],"campfire_rested":0,"item_purchase_floors":[],"current_hp_per_floor":[66,58,61,61,36,36,36,26,26,0,0],"gold":193,"neow_bonus":"RANDOM_COLORLESS","is_daily":false,"chose_seed":false,"campfire_upgraded":1,"win_rate":0.0,"timestamp":1612495509,"path_taken":["M","M","M","?","M","R","?","E","T","E"],"items_purchased_type":[],"build_version":"2020-12-22","purchased_purges":0,"victory":false,"max_hp_per_floor":[75,75,75,75,75,75,75,75,75,75,75],"relic_stats":{"counters":[6,29],"obtain_stats":[{"WingedGreaves":8,"Burning Blood":0},{"WingedGreaves":5,"Burning Blood":0},{"WingedGreaves":24,"Burning Blood":0}],"Burning Blood":30},"card_choices":[{"not_picked":["Good Instincts","Discovery"],"picked":"Panacea","floor":0.0},{"not_picked":["Sword Boomerang","Iron Wave"],"picked":"Twin Strike","floor":1.0},{"not_picked":["Warcry","Dark Embrace"],"picked":"Anger","floor":2.0},{"not_picked":["Battle Trance","Fire Breathing"],"picked":"Cleave","floor":3.0},{"not_picked":["Heavy Blade","Second Wind"],"picked":"Armaments","floor":5.0},{"not_picked":["Dropkick","Intimidate"],"picked":"Headbutt","floor":8}],"player_experience":316747,"relics_obtained":[{"floor":8,"key":"WingedGreaves"}],"event_choices":[{"cards_removed":["Strike_R"],"damage_healed":0.0,"max_hp_gain":0.0,"max_hp_loss":0.0,"gold_gain":0.0,"event_name":"The Cleric","player_choice":"Card Removal","floor":4.0,"gold_loss":75.0,"damage_taken":0.0},{"damage_healed":0.0,"max_hp_gain":0.0,"max_hp_loss":0.0,"gold_gain":0.0,"event_name":"Liars Game","player_choice":"Ignored","floor":7.0,"gold_loss":0.0,"damage_taken":0.0}],"is_beta":false,"boss_relics":[],"items_purged_floors":[],"is_endless":false,"potions_floor_spawned":[1,2,3],"killed_by":"3 Sentries","ascension_level":19}}