{"host":"ul3z8ex5o8l5j7mh","time":1612534858,"event":{"mods":["AchievementEnabler","BaseMod","Colored Map","Colored Powertips","DeckTracker","Minty Spire (QoL Compilation)","SuperFastMode"],"gold_per_floor":[118,68,143,157,174,200,200,210,234,251,285,285,299,333,333,428,478,497,517,517,534,168,203,214,214,283,283,283],"floor_reached":27,"language":"ENG","playtime":1210,"items_purged":["Strike_R"],"score":281,"play_id":"30326f4a-9aa6-4d49-901f-834859aba38c","local_time":"20210205152058","is_ascension_mode":true,"campfire_choices":[{"data":"Bludgeon","floor":7.0,"key":"SMITH"},{"data":"Spot Weakness","floor":12.0,"key":"SMITH"},{"floor":15.0,"key":"RECALL"},{"data":"Corruption","floor":25,"key":"SMITH"}],"circlet_count":0,"master_deck":["Strike_R","Strike_R+1","Strike_R","Defend_R","Defend_R","Defend_R","Defend_R","Bash","Bludgeon+1","Sword Boomerang","Clash","Clash","Spot Weakness+1","Cleave","Sword Boomerang","Clothesline","Feel No Pain","Corruption+1","Feel No Pain","Armaments+1","Havoc+1","Spot Weakness+1","Feel No Pain","Purity+1","Reaper","Entrench+1"],"relics":["Burning Blood","Tiny Chest","Red Skull","Bag of Preparation","Toxic Egg 2","Tiny House","Art of War","Toy Ornithopter"],"acts_visited":["Exordium","TheCity"],"potions_floor_usage":[21,23,24],"damage_taken":[{"damage":8.0,"enemies":"Small Slimes","floor":1.0,"turns":3.0},{"damage":12.0,"enemies":"Jaw Worm","floor":4.0,"turns":2.0},{"damage":6.0,"enemies":"Cultist","floor":5.0,"turns":3.0},{"damage":39.0,"enemies":"Lagavulin","floor":6.0,"turns":6.0},{"damage":0.0,"enemies":"2 Fungi Beasts","floor":8.0,"turns":2.0},{"damage":0.0,"enemies":"Exordium Thugs","floor":10.0,"turns":1.0},{"damage":2.0,"enemies":"3 Sentries","floor":11.0,"turns":4.0},{"damage":0.0,"enemies":"Large Slime","floor":13.0,"turns":3.0},{"damage":8.0,"enemies":"Gremlin Nob","floor":14.0,"turns":3.0},{"damage":34.0,"enemies":"The Guardian","floor":16.0,"turns":8.0},{"damage":0.0,"enemies":"Spheric Guardian","floor":18.0,"turns":1.0},{"damage":24,"enemies":"Chosen","floor":19,"turns":6},{"damage":17,"enemies":"Centurion and Healer","floor":21,"turns":5},{"damage":10,"enemies":"Book of Stabbing","floor":23,"turns":5},{"damage":46,"enemies":"Snake Plant","floor":24,"turns":5},{"damage":44,"enemies":"Slavers","floor":27,"turns":3}],"seed_played":"3457624326072987728","potions_obtained":[{"floor":8.0,"key":"Energy Potion"},{"floor":10.0,"key":"EntropicBrew"},{"floor":11.0,"key":"Weak Potion"},{"floor":13.0,"key":"BloodPotion"},{"floor":17.0,"key":"LiquidMemories"},{"floor":21,"key":"AttackPotion"}],"is_trial":false,"path_per_floor":["M","?","?","M","M","E","R","M","T","M","E","R","M","E","R","B",null,"M","M","?","M","$","E","M","R","T","E"],"character_chosen":"IRONCLAD","items_purchased":["Feel No Pain","Art of War","Purity+1"],"campfire_rested":0,"item_purchase_floors":[22,22,22],"current_hp_per_floor":[78,78,78,72,72,39,39,45,45,51,55,55,61,59,59,31,85,85,67,67,56,56,52,42,42,42,0,0],"gold":283,"neow_bonus":"THREE_RARE_CARDS","is_daily":false,"chose_seed":false,"campfire_upgraded":3,"win_rate":0.0,"timestamp":1612534858,"path_taken":["M","?","?","M","M","E","R","M","T","M","E","R","M","E","R","BOSS","M","M","?","M","$","E","M","R","T","E"],"items_purchased_type":["Card","Relic","Card"],"build_version":"2020-12-22","purchased_purges":1,"victory":false,"max_hp_per_floor":[80,80,80,80,80,80,80,80,80,80,80,80,80,80,80,80,85,85,85,85,85,85,85,85,85,85,85,85],"card_choices":[{"not_picked":["Exhume","Brutality"],"picked":"Bludgeon","floor":0.0},{"not_picked":["Perfected Strike","True Grit"],"picked":"Sword Boomerang","floor":1.0},{"not_picked":["Wild Strike","Iron Wave"],"picked":"Clash","floor":4.0},{"not_picked":["Shockwave","Anger"],"picked":"Clash","floor":5.0},{"not_picked":["Hemokinesis","Whirlwind","Fiend Fire"],"picked":"SKIP","floor":6.0},{"not_picked":["Thunderclap","Heavy Blade"],"picked":"Spot Weakness","floor":8.0},{"not_picked":["Heavy Blade","Shrug It Off"],"picked":"Cleave","floor":10.0},{"not_picked":["Demon Form","Headbutt"],"picked":"Sword Boomerang","floor":11.0},{"not_picked":["Iron Wave","Impervious"],"picked":"Clothesline","floor":13.0},{"not_picked":["Spot Weakness+1","Heavy Blade"],"picked":"Feel No Pain","floor":14.0},{"not_picked":["Barricade","Impervious+1"],"picked":"Corruption","floor":16.0},{"not_picked":["Heavy Blade","Twin Strike"],"picked":"Feel No Pain","floor":17.0},{"not_picked":["Body Slam+1","Cleave"],"picked":"Armaments+1","floor":18.0},{"not_picked":["Body Slam","Perfected Strike"],"picked":"Havoc+1","floor":19},{"not_picked":["True Grit+1","Anger"],"picked":"Spot Weakness+1","floor":21},{"not_picked":["Iron Wave","Pommel Strike"],"picked":"Reaper","floor":23},{"not_picked":["Twin Strike","Evolve"],"picked":"Entrench+1","floor":24}],"player_experience":315679,"relics_obtained":[{"floor":6.0,"key":"Tiny Chest"},{"floor":9.0,"key":"Red Skull"},{"floor":11.0,"key":"Bag of Preparation"},{"floor":14.0,"key":"Toxic Egg 2"},{"floor":23,"key":"Toy Ornithopter"}],"event_choices":[{"cards_removed":["Writhe"],"damage_healed":0.0,"max_hp_gain":0.0,"max_hp_loss":0.0,"gold_gain":0.0,"event_name":"The Cleric","player_choice":"Card Removal","floor":2.0,"gold_loss":50.0,"damage_taken":0.0},{"damage_healed":0.0,"max_hp_gain":0.0,"max_hp_loss":0.0,"gold_gain":75.0,"event_name":"Golden Wing","player_choice":"Gained Gold","floor":3.0,"gold_loss":0.0,"damage_taken":0.0},{"cards_removed":["Strike_R"],"damage_healed":0,"gold_gain":0,"player_choice":"Purged","damage_taken":0,"max_hp_gain":0,"max_hp_loss":0,"event_name":"Purifier","floor":20,"gold_loss":0}],"is_beta":false,"boss_relics":[{"not_picked":["Runic Dome","Velvet Choker"],"picked":"Tiny House"}],"items_purged_floors":[22],"is_endless":false,"potions_floor_spawned":[8,10,11,13,21],"killed_by":"Slavers","ascension_level":2}}