{"host":"jzaz9xuivg238wzk","time":1612484668,"event":{"mods":["2.2 Compatiblity","AchievementEnabler","Aspiration","BaseMod","Better Match","Better Note","Better Skull","Better Third Choice","BetterRewards","Colored Map","Colored Powertips","Conspire","Defuse TimeMaze Blight","Downfall","Energized Spire","GifTheSpireLib","Halation","Highlight Path","Hubris","Infinite Spire","Lobotomy","LobotomyExtend","Minty Spire (QoL Compilation)","Quick Restart","Relic Sorter","Reliquary","Replay The Spire","Spicy Shops","StSLib","Stuff the Spire","The Sage","Waifu the Spire"],"gold_per_floor":[118,41,58,73,85,115,115,152,152,174,349,405,405,459,459,601,601,642,567,200,475,500,561,561,599,599],"floor_reached":25,"language":"ENG","playtime":5735,"items_purged":[],"score":574,"play_id":"c72213cc-ca2a-4e50-a2ac-9d8196bfb78c","local_time":"20210205022428","is_ascension_mode":true,"campfire_choices":[{"data":"conspire:PoisonWeapons","floor":24,"key":"SMITH"}],"circlet_count":0,"master_deck":["Strike_G","Strike_G","Strike_G","Strike_G","Strike_G","Defend_G","Defend_G","Defend_G","Defend_G","Defend_G","Survivor","Neutralize","Blade Dance+1","Footwork","Poisoned Stab+1","PiercingWail","Twin Strike","Sword Boomerang+1","Venomology","Twin Strike","Cloak And Dagger","Flying Knee","Doubt","Dagger Spray","Dagger Spray","StuffTheSpire:FinalStruggle","conspire:PoisonWeapons+1","Poisoned Stab+1","Apotheosis","Apotheosis","Regret","Well Laid Plans","Deflect+1"],"relics":["Ring of the Snake","halation:Sosunser","Blue Doll","StuffTheSpire:HeavyRock","Meat on the Bone","aspiration:Lifesprig","StuffTheSpire:Nightcore","White Beast Statue","infinitespire:Golems Mask","Letter Opener","Kunai","aspiration:Nostalgia","m_BurningSludge","infinitespire:Magic Flask","halation:Thesaurus","hubris:Zylophone","conspire:TreasureMap","LetterFromLob","aspiration:ArtOfWarUpgrade","Replay:Bandana","BranchBurnRelic","infinitespire:CheckeredPen","aspiration:SeaSaltIceCream","Letter Opener","hubris:Towel","reliquary:Buckler","Philosopher\u0027s Stone","infinitespire:EmpoweringShard","Bottled Tornado","Heaven_r"],"acts_visited":["Exordium","TheCity"],"potions_floor_usage":[5,6,6,6,10,10,12,14,16,16,18,23,23,23,25],"damage_taken":[{"damage":0,"enemies":"Cultist","floor":1,"turns":3},{"damage":0,"enemies":"Jaw Worm","floor":3,"turns":3},{"damage":0,"enemies":"2 Louse","floor":4,"turns":2},{"damage":0,"enemies":"2 Fungi Beasts","floor":5,"turns":3},{"damage":10,"enemies":"3 Sentries","floor":6,"turns":4},{"damage":0,"enemies":"Exordium Wildlife","floor":8,"turns":2},{"damage":0,"enemies":"Blue Slaver","floor":10,"turns":2},{"damage":0,"enemies":"Lagavulin","floor":12,"turns":4},{"damage":0,"enemies":"Gremlin Nob","floor":14,"turns":2},{"damage":4,"enemies":"Fading Forest","floor":16,"turns":11},{"damage":8,"enemies":"2 Thieves","floor":18,"turns":2},{"damage":7,"enemies":"Shell Parasite","floor":22,"turns":2},{"damage":0,"enemies":"Gremlin Leader","floor":23,"turns":4},{"damage":25,"enemies":"Nightmare","floor":25,"turns":2},{"damage":50,"enemies":"Nightmare","floor":25,"turns":1}],"seed_played":"372884551617475392","potions_obtained":[{"floor":1,"key":"Poison Potion"},{"floor":3,"key":"hexamod:SoulburnPotion"},{"floor":4,"key":"ColorlessPotion"},{"floor":5,"key":"Doom Potion"},{"floor":6,"key":"Languid Potion"},{"floor":8,"key":"Block Potion"},{"floor":10,"key":"SmokeBomb"},{"floor":12,"key":"SkillPotion"},{"floor":14,"key":"Adrenaline Potion"},{"floor":16,"key":"Fire Potion"},{"floor":18,"key":"GamblersBrew"},{"floor":22,"key":"Explosive Potion"},{"floor":23,"key":"sneckomod:MuddlingPotion"}],"is_trial":false,"path_per_floor":["M","$","M","M","M","E","R","M","T","M","?","E","?","E","R","B",null,"M","?","$","?","M","E","R","NM"],"character_chosen":"THE_SILENT","items_purchased":["halation:Sosunser","Blue Doll","StuffTheSpire:HeavyRock","Meat on the Bone","aspiration:Lifesprig","White Beast Statue","Letter Opener","Kunai","aspiration:Nostalgia","Dead Branch","halation:Thesaurus","conspire:TreasureMap","Blade Dance+1","Footwork","Poisoned Stab","Art of War","infinitespire:EmpoweringShard","Apotheosis"],"campfire_rested":0,"item_purchase_floors":[0,0,0,0,0,0,0,0,0,0,0,0,0,0,0,2,20,20],"current_hp_per_floor":[40,40,40,40,40,42,42,47,47,47,47,47,47,47,47,66,70,62,62,62,62,55,55,55,0,0],"gold":599,"neow_bonus":"","is_daily":false,"chose_seed":false,"campfire_upgraded":1,"win_rate":0.0,"timestamp":1612484668,"path_taken":["M","$","M","M","?","E","R","M","T","M","?","E","?","E","R","BOSS","M","?","$","?","M","E","R","NM"],"items_purchased_type":["Relic","Relic","Relic","Relic","Relic","Relic","Relic","Relic","Relic","Relic","Relic","Relic","Card","Card","Card","Relic","Relic","Card"],"build_version":"2020-12-22","purchased_purges":0,"victory":false,"max_hp_per_floor":[70,70,70,70,70,70,70,70,70,70,70,70,70,70,70,70,70,70,70,70,70,70,70,70,70,70],"card_choices":[{"not_picked":["StuffTheSpire:Sprint","Eviscerate"],"picked":"PiercingWail","floor":1},{"not_picked":["PiercingWail","Slimebound:FinishingTackle"],"picked":"Twin Strike","floor":3},{"not_picked":["Backflip","Hidden Blade"],"picked":"Sword Boomerang","floor":4},{"not_picked":["Accuracy","Dodge and Roll"],"picked":"Venomology","floor":5},{"not_picked":["Crippling Poison","Finisher"],"picked":"Twin Strike","floor":6},{"not_picked":["Hidden Blade","StuffTheSpire:BumpUp"],"picked":"Cloak And Dagger","floor":8},{"not_picked":["Dash","ReplayTheSpireMod:Speed Training"],"picked":"Flying Knee","floor":10},{"not_picked":["Slimebound:FirmFortitude","StuffTheSpire:BumpUp"],"picked":"Dagger Spray","floor":12},{"not_picked":["Predator","Skewer"],"picked":"Dagger Spray","floor":14},{"not_picked":["Malaise","Replay:Bag of Tricks"],"picked":"StuffTheSpire:FinalStruggle","floor":16},{"not_picked":["StuffTheSpire:Injection+1","StuffTheSpire:BumpUp"],"picked":"conspire:PoisonWeapons","floor":18},{"not_picked":["Outmaneuver+1","Backflip+1"],"picked":"Poisoned Stab+1","floor":19},{"not_picked":["Poisoned Stab","Flying Knee"],"picked":"Well Laid Plans","floor":22},{"not_picked":["Replay:Bag of Tricks","Cloak And Dagger"],"picked":"Deflect+1","floor":23}],"player_experience":228724,"relics_obtained":[{"floor":1,"key":"LetterFromLob"},{"floor":6,"key":"Replay:Bandana"},{"floor":9,"key":"infinitespire:CheckeredPen"},{"floor":12,"key":"aspiration:SeaSaltIceCream"},{"floor":14,"key":"reliquary:Buckler"},{"floor":23,"key":"Bottled Tornado"}],"event_choices":[{"damage_healed":0,"gold_gain":175,"player_choice":"AGREE","damage_taken":174,"max_hp_gain":0,"max_hp_loss":0,"event_name":"betterThird:BetterSerpent","floor":11,"gold_loss":0},{"damage_healed":0,"gold_gain":0,"player_choice":"2","damage_taken":0,"max_hp_gain":0,"max_hp_loss":0,"event_name":"betterMatch:BetterMatch","floor":19,"gold_loss":0,"cards_obtained":["betterMatch:CommonCard"]},{"damage_healed":0,"gold_gain":275,"player_choice":"Desecrate","damage_taken":0,"max_hp_gain":0,"max_hp_loss":0,"event_name":"Golden Shrine","floor":21,"gold_loss":0,"cards_obtained":["Regret"]}],"is_beta":false,"boss_relics":[{"not_picked":["halation:Risk","hubris:ScarierMask"],"picked":"Philosopher\u0027s Stone"}],"items_purged_floors":[],"is_endless":false,"potions_floor_spawned":[1,3,4,5,6,8,10,12,14,16,18,22,23,25],"killed_by":"Nightmare","ascension_level":4}}