{"host":"vnku1wk1rbjf06kf","time":1612565278,"event":{"mods":["BaseMod","Downfall","Minty Spire (QoL Compilation)","StSLib"],"gold_per_floor":[99,119,133,148,168,168,168,184,202,33,33,33,33,33,43,140,140,140,152,166,166,182,198,225,225,225,29,172,198,214,214,226,329,329,329,339,214,231,242,277,303,303,303,303,315,315,20,31,45,45],"floor_reached":51,"language":"ENG","playtime":4229,"items_purged":["Slimebound:Defend_Slimebound","Slimebound:Defend_Slimebound","downfall:Icky","Slimebound:Strike_Slimebound"],"score":668,"play_id":"9dc63b42-797d-471d-acf7-034485245644","local_time":"20210205174758","is_ascension_mode":false,"campfire_choices":[{"data":"Slimebound:Tackle","floor":1.0,"key":"SMITH"},{"data":"Slimebound:LevelUp","floor":11.0,"key":"SMITH"},{"data":"Slimebound:SlimeBarrage","floor":13.0,"key":"SMITH"},{"data":"Slimebound:SlimeSlap","floor":18.0,"key":"SMITH"},{"data":"Slimebound:RejuvenatingLick","floor":25.0,"key":"SMITH"},{"data":"Slimebound:Dissolve","floor":26.0,"key":"SMITH"},{"data":"Slimebound:GoopSpray","floor":35.0,"key":"SMITH"},{"floor":43.0,"key":"RECALL"}],"circlet_count":0,"master_deck":["Slimebound:Tackle+1","Slimebound:Defend_Slimebound","Slimebound:Defend_Slimebound","Slimebound:Split+1","Slimebound:CorrosiveSpit","Slimebound:LivingWall","Slimebound:LevelUp+1","Slimebound:SlimeBarrage+1","Slimebound:LeechEnergy+1","Slimebound:SamplingLick+1","Slimebound:LivingWall","Slimebound:SlimeTap","Slimebound:SlimeTap","Slimebound:SlimeSlap+1","Slimebound:Dissolve+1","Slimebound:SplitLeeching+1","Slimebound:RejuvenatingLick+1","Slimebound:ProtectTheBoss+1","Slimebound:SamplingLick","Slimebound:SpikyOuterGoop","Slimebound:SplitBruiser","Slimebound:HauntingLick+1","Slimebound:ItLooksTasty+1","Slimebound:GoopSpray+1","Slimebound:TagTeam+1","Slimebound:GoopSpray+1","Slimebound:SplitLeeching+1","Slimebound:Prepare","Slimebound:DisruptingSlam+1","Slimebound:FormOfPuddle"],"relics":["Slimebound:AbsorbEndCombat","WingedGreaves","Dead Branch","SacredBark","Happy Flower","InkBottle","bronze:MakeshiftBattery","Darkstone Periapt","Dream Catcher","Blood Vial","Whetstone"],"acts_visited":["Exordium","TheCity","TheBeyond"],"potions_floor_usage":[50,50,50],"damage_taken":[{"damage":9.0,"enemies":"Jaw Worm","floor":2.0,"turns":3.0},{"damage":4.0,"enemies":"Cultist","floor":3.0,"turns":4.0},{"damage":8.0,"enemies":"Small Slimes","floor":4.0,"turns":4.0},{"damage":10.0,"enemies":"3 Louse","floor":5.0,"turns":3.0},{"damage":6.0,"enemies":"2 Fungi Beasts","floor":8.0,"turns":3.0},{"damage":16.0,"enemies":"Exordium Thugs","floor":9.0,"turns":3.0},{"damage":3.0,"enemies":"downfall:FleeingMerchant","floor":10.0,"turns":4.0},{"damage":3.0,"enemies":"Large Slime","floor":15.0,"turns":3.0},{"damage":46.0,"enemies":"WA_ARCHETYPE_RETAIN","floor":16.0,"turns":7.0},{"damage":9.0,"enemies":"Shell Parasite","floor":19.0,"turns":3.0},{"damage":10.0,"enemies":"Chosen","floor":20.0,"turns":4.0},{"damage":3.0,"enemies":"Snecko","floor":22.0,"turns":5.0},{"damage":12.0,"enemies":"Snake Plant","floor":23.0,"turns":3.0},{"damage":0.0,"enemies":"downfall:FleeingMerchant","floor":27.0,"turns":4.0},{"damage":0.0,"enemies":"downfall:FleeingMerchant","floor":28.0,"turns":2.0},{"damage":16.0,"enemies":"Book of Stabbing","floor":29.0,"turns":5.0},{"damage":0.0,"enemies":"Shelled Parasite and Fungi","floor":30.0,"turns":2.0},{"damage":0.0,"enemies":"Centurion and Healer","floor":32.0,"turns":2.0},{"damage":24.0,"enemies":"DF_ARCHETYPE_CLAW","floor":33.0,"turns":7.0},{"damage":0.0,"enemies":"3 Darklings","floor":36.0,"turns":3.0},{"damage":0.0,"enemies":"Orb Walker","floor":38.0,"turns":2.0},{"damage":0.0,"enemies":"3 Darklings","floor":39.0,"turns":3.0},{"damage":34.0,"enemies":"Giant Head","floor":40.0,"turns":6.0},{"damage":0,"enemies":"Writhing Mass","floor":45,"turns":6},{"damage":13,"enemies":"Jaw Worm Horde","floor":48,"turns":3},{"damage":0,"enemies":"Spire Growth","floor":49,"turns":3},{"damage":6,"enemies":"IC_BLOCK_ARCHETYPE","floor":50,"turns":12}],"seed_played":"-6824031433825234801","potions_obtained":[{"floor":3.0,"key":"Slimebound:ThreeZeroPotion"},{"floor":15.0,"key":"Strength Potion"},{"floor":16.0,"key":"Explosive Potion"},{"floor":20.0,"key":"ColorlessPotion"},{"floor":29.0,"key":"DuplicationPotion"},{"floor":32.0,"key":"Slimebound:SlimyTonguePotion"},{"floor":36.0,"key":"ColorlessPotion"},{"floor":40.0,"key":"Swift Potion"}],"is_trial":false,"path_per_floor":["R","M","M","M","M","?","T","M","M","$","R","?","R","?","M","B",null,"R","M","M","?","M","M","T","R","R","$","$","E","M","?","M","B",null,"R","M","$","M","M","E","T","?","R","?","M","T","$","M","M","B",null],"character_chosen":"SLIMEBOUND","items_purchased":["Slimebound:SlimeTap","expansioncontent:StudyTheSpire","Slimebound:SpikyOuterGoop","Slimebound:SplitBruiser","Whetstone"],"campfire_rested":0,"item_purchase_floors":[10,27,28,28,47],"current_hp_per_floor":[65,58,58,54,50,50,50,50,42,47,47,47,47,44,45,7,65,65,64,57,57,60,56,56,56,56,64,65,53,61,75,75,51,75,75,75,75,75,75,64,64,64,64,64,72,72,72,68,74,71],"gold":45,"neow_bonus":"UPGRADE_CARD","is_daily":false,"chose_seed":false,"campfire_upgraded":7,"win_rate":0.0,"timestamp":1612565278,"path_taken":["R","M","M","M","M","?","T","?","M","$","R","?","R","?","M","BOSS","R","M","M","?","M","M","T","R","R","?","$","E","M","?","M","BOSS","R","M","$","?","M","E","T","?","R","?","M","?","$","M","M","BOSS"],"items_purchased_type":["Card","Card","Card","Card","Relic"],"build_version":"2020-12-22","purchased_purges":4,"victory":true,"max_hp_per_floor":[65,65,65,65,65,65,65,65,65,65,65,65,65,65,65,65,65,65,65,65,65,65,65,65,65,65,65,65,65,65,75,75,75,75,75,75,75,75,75,75,75,75,75,75,75,75,75,75,75,75],"card_choices":[{"not_picked":["Slimebound:LeechingTouch","Slimebound:SplitLeeching"],"picked":"Slimebound:LivingWall","floor":2.0},{"not_picked":["Slimebound:FinishingTackle","Slimebound:FlameTackle"],"picked":"Slimebound:LevelUp","floor":3.0},{"not_picked":["Slimebound:ItLooksTasty","Slimebound:SplitBruiser"],"picked":"Slimebound:SlimeBarrage","floor":4.0},{"not_picked":["Slimebound:RejuvenatingLick","Slimebound:ItLooksTasty"],"picked":"Slimebound:LeechEnergy","floor":5.0},{"not_picked":["Slimebound:ComboTackle","Slimebound:PressTheAttack"],"picked":"Slimebound:LeechEnergy","floor":8.0},{"not_picked":["Slimebound:ComboTackle","Slimebound:SplitMire"],"picked":"Slimebound:SamplingLick","floor":9.0},{"not_picked":["Slimebound:HauntingLick","Slimebound:PressTheAttack"],"picked":"Slimebound:LivingWall","floor":10.0},{"not_picked":["Slimebound:BestDefense","Slimebound:ComboTackle"],"picked":"Slimebound:SlimeTap","floor":15.0},{"not_picked":["Slimebound:DouseInSlime","Slimebound:PrepareCrush"],"picked":"Slimebound:SlimeSlap","floor":16.0},{"not_picked":["Slimebound:Prepare","Slimebound:SamplingLick+1"],"picked":"Slimebound:Dissolve","floor":19.0},{"not_picked":["Slimebound:TongueLash","Slimebound:SlimeBrawl+1"],"picked":"Slimebound:SplitLeeching","floor":20.0},{"not_picked":["Slimebound:MegaLick","Slimebound:SpikyOuterGoop+1"],"picked":"Slimebound:RejuvenatingLick","floor":22.0},{"not_picked":["Slimebound:Prepare+1","Slimebound:Equalize"],"picked":"Slimebound:ProtectTheBoss+1","floor":23.0},{"not_picked":["Slimebound:AcidTongue","Slimebound:RejuvenatingLick"],"picked":"Slimebound:SamplingLick","floor":27.0},{"not_picked":["Slimebound:GoopTackle+1","Slimebound:MassFeed","Slimebound:LivingWall"],"picked":"SKIP","floor":28.0},{"not_picked":["Slimebound:SplitBruiser","Slimebound:LeechEnergy+1"],"picked":"Slimebound:HauntingLick+1","floor":29.0},{"not_picked":["Slimebound:RollThrough+1","Slimebound:GoopTackle"],"picked":"Slimebound:ItLooksTasty+1","floor":30.0},{"not_picked":["Slimebound:GrowthPunch","Slimebound:FinishingTackle"],"picked":"Slimebound:GoopSpray","floor":32.0},{"not_picked":["Slimebound:RallyTheTroops","Slimebound:SlimeSlap"],"picked":"Slimebound:TagTeam","floor":33.0},{"not_picked":["Slimebound:ComboTackle","Slimebound:FinishingTackle+1","Slimebound:LeechingTouch"],"picked":"SKIP","floor":36.0},{"not_picked":["Slimebound:ProtectTheBoss","Slimebound:FinishingTackle+1"],"picked":"Slimebound:GoopSpray+1","floor":38.0},{"not_picked":["Slimebound:ComboTackle+1","Slimebound:AcidTongue"],"picked":"Slimebound:SplitLeeching+1","floor":39.0},{"not_picked":["Slimebound:ItLooksTasty","Slimebound:Grow+1"],"picked":"Slimebound:Prepare","floor":40.0},{"not_picked":["Slimebound:HauntingLick+1","Slimebound:SelfFormingGoo"],"picked":"Slimebound:DisruptingSlam+1","floor":45},{"not_picked":["Slimebound:ComboTackle+1","Slimebound:Dissolve+1","Slimebound:GoopSpray+1"],"picked":"SKIP","floor":48},{"not_picked":["Slimebound:GrowthPunch","Slimebound:Equalize"],"picked":"Slimebound:FormOfPuddle","floor":49}],"player_experience":2337211,"relics_obtained":[{"floor":7.0,"key":"WingedGreaves"},{"floor":24.0,"key":"Happy Flower"},{"floor":29.0,"key":"InkBottle"},{"floor":40.0,"key":"Darkstone Periapt"},{"floor":41.0,"key":"Dream Catcher"},{"floor":46,"key":"Blood Vial"}],"event_choices":[{"damage_healed":0.0,"max_hp_gain":0.0,"max_hp_loss":0.0,"gold_gain":0.0,"event_name":"Scrap Ooze","player_choice":"Success","floor":14.0,"gold_loss":0.0,"damage_taken":3.0,"relics_obtained":["Dead Branch"]},{"cards_removed":["expansioncontent:StudyTheSpire"],"damage_healed":4.0,"max_hp_gain":10.0,"max_hp_loss":0.0,"gold_gain":0.0,"event_name":"Bonfire Elementals","player_choice":"Offered Rare","floor":31.0,"gold_loss":0.0,"damage_taken":0.0},{"cards_removed":["Slimebound:LeechEnergy"],"damage_healed":0.0,"max_hp_gain":0.0,"max_hp_loss":0.0,"gold_gain":0.0,"event_name":"Falling","player_choice":"Removed Attack","floor":42.0,"gold_loss":0.0,"damage_taken":0.0}],"is_beta":false,"boss_relics":[{"not_picked":["Astrolabe","Pandora\u0027s Box"],"picked":"SacredBark"},{"not_picked":["Black Star","Busted Crown"],"picked":"bronze:MakeshiftBattery"}],"items_purged_floors":[10,28,37,47],"is_endless":false,"potions_floor_spawned":[3,15,16,20,29,30,32,36,40],"ascension_level":0}}