{"host":"yans4pr1zf0lm9bx","time":1612547773,"event":{"mods":["AchievementEnabler","BaseMod","Downfall","Minty Spire (QoL Compilation)","StSLib","SuperFastMode","slay the spire mod where everything is the same but ironclad has a cowboy hat"],"gold_per_floor":[99,115,115,125,145,20,20,120,132,48,82,92,92,107,118,213,213,213,213,213,74,84,96,142,142,142,171,171,171,182,216,234,344,344,344,363,196,196,213,246,294,323,323,336,353,364,164,181,192,192],"floor_reached":51,"language":"ENG","playtime":4984,"items_purged":["hexamod:Strike"],"score":874,"play_id":"f8846291-8205-49b5-8724-05823c41f480","local_time":"20210205125613","is_ascension_mode":false,"campfire_choices":[{"data":"hexamod:Float","floor":1,"key":"SMITH"},{"data":"hexamod:Rewind","floor":13,"key":"SMITH"},{"data":"hexamod:GhostOfSpirePast","floor":18,"key":"SMITH"},{"data":"hexamod:Rewind","floor":26,"key":"SMITH"},{"data":"hexamod:SoulSteal","floor":28,"key":"SMITH"},{"data":"hexamod:UnlimitedPower","floor":35,"key":"SMITH"},{"floor":47,"key":"RECALL"}],"circlet_count":0,"master_deck":["hexamod:Defend+1","hexamod:Defend+1","hexamod:Defend+1","hexamod:Sear+1","hexamod:Float+1","hexamod:Float+1","hexamod:FlameSwitch+1","hexamod:RecurringNightmare","hexamod:SpectralSpark+1","hexamod:PhantomCloak+1","hexamod:Rewind+1","hexamod:GhostOfSpireFuture","hexamod:GhostShield","hexamod:Haunt+1","hexamod:GhostOfSpirePast+1","hexamod:SpectralSpark","Necronomicurse","hexamod:GhostShield+1","hexamod:AdvancingGuard","hexamod:GhostLash+1","hexamod:FastForward+1","hexamod:SixthSeal","hexamod:ApocalypseNow+1","hexamod:Rewind+1","hexamod:PhantomFireball+1","hexamod:HeatMetal+1","hexamod:ThirdSeal","hexamod:SoulSteal+1","hexamod:Hexaguard","hexamod:BurningTouch+1","hexamod:EtherealExpedition+1","hexamod:PowerFromBeyond+1","hexamod:FastForward","hexamod:ThirdSeal","hexamod:HexaLevel","hexamod:WildfireWeapon","hexamod:UnlimitedPower+1","hexamod:ApocalypseNow","hexamod:FourthSeal","hexamod:FastForward","hexamod:EmpoweredFlame+1","hexamod:PowerFromBeyond+1","hexamod:Hexaguard+1","hexamod:GhostLash","hexamod:EtherealExpedition","hexamod:AdvancingGuard+1","hexamod:Again+1","hexamod:SpectralAdrenaline","hexamod:FourthSeal","hexamod:SpectralAdrenaline+1","hexamod:ApocalypseNow+1","hexamod:Haunt","hexamod:FourthSeal","hexamod:EmpoweredFlame+1","hexamod:GhostShield+1"],"relics":["hexamod:SpiritBrand","HornCleat","Anchor","Philosopher\u0027s Stone","Necronomicon","Toy Ornithopter","Omamori","bronze:MakeshiftBattery","hexamod:MatchstickCase","hexamod:TheBrokenSeal","Akabeko","Juzu Bracelet","Bottled Tornado","Potion Belt","Lee\u0027s Waffle","downfall:HeartBlessingGreen","downfall:HeartBlessingBlue"],"acts_visited":["Exordium","TheCity","TheBeyond"],"potions_floor_usage":[9,10,12,21,21,23,27,30,31,31,32,33,33,33,40,49,49,50,50,50,50],"damage_taken":[{"damage":0,"enemies":"2 Louse","floor":2,"turns":4},{"damage":0,"enemies":"Cultist","floor":4,"turns":3},{"damage":0,"enemies":"Small Slimes","floor":5,"turns":3},{"damage":0,"enemies":"downfall:FleeingMerchant","floor":6,"turns":4},{"damage":0,"enemies":"Exordium Thugs","floor":9,"turns":5},{"damage":0,"enemies":"downfall:FleeingMerchant","floor":10,"turns":4},{"damage":12,"enemies":"Lagavulin","floor":11,"turns":8},{"damage":0,"enemies":"Blue Slaver","floor":12,"turns":4},{"damage":0,"enemies":"3 Louse","floor":14,"turns":4},{"damage":1,"enemies":"Red Slaver","floor":15,"turns":5},{"damage":7,"enemies":"IC_STATUS_ARCHETYPE","floor":16,"turns":6},{"damage":0,"enemies":"downfall:FleeingMerchant","floor":21,"turns":4},{"damage":0,"enemies":"Spheric Guardian","floor":22,"turns":5},{"damage":2,"enemies":"Centurion and Healer","floor":23,"turns":8},{"damage":24,"enemies":"Slavers","floor":27,"turns":7},{"damage":17,"enemies":"3 Cultists","floor":30,"turns":6},{"damage":24,"enemies":"Gremlin Leader","floor":31,"turns":5},{"damage":11,"enemies":"Shelled Parasite and Fungi","floor":32,"turns":3},{"damage":27,"enemies":"DF_ARCHETYPE_CLAW","floor":33,"turns":9},{"damage":10,"enemies":"3 Darklings","floor":36,"turns":4},{"damage":0,"enemies":"downfall:FleeingMerchant","floor":37,"turns":4},{"damage":0,"enemies":"Orb Walker","floor":39,"turns":3},{"damage":23,"enemies":"Giant Head","floor":40,"turns":8},{"damage":0,"enemies":"Reptomancer","floor":42,"turns":3},{"damage":0,"enemies":"downfall:FleeingMerchant","floor":44,"turns":1},{"damage":0,"enemies":"Maw","floor":45,"turns":4},{"damage":0,"enemies":"Writhing Mass","floor":46,"turns":3},{"damage":0,"enemies":"Sphere and 2 Shapes","floor":48,"turns":3},{"damage":0,"enemies":"Jaw Worm Horde","floor":49,"turns":4},{"damage":76,"enemies":"WA_ARCHETYPE_DIVINITY","floor":50,"turns":7}],"seed_played":"1314414548507125009","potions_obtained":[{"floor":2,"key":"SkillPotion"},{"floor":5,"key":"Fire Potion"},{"floor":9,"key":"Fruit Juice"},{"floor":9,"key":"FearPotion"},{"floor":10,"key":"Strength Potion"},{"floor":12,"key":"FairyPotion"},{"floor":12,"key":"Fruit Juice"},{"floor":14,"key":"hexamod:SoulburnPotion"},{"floor":14,"key":"Dexterity Potion"},{"floor":16,"key":"hexamod:DoubleChargePotion"},{"floor":21,"key":"Swift Potion"},{"floor":22,"key":"SkillPotion"},{"floor":23,"key":"Fruit Juice"},{"floor":23,"key":"Swift Potion"},{"floor":27,"key":"Dexterity Potion"},{"floor":27,"key":"Dexterity Potion"},{"floor":30,"key":"Swift Potion"},{"floor":31,"key":"Fruit Juice"},{"floor":31,"key":"Fire Potion"},{"floor":32,"key":"SneckoOil"},{"floor":33,"key":"Fruit Juice"},{"floor":37,"key":"Strength Potion"},{"floor":37,"key":"hexamod:SoulburnPotion"},{"floor":40,"key":"SpeedPotion"},{"floor":42,"key":"hexamod:EctoCoolerPotion"},{"floor":45,"key":"Energy Potion"},{"floor":45,"key":"Energy Potion"},{"floor":46,"key":"hexamod:SoulburnPotion"},{"floor":46,"key":"hexamod:EctoCoolerPotion"},{"floor":48,"key":"hexamod:DoubleChargePotion"},{"floor":49,"key":"Swift Potion"},{"floor":49,"key":"Guardian:BlockOnCardUsePotion"}],"is_trial":false,"path_per_floor":["R","M","?","M","M","$","T","?","M","$","E","M","R","M","M","B",null,"R","?","?","$","M","M","T","?","R","E","R","?","M","E","M","B",null,"R","M","$","?","M","E","T","E","?","$","M","M","R","M","M","B",null],"character_chosen":"THE_SPIRIT","items_purchased":["hexamod:FourthSeal","hexamod:SpectralSpark","hexamod:GhostOfSpireFuture","hexamod:AdvancingGuard","hexamod:MatchstickCase","hexamod:Haunt","Potion Belt","Lee\u0027s Waffle"],"campfire_rested":0,"item_purchase_floors":[6,6,10,21,37,44,44,44],"current_hp_per_floor":[63,63,63,63,63,63,63,63,68,68,56,68,68,73,73,73,73,73,57,57,64,71,78,78,78,78,61,61,61,56,47,41,41,88,88,78,78,78,78,96,96,96,96,105,105,105,115,115,115,49],"gold":192,"neow_bonus":"REMOVE_TWO","is_daily":false,"chose_seed":false,"campfire_upgraded":6,"win_rate":0.0,"timestamp":1612547773,"path_taken":["R","M","?","?","M","$","T","?","M","?","E","M","R","M","M","BOSS","R","?","?","$","M","M","T","?","R","E","R","?","?","E","M","BOSS","R","M","$","?","?","E","T","E","?","$","M","M","R","M","M","BOSS"],"items_purchased_type":["Card","Card","Card","Card","Relic","Card","Relic","Relic"],"build_version":"2020-12-22","purchased_purges":1,"victory":true,"max_hp_per_floor":[63,63,63,63,63,63,63,63,68,68,68,73,73,73,73,73,73,73,73,73,73,73,78,78,78,78,78,78,78,78,83,83,88,88,88,88,88,88,88,98,98,98,98,105,105,105,115,115,115,115],"card_choices":[{"not_picked":["hexamod:Firestarter","hexamod:RetreatToShadows"],"picked":"hexamod:BurningTouch","floor":2},{"not_picked":["hexamod:NightmareGuise","hexamod:AdvancingGuard"],"picked":"hexamod:FirstSeal","floor":4},{"not_picked":["hexamod:RetreatToShadows","hexamod:SwordOfDarkness"],"picked":"hexamod:FlameSwitch","floor":5},{"not_picked":["hexamod:DynamicBlow","hexamod:Firestarter"],"picked":"hexamod:RecurringNightmare","floor":6},{"not_picked":["hexamod:RetreatToShadows","hexamod:NightmareGuise"],"picked":"hexamod:PhantomCloak","floor":9},{"not_picked":["hexamod:GhostShield","hexamod:NightmareGuise"],"picked":"hexamod:Rewind","floor":10},{"not_picked":["hexamod:BacktrackSmack","hexamod:SwordOfDarkness"],"picked":"hexamod:GhostShield","floor":11},{"not_picked":["hexamod:NecessarySacrifice","hexamod:FirstSeal"],"picked":"hexamod:Haunt","floor":12},{"not_picked":["hexamod:Haunt","hexamod:CatchUp"],"picked":"hexamod:GhostOfSpirePast","floor":14},{"not_picked":["hexamod:GhostShield","hexamod:HauntingEcho"],"picked":"hexamod:SpectralSpark","floor":15},{"not_picked":["hexamod:SearingWound","hexamod:Toasty"],"picked":"hexamod:FifthSeal","floor":16},{"not_picked":["hexamod:SecondSeal","hexamod:FourthSeal"],"picked":"hexamod:ThirdSeal","floor":21},{"not_picked":["hexamod:GhostLash","hexamod:NightmareStrike+1"],"picked":"hexamod:GhostShield+1","floor":21},{"not_picked":["hexamod:AdvancingGuard+1","hexamod:SwordOfDarkness"],"picked":"hexamod:GhostLash+1","floor":22},{"not_picked":["hexamod:ThirdSeal","hexamod:FirstSeal"],"picked":"hexamod:SixthSeal","floor":22},{"not_picked":["hexamod:GhostShield","hexamod:ShieldOfDarkness"],"picked":"hexamod:FastForward","floor":22},{"not_picked":["hexamod:ThirdSeal","hexamod:FourthSeal"],"picked":"hexamod:SixthSeal","floor":23},{"not_picked":["hexamod:SoulSteal","hexamod:SpectralSpark"],"picked":"hexamod:ApocalypseNow","floor":23},{"not_picked":["hexamod:Hexaguard","hexamod:HeatMetal"],"picked":"hexamod:Rewind","floor":23},{"not_picked":["hexamod:FirstSeal","hexamod:FourthSeal"],"picked":"hexamod:ThirdSeal","floor":27},{"not_picked":["hexamod:ApocalypticArmor","hexamod:NightmareGuise"],"picked":"hexamod:SoulSteal","floor":27},{"not_picked":["hexamod:HeatMetal","hexamod:ShieldOfDarkness+1"],"picked":"hexamod:Hexaguard","floor":27},{"not_picked":["hexamod:ThirdSeal","hexamod:SixthSeal"],"picked":"hexamod:SecondSeal","floor":30},{"not_picked":["hexamod:NightmareGuise","hexamod:SuperheatedStrike"],"picked":"hexamod:BurningTouch+1","floor":30},{"not_picked":["hexamod:Incineration+1","hexamod:GhostShield"],"picked":"hexamod:EtherealExpedition","floor":30},{"not_picked":["hexamod:SpectersWail","hexamod:HauntingEcho","hexamod:FourthSeal"],"picked":"SKIP","floor":30},{"not_picked":["hexamod:FirstSeal","hexamod:GhostLash","hexamod:SecondSeal"],"picked":"SKIP","floor":31},{"not_picked":["hexamod:HeatMetal","hexamod:InspiringFlames","hexamod:SecondSeal"],"picked":"SKIP","floor":31},{"not_picked":["hexamod:ShieldOfDarkness","hexamod:AdvancingGuard+1"],"picked":"hexamod:PowerFromBeyond+1","floor":32},{"not_picked":["hexamod:InspiringFlames+1","hexamod:SpectersWail+1"],"picked":"hexamod:FastForward","floor":32},{"not_picked":["hexamod:SecondSeal","hexamod:FirstSeal"],"picked":"hexamod:ThirdSeal","floor":32},{"not_picked":["hexamod:GhostflameInferno","hexamod:FlameSwitch"],"picked":"hexamod:HexaLevel","floor":33},{"not_picked":["hexamod:FifthSeal","hexamod:Toasty"],"picked":"hexamod:WildfireWeapon","floor":33},{"not_picked":["hexamod:GhostflameInferno","hexamod:UnleashSpirits"],"picked":"hexamod:UnlimitedPower","floor":33},{"not_picked":["hexamod:FlameSwitch","hexamod:UnleashSpirits"],"picked":"hexamod:ApocalypseNow","floor":33},{"not_picked":["hexamod:SixthSeal","hexamod:ThirdSeal"],"picked":"hexamod:FourthSeal","floor":36},{"not_picked":["hexamod:GhostOfSpireFuture+1","hexamod:NightmareStrike"],"picked":"hexamod:FastForward","floor":36},{"not_picked":["hexamod:ShieldOfDarkness+1","hexamod:Firestarter+1","hexamod:HeatCrush"],"picked":"SKIP","floor":36},{"not_picked":["hexamod:ThirdSeal","hexamod:ShieldOfDarkness"],"picked":"hexamod:EmpoweredFlame+1","floor":37},{"not_picked":["hexamod:GhostShield+1","hexamod:TimeOfNeed"],"picked":"hexamod:PowerFromBeyond","floor":37},{"not_picked":["hexamod:Firestarter+1","hexamod:SpectersWail"],"picked":"hexamod:Hexaguard+1","floor":37},{"not_picked":["hexamod:SkipABeat","hexamod:GhostLash"],"picked":"hexamod:EtherealExpedition","floor":39},{"not_picked":["hexamod:DynamicBlow+1","hexamod:NightmareGuise"],"picked":"hexamod:AdvancingGuard+1","floor":39},{"not_picked":["hexamod:EtherealExpedition","hexamod:ShieldOfDarkness"],"picked":"hexamod:Again+1","floor":40},{"not_picked":["hexamod:ThirdSeal","hexamod:SwordOfDarkness+1"],"picked":"hexamod:SpectralAdrenaline","floor":40},{"not_picked":["hexamod:DynamicBlow","hexamod:AdvancingGuard","hexamod:GhostflameBarrier"],"picked":"SKIP","floor":40},{"not_picked":["hexamod:GhostflameBarrier+1","hexamod:NightmareStrike"],"picked":"hexamod:FourthSeal","floor":42},{"not_picked":["hexamod:NightmareGuise","hexamod:GhostOfSpireFuture"],"picked":"hexamod:SpectralAdrenaline+1","floor":42},{"not_picked":["hexamod:AdvancingGuard","hexamod:ThermalTransfer+1"],"picked":"hexamod:ApocalypseNow","floor":44},{"not_picked":["hexamod:SpectersWail+1","hexamod:SuperheatedStrike+1"],"picked":"hexamod:FourthSeal","floor":45},{"not_picked":["hexamod:StepThrough","hexamod:BacktrackSmack+1","hexamod:Firestarter+1"],"picked":"SKIP","floor":45},{"not_picked":["hexamod:CatchUp","hexamod:Hexaguard+1"],"picked":"hexamod:EmpoweredFlame+1","floor":46},{"not_picked":["hexamod:SkipABeat+1","hexamod:FirstSeal"],"picked":"hexamod:GhostShield+1","floor":48},{"not_picked":["hexamod:PhantomFireball","hexamod:HeatMetal+1","hexamod:FlamesFromBeyond"],"picked":"SKIP","floor":49},{"not_picked":["hexamod:BacktrackSmack","hexamod:AdvancingGuard","hexamod:NightmareStrike"],"picked":"SKIP","floor":49}],"player_experience":351671,"relics_obtained":[{"floor":7,"key":"HornCleat"},{"floor":11,"key":"Anchor"},{"floor":19,"key":"Necronomicon"},{"floor":27,"key":"Toy Ornithopter"},{"floor":31,"key":"Omamori"},{"floor":40,"key":"Akabeko"},{"floor":41,"key":"Juzu Bracelet"},{"floor":42,"key":"Bottled Tornado"}],"event_choices":[{"damage_healed":0,"gold_gain":0,"cards_transformed":["hexamod:Defend","hexamod:Strike"],"player_choice":"Became Test Subject","damage_taken":0,"max_hp_gain":0,"max_hp_loss":0,"event_name":"Drug Dealer","floor":25,"gold_loss":0,"cards_obtained":["hexamod:PhantomFireball","hexamod:HeatMetal"]}],"is_beta":false,"boss_relics":[{"not_picked":["Astrolabe","Cursed Key"],"picked":"Philosopher\u0027s Stone"},{"not_picked":["Runic Dome","Sozu"],"picked":"bronze:MakeshiftBattery"}],"items_purged_floors":[21],"is_endless":false,"potions_floor_spawned":[2,5,9,12,14,16,23,27,31,42,45,46,49],"ascension_level":0}}