{"host":"i0avyit1s6jb1siw","time":1612524324,"event":{"mods":["BaseMod","DeckTracker","Dota2Spire","Highlight Path","Minty Spire (QoL Compilation)","Quick Restart","StSLib","SuperFastMode"],"gold_per_floor":[119,135,285,131,151,45,106,134,207,207,226,242,242,262,25,25,99,99,99,176,176,194,109,122,22,34,34,52,69,69,94,129,147,164,164,192,192,270,270,282,294,294,304,99,131,144,160,160,214,214,214,241,256,256,256,256,256,256,106,138,138],"floor_reached":62,"language":"ENG","playtime":1956,"items_purged":["Doubt","Strike_P","Strike_P","Defend_P"],"score":3841,"play_id":"a4e382a8-662f-490a-a72a-b89d6470b99f","local_time":"20210205122524","is_ascension_mode":true,"campfire_choices":[{"data":"Eruption","floor":13,"key":"SMITH"},{"data":"Apotheosis","floor":16,"key":"SMITH"},{"floor":19,"key":"REST"},{"floor":27,"key":"RECALL"},{"floor":37,"key":"REST"},{"floor":51,"key":"REST"},{"floor":54,"key":"REST"},{"data":"Scrawl","floor":58,"key":"SMITH"}],"circlet_count":0,"master_deck":["AscendersBane","Defend_P","Defend_P","Eruption+1","Vigilance","EmptyFist","CarveReality","FollowUp","BowlingBash","SandsOfTime","FearNoEvil","Halt","Apotheosis+1","Meditate","DeusExMachina","Sanctity+1","Perseverance+1","CutThroughFate+1","Protect","Scrawl+1","Adaptation+1","TalkToTheHand","InnerPeace","TalkToTheHand","TalkToTheHand","CrushJoints","Tantrum","Scrawl","Vault"],"relics":["PureWater","NeowsBlessing","Dota2Spire:Vanguard","Dota2Spire:DrumOfEndurance","Question Card","Dream Catcher","Astrolabe","Dota2Spire:Bloodstone","Dota2Spire:ArmletOfMordiggian","Dota2Spire:PowerTreads","Bottled Tornado","Yang","Runic Pyramid","Happy Flower","Dota2Spire:ShivaGuard","Dota2Spire:Butterfly","Centennial Puzzle","Damaru","CaptainsWheel"],"acts_visited":["Exordium","TheCity","TheBeyond","TheEnding"],"potions_floor_usage":[7,36,49],"damage_taken":[{"damage":0,"enemies":"Jaw Worm","floor":1,"turns":1},{"damage":0,"enemies":"Cultist","floor":2,"turns":1},{"damage":0,"enemies":"2 Louse","floor":5,"turns":1},{"damage":8,"enemies":"Gremlin Nob","floor":7,"turns":3},{"damage":14,"enemies":"Lagavulin","floor":8,"turns":5},{"damage":4,"enemies":"Blue Slaver","floor":11,"turns":3},{"damage":0,"enemies":"Looter","floor":12,"turns":3},{"damage":11,"enemies":"Gremlin Gang","floor":14,"turns":3},{"damage":0,"enemies":"The Guardian","floor":17,"turns":7},{"damage":2,"enemies":"The Guardian","floor":20,"turns":7},{"damage":0,"enemies":"Spheric Guardian","floor":22,"turns":1},{"damage":10,"enemies":"Shell Parasite","floor":24,"turns":4},{"damage":0,"enemies":"Snake Plant","floor":26,"turns":2},{"damage":1,"enemies":"Centurion and Healer","floor":28,"turns":2},{"damage":14,"enemies":"Shelled Parasite and Fungi","floor":29,"turns":2},{"damage":10,"enemies":"Gremlin Leader","floor":32,"turns":4},{"damage":8,"enemies":"Snake Plant","floor":33,"turns":4},{"damage":0,"enemies":"Snecko","floor":34,"turns":4},{"damage":9,"enemies":"Slavers","floor":36,"turns":4},{"damage":0,"enemies":"Collector","floor":38,"turns":4},{"damage":0,"enemies":"3 Shapes","floor":40,"turns":4},{"damage":0,"enemies":"Orb Walker","floor":41,"turns":4},{"damage":5,"enemies":"Spire Growth","floor":43,"turns":3},{"damage":0,"enemies":"Nemesis","floor":45,"turns":5},{"damage":4,"enemies":"Writhing Mass","floor":46,"turns":4},{"damage":2,"enemies":"Jaw Worm Horde","floor":47,"turns":3},{"damage":8,"enemies":"2 Orb Walkers","floor":49,"turns":3},{"damage":0,"enemies":"Giant Head","floor":52,"turns":4},{"damage":11,"enemies":"Sphere and 2 Shapes","floor":53,"turns":3},{"damage":0,"enemies":"Time Eater","floor":55,"turns":8},{"damage":19,"enemies":"Awakened One","floor":56,"turns":8},{"damage":51,"enemies":"Shield and Spear","floor":60,"turns":5},{"damage":53,"enemies":"The Heart","floor":61,"turns":8}],"seed_played":"7714247573579301590","potions_obtained":[{"floor":1,"key":"SpeedPotion"},{"floor":7,"key":"Dota2Spire:Clarity"},{"floor":8,"key":"DistilledChaos"},{"floor":17,"key":"DistilledChaos"},{"floor":45,"key":"Dota2Spire:HealingSalve"},{"floor":47,"key":"BottledMiracle"},{"floor":49,"key":"Block Potion"},{"floor":53,"key":"StancePotion"}],"is_trial":false,"path_per_floor":["M","M","?","$","M","$","?","E","T","T","M","M","R","M","$","R","B",null,"R","B",null,"M","?","M","$","M","R","M","M","T","T","E","M","M","?","E","R","B",null,"M","M","?","M","$","E","M","M","T","?","?","R","E","M","R","B","B",null,"R","$","E","B",null],"character_chosen":"WATCHER","items_purchased":["CarveReality","BowlingBash","BlessingOfTheForge","Apotheosis","Meditate","Tantrum"],"campfire_rested":4,"item_purchase_floors":[4,6,6,15,15,44],"current_hp_per_floor":[61,61,61,61,61,61,53,39,39,39,35,35,35,24,24,24,24,24,44,42,62,62,62,52,52,52,52,51,37,37,37,27,19,19,19,10,30,30,59,59,59,59,54,54,54,50,48,48,40,40,60,60,49,68,68,49,63,63,63,12,13],"gold":138,"neow_bonus":"THREE_ENEMY_KILL","is_daily":false,"chose_seed":false,"campfire_upgraded":3,"win_rate":0.0,"timestamp":1612524324,"path_taken":["M","M","?","$","M","$","?","E","T","T","M","M","R","M","?","R","BOSS","R","BOSS","M","?","M","$","M","R","M","M","T","T","E","M","M","?","E","R","BOSS","M","M","?","M","$","E","M","M","T","?","?","R","E","M","R","BOSS","BOSS","R","$","E","BOSS"],"items_purchased_type":["Card","Card","Potion","Card","Card","Card"],"build_version":"2020-12-22","purchased_purges":4,"victory":true,"max_hp_per_floor":[68,68,68,68,68,68,68,68,68,68,68,68,68,68,68,68,68,68,68,68,68,68,68,68,68,68,68,68,68,68,68,68,68,68,68,68,68,68,68,68,68,68,68,68,68,68,68,68,68,68,68,68,68,68,68,68,68,68,68,68,68],"card_choices":[{"not_picked":["TalkToTheHand","SashWhip"],"picked":"EmptyFist","floor":1},{"not_picked":["Halt","WreathOfFlame","Evaluate"],"picked":"SKIP","floor":2},{"not_picked":["Evaluate","PathToVictory"],"picked":"FollowUp","floor":5},{"not_picked":["Sanctity","Wish","FlurryOfBlows"],"picked":"SKIP","floor":8},{"not_picked":["SignatureMove","Wireheading","Halt"],"picked":"SandsOfTime","floor":11},{"not_picked":["JustLucky","Vengeance","EmptyFist"],"picked":"FearNoEvil","floor":12},{"not_picked":["ThirdEye","FlyingSleeves","JustLucky"],"picked":"Halt","floor":14},{"not_picked":["Wish","Devotion","SpiritShield"],"picked":"DeusExMachina","floor":17},{"not_picked":["CrushJoints","FollowUp","JustLucky"],"picked":"Protect","floor":19},{"not_picked":["MasterReality","Omniscience","ConjureBlade"],"picked":"Scrawl","floor":20},{"not_picked":["CutThroughFate","FlurryOfBlows+1","Pray"],"picked":"Adaptation+1","floor":22},{"not_picked":["Consecrate","ThirdEye","LikeWater","Crescendo"],"picked":"SKIP","floor":24},{"not_picked":["LikeWater","BowlingBash","WaveOfTheHand","CutThroughFate"],"picked":"SKIP","floor":26},{"not_picked":["ForeignInfluence","Meditate","CutThroughFate+1"],"picked":"TalkToTheHand","floor":28},{"not_picked":["CutThroughFate","Halt","FlyingSleeves"],"picked":"InnerPeace","floor":29},{"not_picked":["SashWhip","DevaForm","Meditate"],"picked":"TalkToTheHand","floor":32},{"not_picked":["CutThroughFate","Evaluate","EmptyMind"],"picked":"TalkToTheHand","floor":33},{"not_picked":["JustLucky","Crescendo","Weave+1","FollowUp"],"picked":"SKIP","floor":34},{"not_picked":["Consecrate","Worship","Wish","Crescendo+1"],"picked":"SKIP","floor":36},{"not_picked":["Study+1","LikeWater","Protect","EmptyBody"],"picked":"SKIP","floor":40},{"not_picked":["Study","JustLucky","CutThroughFate"],"picked":"CrushJoints","floor":41},{"not_picked":["WaveOfTheHand","SashWhip","TalkToTheHand+1","Swivel"],"picked":"SKIP","floor":43},{"not_picked":["Halt","Judgement","CarveReality"],"picked":"Scrawl","floor":45},{"not_picked":["EmptyFist","JustLucky","Indignation","PathToVictory"],"picked":"SKIP","floor":46},{"not_picked":["Fasting2","FlurryOfBlows","WheelKick","ClearTheMind"],"picked":"SKIP","floor":47},{"not_picked":["EmptyFist","Protect","Prostrate+1","CrushJoints"],"picked":"SKIP","floor":52},{"not_picked":["JustLucky","Evaluate+1","EmptyFist+1","Consecrate"],"picked":"SKIP","floor":53},{"not_picked":["ClearTheMind+1","Study","Consecrate"],"picked":"Vault","floor":60}],"player_experience":2408847,"relics_obtained":[{"floor":7,"key":"Dota2Spire:Vanguard"},{"floor":8,"key":"Dota2Spire:DrumOfEndurance"},{"floor":9,"key":"Question Card"},{"floor":10,"key":"Dream Catcher"},{"floor":30,"key":"Dota2Spire:PowerTreads"},{"floor":32,"key":"Bottled Tornado"},{"floor":36,"key":"Yang"},{"floor":45,"key":"Happy Flower"},{"floor":48,"key":"Dota2Spire:ShivaGuard"},{"floor":49,"key":"Dota2Spire:Butterfly"},{"floor":50,"key":"Centennial Puzzle"},{"floor":52,"key":"Damaru"},{"floor":60,"key":"CaptainsWheel"}],"event_choices":[{"damage_healed":0,"gold_gain":150,"player_choice":"AGREE","damage_taken":0,"max_hp_gain":0,"max_hp_loss":0,"event_name":"Liars Game","floor":3,"gold_loss":0,"cards_obtained":["Doubt"]},{"damage_healed":0,"gold_gain":0,"player_choice":"Searched \u00271\u0027 times","damage_taken":0,"max_hp_gain":0,"max_hp_loss":0,"event_name":"Dead Adventurer","floor":7,"gold_loss":0},{"damage_healed":0,"gold_gain":0,"player_choice":"Obtained Relic","damage_taken":0,"relics_obtained":["Dota2Spire:ArmletOfMordiggian"],"max_hp_gain":0,"max_hp_loss":0,"event_name":"Addict","floor":23,"gold_loss":85},{"damage_healed":0,"gold_gain":0,"player_choice":"Ignored","damage_taken":0,"max_hp_gain":0,"max_hp_loss":0,"event_name":"Vampires","floor":35,"gold_loss":0},{"damage_healed":0,"gold_gain":0,"player_choice":"Ignored","damage_taken":0,"max_hp_gain":0,"max_hp_loss":0,"event_name":"Tomb of Lord Red Mask","floor":42,"gold_loss":0},{"damage_healed":0,"gold_gain":0,"player_choice":"Fight","damage_taken":0,"max_hp_gain":0,"max_hp_loss":0,"event_name":"Mysterious Sphere","floor":49,"gold_loss":0},{"damage_healed":0,"gold_gain":0,"player_choice":"Relic","damage_taken":0,"max_hp_gain":0,"max_hp_loss":0,"event_name":"Wheel of Change","floor":50,"gold_loss":0}],"is_beta":false,"boss_relics":[{"not_picked":["SacredBark","Empty Cage"],"picked":"Astrolabe"},{"not_picked":["HolyWater","Tiny House"],"picked":"Dota2Spire:Bloodstone"},{"not_picked":["Black Star","SlaversCollar"],"picked":"Runic Pyramid"}],"items_purged_floors":[4,25,44,59],"is_endless":false,"potions_floor_spawned":[1,7,8,14,17,24,29,33,34,45,47,49,52,53],"ascension_level":20}}