{"host":"og21o26alpnbwmz8","time":1612539378,"event":{"mods":["Act Like it!","Aspiration","BaseMod","Conspire","Downfall","Halation","Hallownest","Hubris","Jedi Mod","Mimic Mod","Minty Spire (QoL Compilation)","Pale of the Ancients","Reliquary","Replay The Spire","Shop Mod","Spikes Relics","StSLib","The Alterego","The Blackbeard","The Blue Laboratory","The Death Knight","The Runesmith","Waifu the Spire"],"gold_per_floor":[99,99,99,174,192,92,92,126,146,170,70,70,55,74,86,187,187,87,106,106,61,76,68,68,68,68,68],"floor_reached":25,"language":"ENG","playtime":1010,"items_purged":[],"score":197,"play_id":"b366e60f-013f-4c91-9de1-9a0355edcaf4","local_time":"20210205103617","is_ascension_mode":false,"campfire_choices":[{"floor":1,"key":"RECALL"},{"data":"hexamod:AdvancingGuard","floor":6,"key":"SMITH"},{"data":"1","floor":11,"key":"LIFT"},{"data":"2","floor":18,"key":"LIFT"}],"circlet_count":0,"master_deck":["hexamod:Strike+1","hexamod:Strike","hexamod:Strike","hexamod:Strike","hexamod:Defend+1","hexamod:Defend","hexamod:Defend","hexamod:Defend","hexamod:Sear+1","hexamod:Float","hexamod:AdvancingGuard+1","hubris:NaturalOne","hexamod:DynamicBlow","hexamod:SixthSeal","hexamod:FirstSeal","hexamod:SecondSeal","hexamod:ThirdSeal","hexamod:FourthSeal"],"relics":["hexamod:SpiritBrand","Hallownest:DreamNailRelic","downfall:HeartBlessingRed","Girya","Oddly Smooth Stone","Vajra","downfall:HeartBlessingGreen","hubris:Icosahedron","halation:PinkAlligatorPlush","downfall:HeartBlessingBlue","hubris:TinFlute"],"acts_visited":["Exordium","Hallownest:Greenpath"],"potions_floor_usage":[16,25],"damage_taken":[{"damage":0,"enemies":"Hallownest:2_MossCreeps","floor":5,"turns":5},{"damage":5,"enemies":"Hallownest:eliteCrystalGuardian","floor":8,"turns":8},{"damage":0,"enemies":"Hallownest:monsterHuskWarrior","floor":9,"turns":3},{"damage":0,"enemies":"downfall:FleeingMerchant","floor":13,"turns":4},{"damage":0,"enemies":"Hallownest:monsterHuskGuard","floor":14,"turns":3},{"damage":0,"enemies":"Hallownest:Guard_and_Warrior","floor":15,"turns":6},{"damage":56,"enemies":"WA_ARCHETYPE_RETAIN","floor":16,"turns":12},{"damage":14,"enemies":"Hallownest:Flukemon_and_Top","floor":19,"turns":7},{"damage":67,"enemies":"Hallownest:3_Youths","floor":22,"turns":9},{"damage":77,"enemies":"conspire:MimicChest","floor":25,"turns":7}],"seed_played":"1774278355223444538","potions_obtained":[{"floor":8,"key":"blueLaboratory:FruitPreserves"},{"floor":14,"key":"Block Potion"},{"floor":16,"key":"blueLaboratory:BottleOfRum"}],"is_trial":false,"path_per_floor":["R","?","?","T","M","R","T","E","M","T","R","?","$","M","M","B",null,"R","M","?","?","M","?","T","?"],"character_chosen":"THE_SPIRIT","items_purchased":[],"campfire_rested":0,"item_purchase_floors":[],"current_hp_per_floor":[70,70,70,70,70,70,70,65,65,65,65,65,65,65,65,9,70,80,66,66,66,80,73,73,0,0,0],"gold":68,"neow_bonus":"UPGRADE_CARD","is_daily":false,"chose_seed":false,"campfire_upgraded":1,"win_rate":0.0,"timestamp":1612539377,"path_taken":["R","?","?","?","M","R","T","E","?","?","R","?","$","M","M","BOSS","R","M","?","?","M","?","T","?"],"items_purchased_type":[],"build_version":"2020-12-22","purchased_purges":0,"victory":false,"max_hp_per_floor":[70,70,70,70,70,70,70,70,70,70,70,70,70,70,70,70,70,80,80,80,80,80,80,80,80,80,80],"card_choices":[{"not_picked":["hexamod:ThermalTransfer","hexamod:ShieldOfDarkness"],"picked":"hexamod:AdvancingGuard","floor":5},{"not_picked":["hexamod:RetreatToShadows","hexamod:Hexaguard","hexamod:SuperheatedStrike"],"picked":"SKIP","floor":8},{"not_picked":["hexamod:SwordOfDarkness","hexamod:PowerFromBeyond"],"picked":"hexamod:InspiringFlames","floor":9},{"not_picked":["hexamod:GhostShield","hexamod:GhostLash","hexamod:SoulSteal"],"picked":"SKIP","floor":13},{"not_picked":["hexamod:PowerFromBeyond","hexamod:NightmareGuise"],"picked":"hexamod:DynamicBlow","floor":14},{"not_picked":["hexamod:HeatMetal","hexamod:UnleashSpirits","hexamod:RetreatToShadows"],"picked":"SKIP","floor":15},{"not_picked":["hexamod:SearingWound","hexamod:GiftsFromTheDead"],"picked":"hexamod:SixthSeal","floor":16},{"not_picked":["hexamod:GhostShield+1","hexamod:InspiringFlames","hexamod:NightmareGuise"],"picked":"SKIP","floor":19},{"not_picked":["hexamod:Hexaguard+1","hexamod:AdvancingGuard","hexamod:HeatMetal+1"],"picked":"SKIP","floor":22}],"player_experience":227622,"relics_obtained":[{"floor":7,"key":"Girya"},{"floor":8,"key":"Oddly Smooth Stone"},{"floor":10,"key":"Vajra"},{"floor":24,"key":"hubris:TinFlute"}],"event_choices":[],"is_beta":false,"boss_relics":[{"not_picked":["Runic Pyramid","Sandwich"],"picked":"halation:PinkAlligatorPlush"}],"items_purged_floors":[],"is_endless":false,"potions_floor_spawned":[8,14,16],"killed_by":"conspire:MimicChest","ascension_level":0}}