{"host":"kbho7qfijxoxak3f","time":1612509158,"event":{"mods":["2.2 Compatiblity","Act Like it!","BaseMod","Challenge The Spire","Colored Map","Conspire","Highlight Path","Lobotomy","Minty Spire (QoL Compilation)","Pale of the Ancients","Quick Restart","StSLib"],"gold_per_floor":[113,213,228,245,103,103,116,116,141,158,178,203,203,231,231,330,330,343,268,284,284,299,299,299],"floor_reached":23,"language":"ZHS","playtime":1366,"items_purged":["Strike_B"],"score":365,"play_id":"af640ca6-6b0a-4769-af49-9a71e36fe06a","local_time":"20210205151238","is_ascension_mode":true,"campfire_choices":[{"data":"Defragment","floor":6,"key":"SMITH"},{"data":"Coolheaded","floor":8,"key":"SMITH"},{"data":"Defragment","floor":13,"key":"SMITH"},{"data":"Cold Snap","floor":15,"key":"SMITH"}],"circlet_count":0,"master_deck":["AscendersBane","Strike_B","Strike_B","Strike_B","Defend_B+1","Defend_B","Defend_B","Defend_B","Zap","Dualcast","DespairKnight","Cold Snap+1","Cold Snap","Conserve Battery","Defragment+1","Coolheaded+1","Coolheaded+1","Defragment+1","QueenOfHatred","SpiderBud","Electrodynamics","OSAHOGD","MeatLantern"],"relics":["Cracked Core","CogitoBucket","Art of War","War Paint","Toy Ornithopter","Inserter","SkinProphecy","Molten Egg 2"],"acts_visited":["Exordium","TheCity"],"potions_floor_usage":[12,12,12,14,16],"damage_taken":[{"damage":2,"enemies":"Jaw Worm","floor":1,"turns":3},{"damage":3,"enemies":"Cultist","floor":3,"turns":4},{"damage":0,"enemies":"conspire:RoseBush","floor":4,"turns":3},{"damage":19,"enemies":"Red Slaver","floor":7,"turns":3},{"damage":7,"enemies":"Looter","floor":10,"turns":4},{"damage":14,"enemies":"Exordium Wildlife","floor":11,"turns":9},{"damage":8,"enemies":"3 Sentries","floor":12,"turns":10},{"damage":0,"enemies":"Lagavulin","floor":14,"turns":10},{"damage":25,"enemies":"Slime Boss","floor":16,"turns":16},{"damage":21,"enemies":"Shell Parasite","floor":18,"turns":7},{"damage":38,"enemies":"3 Byrds","floor":20,"turns":9},{"damage":15,"enemies":"Snecko","floor":22,"turns":8},{"damage":6,"enemies":"Slavers","floor":23,"turns":1}],"seed_played":"-8781935048671461628","potions_obtained":[{"floor":1,"key":"EntropicBrew"},{"floor":3,"key":"Energy Potion"},{"floor":12,"key":"SpeedPotion"},{"floor":16,"key":"Fire Potion"}],"is_trial":false,"path_per_floor":["M","?","M","M","$","R","M","R","T","M","M","E","R","E","R","B",null,"M","?","M","?","M","E"],"character_chosen":"DEFECT","items_purchased":["Defragment"],"campfire_rested":0,"item_purchase_floors":[5],"current_hp_per_floor":[66,66,63,63,63,63,44,44,44,37,23,15,15,30,30,49,69,57,57,25,25,9,0,0],"gold":299,"neow_bonus":"","is_daily":false,"chose_seed":false,"campfire_upgraded":4,"win_rate":0.0,"timestamp":1612509158,"path_taken":["M","?","M","?","?","R","?","R","T","M","M","E","R","E","R","BOSS","M","?","M","?","?","E"],"items_purchased_type":["Card"],"build_version":"2020-12-22","purchased_purges":1,"victory":false,"max_hp_per_floor":[75,75,75,75,75,75,75,75,75,75,75,75,75,75,75,75,75,75,75,75,75,77,79,79],"card_choices":[{"not_picked":["WallGazer","VoidDream"],"picked":"DespairKnight","floor":1},{"not_picked":["Barrage","Lockon"],"picked":"Cold Snap","floor":1},{"not_picked":["Turbo","Go for the Eyes"],"picked":"Cold Snap","floor":3},{"not_picked":["BigBadWolf","MHz"],"picked":"GalaxyChild","floor":3},{"not_picked":["LittleHelper","MeatLantern"],"picked":"CherryBlossoms","floor":4},{"not_picked":["Leap","conspire:Rain"],"picked":"Conserve Battery","floor":4},{"not_picked":["Barrage","Conserve Battery"],"picked":"Coolheaded","floor":7},{"not_picked":["Gash","Turbo"],"picked":"Coolheaded","floor":10},{"not_picked":["Amplify","Beam Cell"],"picked":"Defragment","floor":11},{"not_picked":["Bloodbath","MeatLantern"],"picked":"QueenOfHatred","floor":12},{"not_picked":["conspire:Rain","Tempest","Sweeping Beam"],"picked":"SKIP","floor":12},{"not_picked":["MHz","DreamingCurrent"],"picked":"SpiderBud","floor":14},{"not_picked":["Doom and Gloom","Aggregate","Barrage"],"picked":"SKIP","floor":14},{"not_picked":["Rainbow","Meteor Strike"],"picked":"Electrodynamics","floor":16},{"not_picked":["Funeral","VoidDream"],"picked":"OSAHOGD","floor":18},{"not_picked":["Sweeping Beam","Stack","Beam Cell"],"picked":"SKIP","floor":18},{"not_picked":["Rebound","Hologram","Seek"],"picked":"SKIP","floor":20},{"not_picked":["HappyTeddy","QueenBee"],"picked":"MeatLantern","floor":22},{"not_picked":["Sweeping Beam+1","Reinforced Body+1","Steam"],"picked":"SKIP","floor":22}],"player_experience":550859,"relics_obtained":[{"floor":9,"key":"Art of War"},{"floor":12,"key":"War Paint"},{"floor":14,"key":"Toy Ornithopter"}],"event_choices":[{"damage_healed":0,"gold_gain":100,"player_choice":"Pray","damage_taken":0,"max_hp_gain":0,"max_hp_loss":0,"event_name":"Golden Shrine","floor":2,"gold_loss":0},{"cards_removed":["GalaxyChild"],"damage_healed":0,"gold_gain":0,"player_choice":"Gave Gold","damage_taken":0,"max_hp_gain":0,"max_hp_loss":0,"event_name":"Beggar","floor":19,"gold_loss":75},{"damage_healed":0,"gold_gain":0,"player_choice":"Gave Potion","damage_taken":0,"relics_obtained":["Molten Egg 2"],"max_hp_gain":0,"max_hp_loss":0,"event_name":"WeMeetAgain","floor":21,"gold_loss":0}],"is_beta":false,"boss_relics":[{"not_picked":["conspire:SpecialSausage","Nuclear Battery"],"picked":"Inserter"}],"items_purged_floors":[5],"is_endless":false,"potions_floor_spawned":[1,3,4,11,12,16],"killed_by":"Slavers","ascension_level":12}}