{"host":"f5gffvlv6a66yqkd","time":1612540863,"event":{"mods":["2.2 Compatiblity","BaseMod","Colored Map","Custom Start","DeckTracker","Keyboard Shortcuts","Minty Spire (QoL Compilation)","Permanent Neow","Quick Restart","Relic Stats","StSLib","SuperFastMode"],"gold_per_floor":[117,117,117,117,140,176,59,59,59,59,97,118,131,39,39,135,135,155,173,98,148,164,164,197,197,197,2,21,21,21,21,21],"floor_reached":31,"language":"KOR","playtime":799,"items_purged":["Strike_R"],"score":572,"play_id":"2c328f14-0317-4f57-b322-ab8164b49614","local_time":"20210206010103","is_ascension_mode":true,"campfire_choices":[{"data":"Inflame","floor":8.0,"key":"SMITH"},{"data":"Sword Boomerang","floor":15.0,"key":"SMITH"},{"floor":23.0,"key":"REST"},{"floor":25,"key":"REST"},{"data":"Limit Break","floor":30,"key":"SMITH"}],"circlet_count":0,"master_deck":["AscendersBane","Strike_R","Strike_R","Strike_R","Defend_R","Defend_R","Defend_R","Defend_R","Bash","Inflame+1","Armaments","Clothesline","Evolve","Sword Boomerang+1","Battle Trance+1","Finesse+1","Limit Break+1","CurseOfTheBell","Warcry","Power Through","Seeing Red","Wild Strike"],"relics":["Burning Blood","NeowsBlessing","Golden Idol","Oddly Smooth Stone","Anchor","Bag of Preparation","Matryoshka","Calling Bell","Omamori","Gremlin Horn","TungstenRod","Calipers","Dream Catcher","The Courier","War Paint"],"acts_visited":["Exordium","TheCity"],"potions_floor_usage":[24,24],"damage_taken":[{"damage":0.0,"enemies":"Jaw Worm","floor":1.0,"turns":1.0},{"damage":0.0,"enemies":"2 Louse","floor":5.0,"turns":1.0},{"damage":0.0,"enemies":"Lagavulin","floor":6.0,"turns":1.0},{"damage":22.0,"enemies":"3 Sentries","floor":11.0,"turns":7.0},{"damage":0.0,"enemies":"Cultist","floor":12.0,"turns":3.0},{"damage":12.0,"enemies":"Large Slime","floor":13.0,"turns":5.0},{"damage":41.0,"enemies":"Hexaghost","floor":16.0,"turns":9.0},{"damage":3.0,"enemies":"3 Byrds","floor":18.0,"turns":5.0},{"damage":33.0,"enemies":"Spheric Guardian","floor":19.0,"turns":6.0},{"damage":14.0,"enemies":"Chosen and Byrds","floor":22.0,"turns":7.0},{"damage":37,"enemies":"Gremlin Leader","floor":24,"turns":9},{"damage":10,"enemies":"Snake Plant","floor":28,"turns":3},{"damage":43,"enemies":"3 Cultists","floor":31,"turns":4}],"seed_played":"1050685692011852260","potions_obtained":[{"floor":4.0,"key":"Energy Potion"},{"floor":4.0,"key":"EntropicBrew"},{"floor":13.0,"key":"Explosive Potion"},{"floor":16.0,"key":"LiquidMemories"},{"floor":18.0,"key":"DuplicationPotion"},{"floor":22.0,"key":"SkillPotion"}],"is_trial":false,"path_per_floor":["M","?","T","?","M","E","$","R","T","?","E","M","M","$","R","B",null,"M","M","?","?","M","R","E","R","T","$","M","?","R","M"],"character_chosen":"IRONCLAD","items_purchased":["Evolve","Finesse","War Paint","Seeing Red"],"campfire_rested":2,"item_purchase_floors":[7,14,27,27],"current_hp_per_floor":[74,48,48,48,54,60,60,60,60,60,44,50,44,44,44,9,59,62,35,35,35,27,49,18,40,40,40,36,36,36,0,0],"gold":21,"neow_bonus":"THREE_ENEMY_KILL","is_daily":false,"chose_seed":false,"campfire_upgraded":3,"win_rate":0.0,"timestamp":1612540863,"path_taken":["M","?","?","?","?","E","$","R","T","?","E","M","M","$","R","BOSS","M","M","?","?","?","R","E","R","T","$","M","?","R","M"],"items_purchased_type":["Card","Card","Relic","Card"],"build_version":"2020-12-22","purchased_purges":1,"victory":false,"max_hp_per_floor":[75,75,75,75,75,75,75,75,75,75,75,75,75,75,75,75,75,75,75,75,75,75,75,75,75,75,75,75,75,75,75,75],"relic_stats":{"Dream Catcher":0,"Gremlin Horn":[7,12],"counters":[13,61],"Golden Idol":68,"Bag of Preparation":[20],"War Paint":["Battle Trance","Finesse"],"obtain_stats":[{"Calipers":24,"NeowsBlessing":0,"Gremlin Horn":17,"Golden Idol":2,"Oddly Smooth Stone":3,"The Courier":26,"Bag of Preparation":9,"Omamori":17,"War Paint":27,"Burning Blood":0,"Calling Bell":17,"Anchor":6,"Dream Catcher":26,"Matryoshka":11,"TungstenRod":17},{"Calipers":11,"NeowsBlessing":0,"Gremlin Horn":7,"Golden Idol":1,"Oddly Smooth Stone":1,"The Courier":11,"Bag of Preparation":3,"Omamori":7,"War Paint":11,"Burning Blood":0,"Calling Bell":7,"Anchor":3,"Dream Catcher":11,"Matryoshka":4,"TungstenRod":7},{"Calipers":54,"NeowsBlessing":0,"Gremlin Horn":27,"Golden Idol":1,"Oddly Smooth Stone":1,"The Courier":54,"Bag of Preparation":3,"Omamori":27,"War Paint":54,"Burning Blood":0,"Calling Bell":27,"Anchor":3,"Dream Catcher":54,"Matryoshka":10,"TungstenRod":27}],"Burning Blood":72,"TungstenRod":31},"card_choices":[{"not_picked":["Flex","Thunderclap"],"picked":"Inflame","floor":1.0},{"not_picked":["Dual Wield","Clothesline"],"picked":"Armaments","floor":5.0},{"not_picked":["Wild Strike","Searing Blow"],"picked":"Clothesline","floor":6.0},{"not_picked":["Warcry","Brutality"],"picked":"Sword Boomerang","floor":11.0},{"not_picked":["Clothesline","Anger","Evolve"],"picked":"SKIP","floor":12.0},{"not_picked":["Spot Weakness","Havoc"],"picked":"Battle Trance","floor":13.0},{"not_picked":["Feed","Barricade"],"picked":"Limit Break","floor":16.0},{"not_picked":["Thunderclap","Clash"],"picked":"Warcry","floor":18.0},{"not_picked":["Armaments","Spot Weakness","Havoc"],"picked":"SKIP","floor":19.0},{"not_picked":["Reckless Charge","Pommel Strike"],"picked":"Power Through","floor":22.0},{"not_picked":["Cleave","Headbutt","Flex"],"picked":"SKIP","floor":24},{"not_picked":["Seeing Red","Brutality"],"picked":"Wild Strike","floor":28}],"player_experience":1656334,"relics_obtained":[{"floor":3.0,"key":"Oddly Smooth Stone"},{"floor":6.0,"key":"Anchor"},{"floor":9.0,"key":"Bag of Preparation"},{"floor":11.0,"key":"Matryoshka"},{"floor":17.0,"key":"Omamori"},{"floor":17.0,"key":"Gremlin Horn"},{"floor":17.0,"key":"TungstenRod"},{"floor":24,"key":"Calipers"},{"floor":26,"key":"Dream Catcher"},{"floor":26,"key":"The Courier"}],"event_choices":[{"damage_healed":0.0,"max_hp_gain":0.0,"max_hp_loss":0.0,"gold_gain":0.0,"event_name":"Golden Idol","player_choice":"Take Damage","floor":2.0,"gold_loss":0.0,"damage_taken":26.0,"relics_obtained":["Golden Idol"]},{"damage_healed":0.0,"max_hp_gain":0.0,"max_hp_loss":0.0,"gold_gain":0.0,"event_name":"Lab","player_choice":"Got Potions","floor":4.0,"gold_loss":0.0,"damage_taken":0.0},{"damage_healed":0.0,"max_hp_gain":0.0,"max_hp_loss":0.0,"gold_gain":0.0,"event_name":"Liars Game","player_choice":"Ignored","floor":10.0,"gold_loss":0.0,"damage_taken":0.0},{"cards_removed":["Strike_R"],"damage_healed":0.0,"max_hp_gain":0.0,"max_hp_loss":0.0,"gold_gain":0.0,"event_name":"Beggar","player_choice":"Gave Gold","floor":20.0,"gold_loss":75.0,"damage_taken":0.0},{"damage_healed":0.0,"max_hp_gain":0.0,"max_hp_loss":0.0,"gold_gain":100.0,"event_name":"The Joust","player_choice":"Bet on Murderer","floor":21.0,"gold_loss":50.0,"damage_taken":0.0},{"damage_healed":0,"gold_gain":0,"player_choice":"Ignored","damage_taken":0,"max_hp_gain":0,"max_hp_loss":0,"event_name":"Cursed Tome","floor":29,"gold_loss":0}],"is_beta":false,"boss_relics":[{"not_picked":["Busted Crown","Runic Dome"],"picked":"Calling Bell"}],"items_purged_floors":[7],"is_endless":false,"potions_floor_spawned":[6,13,16,18,22],"killed_by":"3 Cultists","ascension_level":20}}