{"host":"yecadp3kwkksam5a","time":1612534428,"event":{"mods":["100% Spire Juice","Arknights","BaseMod","Minty Spire (QoL Compilation)","StSLib","SuperFastMode","The Cursed","WarShipGirlsR/??á´Ò³R mod"],"gold_per_floor":[115,130,140,157,167,167,167,196,219,219,53,53,71,100,100,171,171,184,27,27,27,41,41,41],"floor_reached":23,"language":"KOR","playtime":736,"items_purged":["Strike_R"],"score":344,"play_id":"271844ac-0acc-4660-8515-3a41f77eb7d7","local_time":"20210205231348","is_ascension_mode":true,"campfire_choices":[{"data":"Armaments","floor":6.0,"key":"SMITH"},{"data":"Uppercut","floor":10.0,"key":"SMITH"},{"floor":12.0,"key":"REST"},{"data":"Second Wind","floor":15,"key":"SMITH"}],"circlet_count":0,"master_deck":["AscendersBane","Strike_R","Strike_R","Defend_R","Defend_R","Defend_R","Defend_R","Bash","Juggernaut","Second Wind+1","Entrench","Armaments+1","Pommel Strike","Uppercut+1","Disarm","Flash of Steel","Body Slam","Immolate","Dark Embrace","Dropkick"],"relics":["Burning Blood","Darkstone Periapt","MealTicket","Odd Mushroom","Fusion Hammer"],"acts_visited":["Exordium","TheCity"],"potions_floor_usage":[16,16,22],"damage_taken":[{"damage":10.0,"enemies":"Small Slimes","floor":1.0,"turns":4.0},{"damage":8.0,"enemies":"Jaw Worm","floor":2.0,"turns":4.0},{"damage":1.0,"enemies":"2 Louse","floor":3.0,"turns":2.0},{"damage":18.0,"enemies":"Exordium Wildlife","floor":4.0,"turns":6.0},{"damage":26.0,"enemies":"Exordium Thugs","floor":5.0,"turns":7.0},{"damage":12.0,"enemies":"3 Sentries","floor":8.0,"turns":6.0},{"damage":22,"enemies":"Lots of Slimes","floor":13,"turns":6},{"damage":15,"enemies":"The Mushroom Lair","floor":14,"turns":5},{"damage":25,"enemies":"Hexaghost","floor":16,"turns":12},{"damage":19,"enemies":"Chosen","floor":18,"turns":5},{"damage":26,"enemies":"2 Thieves","floor":22,"turns":4},{"damage":26,"enemies":"Book of Stabbing","floor":23,"turns":3}],"seed_played":"3239782348791151434","potions_obtained":[{"floor":1.0,"key":"Fire Potion"},{"floor":4.0,"key":"PowerPotion"},{"floor":13,"key":"BlessingOfTheForge"},{"floor":14,"key":"EntropicBrew"}],"is_trial":false,"path_per_floor":["M","M","M","M","M","R","?","E","T","R","$","R","M","?","R","B",null,"M","$","?","?","M","E"],"character_chosen":"IRONCLAD","items_purchased":["Flash of Steel","Dark Embrace","Dropkick"],"campfire_rested":1,"item_purchase_floors":[11,19,19],"current_hp_per_floor":[64,62,67,55,35,35,28,22,22,22,37,59,43,34,34,15,60,47,62,62,41,21,0,0],"gold":41,"neow_bonus":"TRANSFORM_CARD","is_daily":false,"chose_seed":false,"campfire_upgraded":3,"win_rate":0.0,"timestamp":1612534428,"path_taken":["M","M","M","M","M","R","?","E","T","R","$","R","M","?","R","BOSS","M","$","?","?","?","E"],"items_purchased_type":["Card","Card","Card"],"build_version":"2020-12-22","purchased_purges":1,"victory":false,"max_hp_per_floor":[75,75,75,75,75,75,75,75,75,75,75,75,75,75,75,75,75,75,75,75,80,80,80,80],"card_choices":[{"not_picked":["Rampage","Shrug It Off"],"picked":"Second Wind","floor":1.0},{"not_picked":["Perfected Strike","Cleave"],"picked":"Entrench","floor":2.0},{"not_picked":["Dropkick","Anger"],"picked":"Armaments","floor":3.0},{"not_picked":["Combust","Spot Weakness"],"picked":"Pommel Strike","floor":4.0},{"not_picked":["Havoc","Iron Wave"],"picked":"Uppercut","floor":5.0},{"not_picked":["Infernal Blade","Iron Wave"],"picked":"Disarm","floor":8.0},{"not_picked":["Pummel","Havoc"],"picked":"Body Slam","floor":13},{"not_picked":["Reaper","Double Tap"],"picked":"Immolate","floor":16},{"not_picked":["Ghostly Armor","Dropkick","True Grit"],"picked":"SKIP","floor":18},{"not_picked":["Clash","Wild Strike","Havoc"],"picked":"SKIP","floor":22}],"player_experience":603444,"relics_obtained":[{"floor":8.0,"key":"Darkstone Periapt"},{"floor":9.0,"key":"MealTicket"},{"floor":14,"key":"Odd Mushroom"}],"event_choices":[{"cards_removed":["Strike_R"],"damage_healed":0.0,"max_hp_gain":0.0,"max_hp_loss":0.0,"gold_gain":0.0,"event_name":"Golden Wing","player_choice":"Card Removal","floor":7.0,"gold_loss":0.0,"damage_taken":7.0},{"damage_healed":0,"gold_gain":0,"player_choice":"Fought Mushrooms","damage_taken":0,"max_hp_gain":0,"max_hp_loss":0,"event_name":"Mushrooms","floor":14,"gold_loss":0},{"damage_healed":0,"gold_gain":0,"player_choice":"Ignored","damage_taken":0,"max_hp_gain":0,"max_hp_loss":0,"event_name":"The Mausoleum","floor":20,"gold_loss":0},{"damage_healed":0,"gold_gain":0,"player_choice":"Shed Blood","damage_taken":26,"max_hp_gain":5,"max_hp_loss":0,"event_name":"Forgotten Altar","floor":21,"gold_loss":0}],"is_beta":false,"boss_relics":[{"not_picked":["SlaversCollar","Velvet Choker"],"picked":"Fusion Hammer"}],"items_purged_floors":[11],"is_endless":false,"potions_floor_spawned":[1,4,13,14],"killed_by":"Book of Stabbing","ascension_level":16}}