{"host":"06t6i6dwlvtvdxau","time":1612504889,"event":{"mods":["BaseMod","Colored Map","Colored Powertips","GifTheSpireLib","Minty Spire (QoL Compilation)","Quick Restart","Shop Mod","StSLib"],"gold_per_floor":[117,133,208,55,55,55,69,69,93,111,127,144,144,69,69,167,167,185,85,99,112,112,139,139,174,197,197,197],"floor_reached":27,"language":"FRA","playtime":820,"items_purged":["Defend_R","Strike_R"],"score":375,"play_id":"6177419c-479c-47f0-a371-8213e0c68cd6","local_time":"20210205070129","is_ascension_mode":true,"campfire_choices":[{"data":"Disarm","floor":6,"key":"SMITH"},{"data":"Thunderclap","floor":8,"key":"SMITH"},{"data":"Armaments","floor":13,"key":"SMITH"},{"data":"Exhume","floor":15,"key":"SMITH"},{"data":"Berserk","floor":24,"key":"SMITH"}],"circlet_count":0,"master_deck":["Strike_R","Strike_R","Strike_R","Defend_R","Defend_R","Defend_R","Bash","Thunderclap+1","Disarm+1","Twin Strike","Exhume+1","Sword Boomerang","Armaments+1","Berserk+1","Iron Wave+1","Battle Trance","Heavy Blade+1","Spot Weakness+1","Pain"],"relics":["Burning Blood","Brimstone","Bag of Marbles","Cursed Key","Mummified Hand","Bronze Scales","Happy Flower"],"acts_visited":["Exordium","TheCity"],"potions_floor_usage":[20],"damage_taken":[{"damage":10,"enemies":"Cultist","floor":1,"turns":5},{"damage":3,"enemies":"Jaw Worm","floor":2,"turns":5},{"damage":0,"enemies":"Small Slimes","floor":7,"turns":2},{"damage":6,"enemies":"Gremlin Gang","floor":10,"turns":2},{"damage":0,"enemies":"Lots of Slimes","floor":11,"turns":1},{"damage":12,"enemies":"Exordium Thugs","floor":12,"turns":3},{"damage":47,"enemies":"Hexaghost","floor":16,"turns":6},{"damage":11,"enemies":"Shell Parasite","floor":18,"turns":4},{"damage":9,"enemies":"3 Byrds","floor":20,"turns":3},{"damage":29,"enemies":"Sentry and Sphere","floor":21,"turns":4},{"damage":0,"enemies":"Gremlin Leader","floor":23,"turns":3},{"damage":38,"enemies":"Book of Stabbing","floor":25,"turns":3},{"damage":0,"enemies":"Shelled Parasite and Fungi","floor":27,"turns":1}],"seed_played":"8748609928153713588","potions_obtained":[{"floor":1,"key":"LiquidMemories"},{"floor":2,"key":"Fire Potion"},{"floor":11,"key":"ColorlessPotion"},{"floor":20,"key":"Strength Potion"}],"is_trial":false,"path_per_floor":["M","M","?","$","?","R","M","R","T","M","M","M","R","$","R","B",null,"M","$","M","M","$","E","R","E","T","M"],"character_chosen":"IRONCLAD","items_purchased":["Brimstone"],"campfire_rested":0,"item_purchase_floors":[4],"current_hp_per_floor":[68,71,60,60,60,60,66,66,66,66,72,66,66,66,66,25,66,61,61,58,35,35,41,41,9,9,9,9],"gold":197,"neow_bonus":"THREE_CARDS","is_daily":false,"chose_seed":false,"campfire_upgraded":5,"win_rate":0.0,"timestamp":1612504889,"path_taken":["M","?","?","$","?","R","M","R","T","M","?","M","R","$","R","BOSS","M","?","M","M","$","E","R","E","T","M"],"items_purchased_type":["Relic"],"build_version":"2020-12-22","purchased_purges":2,"victory":false,"max_hp_per_floor":[80,80,80,80,80,80,80,80,80,80,80,80,80,80,80,80,80,80,80,80,80,80,80,80,80,80,80,80],"card_choices":[{"not_picked":["Whirlwind","Searing Blow"],"picked":"Thunderclap","floor":0},{"not_picked":["Infernal Blade","Dual Wield","Wild Strike"],"picked":"SKIP","floor":1},{"not_picked":["Warcry","Flame Barrier"],"picked":"Disarm","floor":2},{"not_picked":["Pommel Strike","Shrug It Off"],"picked":"Twin Strike","floor":7},{"not_picked":["Hemokinesis","Seeing Red"],"picked":"Exhume","floor":10},{"not_picked":["Iron Wave","Body Slam"],"picked":"Sword Boomerang","floor":11},{"not_picked":["Cleave","Shrug It Off"],"picked":"Armaments","floor":12},{"not_picked":["Bludgeon","Brutality"],"picked":"Berserk","floor":16},{"not_picked":["Wild Strike","Seeing Red"],"picked":"Iron Wave+1","floor":18},{"not_picked":["Cleave","Armaments"],"picked":"Battle Trance","floor":20},{"not_picked":["Cleave","Shrug It Off"],"picked":"Heavy Blade+1","floor":21},{"not_picked":["Barricade","Headbutt"],"picked":"Spot Weakness+1","floor":23},{"not_picked":["Wild Strike","True Grit","Second Wind+1"],"picked":"SKIP","floor":25}],"player_experience":780668,"relics_obtained":[{"floor":9,"key":"Bag of Marbles"},{"floor":23,"key":"Mummified Hand"},{"floor":25,"key":"Bronze Scales"},{"floor":26,"key":"Happy Flower"}],"event_choices":[{"damage_healed":0,"gold_gain":75,"player_choice":"Gather Gold","damage_taken":11,"max_hp_gain":0,"max_hp_loss":0,"event_name":"World of Goop","floor":3,"gold_loss":0},{"cards_removed":["Strike_R"],"damage_healed":0,"gold_gain":0,"player_choice":"Purged","damage_taken":0,"max_hp_gain":0,"max_hp_loss":0,"event_name":"Purifier","floor":5,"gold_loss":0}],"is_beta":false,"boss_relics":[{"not_picked":["Ectoplasm","SacredBark"],"picked":"Cursed Key"}],"items_purged_floors":[14,19],"is_endless":false,"potions_floor_spawned":[1,2,11,20],"killed_by":"Shelled Parasite and Fungi","ascension_level":8}}