{"host":"zf1gvustpgbojd4t","time":1612536739,"event":{"mods":["Act Like it!","BaseMod","Downfall","Hallownest","Map Debug Mod","Minty Spire (QoL Compilation)","MostiFishMod","Replay The Spire","StSLib"],"gold_per_floor":[99,111,121,121,1,30,80,109,148,78,78,78,128,175,206,315,315,15,41,74,74,74,106,129,29,29,60,15,62,62,108,144,259,259,259,293,324,55,84,84,110,110,138,167,167,167,20,60,88,106,106,154,13,13,29,45],"floor_reached":57,"language":"ZHS","playtime":2247,"items_purged":["Guardian:Defend_Guardian","Guardian:Strike_Guardian+1","Guardian:Strike_Guardian+1"],"score":1529,"play_id":"ea727a29-748b-4077-b075-ec2c5addbb7e","local_time":"20210205225219","is_ascension_mode":false,"campfire_choices":[{"floor":1,"key":"RECALL"},{"data":"Guardian:TwinSlam","floor":12,"key":"SMITH"},{"floor":18,"key":"DIG"},{"data":"Guardian:StasisStrike","floor":26,"key":"SMITH"},{"data":"Guardian:Clone","floor":30,"key":"SMITH"},{"data":"Guardian:FastForward","floor":35,"key":"SMITH"},{"data":"Guardian:RevengeProtocol","floor":40,"key":"SMITH"},{"data":"Guardian:TemporalStrike","floor":42,"key":"SMITH"},{"data":"Guardian:Repulse","floor":54,"key":"SMITH"}],"circlet_count":0,"master_deck":["Guardian:Strike_Guardian+1","Guardian:Defend_Guardian","Guardian:Defend_Guardian","Guardian:Defend_Guardian","Guardian:CurlUp","Guardian:TwinSlam+1","Guardian:BodySlam+1","Guardian:EvasiveProtocol","Guardian:PrimingBeam","Guardian:Recover","Guardian:Recover","Guardian:StasisStrike+1","Guardian:TemporalShield+1","Guardian:Planning+1","Guardian:TemporalStrike+1","Guardian:Clone+1","Guardian:Incinerate+1","Guardian:RevengeProtocol+1","Guardian:FastForward+1","Guardian:TemporalStrike+1","Guardian:Repulse+1","Guardian:StasisField"],"relics":["Guardian:ModeShifter","DaveBox","ShadowXiaoBlade","NeowsBlessing","Hallownest:DreamNailRelic","Replay:Bandana","Guide Book","Pet Ghost","Replay:Bottled Eggs","Hallownest:StagBellRelic1","Sundial","Busted Crown","downfall:HeartBlessingRed","downfall:HeartBlessingGreen","downfall:HeartBlessingBlue","HornCleat","Red Mask","Hallownest:WatcherSealRelic","Ancient Tea Set","Divine Protection","Replay:Rubber Ducky","JellyFishMachine","Civilization","Toy Ornithopter","Toolbox","Replay:WaspNest"],"acts_visited":["Hallownest:Greenpath","Hallownest:CityofTears","TheBeyond","TheEnding"],"potions_floor_usage":[19,56,56,56],"damage_taken":[{"damage":0,"enemies":"Hallownest:monsterHuskWarrior","floor":2,"turns":1},{"damage":0,"enemies":"Hallownest:monsterHuskGuard","floor":3,"turns":1},{"damage":0,"enemies":"downfall:FleeingMerchant","floor":5,"turns":1},{"damage":1,"enemies":"Hallownest:2_Tiktiks_and_1_Crawlid","floor":6,"turns":3},{"damage":0,"enemies":"Hallownest:monsterAspidMother","floor":8,"turns":3},{"damage":7,"enemies":"Hallownest:eliteCrystalGuardian","floor":9,"turns":4},{"damage":0,"enemies":"Hallownest:eliteMossKnight","floor":14,"turns":4},{"damage":5,"enemies":"Hallownest:2_Tiktiks_1_Baldur_1_Crawlid","floor":15,"turns":3},{"damage":16,"enemies":"IC_STATUS_ARCHETYPE","floor":16,"turns":5},{"damage":1,"enemies":"Hallownest:Guard_and_Sentry","floor":19,"turns":2},{"damage":7,"enemies":"Hallownest:3_Youths","floor":20,"turns":4},{"damage":0,"enemies":"Hallownest:2_Flukemon","floor":23,"turns":5},{"damage":0,"enemies":"Hallownest:2_Husk_Sentries","floor":27,"turns":3},{"damage":0,"enemies":"Hallownest:eliteSoulWarrior","floor":29,"turns":4},{"damage":0,"enemies":"Hallownest:Nosk","floor":31,"turns":4},{"damage":0,"enemies":"Hallownest:Master_and_Novice","floor":32,"turns":2},{"damage":0,"enemies":"WA_ARCHETYPE_CALM","floor":33,"turns":4},{"damage":0,"enemies":"3 Darklings","floor":36,"turns":3},{"damage":0,"enemies":"3 Shapes","floor":37,"turns":3},{"damage":0,"enemies":"Writhing Mass","floor":39,"turns":3},{"damage":0,"enemies":"4 Shapes","floor":43,"turns":4},{"damage":0,"enemies":"Jaw Worm Horde","floor":44,"turns":3},{"damage":0,"enemies":"Transient","floor":48,"turns":5},{"damage":0,"enemies":"Sphere and 2 Shapes","floor":49,"turns":2},{"damage":15,"enemies":"DF_ARCHETYPE_ORBS","floor":50,"turns":4},{"damage":0,"enemies":"downfall:CharBossMerchant","floor":52,"turns":5},{"damage":0,"enemies":"downfall:NeowBoss","floor":55,"turns":8},{"damage":0,"enemies":"downfall:NeowBossFinal","floor":56,"turns":8}],"seed_played":"-1712853012700144453","potions_obtained":[{"floor":6,"key":"Elixir"},{"floor":8,"key":"BlessingOfTheForge"},{"floor":16,"key":"Adrenaline Potion"},{"floor":19,"key":"Ancient Potion"}],"is_trial":false,"path_per_floor":["R","M","M","?","$","M","T","M","E","?","$","R","T","E","M","B",null,"R","M","M","?","?","M","T","$","R","M","?","E","R","E","M","B",null,"R","M","M","$","M","R","T","R","M","M","?","?","$","M","M","B",null,"E","$","R","B","B",null],"character_chosen":"GUARDIAN","items_purchased":["Replay:Bandana","Guide Book","Guardian:EvasiveProtocol","Civilization","Toolbox","Guardian:StasisField"],"campfire_rested":0,"item_purchase_floors":[5,5,5,38,47,53],"current_hp_per_floor":[80,80,80,80,80,79,79,79,72,72,72,72,72,72,67,51,80,90,89,82,82,82,82,82,82,82,82,88,88,88,88,88,88,96,96,96,96,96,97,97,97,97,102,107,107,107,107,112,117,107,122,127,127,127,132,137],"gold":45,"neow_bonus":"THREE_ENEMY_KILL","is_daily":false,"chose_seed":false,"campfire_upgraded":7,"win_rate":0.0,"timestamp":1612536739,"path_taken":["R","M","M","?","$","M","T","?","E","?","?","R","?","E","M","BOSS","R","M","M","?","?","M","T","$","R","M","?","E","R","E","M","BOSS","R","M","M","$","M","R","T","R","M","?","?","?","$","M","M","BOSS","E","$","R","BOSS","BOSS"],"items_purchased_type":["Relic","Relic","Card","Relic","Relic","Card"],"build_version":"2020-12-22","purchased_purges":3,"victory":true,"max_hp_per_floor":[80,80,80,80,80,80,80,80,80,80,80,80,80,80,80,80,80,90,90,90,90,90,90,90,90,90,90,96,96,96,96,96,96,96,96,96,96,96,97,97,97,97,102,107,107,107,107,112,117,122,122,127,127,127,132,137],"card_choices":[{"not_picked":["Guardian:VentSteam","Guardian:Incinerate"],"picked":"Guardian:BodySlam","floor":2},{"not_picked":["Guardian:TimeCapacitor","Guardian:EvasiveProtocol"],"picked":"Guardian:Gem_Lightblue","floor":3},{"not_picked":["Guardian:ShieldCharger","Guardian:RollAttack"],"picked":"Guardian:Gem_Crimson","floor":5},{"not_picked":["Guardian:Harden","Guardian:BronzeOrb"],"picked":"Guardian:Gem_Blue","floor":6},{"not_picked":["Guardian:Reroute","Guardian:TemporalShield"],"picked":"Guardian:PrimingBeam","floor":8},{"not_picked":["Guardian:Gem_Lightblue","Guardian:ChargeCore"],"picked":"Guardian:Recover","floor":9},{"not_picked":["Guardian:Incinerate","Guardian:RefractedBeam"],"picked":"Guardian:Recover","floor":14},{"not_picked":["Guardian:TemporalShield","Guardian:PrimingBeam"],"picked":"Guardian:Gem_Lightblue","floor":15},{"not_picked":["Guardian:StasisField","Guardian:Gem_Synthetic"],"picked":"Guardian:StasisStrike","floor":16},{"not_picked":[],"picked":"Guardian:TemporalShield+1","floor":19},{"not_picked":[],"picked":"Guardian:Planning+1","floor":20},{"not_picked":[],"picked":"Guardian:TemporalStrike","floor":23},{"not_picked":[],"picked":"Guardian:Clone","floor":27},{"not_picked":[],"picked":"Guardian:Incinerate+1","floor":29},{"not_picked":[],"picked":"Guardian:RevengeProtocol","floor":31},{"not_picked":[],"picked":"Guardian:Gem_Green","floor":32},{"not_picked":[],"picked":"Guardian:FastForward","floor":33},{"not_picked":[],"picked":"Guardian:TemporalStrike+1","floor":36},{"not_picked":["Guardian:VentSteam"],"picked":"SKIP","floor":37},{"not_picked":["Guardian:BronzeOrb+1"],"picked":"SKIP","floor":39},{"not_picked":["Guardian:Gem_Lightblue"],"picked":"SKIP","floor":43},{"not_picked":["Guardian:PrimingBeam+1"],"picked":"SKIP","floor":44},{"not_picked":["Guardian:RefractedBeam+1"],"picked":"SKIP","floor":48},{"not_picked":[],"picked":"Guardian:Repulse","floor":49},{"not_picked":["Guardian:GuardianWhirl"],"picked":"SKIP","floor":52}],"player_experience":97603,"relics_obtained":[{"floor":7,"key":"Pet Ghost"},{"floor":9,"key":"Replay:Bottled Eggs"},{"floor":14,"key":"Sundial"},{"floor":18,"key":"HornCleat"},{"floor":24,"key":"Ancient Tea Set"},{"floor":29,"key":"Divine Protection"},{"floor":31,"key":"Replay:Rubber Ducky"},{"floor":41,"key":"Toy Ornithopter"},{"floor":52,"key":"Replay:WaspNest"}],"event_choices":[],"is_beta":false,"boss_relics":[{"not_picked":["NightmareShop","Replay:Ancient Bell"],"picked":"Busted Crown"},{"not_picked":["MoonlightInvasionPlan","ExusiaiGun"],"picked":"JellyFishMachine"}],"items_purged_floors":[5,25,38],"is_endless":false,"potions_floor_spawned":[6,8,16,19,20,23,36,48,49,52],"ascension_level":0}}