{"host":"t4313i2190y6fz3q","time":1612568795,"event":{"mods":["2.2 Compatiblity","AchievementEnabler","Act Like it!","BaseMod","Colored Powertips","Downfall","Highlight Path","Minty Spire (QoL Compilation)","Permanent Neow","Quick Restart","Rare Cards Sparkle","StSLib"],"gold_per_floor":[110,110,126,146,146,175,195,195,243,223,223,223,223],"floor_reached":12,"language":"ENG","playtime":343,"items_purged":[],"score":133,"play_id":"d065d203-997e-4e56-b121-b8a25d9e41da","local_time":"20210205154635","is_ascension_mode":true,"campfire_choices":[{"data":"Whirlwind","floor":8,"key":"SMITH"},{"data":"Flex","floor":11,"key":"SMITH"}],"circlet_count":0,"master_deck":["AscendersBane","Strike_R","Strike_R","Strike_R","Strike_R","Strike_R","Defend_R","Defend_R","Defend_R","Defend_R","Bash","Flame Barrier","Whirlwind+1","Ghostly Armor","Flex+1"],"relics":["Burning Blood","MealTicket","StrikeDummy","Dream Catcher"],"acts_visited":["Exordium"],"potions_floor_usage":[6,7,12],"damage_taken":[{"damage":11,"enemies":"Jaw Worm","floor":1,"turns":4},{"damage":1,"enemies":"Cultist","floor":3,"turns":3},{"damage":8,"enemies":"Small Slimes","floor":4,"turns":4},{"damage":47,"enemies":"3 Sentries","floor":6,"turns":8},{"damage":6,"enemies":"3 Louse","floor":7,"turns":4},{"damage":25,"enemies":"Lagavulin","floor":12,"turns":7}],"seed_played":"4272679341484449146","potions_obtained":[{"floor":1,"key":"LiquidBronze"},{"floor":2,"key":"Block Potion"},{"floor":3,"key":"Explosive Potion"},{"floor":7,"key":"Swift Potion"},{"floor":10,"key":"Swift Potion"}],"is_trial":false,"path_per_floor":["M","?","M","M","$","E","M","R","T","?","R","E"],"character_chosen":"IRONCLAD","items_purchased":[],"campfire_rested":0,"item_purchase_floors":[],"current_hp_per_floor":[63,63,68,66,75,34,34,34,34,34,34,9,9],"gold":223,"neow_bonus":"RANDOM_COMMON_RELIC","is_daily":false,"chose_seed":false,"campfire_upgraded":2,"win_rate":0.0,"timestamp":1612568795,"path_taken":["M","?","M","M","?","E","M","R","T","?","R","E"],"items_purchased_type":[],"build_version":"2020-12-22","purchased_purges":0,"victory":false,"max_hp_per_floor":[75,75,75,75,75,75,75,75,75,75,75,75,75],"card_choices":[{"not_picked":["Searing Blow","Warcry"],"picked":"Flame Barrier","floor":1},{"not_picked":["Headbutt","Armaments"],"picked":"Whirlwind","floor":3},{"not_picked":["Whirlwind","Perfected Strike","Clash"],"picked":"SKIP","floor":4},{"not_picked":["Headbutt","Second Wind"],"picked":"Ghostly Armor","floor":6},{"not_picked":["Shrug It Off","Sentinel"],"picked":"Flex","floor":7}],"player_experience":233211,"relics_obtained":[{"floor":6,"key":"StrikeDummy"},{"floor":9,"key":"Dream Catcher"}],"event_choices":[{"damage_healed":0,"gold_gain":0,"player_choice":"Got Potions","damage_taken":0,"max_hp_gain":0,"max_hp_loss":0,"event_name":"Lab","floor":2,"gold_loss":0},{"damage_healed":0,"gold_gain":0,"player_choice":"Bought 1 Potion","damage_taken":0,"max_hp_gain":0,"max_hp_loss":0,"event_name":"The Woman in Blue","floor":10,"gold_loss":0}],"is_beta":false,"boss_relics":[],"items_purged_floors":[],"is_endless":false,"potions_floor_spawned":[1,3,7],"killed_by":"Lagavulin","ascension_level":14}}