{"host":"thn8o1tmql8xszd5","time":1612504211,"event":{"mods":["2.2 Compatiblity","AchievementEnabler","BaseMod","Bestiary","Block Reminder","Colored Map","Curses Come First","DeckTracker","Downfall","Highlight Path","Minty Spire (QoL Compilation)","Permanent Neow","Random Character Button","Relic Sorter","Relic Stats","StSLib"],"gold_per_floor":[0,16,16,16,16,16,40,53,84,84,94,120,30,43,54,154,154,154,168,181,281,298,318,318,334,348,348,348,348],"floor_reached":27,"language":"ENG","playtime":2171,"items_purged":["downfall:Aged"],"score":252,"play_id":"0ac9da38-a89f-4640-ab41-3d544e1a270e","local_time":"20210205005011","is_ascension_mode":false,"campfire_choices":[{"data":"champ:CrookedStrike","floor":1,"key":"SMITH"},{"data":"champ:Taunt","floor":6,"key":"SMITH"},{"data":"champ:ShieldSigil","floor":10,"key":"SMITH"},{"floor":18,"key":"RECALL"}],"circlet_count":0,"master_deck":["champ:Defend","champ:Defend","champ:Execute","champ:Taunt+1","champ:CrookedStrike+1","champ:BerserkersShout","champ:FanOfKnives","champ:FanOfKnives","champ:DancingMaster","champ:Haymaker","champ:ShieldSigil+1","champ:RisingSlash","champ:RageSigil","champ:Endure","champ:VampiricStrike","champ:IronFortress+1","champ:IronFortress","champ:AdrenalArmor"],"relics":["champ:ChampionCrown","champ:DefensiveTrainingManual","Toy Ornithopter","Orichalcum","Fusion Hammer","downfall:GremlinWheel","Pear"],"acts_visited":["Exordium","TheCity"],"potions_floor_usage":[11,13,15,16,20,21,22,26],"damage_taken":[{"damage":20,"enemies":"2 Louse","floor":2,"turns":2},{"damage":27,"enemies":"Small Slimes","floor":8,"turns":4},{"damage":38,"enemies":"Gremlin Nob","floor":9,"turns":4},{"damage":31,"enemies":"Cultist","floor":11,"turns":3},{"damage":81,"enemies":"Lagavulin","floor":12,"turns":5},{"damage":39,"enemies":"downfall:FleeingMerchant","floor":13,"turns":4},{"damage":38,"enemies":"Large Slime","floor":14,"turns":2},{"damage":21,"enemies":"Gremlin Gang","floor":15,"turns":2},{"damage":70,"enemies":"WA_ARCHETYPE_RETAIN","floor":16,"turns":5},{"damage":29,"enemies":"Spheric Guardian","floor":19,"turns":3},{"damage":71,"enemies":"3 Byrds","floor":20,"turns":5},{"damage":26,"enemies":"3 Byrds","floor":21,"turns":3},{"damage":75,"enemies":"Shelled Parasite and Fungi","floor":22,"turns":4},{"damage":63,"enemies":"Cultist and Chosen","floor":23,"turns":5},{"damage":65,"enemies":"3 Cultists","floor":25,"turns":5},{"damage":49,"enemies":"Snake Plant","floor":26,"turns":3},{"damage":68,"enemies":"Gremlin Leader","floor":27,"turns":4}],"seed_played":"4836719325868644209","potions_obtained":[{"floor":8,"key":"Fire Potion"},{"floor":9,"key":"SpeedPotion"},{"floor":12,"key":"bronze:BurnAndBuffPotion"},{"floor":14,"key":"PowerPotion"},{"floor":16,"key":"champ:UltimateStancePotion"},{"floor":19,"key":"LiquidMemories"},{"floor":20,"key":"champ:CounterPotion"},{"floor":21,"key":"Block Potion"},{"floor":25,"key":"SteroidPotion"}],"is_trial":false,"path_per_floor":["R","M","?","?","?","R","T","M","E","R","M","E","$","M","M","B",null,"R","M","M","?","M","M","T","M","M","E"],"character_chosen":"THE_CHAMP","items_purchased":[],"campfire_rested":0,"item_purchase_floors":[],"current_hp_per_floor":[90,85,90,90,90,90,90,78,60,60,64,38,39,34,33,25,95,95,91,90,89,74,66,76,61,47,0,0,0],"gold":348,"neow_bonus":"TRANSFORM_TWO_CARDS","is_daily":false,"chose_seed":false,"campfire_upgraded":3,"win_rate":0.0,"timestamp":1612504211,"path_taken":["R","M","?","?","?","R","T","?","E","R","M","E","$","M","M","BOSS","R","M","M","?","M","M","T","?","M","E"],"items_purchased_type":[],"build_version":"2020-12-22","purchased_purges":1,"victory":false,"max_hp_per_floor":[90,90,95,95,95,95,95,95,95,95,95,95,95,95,95,95,95,95,95,95,95,95,95,105,105,105,105,105,105],"relic_stats":{"counters":[17,63],"Orichalcum":[90],"obtain_stats":[{"downfall:GremlinWheel":21,"Pear":24,"champ:DefensiveTrainingManual":7,"champ:ChampionCrown":0,"Fusion Hammer":17,"Orichalcum":12,"Toy Ornithopter":9},{"downfall:GremlinWheel":12,"Pear":14,"champ:DefensiveTrainingManual":1,"champ:ChampionCrown":0,"Fusion Hammer":9,"Orichalcum":5,"Toy Ornithopter":3},{"downfall:GremlinWheel":42,"Pear":51,"champ:DefensiveTrainingManual":2,"champ:ChampionCrown":0,"Fusion Hammer":31,"Orichalcum":18,"Toy Ornithopter":10}],"Toy Ornithopter":40},"card_choices":[{"not_picked":["champ:CrownThrow","champ:DefensiveStyle"],"picked":"champ:FanOfKnives","floor":2},{"not_picked":["champ:FlashCut","champ:CrownThrow","champ:Circumvent"],"picked":"SKIP","floor":8},{"not_picked":["champ:CrownThrow","champ:DeathBlow"],"picked":"champ:ShieldSigil","floor":9},{"not_picked":["champ:BladeFlurry","champ:FaceSlap"],"picked":"champ:RisingSlash","floor":11},{"not_picked":["champ:RisingSlash","champ:ShieldSigil"],"picked":"champ:RageSigil","floor":12},{"not_picked":["champ:BladeFlurry","champ:PerfectedStrike","champ:GladiatorStyle"],"picked":"SKIP","floor":13},{"not_picked":["champ:TornadoPunch","champ:BringItOn","champ:FanOfKnives"],"picked":"SKIP","floor":14},{"not_picked":["champ:PerfectedStrike","champ:BerserkersShout"],"picked":"champ:Endure","floor":15},{"not_picked":["champ:Improvising","champ:DancingMaster"],"picked":"champ:VampiricStrike","floor":16},{"not_picked":["champ:ShieldSlam","champ:DeathBlow"],"picked":"champ:IronFortress+1","floor":19},{"not_picked":["champ:BerserkersShout","champ:EnGarde","champ:PerfectedStrike"],"picked":"SKIP","floor":20},{"not_picked":["champ:PreemptiveStrike","champ:PreciseThrust","champ:BerserkersShout"],"picked":"SKIP","floor":22},{"not_picked":["champ:Circumvent+1","champ:GutPunch"],"picked":"champ:IronFortress","floor":23},{"not_picked":["champ:EnGarde","champ:CrookedStrike+1","champ:Endure"],"picked":"SKIP","floor":25},{"not_picked":["champ:FalseCounter","champ:SkillfulDodge"],"picked":"champ:AdrenalArmor","floor":26}],"player_experience":845236,"relics_obtained":[{"floor":7,"key":"champ:DefensiveTrainingManual"},{"floor":9,"key":"Toy Ornithopter"},{"floor":12,"key":"Orichalcum"},{"floor":21,"key":"downfall:GremlinWheel"},{"floor":24,"key":"Pear"}],"event_choices":[{"damage_healed":0,"gold_gain":0,"player_choice":"Donut","damage_taken":0,"max_hp_gain":5,"max_hp_loss":0,"event_name":"Big Fish","floor":3,"gold_loss":0},{"cards_removed":["champ:Strike"],"damage_healed":0,"gold_gain":0,"player_choice":"Card Removal","damage_taken":0,"max_hp_gain":0,"max_hp_loss":0,"event_name":"The Cleric","floor":4,"gold_loss":0}],"is_beta":false,"boss_relics":[{"not_picked":["Runic Pyramid","Snecko Eye"],"picked":"Fusion Hammer"}],"items_purged_floors":[13],"is_endless":false,"potions_floor_spawned":[8,9,12,14,16,19,20,21,25],"killed_by":"Gremlin Leader","ascension_level":0}}