{"host":"lehbxtjrpalkmwwj","time":1612526279,"event":{"mods":["Aspiration","BaseMod","Colored Map","Colored Powertips","Conspire","GungeonMod","KomeijiMod","Lobotomy","Minty Spire (QoL Compilation)","Quick Restart","Replay The Spire","Shop Mod","StSLib","The Cursed","The Poker Player","[IsaacMod]ÒÔÈö¼âËþ"],"gold_per_floor":[123,130,216,241,266,327,327,341,341],"floor_reached":8,"language":"ZHS","playtime":236,"items_purged":[],"score":59,"play_id":"c0f781dc-28fd-465e-a34e-fa6a89deaf02","local_time":"20210205195759","is_ascension_mode":true,"campfire_choices":[],"circlet_count":0,"master_deck":["Strike_R","Strike_R","Strike_R","Strike_R","Strike_R","Defend_R","Defend_R+1","Defend_R","Defend_R+1","Bash","Flex","Clash","Spot Weakness","Spot Weakness"],"relics":["Burning Blood","HushsDoor","aspiration:Nostalgia","MusicBox","SalivaCoin","Golden Idol","Magic Flower","Simple Rune","PillsDrop"],"acts_visited":["Exordium"],"potions_floor_usage":[],"damage_taken":[{"damage":9.0,"enemies":"Jaw Worm","floor":1.0,"turns":3.0},{"damage":55.0,"enemies":"conspire:MimicChest","floor":3.0,"turns":9.0},{"damage":0.0,"enemies":"Small Slimes","floor":5.0,"turns":4.0},{"damage":15.0,"enemies":"3 Sentries","floor":6.0,"turns":9.0},{"damage":14,"enemies":"Lagavulin","floor":8,"turns":3}],"seed_played":"1528592820711391460","potions_obtained":[{"floor":5.0,"key":"Block Potion"}],"is_trial":false,"path_per_floor":["M","?","?","T","M","E","?","E"],"character_chosen":"IRONCLAD","items_purchased":[],"campfire_rested":0,"item_purchase_floors":[],"current_hp_per_floor":[77,57,8,8,17,11,11,0,0],"gold":341,"neow_bonus":"NOSTALGIA","is_daily":false,"chose_seed":false,"campfire_upgraded":0,"win_rate":0.0,"timestamp":1612526279,"path_taken":["M","?","?","?","M","E","?","E"],"items_purchased_type":[],"build_version":"2020-12-22","purchased_purges":0,"victory":false,"max_hp_per_floor":[80,80,80,80,80,80,80,80,80],"card_choices":[{"not_picked":["Shrug It Off","Dark Embrace"],"picked":"Flex","floor":1.0},{"not_picked":["Pommel Strike","Thunderclap"],"picked":"Clash","floor":3.0},{"not_picked":["Fiend Fire","Wild Strike"],"picked":"Spot Weakness","floor":5.0},{"not_picked":["Body Slam","Pommel Strike"],"picked":"Spot Weakness","floor":6.0}],"player_experience":126637,"relics_obtained":[{"floor":3.0,"key":"Magic Flower"},{"floor":4.0,"key":"Simple Rune"},{"floor":6.0,"key":"PillsDrop"}],"event_choices":[{"damage_healed":0.0,"max_hp_gain":0.0,"max_hp_loss":0.0,"gold_gain":0.0,"event_name":"Golden Idol","player_choice":"Take Damage","floor":2.0,"gold_loss":0.0,"damage_taken":20.0,"relics_obtained":["Golden Idol"]}],"is_beta":false,"boss_relics":[],"items_purged_floors":[],"is_endless":false,"potions_floor_spawned":[5],"killed_by":"Lagavulin","ascension_level":2}}