{"host":"6ve8qn5s1am4lo6s","time":1612486863,"event":{"mods":["AchievementEnabler","Act Like it!","BaseMod","Better Altar","Better Match","Better Note","Better Vampires","BetterRewards","CapriCore","Displayed Cursed Tome","Evolution","Minty Spire (QoL Compilation)","Permanent Neow","Relic Stats","StSLib","The Dragonkin"],"gold_per_floor":[116,128,57,77,95,95,105,105,187,201,201,228,228,259,259,359,359,369,269,269,281,298,298,312,312,393,393,393,411,261,261,261,366,366,376,376,395,238,288,288,305,305,330,330,98,147,147,158,158,158,158,158,5,33,33],"floor_reached":56,"language":"ENG","playtime":5040,"items_purged":["theDragonkin:Defend","theDragonkin:Defend"],"score":1470,"play_id":"3ef6bd6a-8d13-440c-a4ab-487b1c301863","local_time":"20210204200103","is_ascension_mode":false,"campfire_choices":[{"data":"theDragonkin:StormFront","floor":6.0,"key":"SMITH"},{"data":"theDragonkin:DeepBreath","floor":8.0,"key":"SMITH"},{"floor":15.0,"key":"RECALL"},{"data":"theDragonkin:Detox","floor":23.0,"key":"SMITH"},{"floor":25.0,"key":"DIG"},{"floor":27.0,"key":"DIG"},{"floor":32.0,"key":"DIG"},{"data":"theDragonkin:MirrorBreath","floor":40,"key":"SMITH"},{"floor":42,"key":"DIG"},{"floor":44,"key":"DIG"},{"floor":49,"key":"DIG"},{"floor":52,"key":"DIG"}],"circlet_count":0,"master_deck":["theDragonkin:FlameBreath","theDragonkin:FlameBreath","theDragonkin:FlameBreath","theDragonkin:FlameBreath","theDragonkin:Defend","theDragonkin:HolySmite","theDragonkin:BlazingBreath","theDragonkin:StormFront+1","theDragonkin:VoiceofOrder","theDragonkin:SandBreath","theDragonkin:DivineBreath","theDragonkin:SandBreath","theDragonkin:VoiceofOrder","theDragonkin:DeepBreath+1","theDragonkin:SandBreath","theDragonkin:TwinBreath","theDragonkin:DivineVision+1","theDragonkin:MiasmicBreath","theDragonkin:MirrorBreath+1","theDragonkin:DivinePrayer+1","Parasite","theDragonkin:MiasmicBreath"],"relics":["theDragonkin:GarnetScale","EVO:Axolotl","WingedGreaves","Thread and Needle","Blood Vial","Odd Mushroom","White Beast Statue","Shovel","Coffee Dripper","Ornamental Fan","Nunchaku","Blue Candle","Matryoshka","Chemical X","MutagenicStrength","Shuriken","theDragonkin:RotnestWings","Membership Card","Gambling Chip","Sundial","Art of War","Happy Flower","Centennial Puzzle","theDragonkin:BottledVoice","ClockworkSouvenir","Ice Cream","Turnip","Eternal Feather","TungstenRod","theDragonkin:TilerasShield"],"acts_visited":["Exordium","TheCity","TheBeyond","TheEnding"],"potions_floor_usage":[46,50,55,55],"damage_taken":[{"damage":0.0,"enemies":"2 Louse","floor":1.0,"turns":1.0},{"damage":0.0,"enemies":"Small Slimes","floor":2.0,"turns":3.0},{"damage":0.0,"enemies":"Jaw Worm","floor":4.0,"turns":2.0},{"damage":0.0,"enemies":"Lots of Slimes","floor":5.0,"turns":2.0},{"damage":18.0,"enemies":"Exordium Thugs","floor":7.0,"turns":4.0},{"damage":0.0,"enemies":"Blue Slaver","floor":10.0,"turns":3.0},{"damage":0.0,"enemies":"The Mushroom Lair","floor":12.0,"turns":3.0},{"damage":0.0,"enemies":"3 Sentries","floor":14.0,"turns":4.0},{"damage":4.0,"enemies":"The Guardian","floor":16.0,"turns":8.0},{"damage":11.0,"enemies":"2 Thieves","floor":18.0,"turns":3.0},{"damage":0.0,"enemies":"3 Byrds","floor":21.0,"turns":3.0},{"damage":0.0,"enemies":"Cultist and Chosen","floor":22.0,"turns":4.0},{"damage":0.0,"enemies":"Sentry and Sphere","floor":24.0,"turns":4.0},{"damage":0.0,"enemies":"Chosen and Byrds","floor":29.0,"turns":5.0},{"damage":0.0,"enemies":"Automaton","floor":33.0,"turns":7.0},{"damage":10,"enemies":"Orb Walker","floor":35,"turns":5},{"damage":17,"enemies":"3 Shapes","floor":37,"turns":5},{"damage":10,"enemies":"Mind Bloom Boss Battle","floor":39,"turns":5},{"damage":0,"enemies":"Spire Growth","floor":41,"turns":4},{"damage":26,"enemies":"2 Orb Walkers","floor":46,"turns":5},{"damage":6,"enemies":"Writhing Mass","floor":48,"turns":5},{"damage":22,"enemies":"TheAcolyte","floor":50,"turns":6},{"damage":4,"enemies":"Shield and Spear","floor":54,"turns":3},{"damage":77,"enemies":"The Heart","floor":55,"turns":9}],"seed_played":"-7369578976676989405","potions_obtained":[{"floor":2.0,"key":"theDragonkin:DragonkinCommonPotion"},{"floor":10.0,"key":"SkillPotion"},{"floor":14.0,"key":"FairyPotion"},{"floor":16.0,"key":"SneckoOil"},{"floor":18.0,"key":"BlessingOfTheForge"},{"floor":21.0,"key":"SpeedPotion"},{"floor":29.0,"key":"ColorlessPotion"},{"floor":46,"key":"Ancient Potion"},{"floor":54,"key":"Dexterity Potion"}],"is_trial":false,"path_per_floor":["M","M","$","M","M","R","M","R","T","M","?","?","T","E","R","B",null,"M","$","T","M","M","R","M","R","T","R","?","M","$","?","R","B",null,"M","?","M","$","?","R","M","R","T","R","$","?","?","M","R","B",null,"R","$","E","B",null],"character_chosen":"THE_DRAGONKIN","items_purchased":["theDragonkin:StormFront","theDragonkin:VoiceofOrder","Blood Vial","theDragonkin:SandBreath","theDragonkin:DivineBreath","theDragonkin:SandBreath","Chemical X","Membership Card","theDragonkin:BottledVoice","ClockworkSouvenir","theDragonkin:StormFront","TungstenRod"],"campfire_rested":0,"item_purchase_floors":[0,0,0,0,3,3,30,38,45,45,45,53],"current_hp_per_floor":[39,41,41,43,45,45,29,29,29,31,31,33,33,35,35,33,85,74,74,74,76,78,78,80,80,80,80,80,82,82,82,82,84,85,75,95,78,78,70,70,72,72,72,72,72,48,48,44,44,24,95,95,95,91,16],"gold":33,"neow_bonus":"","is_daily":false,"chose_seed":false,"campfire_upgraded":4,"win_rate":0.0,"timestamp":1612486863,"path_taken":["M","M","$","M","M","R","M","R","T","M","?","?","?","E","R","BOSS","M","$","?","M","?","R","M","R","T","R","?","M","$","?","R","BOSS","M","?","?","$","?","R","M","R","T","R","$","?","?","M","R","BOSS","R","$","E","BOSS"],"items_purchased_type":["Card","Card","Relic","Card","Card","Card","Relic","Relic","Relic","Relic","Card","Relic"],"build_version":"2020-12-22","purchased_purges":2,"victory":true,"max_hp_per_floor":[85,85,85,85,85,85,85,85,85,85,85,85,85,85,85,85,85,85,85,85,85,85,85,85,85,85,85,85,85,85,85,85,85,85,85,95,95,95,95,95,95,95,95,95,95,95,95,95,95,95,95,95,95,95,95],"relic_stats":{"Happy Flower":[9],"counters":[49,266],"Blue Candle":[9],"Eternal Feather":0,"Blood Vial":40,"Nunchaku":[35],"Centennial Puzzle":[15],"Shovel":7,"Ornamental Fan":[92],"Shuriken":[17],"Sundial":[6],"Gambling Chip":[10],"Turnip":[2],"Art of War":[7],"Chemical X":[2],"obtain_stats":[{"Ice Cream":46,"SacredBark":34,"EVO:Axolotl":0,"Whetstone":26,"Cursed Key":17,"ClockworkSouvenir":45,"Blood Vial":0,"theDragonkin:BottledVoice":45,"Nunchaku":7,"Centennial Puzzle":44,"HornCleat":31,"Shovel":14,"Matryoshka":27,"theDragonkin:TilerasShield":54,"Sundial":42,"Gambling Chip":39,"WingedGreaves":0,"Red Mask":45,"Chemical X":30,"Toxic Egg 2":21,"Happy Flower":43,"Blue Candle":26,"Thread and Needle":0,"Eternal Feather":52,"PreservedInsect":11,"Odd Mushroom":8,"White Beast Statue":4,"Mercury Hourglass":54,"Du-Vu Doll":38,"theDragonkin:EmberCore":41,"Anchor":43,"theDragonkin:GarnetScale":0,"Ornamental Fan":20,"Shuriken":32,"MutagenicStrength":29,"Turnip":49,"Coffee Dripper":17,"Art of War":43,"Membership Card":38,"theDragonkin:RotnestWings":34,"Unceasing Top":48,"TungstenRod":53},{"Ice Cream":45,"SacredBark":15,"EVO:Axolotl":0,"Whetstone":11,"Cursed Key":7,"ClockworkSouvenir":44,"Blood Vial":25,"theDragonkin:BottledVoice":44,"Nunchaku":3,"Centennial Puzzle":44,"HornCleat":14,"Shovel":33,"Matryoshka":38,"theDragonkin:TilerasShield":48,"Sundial":44,"Gambling Chip":43,"WingedGreaves":25,"Red Mask":20,"Chemical X":39,"Toxic Egg 2":9,"Happy Flower":44,"Blue Candle":38,"Thread and Needle":25,"Eternal Feather":47,"PreservedInsect":5,"Odd Mushroom":4,"White Beast Statue":2,"Mercury Hourglass":24,"Du-Vu Doll":18,"theDragonkin:EmberCore":19,"Anchor":19,"theDragonkin:GarnetScale":0,"Ornamental Fan":35,"Shuriken":39,"MutagenicStrength":13,"Turnip":46,"Coffee Dripper":34,"Art of War":44,"Membership Card":42,"theDragonkin:RotnestWings":40,"Unceasing Top":22,"TungstenRod":47},{"Ice Cream":243,"SacredBark":111,"EVO:Axolotl":0,"Whetstone":77,"Cursed Key":52,"ClockworkSouvenir":238,"Blood Vial":163,"theDragonkin:BottledVoice":238,"Nunchaku":19,"Centennial Puzzle":238,"HornCleat":94,"Shovel":185,"Matryoshka":207,"theDragonkin:TilerasShield":257,"Sundial":238,"Gambling Chip":234,"WingedGreaves":163,"Red Mask":132,"Chemical X":212,"Toxic Egg 2":64,"Happy Flower":238,"Blue Candle":207,"Thread and Needle":163,"Eternal Feather":254,"PreservedInsect":29,"Odd Mushroom":25,"White Beast Statue":8,"Mercury Hourglass":153,"Du-Vu Doll":123,"theDragonkin:EmberCore":126,"Anchor":126,"theDragonkin:GarnetScale":0,"Ornamental Fan":196,"Shuriken":212,"MutagenicStrength":88,"Turnip":248,"Coffee Dripper":193,"Art of War":238,"Membership Card":229,"theDragonkin:RotnestWings":219,"Unceasing Top":142,"TungstenRod":254}],"TungstenRod":37},"card_choices":[{"not_picked":["theDragonkin:ControlledBreath","theDragonkin:SlowBurn","theDragonkin:FlameWard"],"picked":"SKIP","floor":1.0},{"not_picked":["theDragonkin:HolyWordBarrier","theDragonkin:HolyShock","theDragonkin:HeatShield"],"picked":"SKIP","floor":2.0},{"not_picked":["theDragonkin:Cauterize","theDragonkin:AncestralSeance"],"picked":"theDragonkin:VoiceofOrder","floor":4.0},{"not_picked":["theDragonkin:PlagueSwipe","theDragonkin:Sizzle"],"picked":"theDragonkin:DeepBreath","floor":5.0},{"not_picked":["theDragonkin:HolyBarrier","theDragonkin:HolyWordBarrier"],"picked":"theDragonkin:SandBreath","floor":7.0},{"not_picked":["theDragonkin:CinderStorm","theDragonkin:ControlledBreath","theDragonkin:FlameBreath"],"picked":"SKIP","floor":10.0},{"not_picked":["theDragonkin:FlameWard","theDragonkin:GoldenFlames","theDragonkin:HolyFlask"],"picked":"SKIP","floor":14.0},{"not_picked":["theDragonkin:BurnAfterReading","theDragonkin:AshenArmor"],"picked":"theDragonkin:Detox","floor":16.0},{"not_picked":["theDragonkin:Ravage","theDragonkin:BurningRage+1","theDragonkin:Sizzle+1"],"picked":"SKIP","floor":18.0},{"not_picked":["theDragonkin:AcidBreath","theDragonkin:HolyWordBarrier","theDragonkin:PlagueSwipe"],"picked":"SKIP","floor":21.0},{"not_picked":["theDragonkin:DivineJolt","theDragonkin:HammerOfWrath"],"picked":"theDragonkin:TwinBreath","floor":22.0},{"not_picked":["theDragonkin:ChainsOfTruth+1","theDragonkin:FlameWard+1"],"picked":"theDragonkin:DivineVision+1","floor":24.0},{"not_picked":["theDragonkin:AcidArmor+1","theDragonkin:ControlledBreath"],"picked":"theDragonkin:MiasmicBreath","floor":29.0},{"not_picked":["theDragonkin:ShieldBash","theDragonkin:Subdue"],"picked":"theDragonkin:MirrorBreath","floor":33.0},{"not_picked":["theDragonkin:HolyWordBarrier+1","theDragonkin:EnduringAgony"],"picked":"theDragonkin:DivinePrayer+1","floor":35},{"not_picked":["theDragonkin:MoltenBreath+1","theDragonkin:DivineFire+1","theDragonkin:AcidBreath+1"],"picked":"SKIP","floor":37},{"not_picked":["theDragonkin:HallowedGround","theDragonkin:BurningRage+1","theDragonkin:ChainsOfTruth"],"picked":"SKIP","floor":41},{"not_picked":["theDragonkin:FlameBreath","theDragonkin:FlameWard+1"],"picked":"theDragonkin:MiasmicBreath","floor":48},{"not_picked":["theDragonkin:Detox","theDragonkin:HolyShock","theDragonkin:HolyFlask"],"picked":"SKIP","floor":54}],"player_experience":253634,"relics_obtained":[{"floor":12.0,"key":"Odd Mushroom"},{"floor":13.0,"key":"White Beast Statue"},{"floor":14.0,"key":"Shovel"},{"floor":20.0,"key":"Ornamental Fan"},{"floor":25.0,"key":"Nunchaku"},{"floor":26.0,"key":"Blue Candle"},{"floor":27.0,"key":"Matryoshka"},{"floor":32.0,"key":"Shuriken"},{"floor":39,"key":"Gambling Chip"},{"floor":42,"key":"Sundial"},{"floor":43,"key":"Art of War"},{"floor":43,"key":"Happy Flower"},{"floor":44,"key":"Centennial Puzzle"},{"floor":46,"key":"Ice Cream"},{"floor":49,"key":"Turnip"},{"floor":52,"key":"Eternal Feather"},{"floor":54,"key":"theDragonkin:TilerasShield"}],"event_choices":[{"damage_healed":0.0,"max_hp_gain":0.0,"max_hp_loss":0.0,"gold_gain":0.0,"event_name":"Mushrooms","player_choice":"Fought Mushrooms","floor":12.0,"gold_loss":0.0,"damage_taken":0.0},{"cards_removed":["theDragonkin:Defend"],"damage_healed":0.0,"max_hp_gain":0.0,"max_hp_loss":0.0,"gold_gain":0.0,"event_name":"betterNote:BetterNote","player_choice":"Give","floor":28.0,"gold_loss":0.0,"damage_taken":0.0,"cards_obtained":["theDragonkin:Strike"]},{"damage_healed":0.0,"max_hp_gain":0.0,"max_hp_loss":0.0,"gold_gain":0.0,"event_name":"Drug Dealer","player_choice":"Inject Mutagens","floor":31.0,"gold_loss":0.0,"damage_taken":0.0,"relics_obtained":["MutagenicStrength"]},{"cards_removed":["theDragonkin:Detox"],"damage_healed":10,"gold_gain":0,"player_choice":"Offered Rare","damage_taken":0,"max_hp_gain":10,"max_hp_loss":0,"event_name":"Bonfire Elementals","floor":36,"gold_loss":0},{"damage_healed":0,"gold_gain":0,"player_choice":"Fight","damage_taken":0,"max_hp_gain":0,"max_hp_loss":0,"event_name":"MindBloom","floor":39,"gold_loss":0},{"damage_healed":0,"gold_gain":0,"player_choice":"Fight","damage_taken":0,"max_hp_gain":0,"max_hp_loss":0,"event_name":"Mysterious Sphere","floor":46,"gold_loss":0},{"cards_removed":["theDragonkin:StormFront"],"damage_healed":0,"gold_gain":0,"player_choice":"Removed Power","damage_taken":0,"max_hp_gain":0,"max_hp_loss":0,"event_name":"Falling","floor":47,"gold_loss":0}],"is_beta":false,"boss_relics":[{"not_picked":["Fusion Hammer","Runic Pyramid"],"picked":"Coffee Dripper"},{"not_picked":["Velvet Choker","Snecko Eye"],"picked":"theDragonkin:RotnestWings"}],"items_purged_floors":[0,19],"is_endless":false,"potions_floor_spawned":[2,10,14,16,18,21,22,24,29,33,35,37,39,41,46,48,54],"ascension_level":0}}