{"host":"uzp1tn8qxn9571p9","time":1612558272,"event":{"mods":["BaseMod","Colored Map","Colored Powertips","Downfall","Hermit","Minty Spire (QoL Compilation)","StSLib","The Hierophant","The Runesmith"],"gold_per_floor":[99,116,126,141,5,5,5,37,37,22,22,22,32,52,66,167,167,167,167],"floor_reached":17,"language":"ZHS","playtime":1063,"items_purged":["Slimebound:Strike_Slimebound"],"score":182,"play_id":"b9680dc7-2d47-4eb0-8054-381ba57d180d","local_time":"20210206045112","is_ascension_mode":false,"campfire_choices":[{"data":"Slimebound:CorrosiveSpit","floor":1,"key":"SMITH"},{"data":"Slimebound:Grow","floor":12,"key":"SMITH"}],"circlet_count":0,"master_deck":["Slimebound:Strike_Slimebound","Slimebound:Strike_Slimebound","Slimebound:Tackle","Slimebound:Defend_Slimebound","Slimebound:Defend_Slimebound","Slimebound:Defend_Slimebound+1","Slimebound:Defend_Slimebound","Slimebound:Split+1","Slimebound:CorrosiveSpit+1","Slimebound:FinishingTackle","Slimebound:Grow+1","Slimebound:Repurpose","Slimebound:Nibble","Slimebound:RollThrough","Slimebound:Nibble","Slimebound:MassFeed","Slimebound:Chomp","Slimebound:Prepare","Slimebound:OozeBath"],"relics":["Slimebound:AbsorbEndCombat","White Beast Statue","Bottled Tornado","downfall:BrokenWingStatue","War Paint","Runesmith:UraniumAnvil"],"acts_visited":["Exordium","TheCity"],"potions_floor_usage":[],"damage_taken":[{"damage":2,"enemies":"Small Slimes","floor":2,"turns":4},{"damage":5,"enemies":"2 Louse","floor":3,"turns":2},{"damage":7,"enemies":"Jaw Worm","floor":4,"turns":3},{"damage":12,"enemies":"downfall:FleeingMerchant","floor":5,"turns":4},{"damage":35,"enemies":"Lagavulin","floor":8,"turns":5},{"damage":7,"enemies":"downfall:FleeingMerchant","floor":10,"turns":4},{"damage":1,"enemies":"3 Louse","floor":13,"turns":3},{"damage":3,"enemies":"2 Fungi Beasts","floor":14,"turns":2},{"damage":5,"enemies":"Exordium Wildlife","floor":15,"turns":3},{"damage":6,"enemies":"SI_SHIV_ARCHETYPE","floor":16,"turns":5}],"seed_played":"-5423563065818375831","potions_obtained":[{"floor":8,"key":"DistilledChaos"},{"floor":10,"key":"ColorlessPotion"},{"floor":13,"key":"Energy Potion"}],"is_trial":false,"path_per_floor":["R","M","M","M","$","?","T","E","?","$","?","R","M","M","M","B",null],"character_chosen":"SLIMEBOUND","items_purchased":["Slimebound:RollThrough"],"campfire_rested":0,"item_purchase_floors":[5],"current_hp_per_floor":[71,71,68,63,55,52,52,25,25,24,24,24,31,40,39,39,83,83,83],"gold":167,"neow_bonus":"TEN_PERCENT_HP_BONUS","is_daily":false,"chose_seed":false,"campfire_upgraded":2,"win_rate":0.0,"timestamp":1612558272,"path_taken":["R","M","M","M","$","?","T","E","?","?","?","R","M","M","M","BOSS"],"items_purchased_type":["Card"],"build_version":"2020-12-22","purchased_purges":1,"victory":false,"max_hp_per_floor":[71,71,71,71,71,71,71,71,71,71,71,71,77,83,83,83,83,83,83],"card_choices":[{"not_picked":["Slimebound:GoopTackle","Slimebound:SplitLeeching"],"picked":"Slimebound:FinishingTackle","floor":2},{"not_picked":["Slimebound:Prepare","Slimebound:Schlurp"],"picked":"Slimebound:Grow","floor":3},{"not_picked":["Slimebound:FlameTackle","Slimebound:SplitLeeching"],"picked":"Slimebound:Repurpose","floor":4},{"not_picked":["Slimebound:Dissolve","Slimebound:Schlurp"],"picked":"Slimebound:Nibble","floor":5},{"not_picked":["Slimebound:GoopSpray","Slimebound:LeechingTouch"],"picked":"Slimebound:Nibble","floor":8},{"not_picked":["Slimebound:SpikyOuterGoop","Slimebound:AcidTongue"],"picked":"Slimebound:MassFeed","floor":10},{"not_picked":["Slimebound:Gluttony","Slimebound:ItLooksTasty"],"picked":"Slimebound:Chomp","floor":13},{"not_picked":["Slimebound:Dissolve","Slimebound:SlimeBarrage"],"picked":"Slimebound:Prepare","floor":14},{"not_picked":["Slimebound:SplitBruiser","Slimebound:ItLooksTasty","Slimebound:SlimeBarrage"],"picked":"SKIP","floor":15},{"not_picked":["Slimebound:Overexert","Slimebound:FirmFortitude"],"picked":"Slimebound:OozeBath","floor":16}],"player_experience":387729,"relics_obtained":[{"floor":8,"key":"Bottled Tornado"}],"event_choices":[{"damage_healed":0,"gold_gain":0,"player_choice":"Success","damage_taken":3,"relics_obtained":["White Beast Statue"],"max_hp_gain":0,"max_hp_loss":0,"event_name":"Scrap Ooze","floor":6,"gold_loss":0}],"is_beta":false,"boss_relics":[{"not_picked":["Velvet Choker","Snecko Eye"],"picked":"Runesmith:UraniumAnvil"}],"items_purged_floors":[5],"is_endless":false,"potions_floor_spawned":[8,10,13,14,15,16],"ascension_level":0}}