{"host":"8is2j71l4wmybkoi","time":1612531215,"event":{"mods":["AchievementEnabler","BaseMod","Colored Map","Minty Spire (QoL Compilation)","Rare Cards Sparkle","StSLib","SuperFastMode"],"gold_per_floor":[110,110,120,134,134,134,149,149,173,188,222,65,65,92,92,92,92],"floor_reached":16,"language":"KOR","playtime":447,"items_purged":[],"score":193,"play_id":"ca8e76c4-68a0-4dcd-bbbc-89b9d744d1d4","local_time":"20210205222015","is_ascension_mode":true,"campfire_choices":[{"data":"Carnage","floor":6,"key":"SMITH"},{"data":"Bash","floor":8,"key":"SMITH"},{"data":"Immolate","floor":13,"key":"SMITH"},{"data":"Pommel Strike","floor":15,"key":"SMITH"}],"circlet_count":0,"master_deck":["AscendersBane","Strike_R","Defend_R","Defend_R","Defend_R+1","Defend_R","Bash+1","Pommel Strike+1","Carnage+1","Ghostly Armor+1","Immolate+1","Sentinel"],"relics":["Burning Blood","MealTicket","Art of War","War Paint"],"acts_visited":["Exordium"],"potions_floor_usage":[],"damage_taken":[{"damage":12,"enemies":"Jaw Worm","floor":1,"turns":3},{"damage":0,"enemies":"Small Slimes","floor":3,"turns":3},{"damage":0,"enemies":"Cultist","floor":4,"turns":2},{"damage":6,"enemies":"Blue Slaver","floor":7,"turns":3},{"damage":2,"enemies":"2 Fungi Beasts","floor":10,"turns":3},{"damage":32,"enemies":"Gremlin Nob","floor":11,"turns":4},{"damage":25,"enemies":"Lagavulin","floor":14,"turns":6},{"damage":38,"enemies":"Hexaghost","floor":16,"turns":9}],"seed_played":"8463330188962621765","potions_obtained":[{"floor":3,"key":"SteroidPotion"},{"floor":4,"key":"Explosive Potion"}],"is_trial":false,"path_per_floor":["M","?","M","M","?","R","M","R","T","M","E","$","R","E","R","B"],"character_chosen":"IRONCLAD","items_purchased":["Immolate"],"campfire_rested":0,"item_purchase_floors":[12],"current_hp_per_floor":[62,55,61,67,67,67,67,67,67,68,42,57,57,38,38,0,0],"gold":92,"neow_bonus":"REMOVE_TWO","is_daily":false,"chose_seed":false,"campfire_upgraded":4,"win_rate":0.0,"timestamp":1612531215,"path_taken":["M","?","M","M","?","R","M","R","T","M","E","$","R","E","R","BOSS"],"items_purchased_type":["Card"],"build_version":"2020-12-22","purchased_purges":0,"victory":false,"max_hp_per_floor":[68,68,68,68,68,68,68,68,68,68,68,68,68,68,68,68,68],"card_choices":[{"not_picked":["Intimidate","Ghostly Armor"],"picked":"Pommel Strike","floor":1},{"not_picked":["Armaments","Wild Strike"],"picked":"Carnage","floor":3},{"not_picked":["Pommel Strike","Clash","Carnage"],"picked":"SKIP","floor":4},{"not_picked":["Perfected Strike","Cleave"],"picked":"Ghostly Armor","floor":7},{"not_picked":["Rupture","Perfected Strike","Juggernaut"],"picked":"SKIP","floor":10},{"not_picked":["Anger","Metallicize","Pommel Strike"],"picked":"SKIP","floor":11},{"not_picked":["Searing Blow","Headbutt"],"picked":"Sentinel","floor":14}],"player_experience":992414,"relics_obtained":[{"floor":9,"key":"MealTicket"},{"floor":11,"key":"Art of War"},{"floor":14,"key":"War Paint"}],"event_choices":[{"cards_removed":["Strike_R"],"damage_healed":0,"gold_gain":0,"player_choice":"Card Removal","damage_taken":7,"max_hp_gain":0,"max_hp_loss":0,"event_name":"Golden Wing","floor":2,"gold_loss":0},{"cards_removed":["Strike_R"],"damage_healed":0,"gold_gain":0,"player_choice":"Offered Basic","damage_taken":0,"max_hp_gain":0,"max_hp_loss":0,"event_name":"Bonfire Elementals","floor":5,"gold_loss":0}],"is_beta":false,"boss_relics":[],"items_purged_floors":[],"is_endless":false,"potions_floor_spawned":[3,4,10],"killed_by":"Hexaghost","ascension_level":15}}