{"host":"yd2pjkbo7craqw2u","time":1612525758,"event":{"mods":["Aspiration","BaseMod","Colored Powertips","Conspire","Downfall","Highlight Path","Marisa£®ÏF”Í°°ƒß¿Ì…≥£©","Minty Spire (QoL Compilation)","Practice Mode","Quick Restart","Replay The Spire","Shop Mod","StSLib","SuperFastMode"],"gold_per_floor":[113,188,188,138,148,148,74,84,84,99,115,115,133,133,133,230,230,242,242,242,260,260,260,270,305,305,179,202,152,160,160],"floor_reached":30,"language":"ZHS","playtime":885,"items_purged":[],"score":308,"play_id":"0877e9c6-ff93-4743-a8b5-2d46c0c1e8a4","local_time":"20210205194918","is_ascension_mode":true,"campfire_choices":[{"data":"Zap","floor":6,"key":"SMITH"},{"data":"Dualcast","floor":15,"key":"SMITH"},{"data":"conspire:SharedLibrary","floor":23,"key":"SMITH"}],"circlet_count":0,"master_deck":["Strike_B","Strike_B","Strike_B","Strike_B","Defend_B","Defend_B","Defend_B","Defend_B","Zap+1","Dualcast+1","Gash","Turbo","Streamline+1","Beam Cell+1","Go for the Eyes+1","Steam","White Noise","Gash+1","Steam+1","Writhe","conspire:SharedLibrary+1","Go for the Eyes+1","Streamline+1","Turbo","Heatsinks","conspire:SpireCoStock"],"relics":["Cracked Core","aspiration:DSix","Molten Egg 2","Prayer Wheel","aspiration:RitualDagger","Prayer Wheel","Mercury Hourglass","BranchBurnRelic","Torii","Juzu Bracelet","Replay:WaspNest"],"acts_visited":["Exordium","TheCity"],"potions_floor_usage":[16,16,18,21,30],"damage_taken":[{"damage":4,"enemies":"Small Slimes","floor":1,"turns":3},{"damage":12,"enemies":"Jaw Worm","floor":5,"turns":3},{"damage":1,"enemies":"Cultist","floor":8,"turns":4},{"damage":9,"enemies":"Red Slaver","floor":10,"turns":2},{"damage":1,"enemies":"2 Fungi Beasts","floor":11,"turns":2},{"damage":16,"enemies":"Large Slime","floor":13,"turns":4},{"damage":0,"enemies":"Slime Boss","floor":16,"turns":4},{"damage":44,"enemies":"Spheric Guardian","floor":18,"turns":5},{"damage":32,"enemies":"3 Byrds","floor":21,"turns":5},{"damage":55,"enemies":"Shelled Parasite and Fungi","floor":24,"turns":6},{"damage":51,"enemies":"conspire:MimicChest","floor":25,"turns":6},{"damage":23,"enemies":"Book of Stabbing","floor":30,"turns":3}],"seed_played":"-3299854493608548498","potions_obtained":[{"floor":5,"key":"Swift Potion"},{"floor":10,"key":"BlessingOfTheForge"},{"floor":16,"key":"Fire Potion"},{"floor":18,"key":"Swift Potion"},{"floor":25,"key":"SkillPotion"}],"is_trial":false,"path_per_floor":["M","?","?","?","M","R","$","M","T","M","M","$","M","$","R","B",null,"M","?","?","M","T","R","M","?","T","$","T","?","E"],"character_chosen":"DEFECT","items_purchased":["ReplayTheSpireMod:Fabricate Wheel","Turbo","Heatsinks"],"campfire_rested":0,"item_purchase_floors":[7,27,27],"current_hp_per_floor":[71,60,60,60,48,48,48,47,47,38,37,37,21,21,21,21,75,31,31,31,75,75,75,42,8,8,8,8,8,0,0],"gold":160,"neow_bonus":"DSIX","is_daily":false,"chose_seed":false,"campfire_upgraded":3,"win_rate":0.0,"timestamp":1612525758,"path_taken":["M","?","?","?","M","R","?","M","T","?","M","$","M","?","R","BOSS","M","?","?","M","?","R","?","?","T","$","?","?","E"],"items_purchased_type":["Card","Card","Card"],"build_version":"2020-12-22","purchased_purges":0,"victory":false,"max_hp_per_floor":[75,75,75,75,75,75,75,75,75,75,75,75,75,75,75,75,75,75,75,75,75,75,75,75,75,75,75,75,75,75,75],"card_choices":[{"not_picked":["Beam Cell","Self Repair"],"picked":"Gash","floor":1},{"not_picked":["Undo","Rebound+1"],"picked":"Turbo","floor":5},{"not_picked":["Hologram","Recycle"],"picked":"Streamline+1","floor":8},{"not_picked":["Capacitor","Ball Lightning+1"],"picked":"Beam Cell+1","floor":8},{"not_picked":["Rebound+1","Hello World"],"picked":"Go for the Eyes+1","floor":10},{"not_picked":["Barrage+1","BasicCrystalCard","Cold Snap+1"],"picked":"SKIP","floor":10},{"not_picked":["Leap","Conserve Battery"],"picked":"Steam","floor":11},{"not_picked":["Conserve Battery","Cold Snap+1"],"picked":"White Noise","floor":11},{"not_picked":["Crystallizer","Hologram"],"picked":"Gash+1","floor":13},{"not_picked":["Consume","Lockon+1","ReplaySolidLightProjector"],"picked":"SKIP","floor":13},{"not_picked":["Mirror Shield","Echo Form"],"picked":"ReplayTheSpireMod:Fabricate Wheel","floor":16},{"not_picked":["Beam Cell+1","Undo+1"],"picked":"Steam+1","floor":18},{"not_picked":["Conserve Battery","ReplayTheSpireMod:System Scan","BasicCrystalCard"],"picked":"SKIP","floor":18},{"not_picked":["Stack","Rip and Tear+1","Compile Driver+1"],"picked":"SKIP","floor":18},{"not_picked":["Steam","Recycle"],"picked":"conspire:SharedLibrary","floor":21},{"not_picked":["ReplayTheSpireMod:Dual Polarity","Heatsinks"],"picked":"Go for the Eyes+1","floor":21},{"not_picked":["Loop","ReplayTheSpireMod:Dual Polarity"],"picked":"Streamline+1","floor":21},{"not_picked":["BasicCrystalCard+1","Hologram","ReplayTheSpireMod:Calculation Training+1"],"picked":"SKIP","floor":24},{"not_picked":["Beam Cell+1","Stack","Turbo+1"],"picked":"SKIP","floor":24},{"not_picked":["Barrage+1","Mirror Shield","Undo"],"picked":"SKIP","floor":24}],"player_experience":291617,"relics_obtained":[{"floor":22,"key":"Mercury Hourglass"},{"floor":25,"key":"Torii"},{"floor":26,"key":"Juzu Bracelet"},{"floor":28,"key":"Replay:WaspNest"}],"event_choices":[{"damage_healed":0,"gold_gain":75,"player_choice":"Gather Gold","damage_taken":11,"max_hp_gain":0,"max_hp_loss":0,"event_name":"World of Goop","floor":2,"gold_loss":0},{"cards_removed":["Injury"],"damage_healed":0,"gold_gain":0,"player_choice":"Card Removal","damage_taken":0,"max_hp_gain":0,"max_hp_loss":0,"event_name":"The Cleric","floor":4,"gold_loss":50},{"damage_healed":0,"gold_gain":0,"player_choice":"Opened","damage_taken":0,"relics_obtained":["Dead Branch"],"max_hp_gain":0,"max_hp_loss":0,"event_name":"The Mausoleum","floor":19,"gold_loss":0,"cards_obtained":["Writhe"]},{"damage_healed":0,"gold_gain":0,"player_choice":"Ignored","damage_taken":0,"max_hp_gain":0,"max_hp_loss":0,"event_name":"Vampires","floor":20,"gold_loss":0},{"damage_healed":0,"gold_gain":0,"player_choice":"Invest 1","damage_taken":0,"max_hp_gain":0,"max_hp_loss":0,"event_name":"conspire:Investor","floor":29,"gold_loss":0}],"is_beta":false,"boss_relics":[{"not_picked":["Replay:Drink Me","Empty Cage"],"picked":"aspiration:RitualDagger"}],"items_purged_floors":[],"is_endless":false,"potions_floor_spawned":[5,10,16,18,25],"killed_by":"Book of Stabbing","ascension_level":3}}