{"host":"64agj841g523yxf2","time":1612539627,"event":{"mods":["Aspiration","BaseMod","ChefMod","Downfall","Hermit","Koishi","Minty Spire (QoL Compilation)","Remilia??????","Replay The Spire","StSLib","SuperFastMode","The Administrix","The Animator","The Bug Knight","The Construct","The Cursed","The Disciple","The Hierophant","The Marked","The Mystic","The Necromancer","The Poker Player","The Senshi","The Servant 0.9.4","Yuyuko"],"gold_per_floor":[99,116,116,130,142,242,242,262,19,319,119,134,134,147,162,263,263,263,282,282,294,304,289,315,326,339,371,371,391,391,407,426,524,524,524,544,560,570,583,250,250,250,303,303,317,317,333,345,359,359,359,359],"floor_reached":50,"language":"ENG","playtime":2674,"items_purged":[],"score":541,"play_id":"7ef0083c-3e67-4af7-b653-ac7170c77d95","local_time":"20210205164027","is_ascension_mode":false,"campfire_choices":[{"floor":1,"key":"RECALL"},{"floor":11,"key":"REST"},{"data":"bronze:Flail","floor":13,"key":"SMITH"},{"data":"bronze:BurnOut","floor":18,"key":"SMITH"},{"data":"bronze:Repair","floor":28,"key":"SMITH"},{"data":"bronze:RecursiveStrike","floor":30,"key":"SMITH"},{"data":"bronze:Optimize","floor":35,"key":"SMITH"},{"data":"bronze:BronzeOrb","floor":42,"key":"SMITH"},{"data":"bronze:ChosenStrike","floor":44,"key":"SMITH"},{"floor":46,"key":"REST"}],"circlet_count":0,"master_deck":["bronze:Strike+1","bronze:Strike+1","bronze:Strike","bronze:Strike","bronze:Defend","bronze:Defend","bronze:Defend","bronze:Defend","bronze:Replicate+1","bronze:Goto","bronze:DelayedGuard","downfall:Malfunctioning","bronze:WhirlingStrike","bronze:BurnOut","bronze:BronzeOrb+1","bronze:ChosenStrike+1","bronze:Flail+1","bronze:Optimize+1","bronze:ChosenStrike","bronze:Shield","bronze:Repair+1","bronze:BurnOut+1","bronze:MaxOutput","bronze:DelayedSlice+1","bronze:ChildClass","bronze:BugBarrage","bronze:DelayedGuard+1","bronze:RecursiveStrike+1","bronze:ChildClass+1","bronze:FollowUp+1","bronze:FineTuning","bronze:ShipIt","bronze:Branch+1","bronze:Optimize","bronze:DigitalCarnage+1","bronze:Repair+1"],"relics":["bronze:BronzeCore","Old Coin","downfall:HeartBlessingRed","downfall:HeartBlessingBlue","Sozu","Happy Flower","Potion Belt","Busted Crown","Question Card","Replay:Mystery Machine"],"acts_visited":["Exordium","TheCity","TheBeyond"],"potions_floor_usage":[16,16,16,32],"damage_taken":[{"damage":10,"enemies":"Small Slimes","floor":2,"turns":4},{"damage":1,"enemies":"Jaw Worm","floor":4,"turns":4},{"damage":0,"enemies":"Cultist","floor":5,"turns":4},{"damage":27,"enemies":"Large Slime","floor":8,"turns":7},{"damage":0,"enemies":"downfall:FleeingMerchant","floor":9,"turns":4},{"damage":9,"enemies":"Exordium Thugs","floor":12,"turns":3},{"damage":2,"enemies":"Red Slaver","floor":14,"turns":3},{"damage":6,"enemies":"Lots of Slimes","floor":15,"turns":3},{"damage":47,"enemies":"IC_STATUS_ARCHETYPE","floor":16,"turns":9},{"damage":0,"enemies":"Spheric Guardian","floor":19,"turns":2},{"damage":12,"enemies":"3 Cultists","floor":21,"turns":5},{"damage":0,"enemies":"Centurion and Healer","floor":22,"turns":3},{"damage":1,"enemies":"downfall:FleeingMerchant","floor":23,"turns":4},{"damage":10,"enemies":"Snake Plant","floor":25,"turns":3},{"damage":12,"enemies":"Shelled Parasite and Fungi","floor":26,"turns":4},{"damage":21,"enemies":"HollowMod:Nosk","floor":27,"turns":6},{"damage":8,"enemies":"Centurion and Healer","floor":29,"turns":3},{"damage":0,"enemies":"Chosen and Byrds","floor":31,"turns":4},{"damage":6,"enemies":"Snake Plant","floor":32,"turns":4},{"damage":56,"enemies":"DF_ARCHETYPE_CLAW","floor":33,"turns":8},{"damage":4,"enemies":"3 Shapes","floor":36,"turns":4},{"damage":0,"enemies":"Orb Walker","floor":37,"turns":3},{"damage":27,"enemies":"Writhing Mass","floor":38,"turns":5},{"damage":8,"enemies":"Sphere and 2 Shapes","floor":39,"turns":6},{"damage":34,"enemies":"Transient","floor":45,"turns":5},{"damage":28,"enemies":"Spire Growth","floor":47,"turns":4},{"damage":34,"enemies":"Jaw Worm Horde","floor":48,"turns":4},{"damage":15,"enemies":"Spire Growth","floor":49,"turns":3},{"damage":66,"enemies":"WA_ARCHETYPE_DIVINITY","floor":50,"turns":7}],"seed_played":"1462518604215127506","potions_obtained":[{"floor":8,"key":"Regen Potion"},{"floor":12,"key":"SpeedPotion"},{"floor":16,"key":"Weak Potion"}],"is_trial":false,"path_per_floor":["R","M","?","M","M","?","T","M","$","T","R","M","R","M","M","B",null,"R","M","?","M","M","$","T","M","M","E","R","M","R","M","M","B",null,"R","M","M","M","M","?","T","R","T","R","M","R","M","M","M","B"],"character_chosen":"THE_AUTOMATON","items_purchased":["bronze:Flail","bronze:Optimize","bronze:ChosenStrike","Weak Potion"],"campfire_rested":2,"item_purchase_floors":[9,9,9,9],"current_hp_per_floor":[77,67,67,66,66,66,66,39,39,39,75,66,66,64,68,43,87,87,87,87,83,83,86,86,76,64,50,50,52,52,52,56,10,87,87,84,87,70,72,98,98,98,98,98,64,93,65,41,36,0,0,0],"gold":359,"neow_bonus":"TEN_PERCENT_HP_BONUS","is_daily":false,"chose_seed":false,"campfire_upgraded":7,"win_rate":0.0,"timestamp":1612539627,"path_taken":["R","M","?","M","M","?","T","M","$","?","R","?","R","M","M","BOSS","R","M","?","M","M","$","T","?","M","E","R","M","R","M","M","BOSS","R","M","M","M","M","?","T","R","?","R","M","R","M","M","M","BOSS"],"items_purchased_type":["Card","Card","Card","Potion"],"build_version":"2020-12-22","purchased_purges":0,"victory":false,"max_hp_per_floor":[77,77,77,77,77,77,77,77,77,77,87,87,87,87,87,87,87,87,87,87,87,87,87,87,87,87,87,87,87,87,87,87,87,87,87,87,87,87,87,98,98,98,98,98,98,98,98,98,98,98,98,98],"card_choices":[{"not_picked":["bronze:BitShift","bronze:BugBarrage"],"picked":"bronze:DelayedGuard","floor":2},{"not_picked":["bronze:Turbo","bronze:OilSpill"],"picked":"bronze:WhirlingStrike","floor":4},{"not_picked":["bronze:BuggyMess","bronze:MaxOutput"],"picked":"bronze:BurnOut","floor":5},{"not_picked":["bronze:WildBeam","bronze:DelayedGuard"],"picked":"bronze:BronzeOrb","floor":8},{"not_picked":["bronze:Overload","bronze:FineTuning"],"picked":"bronze:ChosenStrike","floor":9},{"not_picked":["bronze:CutThrough","bronze:Return"],"picked":"bronze:Shield","floor":12},{"not_picked":["bronze:CloningBeam","bronze:DelayedSlice"],"picked":"bronze:Repair","floor":14},{"not_picked":["bronze:OilSpill","bronze:SpaghettiCode","bronze:Turbo"],"picked":"SKIP","floor":15},{"not_picked":["bronze:HyperBeam","bronze:AlphaBuild"],"picked":"bronze:BurnOut","floor":16},{"not_picked":["bronze:BitShift+1","bronze:WhirlingStrike"],"picked":"bronze:MaxOutput","floor":19},{"not_picked":["bronze:Shield+1","bronze:Deprecate"],"picked":"bronze:DelayedSlice+1","floor":21},{"not_picked":["bronze:BitShift","bronze:BronzeOrb"],"picked":"bronze:ChildClass","floor":22},{"not_picked":["bronze:Safeguard","bronze:OilSpill+1"],"picked":"bronze:BugBarrage","floor":23},{"not_picked":["bronze:BugBarrage","bronze:Frontload"],"picked":"bronze:DelayedGuard+1","floor":25},{"not_picked":["bronze:BuggyMess","bronze:Overheat"],"picked":"bronze:RecursiveStrike","floor":26},{"not_picked":["bronze:ThunderWave","bronze:Invalidate+1"],"picked":"bronze:ChildClass+1","floor":27},{"not_picked":["bronze:Invalidate","bronze:ForLoop"],"picked":"bronze:FollowUp+1","floor":29},{"not_picked":["bronze:Return","bronze:WhirlingStrike+1","bronze:BugBarrage"],"picked":"SKIP","floor":31},{"not_picked":["bronze:Shell","bronze:Shield"],"picked":"bronze:FineTuning","floor":32},{"not_picked":["bronze:BurnOut","bronze:Virus"],"picked":"bronze:ShipIt","floor":33},{"not_picked":["bronze:FineTuning"],"picked":"SKIP","floor":36},{"not_picked":[],"picked":"bronze:Branch+1","floor":37},{"not_picked":["bronze:DelayedSlice"],"picked":"SKIP","floor":38},{"not_picked":["bronze:Invalidate+1"],"picked":"SKIP","floor":39},{"not_picked":["bronze:CutThrough"],"picked":"bronze:Optimize","floor":45},{"not_picked":["bronze:BronzeOrb","bronze:BugBarrage+1"],"picked":"SKIP","floor":47},{"not_picked":["bronze:Backtrace"],"picked":"bronze:DigitalCarnage+1","floor":48},{"not_picked":["bronze:MaxOutput"],"picked":"bronze:Repair+1","floor":49}],"player_experience":324073,"relics_obtained":[{"floor":10,"key":"Old Coin"},{"floor":24,"key":"Happy Flower"},{"floor":27,"key":"Potion Belt"},{"floor":41,"key":"Question Card"},{"floor":43,"key":"Replay:Mystery Machine"}],"event_choices":[],"is_beta":false,"boss_relics":[{"not_picked":["Replay:Grab Bag","Replay:Bronze Core"],"picked":"Sozu"},{"not_picked":["Painkiller Herb","aspiration:RitualDagger"],"picked":"Busted Crown"}],"items_purged_floors":[],"is_endless":false,"potions_floor_spawned":[8,12,15,16,19,22,29,31,37,38,47],"killed_by":"WA_ARCHETYPE_DIVINITY","ascension_level":0}}