{"host":"uzcks4yhskks9i02","time":1612545350,"event":{"mods":["BaseMod","Minty Spire (QoL Compilation)","Quick Restart"],"gold_per_floor":[114,130,147,103,117,117,145,217,217,217,244,244,43,57,57,131,131,144,144,160,173,193,225,225,225,225,254,254,283,283,295,295,295,295],"floor_reached":33,"language":"ENG","playtime":1844,"items_purged":[],"score":657,"play_id":"023115b6-4173-4090-989a-9cecbbed3296","local_time":"20210205101550","is_ascension_mode":true,"campfire_choices":[{"data":"Carnage","floor":6.0,"key":"SMITH"},{"data":"Inflame","floor":10.0,"key":"SMITH"},{"data":"Bash","floor":12.0,"key":"SMITH"},{"data":"Perfected Strike","floor":15.0,"key":"SMITH"},{"floor":24.0,"key":"REST"},{"floor":28.0,"key":"REST"},{"floor":32.0,"key":"REST"}],"circlet_count":0,"master_deck":["AscendersBane","Strike_R","Strike_R","Strike_R","Strike_R","Strike_R","Defend_R","Defend_R","Defend_R","Defend_R","Bash+1","Pommel Strike","Inflame+1","Wild Strike","Carnage+1","Fire Breathing","Brutality","Battle Trance","Perfected Strike+1","True Grit","Berserk","Headbutt","Twin Strike+1","Power Through","Clothesline+1","Thunderclap","Demon Form"],"relics":["Burning Blood","Thread and Needle","Boot","Toy Ornithopter","Paper Frog","PreservedInsect","SacredBark","Anchor","Darkstone Periapt","Dream Catcher","Smiling Mask","Enchiridion"],"acts_visited":["Exordium","TheCity"],"potions_floor_usage":[33],"damage_taken":[{"damage":0.0,"enemies":"Cultist","floor":1.0,"turns":3.0},{"damage":0.0,"enemies":"Small Slimes","floor":2.0,"turns":3.0},{"damage":3.0,"enemies":"Jaw Worm","floor":3.0,"turns":5.0},{"damage":4.0,"enemies":"Blue Slaver","floor":5.0,"turns":3.0},{"damage":17.0,"enemies":"Gremlin Nob","floor":7.0,"turns":4.0},{"damage":18.0,"enemies":"Lagavulin","floor":11.0,"turns":6.0},{"damage":8.0,"enemies":"Exordium Wildlife","floor":14.0,"turns":3.0},{"damage":3.0,"enemies":"Slime Boss","floor":16.0,"turns":5.0},{"damage":3.0,"enemies":"Chosen","floor":18.0,"turns":4.0},{"damage":13.0,"enemies":"2 Thieves","floor":20.0,"turns":3.0},{"damage":6.0,"enemies":"Snecko","floor":21.0,"turns":4.0},{"damage":14.0,"enemies":"Centurion and Healer","floor":22.0,"turns":5.0},{"damage":41.0,"enemies":"Book of Stabbing","floor":23.0,"turns":4.0},{"damage":34.0,"enemies":"Gremlin Leader","floor":27.0,"turns":4.0},{"damage":12.0,"enemies":"Slavers","floor":29.0,"turns":5.0},{"damage":15.0,"enemies":"Sentry and Sphere","floor":31.0,"turns":4.0},{"damage":62,"enemies":"Collector","floor":33,"turns":8}],"seed_played":"-5986279054241386554","potions_obtained":[{"floor":7.0,"key":"LiquidMemories"},{"floor":11.0,"key":"SkillPotion"},{"floor":16.0,"key":"AttackPotion"},{"floor":20.0,"key":"Block Potion"},{"floor":23.0,"key":"Fire Potion"},{"floor":31.0,"key":"Fruit Juice"}],"is_trial":false,"path_per_floor":["M","M","M","$","M","R","E","?","T","R","E","R","$","M","R","B",null,"M","$","M","M","M","E","R","?","T","E","R","E","?","M","R","B"],"character_chosen":"IRONCLAD","items_purchased":["Carnage","Perfected Strike","PreservedInsect"],"campfire_rested":3,"item_purchase_floors":[4,13,13],"current_hp_per_floor":[56,62,65,65,67,67,56,56,56,56,44,44,44,42,42,45,68,71,71,69,74,66,31,53,53,53,25,47,41,20,26,51,0,0],"gold":295,"neow_bonus":"ONE_RARE_RELIC","is_daily":false,"chose_seed":false,"campfire_upgraded":4,"win_rate":0.0,"timestamp":1612545350,"path_taken":["M","M","?","$","M","R","E","?","T","R","E","R","$","M","R","BOSS","M","$","M","M","M","E","R","?","T","E","R","E","?","M","R","BOSS"],"items_purchased_type":["Card","Card","Relic"],"build_version":"2020-12-22","purchased_purges":0,"victory":false,"max_hp_per_floor":[75,75,75,75,75,75,75,75,75,75,75,75,75,75,75,75,75,75,75,75,75,75,75,75,75,75,75,75,75,75,85,85,85,85],"card_choices":[{"not_picked":["Shrug It Off","Clothesline"],"picked":"Pommel Strike","floor":1.0},{"not_picked":["Rupture","Power Through"],"picked":"Inflame","floor":2.0},{"not_picked":["Havoc","Sever Soul"],"picked":"Wild Strike","floor":3.0},{"not_picked":["Headbutt","Anger"],"picked":"Fire Breathing","floor":5.0},{"not_picked":["Thunderclap","Shrug It Off"],"picked":"Brutality","floor":7.0},{"not_picked":["Clothesline","Heavy Blade"],"picked":"Battle Trance","floor":11.0},{"not_picked":["Flex","Havoc"],"picked":"True Grit","floor":14.0},{"not_picked":["Corruption","Reaper"],"picked":"Berserk","floor":16.0},{"not_picked":["True Grit","Entrench"],"picked":"Headbutt","floor":18.0},{"not_picked":["Heavy Blade","Rampage"],"picked":"Twin Strike+1","floor":20.0},{"not_picked":["Warcry","Havoc","Cleave"],"picked":"SKIP","floor":21.0},{"not_picked":["Sentinel","Entrench","Anger"],"picked":"SKIP","floor":22.0},{"not_picked":["Searing Blow","Pummel","Bludgeon"],"picked":"SKIP","floor":23.0},{"not_picked":["Entrench","Havoc"],"picked":"Power Through","floor":27.0},{"not_picked":["Heavy Blade","Clash"],"picked":"Clothesline+1","floor":28.0},{"not_picked":["Rupture","Shrug It Off"],"picked":"Thunderclap","floor":29.0},{"not_picked":["Clothesline","Body Slam","Havoc"],"picked":"SKIP","floor":31.0},{"not_picked":["Shrug It Off","Cleave"],"picked":"Demon Form","floor":32.0}],"player_experience":562984,"relics_obtained":[{"floor":7.0,"key":"Boot"},{"floor":9.0,"key":"Toy Ornithopter"},{"floor":11.0,"key":"Paper Frog"},{"floor":23.0,"key":"Anchor"},{"floor":26.0,"key":"Darkstone Periapt"},{"floor":27.0,"key":"Dream Catcher"},{"floor":29.0,"key":"Smiling Mask"},{"floor":30.0,"key":"Enchiridion"}],"event_choices":[{"damage_healed":0.0,"max_hp_gain":0.0,"max_hp_loss":0.0,"gold_gain":72.0,"event_name":"Golden Wing","player_choice":"Gained Gold","floor":8.0,"gold_loss":0.0,"damage_taken":0.0},{"damage_healed":0.0,"max_hp_gain":0.0,"max_hp_loss":0.0,"gold_gain":0.0,"event_name":"Vampires","player_choice":"Ignored","floor":25.0,"gold_loss":0.0,"damage_taken":0.0},{"damage_healed":0.0,"max_hp_gain":0.0,"max_hp_loss":0.0,"gold_gain":0.0,"event_name":"Cursed Tome","player_choice":"Obtained Book","floor":30.0,"gold_loss":0.0,"damage_taken":21.0}],"is_beta":false,"boss_relics":[{"not_picked":["Empty Cage","Snecko Eye"],"picked":"SacredBark"}],"items_purged_floors":[],"is_endless":false,"potions_floor_spawned":[7,11,14,16,20,23,31],"killed_by":"Collector","ascension_level":16}}