{"host":"odhb85ppoyjrwi3n","time":1612568949,"event":{"mods":["BaseMod","Better Third Choice","BetterRewards","Bossed Relics","Minty Spire (QoL Compilation)","Quick Restart","StSLib"],"gold_per_floor":[10109,10109,9182,9244,9244,9282,9282,9318,9318,9283,3238,3271,3194,3214,3214,3333,3333,3356,3375,3399,3025,3025,3066,3066,3101,3101,3124,3124,3124,3158,3181,3181,3305,3305,3325,3325,3245,3259,3259,3293,3311,3311,3311,3069,3069,3108,3131,3131,3131,3131,3131,3131,3035,3068,3068],"floor_reached":56,"language":"ENG","playtime":2564,"items_purged":["Injury","Strike_R"],"score":1717,"play_id":"b23d47ce-7712-46c7-9973-6fb181eb41b9","local_time":"20210206004909","is_ascension_mode":true,"campfire_choices":[{"data":"Entrench","floor":7.0,"key":"SMITH"},{"data":"Heavy Blade","floor":15,"key":"SMITH"},{"data":"Barricade","floor":24,"key":"SMITH"},{"data":"Heavy Blade","floor":29,"key":"SMITH"},{"floor":32,"key":"RECALL"},{"floor":42,"key":"REST"},{"data":"Combust","floor":45,"key":"SMITH"},{"data":"Defend_R","floor":49,"key":"SMITH"},{"floor":52,"key":"REST"}],"circlet_count":0,"master_deck":["Strike_R","Strike_R","Strike_R+1","Strike_R+1","Defend_R+1","Defend_R","Defend_R+1","Defend_R+1","Bash+1","Heavy Blade+1","Heavy Blade+1","Shrug It Off+1","Entrench+1","Limit Break+1","Flex+1","Cleave+1","Combust+1","Dark Shackles+1","Bandage Up+1","Flex+1","Barricade+1","Inflame+1","Metallicize+1","Rupture+1","Spot Weakness+1"],"relics":["Burning Blood","Golden Idol","DollysMirror","Singing Bowl","Dream Catcher","WingedGreaves","Blue Candle","The Courier","Pen Nib","Champion Belt","Strawberry","Mango","Pear","Darkstone Periapt","Matryoshka","Meat on the Bone","Bronze Scales","TheAbacus","Anchor","Mummified Hand","Thread and Needle","Vajra","War Paint","Self Forming Clay","Sundial","Mercury Hourglass","Centennial Puzzle","Shovel","Unceasing Top","Ancient Tea Set","Molten Egg 2","Bottled Flame","Eternal Feather","Ginger","Dead Branch","Toxic Egg 2","Bag of Marbles","Kunai","Red Skull","Toy Ornithopter","SlaversCollar","Paper Frog","Oddly Smooth Stone","Nilry\u0027s Codex","Frozen Egg 2","Pantograph","PreservedInsect","InkBottle","Lantern","Tiny House","Whetstone","Shuriken","Lee\u0027s Waffle","Blood Vial","Ornamental Fan"],"acts_visited":["Exordium","TheCity","TheBeyond","TheEnding"],"potions_floor_usage":[18,33,39,41,54],"damage_taken":[{"damage":3.0,"enemies":"Small Slimes","floor":1.0,"turns":4.0},{"damage":17.0,"enemies":"3 Sentries","floor":6.0,"turns":7.0},{"damage":34.0,"enemies":"Gremlin Nob","floor":8.0,"turns":5.0},{"damage":3,"enemies":"3 Sentries","floor":12,"turns":3},{"damage":0,"enemies":"2 Louse","floor":14,"turns":2},{"damage":62,"enemies":"Hexaghost","floor":16,"turns":5},{"damage":14,"enemies":"Spheric Guardian","floor":18,"turns":4},{"damage":7,"enemies":"Shell Parasite","floor":19,"turns":3},{"damage":3,"enemies":"Snecko","floor":20,"turns":5},{"damage":5,"enemies":"Book of Stabbing","floor":23,"turns":4},{"damage":2,"enemies":"Slavers","floor":25,"turns":3},{"damage":0,"enemies":"Snake Plant","floor":27,"turns":1},{"damage":0,"enemies":"Gremlin Leader","floor":30,"turns":3},{"damage":0,"enemies":"Shelled Parasite and Fungi","floor":31,"turns":5},{"damage":7,"enemies":"Champ","floor":33,"turns":5},{"damage":2,"enemies":"3 Shapes","floor":35,"turns":2},{"damage":1,"enemies":"Orb Walker","floor":38,"turns":2},{"damage":0,"enemies":"Maw","floor":39,"turns":1},{"damage":22,"enemies":"Nemesis","floor":40,"turns":7},{"damage":61,"enemies":"Transient","floor":41,"turns":5},{"damage":0,"enemies":"Reptomancer","floor":46,"turns":2},{"damage":0,"enemies":"Sphere and 2 Shapes","floor":47,"turns":2},{"damage":8,"enemies":"Awakened One","floor":50,"turns":8},{"damage":16,"enemies":"Shield and Spear","floor":54,"turns":4},{"damage":8,"enemies":"The Heart","floor":55,"turns":6}],"seed_played":"7602053488935466774","potions_obtained":[{"floor":20,"key":"Fire Potion"},{"floor":35,"key":"SmokeBomb"},{"floor":40,"key":"ColorlessPotion"}],"is_trial":false,"path_per_floor":["M","?","$","?","?","E","R","E","T","?","$","E","$","M","R","B",null,"M","M","M","$","?","E","R","E","T","M","?","R","E","M","R","B",null,"M","?","$","M","M","E","M","R","T","$","R","E","M","$","R","B",null,"R","$","E","B",null],"character_chosen":"IRONCLAD","items_purchased":["Heavy Blade","DollysMirror","Singing Bowl","Dream Catcher","Shrug It Off","LiquidMemories","Regen Potion","Explosive Potion","Pen Nib","Champion Belt","Strawberry","Mango","Pear","Darkstone Periapt","Matryoshka","Meat on the Bone","Bronze Scales","TheAbacus","Anchor","Mummified Hand","Thread and Needle","Vajra","War Paint","Self Forming Clay","Sundial","Mercury Hourglass","Centennial Puzzle","Shovel","Unceasing Top","Ancient Tea Set","Molten Egg 2","Bottled Flame","Eternal Feather","Ginger","Dead Branch","Toxic Egg 2","Limit Break+1","Flex+1","Cleave+1","Dexterity Potion","FairyPotion","Explosive Potion","Bag of Marbles","Kunai","Red Skull","Combust","Dark Shackles+1","Bandage Up+1","Paper Frog","Oddly Smooth Stone","LiquidMemories","Inflame+1","Metallicize+1","Lee\u0027s Waffle","Rupture+1","Spot Weakness+1"],"campfire_rested":2,"item_purchase_floors":[3,3,3,3,3,3,3,3,11,11,11,11,11,11,11,11,11,11,11,11,11,11,11,11,11,11,11,11,11,11,11,11,11,11,11,11,11,11,11,11,11,11,11,11,11,11,11,13,21,21,21,44,44,44,53,53],"current_hp_per_floor":[88,88,88,88,88,87,87,61,61,83,114,119,119,123,123,81,125,119,124,129,129,113,122,131,133,133,135,135,135,137,139,139,140,141,143,143,143,145,145,137,94,151,151,158,158,160,162,162,162,160,162,164,164,157,166],"gold":3068,"neow_bonus":"TEN_PERCENT_HP_BONUS","is_daily":false,"chose_seed":false,"campfire_upgraded":6,"win_rate":0.0,"timestamp":1612568949,"path_taken":["M","?","$","?","?","E","R","E","T","?","?","E","$","M","R","BOSS","M","?","M","$","?","E","R","E","T","M","?","R","E","M","R","BOSS","M","?","$","?","M","E","M","R","T","?","R","E","M","$","R","BOSS","R","$","E","BOSS"],"items_purchased_type":["Card","Relic","Relic","Relic","Card","Potion","Potion","Potion","Relic","Relic","Relic","Relic","Relic","Relic","Relic","Relic","Relic","Relic","Relic","Relic","Relic","Relic","Relic","Relic","Relic","Relic","Relic","Relic","Relic","Relic","Relic","Relic","Relic","Relic","Relic","Relic","Card","Card","Card","Potion","Potion","Potion","Relic","Relic","Relic","Card","Card","Card","Relic","Relic","Potion","Card","Card","Relic","Card","Card"],"build_version":"2020-12-22","purchased_purges":2,"victory":true,"max_hp_per_floor":[88,88,88,88,88,88,88,90,90,90,121,123,123,123,123,125,125,127,127,129,129,129,131,131,133,133,135,135,135,137,139,139,141,141,143,143,143,145,145,147,149,151,151,158,158,160,162,162,162,162,162,164,164,166,166],"card_choices":[{"not_picked":["Clothesline","Pummel","Thunderclap"],"picked":"SKIP","floor":1.0},{"not_picked":["Rage","Twin Strike"],"picked":"Entrench","floor":6.0},{"not_picked":["Ghostly Armor","Wild Strike","Intimidate"],"picked":"Singing Bowl","floor":8.0},{"not_picked":["Infernal Blade+1","Armaments+1","Clothesline+1"],"picked":"Singing Bowl","floor":12},{"not_picked":["Clash+1","Rampage+1"],"picked":"Flex+1","floor":14},{"not_picked":["Berserk","Offering+1","Corruption"],"picked":"Singing Bowl","floor":16},{"not_picked":["Warcry+1","Headbutt+1","Anger+1"],"picked":"Singing Bowl","floor":18},{"not_picked":["Whirlwind+1","Shrug It Off+1"],"picked":"Barricade","floor":19},{"not_picked":["Twin Strike+1","Flex+1","Havoc+1"],"picked":"Singing Bowl","floor":20},{"not_picked":["Whirlwind+1","Twin Strike+1","Sever Soul+1"],"picked":"Singing Bowl","floor":23},{"not_picked":["Warcry+1","Body Slam+1","Fire Breathing+1"],"picked":"Singing Bowl","floor":25},{"not_picked":["Twin Strike+1","Fire Breathing+1","Clothesline+1"],"picked":"Singing Bowl","floor":27},{"not_picked":["Cleave+1","Whirlwind+1","Thunderclap+1"],"picked":"Singing Bowl","floor":30},{"not_picked":["Sever Soul+1","Thunderclap+1","Clothesline+1"],"picked":"Singing Bowl","floor":31},{"not_picked":["Barricade+1","Brutality+1","Berserk+1"],"picked":"Singing Bowl","floor":33},{"not_picked":["Armaments+1","Sword Boomerang+1","Dual Wield+1"],"picked":"Singing Bowl","floor":35},{"not_picked":["Pommel Strike+1","Cleave+1","Berserk+1"],"picked":"Singing Bowl","floor":38},{"not_picked":["Clash+1","Disarm+1","Ghostly Armor+1"],"picked":"Singing Bowl","floor":40},{"not_picked":["Thunderclap+1","Sentinel+1","Evolve+1"],"picked":"Singing Bowl","floor":41},{"not_picked":["Whirlwind+1","Combust+1","Havoc+1"],"picked":"Singing Bowl","floor":42},{"not_picked":["Wild Strike+1","Dark Embrace+1","Infernal Blade+1"],"picked":"Singing Bowl","floor":46},{"not_picked":["Iron Wave+1","Cleave+1","Disarm+1"],"picked":"Singing Bowl","floor":47},{"not_picked":["Havoc+1","Body Slam+1","Rampage+1"],"picked":"Singing Bowl","floor":52},{"not_picked":["Immolate+1","Infernal Blade+1","Feed+1"],"picked":"Singing Bowl","floor":54}],"player_experience":139707,"relics_obtained":[{"floor":6.0,"key":"WingedGreaves"},{"floor":8.0,"key":"Blue Candle"},{"floor":9.0,"key":"The Courier"},{"floor":12,"key":"Toy Ornithopter"},{"floor":22,"key":"Nilry\u0027s Codex"},{"floor":23,"key":"Frozen Egg 2"},{"floor":25,"key":"Pantograph"},{"floor":26,"key":"PreservedInsect"},{"floor":26,"key":"InkBottle"},{"floor":30,"key":"Lantern"},{"floor":40,"key":"Whetstone"},{"floor":43,"key":"Shuriken"},{"floor":46,"key":"Blood Vial"},{"floor":54,"key":"Ornamental Fan"}],"event_choices":[{"damage_healed":0.0,"max_hp_gain":0.0,"max_hp_loss":0.0,"gold_gain":0.0,"event_name":"Golden Idol","player_choice":"Take Wound","floor":2.0,"gold_loss":0.0,"damage_taken":0.0,"relics_obtained":["Golden Idol"],"cards_obtained":["Injury"]},{"damage_healed":0.0,"max_hp_gain":0.0,"max_hp_loss":0.0,"gold_gain":62.0,"event_name":"Golden Wing","player_choice":"Gained Gold","floor":4.0,"gold_loss":0.0,"damage_taken":0.0},{"damage_healed":0.0,"max_hp_gain":0.0,"max_hp_loss":0.0,"gold_gain":0.0,"event_name":"Living Wall","player_choice":"Grow","floor":5.0,"gold_loss":0.0,"damage_taken":0.0,"cards_upgraded":["Shrug It Off"]},{"damage_healed":22.0,"max_hp_gain":0.0,"max_hp_loss":0.0,"gold_gain":0.0,"event_name":"The Cleric","player_choice":"Healed","floor":10.0,"gold_loss":35.0,"damage_taken":0.0},{"damage_healed":0,"gold_gain":0,"player_choice":"Obtained Book","damage_taken":16,"max_hp_gain":0,"max_hp_loss":0,"event_name":"Cursed Tome","floor":22,"gold_loss":0},{"damage_healed":0,"gold_gain":0,"player_choice":"Ignored","damage_taken":0,"max_hp_gain":0,"max_hp_loss":0,"event_name":"Ghosts","floor":28,"gold_loss":0},{"damage_healed":0,"gold_gain":0,"player_choice":"Forge","damage_taken":0,"max_hp_gain":0,"max_hp_loss":0,"event_name":"Accursed Blacksmith","floor":36,"gold_loss":0,"cards_upgraded":["Bash"]}],"is_beta":false,"boss_relics":[{"not_picked":["Pandora\u0027s Box","Coffee Dripper"],"picked":"SlaversCollar"},{"not_picked":["Astrolabe","Fusion Hammer"],"picked":"Tiny House"}],"items_purged_floors":[3,37],"is_endless":false,"potions_floor_spawned":[12,16,20,25,31,35,39,40],"ascension_level":2}}