{"host":"37ccm3d17clopct7","time":1612498956,"event":{"mods":["BaseMod","Hermit","Lobotomy","Minty Spire (QoL Compilation)","StSLib","The Bug Knight","The Cursed","The Hierophant","The Jungle","The Runesmith"],"gold_per_floor":[114,134,23,23,39,71,36,49,49,69,69,69,69,95,95,196,196,211,230,77,87,87,87,119,134,159,159,159,179,179,179],"floor_reached":30,"language":"KOR","playtime":1406,"items_purged":["Runesmith:Defend_RS","Runesmith:Strike_RS"],"score":285,"play_id":"bc2a0036-2aee-4292-9fc6-98db02335f16","local_time":"20210205132236","is_ascension_mode":false,"campfire_choices":[{"floor":11,"key":"REST"},{"data":"Runesmith:MetallurgicalResearch","floor":13,"key":"SMITH"},{"data":"Runesmith:Refine","floor":15,"key":"SMITH"},{"floor":23,"key":"REST"},{"floor":27,"key":"REST"}],"circlet_count":0,"master_deck":["Runesmith:Strike_RS","Runesmith:Strike_RS","Runesmith:Defend_RS","Runesmith:Defend_RS","Runesmith:Defend_RS","Runesmith:CraftFirestone","Runesmith:Fortify+1","Runesmith:EarthShield","Runesmith:Grindstone","Runesmith:LithiumIon","Runesmith:GoWithTheFlow","Runesmith:MetallurgicalResearch+1","Runesmith:BackupBattery","Runesmith:Refine+1","Runesmith:GrandSlam","Runesmith:HeatExchange+1","Runesmith:RuneHurl","Runesmith:CraftProtectio+1","Runesmith:Firestorm","Runesmith:Duplicate","Runesmith:Reinforce+1","Runesmith:Permafrost+1"],"relics":["Runesmith:BrokenRuby","Sundial","HollowMod:StagPassRelic","Question Card","Black Star","CaptainsWheel","MealTicket","Omamori"],"acts_visited":["Exordium","theJungle:Jungle"],"potions_floor_usage":[6,21,29],"damage_taken":[{"damage":6,"enemies":"Jaw Worm","floor":1,"turns":4},{"damage":0,"enemies":"Small Slimes","floor":2,"turns":3},{"damage":0,"enemies":"Cultist","floor":5,"turns":4},{"damage":17,"enemies":"Gremlin Nob","floor":6,"turns":5},{"damage":9,"enemies":"Gremlin Gang","floor":8,"turns":7},{"damage":6,"enemies":"2 Fungi Beasts","floor":10,"turns":4},{"damage":0,"enemies":"Lagavulin","floor":14,"turns":6},{"damage":9,"enemies":"The Guardian","floor":16,"turns":8},{"damage":16,"enemies":"theJungle:GiantWrat","floor":18,"turns":6},{"damage":22,"enemies":"theJungle:MUSHROOMGANG","floor":19,"turns":6},{"damage":2,"enemies":"theJungle:JungleHuntersEncounter","floor":21,"turns":8},{"damage":12,"enemies":"theJungle:MamaSnecko","floor":24,"turns":9},{"damage":37,"enemies":"theJungle:Snecko_Cultist_And_Trap","floor":25,"turns":6},{"damage":0,"enemies":"theJungle:Lyon","floor":29,"turns":2},{"damage":39,"enemies":"theJungle:2_Snecko_Cultists","floor":30,"turns":4}],"seed_played":"-1564871963829096756","potions_obtained":[{"floor":1,"key":"Swift Potion"},{"floor":2,"key":"Swift Potion"},{"floor":5,"key":"AttackPotion"},{"floor":8,"key":"FearPotion"},{"floor":24,"key":"LiquidMemories"},{"floor":29,"key":"EssenceOfSteel"}],"is_trial":false,"path_per_floor":["M","M","$","?","M","E","?","M","T","M","R","?","R","E","R","B",null,"M","M","$","M","?","R","E","M","T","R","?","M","M"],"character_chosen":"RUNESMITH_CLASS","items_purchased":["Runesmith:LithiumIon","Runesmith:CraftProtectio"],"campfire_rested":3,"item_purchase_floors":[3,20],"current_hp_per_floor":[64,64,64,57,57,40,57,48,48,42,63,68,68,68,68,59,75,59,37,37,35,30,54,42,5,5,29,29,29,0,0],"gold":179,"neow_bonus":"UPGRADE_CARD","is_daily":false,"chose_seed":false,"campfire_upgraded":2,"win_rate":0.0,"timestamp":1612498956,"path_taken":["M","M","$","?","M","E","?","M","T","M","R","?","R","E","R","BOSS","M","M","$","M","?","R","E","M","T","R","?","M","M"],"items_purchased_type":["Card","Card"],"build_version":"2020-12-22","purchased_purges":2,"victory":false,"max_hp_per_floor":[70,70,70,70,70,70,70,70,70,70,70,75,75,75,75,75,75,75,75,75,75,80,80,80,80,80,80,80,80,80,80],"card_choices":[{"not_picked":["Runesmith:ChaoticBlast","Runesmith:RuneHurl"],"picked":"Runesmith:EarthShield","floor":1},{"not_picked":["Runesmith:Empowerment","Runesmith:ElementalConversion"],"picked":"Runesmith:Grindstone","floor":2},{"not_picked":["Runesmith:Retool","Runesmith:FieryHammer"],"picked":"Runesmith:GoWithTheFlow","floor":5},{"not_picked":["Runesmith:EarthShield","Runesmith:Grindstone"],"picked":"Runesmith:MetallurgicalResearch","floor":6},{"not_picked":["Runesmith:HammerAndChisel","Runesmith:MakeshiftArmor"],"picked":"Runesmith:BackupBattery","floor":8},{"not_picked":["Runesmith:MakeshiftArmor","Runesmith:ChargedHammer","Runesmith:Repurpose"],"picked":"SKIP","floor":10},{"not_picked":["Runesmith:Repurpose","Runesmith:NanitesCloud"],"picked":"Runesmith:Refine","floor":14},{"not_picked":["Runesmith:CraftPrismatica","Runesmith:LastStand","Runesmith:GenerateForcefield"],"picked":"Runesmith:GrandSlam","floor":16},{"not_picked":["Runesmith:HammerTime","Runesmith:DoubleUp","Runesmith:HammerThrow"],"picked":"Runesmith:HeatExchange+1","floor":18},{"not_picked":["Runesmith:Grindstone","Runesmith:OneForEveryone","Runesmith:Augment"],"picked":"Runesmith:RuneHurl","floor":19},{"not_picked":["Runesmith:UnstableHammer","Runesmith:CraftProtectio+1","Runesmith:EnergizedChisel+1"],"picked":"Runesmith:Firestorm","floor":21},{"not_picked":["Runesmith:Repurpose","Runesmith:ChiselStab","Runesmith:MakeshiftArmor+1"],"picked":"Runesmith:Duplicate","floor":24},{"not_picked":["Runesmith:Repurpose","Runesmith:UnstableHammer","Runesmith:ShiftingStrike"],"picked":"Runesmith:Reinforce+1","floor":25},{"not_picked":["Runesmith:CraftProtectio","Runesmith:HeatedChisel+1","Runesmith:UnstableHammer"],"picked":"Runesmith:Permafrost+1","floor":29}],"player_experience":121342,"relics_obtained":[{"floor":6,"key":"Sundial"},{"floor":9,"key":"HollowMod:StagPassRelic"},{"floor":14,"key":"Question Card"},{"floor":24,"key":"CaptainsWheel"},{"floor":24,"key":"MealTicket"},{"floor":26,"key":"Omamori"}],"event_choices":[{"cards_removed":["Runesmith:Strike_RS"],"damage_healed":0,"gold_gain":0,"player_choice":"Card Removal","damage_taken":7,"max_hp_gain":0,"max_hp_loss":0,"event_name":"Golden Wing","floor":4,"gold_loss":0},{"damage_healed":17,"gold_gain":0,"player_choice":"Healed","damage_taken":0,"max_hp_gain":0,"max_hp_loss":0,"event_name":"The Cleric","floor":7,"gold_loss":35},{"damage_healed":0,"gold_gain":0,"player_choice":"Donut","damage_taken":0,"max_hp_gain":5,"max_hp_loss":0,"event_name":"Big Fish","floor":12,"gold_loss":0}],"is_beta":false,"boss_relics":[{"not_picked":["Runesmith:CoreCrystal","SacredBark"],"picked":"Black Star"}],"items_purged_floors":[3,20],"is_endless":false,"potions_floor_spawned":[1,2,5,8,18,24,25,29],"killed_by":"theJungle:2_Snecko_Cultists","ascension_level":0}}