{"host":"fdip6nj211smoxvi","time":1612525548,"event":{"mods":["BaseMod","BetterRewards","Colored Map","Downfall","Hermit","Minty Spire (QoL Compilation)","Shop Mod","StSLib","The Hierophant","The Servant 0.9.4"],"gold_per_floor":[117,292,253,273,51,51,81,81,81,81,96,128,147,147,147,243,243,261,280,280,291,310,343,125,125,151,181,181,207,221,221,221,317,317,331,12,32,254,254,254],"floor_reached":39,"language":"DEU","playtime":2175,"items_purged":["Doubt","Defend_G+1"],"score":473,"play_id":"8498f821-7381-4fd7-b531-2098a1cc361d","local_time":"20210205124548","is_ascension_mode":true,"campfire_choices":[{"data":"Deadly Poison","floor":6.0,"key":"SMITH"},{"data":"Neutralize","floor":8.0,"key":"SMITH"},{"data":"Survivor","floor":10.0,"key":"SMITH"},{"floor":15,"key":"REST"},{"data":"Ghostly","floor":32,"key":"SMITH"}],"circlet_count":0,"master_deck":["Strike_G+1","Strike_G+1","Strike_G+1","Strike_G+1","Defend_G+1","Defend_G+1","Defend_G+1","Defend_G+1","Survivor+1","Neutralize+1","Deadly Poison+1","Flying Knee","Flying Knee","Bouncing Flask+1","Deflect","Die Die Die","Dash+1","Poisoned Stab","Riddle With Holes","Bane","Corpse Explosion","Blur","Bane","Ghostly+1","Ghostly","Ghostly","Ghostly","Ghostly","PiercingWail+1","Wraith Form v2","Footwork","Dodge and Roll+1"],"relics":["Ring of the Snake","TwistedFunnel","Whetstone","Nunchaku","Bag of Marbles","HoveringKite","Art of War","PreservedInsect","Strawberry","Red Mask","Dream Catcher","bronze:MakeshiftBattery","Lantern"],"acts_visited":["Exordium","TheCity","TheBeyond"],"potions_floor_usage":[12,19,22,23,27,27,37,39],"damage_taken":[{"damage":8.0,"enemies":"2 Louse","floor":1.0,"turns":3.0},{"damage":0.0,"enemies":"Small Slimes","floor":4.0,"turns":3.0},{"damage":6.0,"enemies":"Gremlin Nob","floor":7.0,"turns":3.0},{"damage":0.0,"enemies":"Cultist","floor":11.0,"turns":2.0},{"damage":15,"enemies":"Lagavulin","floor":12,"turns":5},{"damage":3,"enemies":"Looter","floor":13,"turns":2},{"damage":33,"enemies":"The Guardian","floor":16,"turns":8},{"damage":12,"enemies":"Spheric Guardian","floor":18,"turns":4},{"damage":0,"enemies":"2 Thieves","floor":19,"turns":2},{"damage":10,"enemies":"Centurion and Healer","floor":21,"turns":5},{"damage":0,"enemies":"Sentry and Sphere","floor":22,"turns":3},{"damage":18,"enemies":"Book of Stabbing","floor":23,"turns":4},{"damage":4,"enemies":"Masked Bandits","floor":27,"turns":3},{"damage":9,"enemies":"Cultist and Chosen","floor":30,"turns":4},{"damage":4,"enemies":"Collector","floor":33,"turns":9},{"damage":12,"enemies":"3 Shapes","floor":35,"turns":3},{"damage":0,"enemies":"3 Darklings","floor":37,"turns":4},{"damage":31,"enemies":"Maw","floor":39,"turns":7}],"seed_played":"5692672745961282144","potions_obtained":[{"floor":4.0,"key":"SkillPotion"},{"floor":7.0,"key":"Swift Potion"},{"floor":11.0,"key":"champ:CounterPotion"},{"floor":13,"key":"sneckomod:MuddlingPotion"},{"floor":19,"key":"Poison Potion"},{"floor":21,"key":"BlessingOfTheForge"},{"floor":22,"key":"hexamod:SoulburnPotion"},{"floor":27,"key":"Ancient Potion"},{"floor":33,"key":"Strength Potion"},{"floor":35,"key":"AttackPotion"},{"floor":37,"key":"BlessingOfTheForge"}],"is_trial":false,"path_per_floor":["M","?","?","M","$","R","E","R","T","R","M","E","M","?","R","B",null,"M","M","?","M","M","E","$","?","T","?","?","T","M","?","R","B",null,"M","$","M","?","M"],"character_chosen":"THE_SILENT","items_purchased":["TwistedFunnel","PreservedInsect","Blur","Lantern","Footwork"],"campfire_rested":1,"item_purchase_floors":[5,24,24,36,36],"current_hp_per_floor":[69,69,69,69,69,69,63,63,63,63,63,48,45,45,68,35,77,65,65,65,55,55,37,37,37,44,40,40,40,31,31,31,27,42,30,30,30,30,0,0],"gold":254,"neow_bonus":"TEN_PERCENT_HP_BONUS","is_daily":false,"chose_seed":false,"campfire_upgraded":4,"win_rate":0.0,"timestamp":1612525548,"path_taken":["M","?","?","M","$","R","E","R","T","R","M","E","M","?","R","BOSS","M","?","?","M","?","E","$","?","T","?","?","?","?","?","R","BOSS","M","$","M","?","M"],"items_purchased_type":["Relic","Relic","Card","Relic","Card"],"build_version":"2020-12-22","purchased_purges":2,"victory":false,"max_hp_per_floor":[77,77,77,77,77,77,77,77,77,77,77,77,77,77,77,77,77,77,77,77,77,77,77,77,77,84,84,42,42,42,42,42,42,42,42,42,42,42,42,42],"card_choices":[{"not_picked":["Blade Dance","Acrobatics"],"picked":"Deadly Poison","floor":1.0},{"not_picked":["Choke","Well Laid Plans","Accuracy"],"picked":"SKIP","floor":4.0},{"not_picked":["Unload","Bane"],"picked":"Flying Knee","floor":7.0},{"not_picked":["Acrobatics","Deflect"],"picked":"Flying Knee","floor":11.0},{"not_picked":["Dagger Throw","Phantasmal Killer"],"picked":"Bouncing Flask","floor":12},{"not_picked":["Flying Knee","Cloak And Dagger"],"picked":"Deflect","floor":13},{"not_picked":["Unload","Night Terror"],"picked":"Die Die Die","floor":16},{"not_picked":["Blade Dance+1","Dagger Throw"],"picked":"Dash+1","floor":18},{"not_picked":["Prepared","Blade Dance"],"picked":"Poisoned Stab","floor":19},{"not_picked":["Tactician+1","Underhanded Strike"],"picked":"Riddle With Holes","floor":21},{"not_picked":["Well Laid Plans","Quick Slash"],"picked":"Bane","floor":22},{"not_picked":["After Image","Cloak And Dagger"],"picked":"Corpse Explosion","floor":23},{"not_picked":["Prepared","Skewer"],"picked":"Bane","floor":27},{"not_picked":["Outmaneuver","Dagger Spray"],"picked":"PiercingWail+1","floor":30},{"not_picked":["Glass Knife","A Thousand Cuts"],"picked":"Wraith Form v2","floor":33},{"not_picked":["Cloak And Dagger+1","Terror","Calculated Gamble"],"picked":"SKIP","floor":35},{"not_picked":["Blade Dance+1","Cloak And Dagger+1"],"picked":"Dodge and Roll+1","floor":37}],"player_experience":239371,"relics_obtained":[{"floor":7.0,"key":"Whetstone"},{"floor":9.0,"key":"Nunchaku"},{"floor":12,"key":"Bag of Marbles"},{"floor":23,"key":"Art of War"},{"floor":26,"key":"Strawberry"},{"floor":27,"key":"Red Mask"},{"floor":29,"key":"Dream Catcher"}],"event_choices":[{"damage_healed":0.0,"max_hp_gain":0.0,"max_hp_loss":0.0,"gold_gain":175.0,"event_name":"Liars Game","player_choice":"AGREE","floor":2.0,"gold_loss":0.0,"damage_taken":0.0,"cards_obtained":["Doubt"]},{"damage_healed":0.0,"max_hp_gain":0.0,"max_hp_loss":0.0,"gold_gain":0.0,"event_name":"World of Goop","player_choice":"Left Gold","floor":3.0,"gold_loss":39.0,"damage_taken":0.0},{"cards_removed":["Strike_G"],"damage_healed":0,"gold_gain":0,"player_choice":"Purged","damage_taken":0,"max_hp_gain":0,"max_hp_loss":0,"event_name":"Purifier","floor":14,"gold_loss":0},{"damage_healed":0,"gold_gain":0,"player_choice":"Upgraded","damage_taken":0,"max_hp_gain":0,"max_hp_loss":0,"event_name":"Upgrade Shrine","floor":20,"gold_loss":0,"cards_upgraded":["Bouncing Flask"]},{"damage_healed":0,"gold_gain":0,"player_choice":"Ignored","damage_taken":0,"max_hp_gain":0,"max_hp_loss":0,"event_name":"Vampires","floor":25,"gold_loss":0},{"damage_healed":0,"gold_gain":0,"player_choice":"Fought Bandits","damage_taken":0,"max_hp_gain":0,"max_hp_loss":0,"event_name":"Masked Bandits","floor":27,"gold_loss":0},{"damage_healed":0,"gold_gain":0,"player_choice":"Became a Ghost","damage_taken":0,"max_hp_gain":0,"max_hp_loss":42,"event_name":"Ghosts","floor":28,"gold_loss":0,"cards_obtained":["Ghostly","Ghostly","Ghostly","Ghostly","Ghostly"]},{"damage_healed":0,"gold_gain":0,"player_choice":"Simplicity","damage_taken":0,"max_hp_gain":0,"max_hp_loss":0,"event_name":"Back to Basics","floor":31,"gold_loss":0,"cards_upgraded":["Strike_G","Strike_G","Defend_G","Defend_G","Defend_G","Defend_G","Defend_G"]},{"damage_healed":0,"gold_gain":222,"player_choice":"Wore Mask","damage_taken":0,"max_hp_gain":0,"max_hp_loss":0,"event_name":"Tomb of Lord Red Mask","floor":38,"gold_loss":0}],"is_beta":false,"boss_relics":[{"not_picked":["Ring of the Serpent","Ectoplasm"],"picked":"HoveringKite"},{"not_picked":["Empty Cage","SacredBark"],"picked":"bronze:MakeshiftBattery"}],"items_purged_floors":[5,36],"is_endless":false,"potions_floor_spawned":[4,7,11,13,19,21,22,27,33,35,37],"killed_by":"Maw","ascension_level":2}}