{"host":"61ejhfsushs0xmcl","time":1612520806,"event":{"mods":["ATMod(°¢èªMod)","Act Like it!","Arknights","BaseMod","Colored Map","Gold Saver","Minty Spire (QoL Compilation)","MostiFishMod","Reliquary","Spicy Shops","StSLib","¡¾ÒÅÎï¿¨ÅÆ¡¿REMEMod","óô»ðÖ¸ÄÏ"],"gold_per_floor":[115,115,131,131,151,178,102,132,132,143,178,178,178,206,206,307,307,322,337,366,384,395,428,428,460,484,500,206,268,378,440,440,612,612,754,849,937,569,604,658,658,768,780,339,351,363,477,489,283,345,357,369,80,159,159,159],"floor_reached":55,"language":"ZHS","playtime":2242,"items_purged":["ats:Strike S","ats:Armor Crushing Shot","ats:Strike V","ats:Strike G","ats:Defend"],"score":1291,"play_id":"b0bc2550-f6f9-4f9b-965f-20958a9ea726","local_time":"20210205182646","is_ascension_mode":true,"campfire_choices":[{"data":"ats:Burning Ground","floor":12.0,"key":"SMITH"},{"data":"ats:Burning Ground","floor":15.0,"key":"SMITH"},{"data":"MostiFishMod:Opportunism","floor":24.0,"key":"SMITH"},{"data":"ats:Volcano","floor":32.0,"key":"SMITH"},{"floor":41,"key":"RECALL"}],"circlet_count":4,"master_deck":["ats:Strike C","ats:Defend","ats:Defend","ats:Defend","ats:Emotion Absorption+1","AT_ShadowStep+1","MostiFishMod:Opportunism+1","ats:Burning Ground+1","ats:Burning Ground+1","ats:Guardian Obelisk+1","ats:Volcano+1","ats:Mental Burst","ats:Flame Of Heaven","ats:Guardian Obelisk+1"],"relics":["ats:Sanity","Circlet","DaveBox","AT_ATBox","REME_ComplimentaryCards","ExusiaiGun","NeowsBlessing","SynthV:TestCard","ats:Originium","AT_RedNoBalance","Toy Ornithopter","AT_DeathDance","Omamori","Gremlin Horn","Odd Mushroom","xbg","Red Mask","reliquary:WeakTea","AT_BellDemon","AT_ArchangelStaff","AT_MibuBalloonWealth","Oddly Smooth Stone","Ancient Tea Set","Blood Vial","SacredBark","AT_RedTearstoneRing","Juzu Bracelet","Bottled Tornado","Nunchaku","Unceasing Top","reliquary:Boomerang","Orichalcum","HornCleat","MawBank","REME_LimitBreaker","ats:Arts","Technique","Girya","Frozen Egg 2","reliquary:PurpleTingedLeaf","REME_CardOfGreed","Bag of Preparation","Bottled Lightning"],"acts_visited":["Exordium","TheCity","TheBeyond","TheEnding"],"potions_floor_usage":[33,33,33,55,55,55],"damage_taken":[{"damage":1.0,"enemies":"Small Slimes","floor":1.0,"turns":1.0},{"damage":1.0,"enemies":"Cultist","floor":3.0,"turns":1.0},{"damage":0.0,"enemies":"Jaw Worm","floor":5.0,"turns":1.0},{"damage":1.0,"enemies":"Lagavulin","floor":6.0,"turns":2.0},{"damage":0.0,"enemies":"Gremlin Nob","floor":8.0,"turns":2.0},{"damage":3.0,"enemies":"Exordium Thugs","floor":10.0,"turns":2.0},{"damage":0.0,"enemies":"Lagavulin","floor":11.0,"turns":4.0},{"damage":2.0,"enemies":"The Mushroom Lair","floor":14.0,"turns":1.0},{"damage":12.0,"enemies":"The Guardian","floor":16.0,"turns":6.0},{"damage":0.0,"enemies":"Chosen","floor":18.0,"turns":1.0},{"damage":0.0,"enemies":"2 Thieves","floor":19.0,"turns":1.0},{"damage":0.0,"enemies":"Masked Bandits","floor":20.0,"turns":2.0},{"damage":0.0,"enemies":"3 Cultists","floor":21.0,"turns":1.0},{"damage":0.0,"enemies":"Snake Plant","floor":22.0,"turns":1.0},{"damage":0.0,"enemies":"REME_1_Revenger","floor":23.0,"turns":1.0},{"damage":0.0,"enemies":"Book of Stabbing","floor":25.0,"turns":1.0},{"damage":0.0,"enemies":"Sentry and Sphere","floor":27.0,"turns":1.0},{"damage":5.0,"enemies":"Shelled Parasite and Fungi","floor":29.0,"turns":2.0},{"damage":0.0,"enemies":"Slavers","floor":30.0,"turns":1.0},{"damage":0.0,"enemies":"Centurion and Healer","floor":31.0,"turns":1.0},{"damage":0,"enemies":"Collector","floor":33,"turns":2},{"damage":0,"enemies":"3 Darklings","floor":35,"turns":1},{"damage":0,"enemies":"3 Shapes","floor":36,"turns":1},{"damage":0,"enemies":"Sphere and 2 Shapes","floor":37,"turns":1},{"damage":0,"enemies":"Spire Growth","floor":39,"turns":2},{"damage":0,"enemies":"Nemesis","floor":40,"turns":1},{"damage":0,"enemies":"Reptomancer","floor":42,"turns":1},{"damage":0,"enemies":"2 Orb Walkers","floor":47,"turns":1},{"damage":0,"enemies":"Donu and Deca","floor":50,"turns":2},{"damage":0,"enemies":"Shield and Spear","floor":54,"turns":2},{"damage":79,"enemies":"The Heart","floor":55,"turns":4}],"seed_played":"5761005578060645178","potions_obtained":[{"floor":6.0,"key":"DistilledChaos"},{"floor":8.0,"key":"BlessingOfTheForge"},{"floor":14.0,"key":"EssenceOfSteel"},{"floor":19.0,"key":"LiquidMemories"},{"floor":33,"key":"AttackPotion"},{"floor":35,"key":"SmokeBomb"},{"floor":37,"key":"BlessingOfTheForge"},{"floor":40,"key":"EntropicBrew"},{"floor":54,"key":"ColorlessPotion"}],"is_trial":false,"path_per_floor":["M","?","M","?","M","E","$","E","T","M","E","R","?","?","R","B",null,"M","M","?","M","M","E","R","E","T","M","$","M","E","M","R","B",null,"M","M","M","$","M","E","R","E","T","R","?","?","?","T","R","B",null,"R","$","E","B"],"character_chosen":"DOCTOR_CLASS","items_purchased":["Toy Ornithopter","AT_ArchangelStaff","AT_MibuBalloonWealth","Nunchaku","ats:Arts","Technique","REME_CardOfGreed","Bag of Preparation","Bottled Lightning"],"campfire_rested":0,"item_purchase_floors":[7,28,28,38,44,44,49,49,53],"current_hp_per_floor":[70,70,68,62,62,61,61,33,33,30,33,33,30,31,31,21,66,33,33,33,33,33,33,33,33,33,33,33,28,28,28,28,43,66,66,66,66,66,66,66,66,66,66,66,66,66,66,66,66,66,66,66,66,66,0,0],"gold":159,"neow_bonus":"THREE_ENEMY_KILL","is_daily":false,"chose_seed":false,"campfire_upgraded":4,"win_rate":0.0,"timestamp":1612520806,"path_taken":["M","?","?","?","M","E","?","E","T","M","E","R","?","?","R","BOSS","M","M","?","M","M","E","R","E","T","M","$","M","E","M","R","BOSS","M","M","M","$","M","E","R","E","T","R","?","?","?","?","R","BOSS","R","$","E","BOSS"],"items_purchased_type":["Relic","Relic","Relic","Relic","Relic","Relic","Relic","Relic","Relic"],"build_version":"2020-12-22","purchased_purges":5,"victory":false,"max_hp_per_floor":[71,70,69,68,67,66,66,66,66,66,66,66,66,66,66,66,66,66,66,66,66,66,66,66,66,66,66,66,66,66,66,66,66,66,66,66,66,66,66,66,66,66,66,66,66,66,66,66,66,66,66,66,66,66,66,66],"card_choices":[{"not_picked":["ats:Overload","ats:Poison Spread"],"picked":"ats:Burning Ground","floor":1.0},{"not_picked":["ats:Poison Spread","ats:Serious Mode","ats:Very Hot Blade","ats:Apocalypse","ats:Directed Diagnosis"],"picked":"SKIP","floor":3.0},{"not_picked":["ats:Cat Scratch","ats:Consecutive Shot Auto","ats:Poison Spread","ats:Absolute Focus","ats:Revitalization"],"picked":"SKIP","floor":5.0},{"not_picked":["ats:Steam Pump","ats:Beaten Up","ats:Consecutive Shot Auto","ats:Guard Mode"],"picked":"ats:Burning Ground","floor":6.0},{"not_picked":["ats:Shell Defense","ats:Serious Mode","ats:Explosion Area Strengthen","ats:Revitalization"],"picked":"ats:Guardian Obelisk","floor":8.0},{"not_picked":["ats:Sashimi Platter","ats:Thermite Blade","ats:Consecutive Shot Auto","ats:Cat Scratch","ats:Charging Defense"],"picked":"SKIP","floor":10.0},{"not_picked":["ats:Shadow Raid","ats:Curse Doll","ats:Apocalypse","ats:Flexible Camouflage","ats:Composite Medical Shells"],"picked":"SKIP","floor":11.0},{"not_picked":["ats:Fractured Body","ats:Roar Of Ursus","ats:True Silver Slash","ats:Echo Reverb"],"picked":"ats:Volcano","floor":16.0},{"not_picked":["ats:Poison Spread","ats:Hammer On","ats:Shell Defense","ats:Consecutive Shot Auto","ats:Curse Doll"],"picked":"SKIP","floor":18.0},{"not_picked":["ats:Thorns","ats:Sashimi Platter","ats:Assault Order+1","ats:Serious Mode+1","ats:Cat Scratch+1"],"picked":"SKIP","floor":19.0},{"not_picked":["ats:Powerful Strike+1","ats:Guard Mode+1","ats:Assault Order+1","ats:LN2 Cannon"],"picked":"ats:Sunburst","floor":20.0},{"not_picked":["ats:Part Time Job","ats:Serious Mode+1","ats:Hammer On","ats:Leaping Hammer","ats:Revitalization"],"picked":"SKIP","floor":21.0},{"not_picked":["ats:Leaping Hammer","ats:Powerful Strike","ats:Absolute Focus","ats:Fractured Body"],"picked":"ats:Mental Burst","floor":22.0},{"not_picked":["ats:Curse Doll","ats:Flexible Camouflage","ats:Assault Order+1","ats:Guardian Obelisk","ats:Consecutive Shot Auto"],"picked":"SKIP","floor":23.0},{"not_picked":["ats:Leaping Hammer+1","ats:Poison Spread+1","ats:Counter Healing Mode","ats:Chain Hook"],"picked":"ats:Flame Of Heaven","floor":25.0},{"not_picked":["ats:Encircling Forest","ats:Explosion Area Strengthen","ats:Part Time Job","ats:Revitalization+1","ats:Steam Pump+1"],"picked":"SKIP","floor":27.0},{"not_picked":["ats:Hook Shot","ats:Guard Mode","ats:Hammer On","ats:Curse Doll","ats:Shell Defense"],"picked":"SKIP","floor":29.0},{"not_picked":["ats:Sword Rain","ats:Closed Bolt Burst Fire","ats:Automatic Cover+1","ats:Beaten Up","ats:Cat Scratch"],"picked":"SKIP","floor":30.0},{"not_picked":["ats:Shadow Assault","ats:Phantom","ats:Guard Mode","ats:Hammer On+1","ats:Soul Absorption"],"picked":"SKIP","floor":31.0},{"not_picked":["ats:Powerful Strike","ats:Hook Shot","ats:Blood Oath+1","ats:Poison Spread","ats:Curse Doll"],"picked":"SKIP","floor":35},{"not_picked":["ats:Powerful Strike","ats:Flexible Camouflage","ats:Very Hot Blade","ats:Leaping Hammer","ats:Shell Defense+1"],"picked":"SKIP","floor":36},{"not_picked":["ats:Powerful Strike+1","ats:Apocalypse+1","ats:Demon Strength","ats:Dogmatic Field"],"picked":"ats:Guardian Obelisk+1","floor":37},{"not_picked":["ats:Poison Spread+1","ats:Guard Mode","ats:Assault Order","ats:Absolute Focus+1","ats:Neurotoxin"],"picked":"SKIP","floor":39},{"not_picked":["ats:Overload+1","ats:Very Hot Blade+1","ats:Literary Storm","ats:Cat Scratch+1","ats:Poison Spread+1"],"picked":"SKIP","floor":40},{"not_picked":["ats:Sashimi Platter","ats:Absolute Focus","ats:Calcification","ats:Part Time Job","ats:Song Of Battle+1"],"picked":"SKIP","floor":42},{"not_picked":["ats:Ignite","ats:Blood Oath+1","ats:Spore Proliferation","ats:Guard Mode+1","ats:Consecutive Shot Auto+1"],"picked":"SKIP","floor":54}],"player_experience":856715,"relics_obtained":[{"floor":1.0,"key":"SynthV:TestCard"},{"floor":6.0,"key":"ats:Originium"},{"floor":6.0,"key":"AT_SilverBalance"},{"floor":8.0,"key":"ats:Originium"},{"floor":8.0,"key":"AT_DeathDance"},{"floor":11.0,"key":"ats:Originium"},{"floor":11.0,"key":"Omamori"},{"floor":14.0,"key":"Odd Mushroom"},{"floor":20.0,"key":"Red Mask"},{"floor":23.0,"key":"ats:Originium"},{"floor":25.0,"key":"reliquary:WeakTea"},{"floor":26.0,"key":"AT_BellDemon"},{"floor":27.0,"key":"Circlet"},{"floor":30.0,"key":"Oddly Smooth Stone"},{"floor":30.0,"key":"Circlet"},{"floor":31.0,"key":"Ancient Tea Set"},{"floor":33,"key":"Blood Vial"},{"floor":35,"key":"AT_RedTearstoneRing"},{"floor":36,"key":"Juzu Bracelet"},{"floor":37,"key":"Bottled Tornado"},{"floor":39,"key":"Unceasing Top"},{"floor":40,"key":"reliquary:Boomerang"},{"floor":40,"key":"Orichalcum"},{"floor":42,"key":"HornCleat"},{"floor":42,"key":"MawBank"},{"floor":43,"key":"REME_LimitBreaker"},{"floor":47,"key":"Circlet"},{"floor":47,"key":"Frozen Egg 2"},{"floor":48,"key":"reliquary:PurpleTingedLeaf"},{"floor":54,"key":"Circlet"},{"floor":54,"key":"Circlet"}],"event_choices":[{"damage_healed":0.0,"max_hp_gain":0.0,"max_hp_loss":0.0,"gold_gain":0.0,"event_name":"Accursed Blacksmith","player_choice":"Forge","floor":2.0,"gold_loss":0.0,"damage_taken":0.0,"cards_upgraded":["AT_ShadowStep"]},{"damage_healed":0.0,"max_hp_gain":0.0,"max_hp_loss":0.0,"gold_gain":0.0,"event_name":"Wheel of Change","player_choice":"Damaged","floor":4.0,"gold_loss":0.0,"damage_taken":6.0},{"damage_healed":0.0,"max_hp_gain":0.0,"max_hp_loss":0.0,"gold_gain":0.0,"event_name":"Scrap Ooze","player_choice":"Success","floor":13.0,"gold_loss":0.0,"damage_taken":7.0,"relics_obtained":["Gremlin Horn"]},{"damage_healed":0.0,"max_hp_gain":0.0,"max_hp_loss":0.0,"gold_gain":0.0,"event_name":"Mushrooms","player_choice":"Fought Mushrooms","floor":14.0,"gold_loss":0.0,"damage_taken":0.0},{"damage_healed":0.0,"max_hp_gain":0.0,"max_hp_loss":0.0,"gold_gain":0.0,"event_name":"Masked Bandits","player_choice":"Fought Bandits","floor":20.0,"gold_loss":0.0,"damage_taken":0.0},{"cards_removed":["ats:Sunburst"],"damage_healed":0,"gold_gain":0,"player_choice":"Removed Attack","damage_taken":0,"max_hp_gain":0,"max_hp_loss":0,"event_name":"Falling","floor":45,"gold_loss":0},{"damage_healed":0,"gold_gain":0,"player_choice":"Gave Potion","damage_taken":0,"relics_obtained":["Girya"],"max_hp_gain":0,"max_hp_loss":0,"event_name":"WeMeetAgain","floor":46,"gold_loss":0},{"damage_healed":0,"gold_gain":0,"player_choice":"Fight","damage_taken":0,"max_hp_gain":0,"max_hp_loss":0,"event_name":"Mysterious Sphere","floor":47,"gold_loss":0}],"is_beta":false,"boss_relics":[{"not_picked":["Circlet","Circlet"],"picked":"xbg"},{"not_picked":["AT_MortalBlade","GuanYuAspect"],"picked":"SacredBark"}],"items_purged_floors":[28,38,38,44,53],"is_endless":false,"potions_floor_spawned":[1,6,8,14,19,23,25,29,30,33,35,37,40,54],"killed_by":"The Heart","ascension_level":2}}