{"host":"soyfmymeou4emntr","time":1612502018,"event":{"mods":["BaseMod","BetterRewards","Minty Spire (QoL Compilation)","Relic Sorter","Relic Stats","StSLib"],"gold_per_floor":[117,117,137,153,153,181,181,151,151,178,192,192,21,37,37,37,37],"floor_reached":16,"language":"ENG","playtime":1123,"items_purged":[],"score":220,"play_id":"3c39ad6e-b648-4d08-b6f2-b85e65315eb2","local_time":"20210204221338","is_ascension_mode":true,"campfire_choices":[{"data":"Fission","floor":7,"key":"SMITH"},{"data":"Genetic Algorithm","floor":12,"key":"SMITH"},{"data":"Barrage","floor":15,"key":"SMITH"}],"circlet_count":0,"master_deck":["AscendersBane","Strike_B","Strike_B","Strike_B","Strike_B","Defend_B","Defend_B","Defend_B","Defend_B","Zap","Dualcast","Coolheaded","Rebound","Ball Lightning+1","Fission+1","Barrage+1","Genetic Algorithm+1","Genetic Algorithm+1","White Noise"],"relics":["Cracked Core","Singing Bowl","HornCleat","Nunchaku","DollysMirror"],"acts_visited":["Exordium"],"potions_floor_usage":[6,10],"damage_taken":[{"damage":0.0,"enemies":"2 Louse","floor":1.0,"turns":4.0},{"damage":0.0,"enemies":"Jaw Worm","floor":3.0,"turns":3.0},{"damage":0.0,"enemies":"Cultist","floor":4.0,"turns":3.0},{"damage":21,"enemies":"Lagavulin","floor":6,"turns":6},{"damage":3,"enemies":"3 Sentries","floor":10,"turns":7},{"damage":13,"enemies":"Exordium Wildlife","floor":11,"turns":3},{"damage":10,"enemies":"Lots of Slimes","floor":14,"turns":4},{"damage":26,"enemies":"The Guardian","floor":16,"turns":6}],"seed_played":"-5960616825159852736","potions_obtained":[{"floor":1.0,"key":"LiquidMemories"},{"floor":8,"key":"Ancient Potion"},{"floor":8,"key":"BlessingOfTheForge"},{"floor":10,"key":"SmokeBomb"}],"is_trial":false,"path_per_floor":["M","?","M","M","?","E","R","?","T","E","M","R","$","M","R","B"],"character_chosen":"DEFECT","items_purchased":["DollysMirror"],"campfire_rested":0,"item_purchase_floors":[13],"current_hp_per_floor":[71,71,71,71,71,50,50,50,50,47,34,34,34,24,24,0,0],"gold":37,"neow_bonus":"TEN_PERCENT_HP_BONUS","is_daily":false,"chose_seed":false,"campfire_upgraded":3,"win_rate":0.0,"timestamp":1612502018,"path_taken":["M","?","M","M","?","E","R","?","T","E","M","R","$","M","R","BOSS"],"items_purchased_type":["Relic"],"build_version":"2020-12-22","purchased_purges":0,"victory":false,"max_hp_per_floor":[78,78,78,78,78,78,78,78,78,78,78,78,78,78,78,78,78],"relic_stats":{"Nunchaku":[1],"Singing Bowl":0,"counters":[8,36],"obtain_stats":[{"Nunchaku":10,"HornCleat":9,"Singing Bowl":6,"DollysMirror":13,"Cracked Core":0},{"Nunchaku":5,"HornCleat":4,"Singing Bowl":4,"DollysMirror":6,"Cracked Core":0},{"Nunchaku":23,"HornCleat":16,"Singing Bowl":16,"DollysMirror":26,"Cracked Core":0}]},"card_choices":[{"not_picked":["Force Field","Hologram"],"picked":"Coolheaded","floor":1.0},{"not_picked":["Blizzard","Conserve Battery"],"picked":"Rebound","floor":3.0},{"not_picked":["Barrage","Storm"],"picked":"Ball Lightning","floor":4.0},{"not_picked":["Cold Snap","BootSequence"],"picked":"Fission","floor":6},{"not_picked":["Recycle","Leap"],"picked":"Barrage","floor":10},{"not_picked":["Ball Lightning","Blizzard"],"picked":"Genetic Algorithm","floor":11},{"not_picked":["Sweeping Beam","Go for the Eyes"],"picked":"White Noise","floor":14}],"player_experience":3053160,"relics_obtained":[{"floor":6,"key":"Singing Bowl"},{"floor":9,"key":"HornCleat"},{"floor":10,"key":"Nunchaku"}],"event_choices":[{"damage_healed":0.0,"max_hp_gain":0.0,"max_hp_loss":0.0,"gold_gain":0.0,"event_name":"Liars Game","player_choice":"Ignored","floor":2.0,"gold_loss":0.0,"damage_taken":0.0},{"damage_healed":0.0,"max_hp_gain":0.0,"max_hp_loss":0.0,"gold_gain":0.0,"event_name":"Living Wall","player_choice":"Grow","floor":5.0,"gold_loss":0.0,"damage_taken":0.0,"cards_upgraded":["Ball Lightning"]},{"damage_healed":0,"gold_gain":0,"player_choice":"Bought 2 Potions","damage_taken":0,"max_hp_gain":0,"max_hp_loss":0,"event_name":"The Woman in Blue","floor":8,"gold_loss":0}],"is_beta":false,"boss_relics":[],"items_purged_floors":[],"is_endless":false,"potions_floor_spawned":[1,10],"killed_by":"The Guardian","ascension_level":20}}