{"host":"czzthkrvfe6r7fjf","time":1612496139,"event":{"mods":["ATMod(∞¢Ë™Mod)","Act Like it!","BaseMod","Downfall","GungeonMod","Marisa£®ÏF”Í°°ƒß¿Ì…≥£©","Minty Spire (QoL Compilation)","Quick Restart","StSLib","The Servant 0.9.4","Waifu the Spire","°æπ¶ƒ‹Mod°øªÏ„Á÷Æª∑–ﬁ∏¥≤π∂°"],"gold_per_floor":[111,10,10,10,29,29,364,364,364,378,397,21,21,44,44,172,172,186,225,225,225,225,261,261,297,297,297,322,336,357,370,393,393,393,519,519,542,542,602,125,150,150,150,185,261,302,202,227,246,271,271,271],"floor_reached":53,"language":"ZHS","playtime":1950,"items_purged":["Strike_MRS","Strike_MRS"],"score":946,"play_id":"efb749bf-ffc4-4947-b437-5fafab44b463","local_time":"20210205113539","is_ascension_mode":true,"campfire_choices":[{"data":"DC","floor":6.0,"key":"SMITH"},{"data":"GrandCross","floor":8.0,"key":"SMITH"},{"data":"EventHorizon","floor":15.0,"key":"SMITH"},{"data":"SprinkleStarSeal","floor":24.0,"key":"SMITH"},{"data":"Acceleration","floor":27.0,"key":"SMITH"},{"data":"GrandCross","floor":33.0,"key":"SMITH"},{"data":"AT_EmpoweredMortalDraw","floor":43.0,"key":"SMITH"},{"data":"MillisecondPulsars","floor":51,"key":"SMITH"}],"circlet_count":0,"master_deck":["Strike_MRS","Defend_MRS","Defend_MRS","Defend_MRS","Defend_MRS","MasterSpark","UpSweep","AT_Desolate+1","DC+1","GrandCross+1","Acceleration+1","SporeBomb+1","EventHorizon+1","GrandCross+1","CurseOfTheBell","EnergyFlow+1","SprinkleStarSeal+1","AsteroidBelt+1","DemoMod:Elimentaler","MillisecondPulsars+1","AT_EmpoweredMortalDraw+1","Secret Technique"],"relics":["MiniHakkero","AT_ATBox","NeowsBlessing","Golden Idol","Old Coin","Mercury Hourglass","HornCleat","Calling Bell","PreservedInsect","Matryoshka","DemoMod:PartiallyEatenCheese","Red Mask","MutagenicStrength","DemoMod:OrangeGuonStone","Oddly Smooth Stone","DemoMod:RatBoots","DemoMod:ResourcefulSack","AT_BellowingDragoncrestRing","BewitchedHakkero","AT_MortalBlade","DemoMod:MeltedRock","CatCart","Sundial","Pen Nib","Singing Bowl","Orichalcum","DemoMod:DecoyRelic","Thread and Needle"],"acts_visited":["Exordium","TheCity","DemoMod:Maze","TheBeyond"],"potions_floor_usage":[52,52],"damage_taken":[{"damage":0.0,"enemies":"Cultist","floor":1.0,"turns":1.0},{"damage":0.0,"enemies":"Small Slimes","floor":5.0,"turns":1.0},{"damage":0.0,"enemies":"Gremlin Nob","floor":7.0,"turns":1.0},{"damage":6.0,"enemies":"Jaw Worm","floor":10.0,"turns":2.0},{"damage":0.0,"enemies":"Looter","floor":11.0,"turns":2.0},{"damage":2.0,"enemies":"Blue Slaver","floor":14.0,"turns":2.0},{"damage":4.0,"enemies":"Hexaghost","floor":16.0,"turns":3.0},{"damage":2.0,"enemies":"Chosen","floor":18.0,"turns":3.0},{"damage":0.0,"enemies":"Masked Bandits","floor":19.0,"turns":3.0},{"damage":10.0,"enemies":"Gremlin Leader","floor":23.0,"turns":4.0},{"damage":7.0,"enemies":"Book of Stabbing","floor":25.0,"turns":3.0},{"damage":0.0,"enemies":"DemoMod:2_Veteran_bullet_kins_and_red_shotgun_kin","floor":28.0,"turns":2.0},{"damage":0.0,"enemies":"DemoMod:4_Bullet_Kins","floor":29.0,"turns":7.0},{"damage":7.0,"enemies":"DemoMod:Red_and_blue_shotgun_kin_with_gunsinger","floor":30.0,"turns":3.0},{"damage":6.0,"enemies":"DemoMod:Veteran_shot_gun_kin_and_blue_shotgun_kin_with_gunsinger","floor":31.0,"turns":3.0},{"damage":0.0,"enemies":"DemoMod:Veteran_shot_gun_kin_and_red_shotgun_kin_with_gunsinger","floor":32.0,"turns":3.0},{"damage":20.0,"enemies":"DemoMod:ResourcefulRat","floor":35.0,"turns":10.0},{"damage":0.0,"enemies":"Orb Walker","floor":37.0,"turns":1.0},{"damage":0.0,"enemies":"Orin","floor":39.0,"turns":2.0},{"damage":0.0,"enemies":"3 Shapes","floor":41.0,"turns":1.0},{"damage":0.0,"enemies":"Reptomancer","floor":44.0,"turns":2.0},{"damage":0.0,"enemies":"Giant Head","floor":46.0,"turns":3.0},{"damage":0.0,"enemies":"Sphere and 2 Shapes","floor":48.0,"turns":3.0},{"damage":3.0,"enemies":"Jaw Worm Horde","floor":49.0,"turns":3.0},{"damage":0,"enemies":"Transient","floor":50,"turns":2},{"damage":39,"enemies":"Awakened One","floor":52,"turns":4}],"seed_played":"7397166794602716400","potions_obtained":[{"floor":7.0,"key":"Fruit Juice"},{"floor":11.0,"key":"Swift Potion"},{"floor":14.0,"key":"SteroidPotion"},{"floor":18.0,"key":"Guardian:BlockOnCardUsePotion"},{"floor":19.0,"key":"ColorlessPotion"},{"floor":25.0,"key":"DemoMod:LeadSkinPotion"},{"floor":28.0,"key":"LiquidMemories"},{"floor":35.0,"key":"Strength Potion"},{"floor":37.0,"key":"FearPotion"},{"floor":39.0,"key":"Strength Potion"},{"floor":46.0,"key":"PowerPotion"}],"is_trial":false,"path_per_floor":["M","$","?","?","M","R","E","R","T","M","M","$","?","M","R","B",null,"M","?","?","?","?","E","R","E","T","R","M","M","M","M","M","R","B","B",null,"M","?","?","$","M","?","R","E","T","E","$","M","M","M","R","B",null],"character_chosen":"MARISA","items_purchased":["GrandCross","Acceleration","DemoMod:GnawedKey","HornCleat","Sundial","Pen Nib"],"campfire_rested":0,"item_purchase_floors":[2,2,12,12,40,40],"current_hp_per_floor":[75,75,57,50,50,50,55,55,55,49,49,49,33,31,31,27,67,65,65,65,65,65,55,55,48,72,72,72,72,65,59,59,59,52,32,68,68,68,68,68,68,68,68,70,70,72,72,72,71,73,73,34],"gold":271,"neow_bonus":"THREE_ENEMY_KILL","is_daily":false,"chose_seed":false,"campfire_upgraded":8,"win_rate":0.0,"timestamp":1612496139,"path_taken":["M","?","?","?","M","R","E","R","T","M","M","$","?","M","R","BOSS","M","?","?","?","?","E","R","E","T","R","M","M","M","M","M","R","BOSS","BOSS","M","?","?","$","M","?","R","E","T","E","?","M","?","M","R","BOSS"],"items_purchased_type":["Card","Card","Relic","Relic","Relic","Relic"],"build_version":"2020-12-22","purchased_purges":2,"victory":true,"max_hp_per_floor":[75,75,75,75,75,75,80,80,80,80,80,80,80,80,80,80,80,80,80,80,80,80,80,80,80,80,80,80,80,80,80,80,80,80,80,80,80,80,80,80,80,76,76,78,78,80,80,80,82,84,84,84],"card_choices":[{"not_picked":["GravityBeat","MysteriousBeam"],"picked":"DC","floor":1.0},{"not_picked":["WitchLeyline","Singularity"],"picked":"SporeBomb","floor":5.0},{"not_picked":["MilkyWay","BigCrunch"],"picked":"EventHorizon","floor":7.0},{"not_picked":["WitchLeyline","SporeBomb","UnstableBomb"],"picked":"SKIP","floor":10.0},{"not_picked":["GasGiant","ChargingUp"],"picked":"GrandCross","floor":11.0},{"not_picked":["MillisecondPulsars","SuperPerseids","WitchLeyline"],"picked":"SKIP","floor":14.0},{"not_picked":["AsteroidBelt","PowerUp","PropBag"],"picked":"SKIP","floor":18.0},{"not_picked":["EventHorizon","GravityBeat"],"picked":"EnergyFlow+1","floor":19.0},{"not_picked":["MysteriousBeam","GravityBeat","OrrerysSun"],"picked":"SKIP","floor":23.0},{"not_picked":["GalacticHalo","DeepEcoloBomb+1","DC"],"picked":"SKIP","floor":25.0},{"not_picked":["StarBarrage+1","SporeBomb+1"],"picked":"AsteroidBelt+1","floor":28.0},{"not_picked":["Robbery+1","StarBarrage","DarkSpark+1"],"picked":"SKIP","floor":29.0},{"not_picked":["BinaryStars","Occultation+1","AsteroidBelt+1"],"picked":"SKIP","floor":30.0},{"not_picked":["GrandCross","EnergyFlow","MysteriousBeam"],"picked":"SKIP","floor":31.0},{"not_picked":["WitchOfGreed+1","SuperPerseids+1","Robbery+1"],"picked":"SKIP","floor":32.0},{"not_picked":[],"picked":"DemoMod:Elimentaler","floor":35.0},{"not_picked":["UltimateShortwave","BinaryStars"],"picked":"MillisecondPulsars","floor":35.0},{"not_picked":["MysteriousBeam","ManaConvection","GrandCross+1"],"picked":"SKIP","floor":37.0},{"not_picked":["Trip","Good Instincts"],"picked":"Secret Technique","floor":38.0},{"not_picked":["WitchLeyline+1","DoubleSpark+1","WitchOfGreed+1"],"picked":"SKIP","floor":41.0},{"not_picked":["MaximisePower","PowerUp+1","Singularity"],"picked":"Singing Bowl","floor":44.0},{"not_picked":["UnstableBomb+1","AsteroidBelt","WitchLeyline"],"picked":"Singing Bowl","floor":46.0},{"not_picked":["Occultation","GalacticHalo+1","MeteoricShower+1"],"picked":"SKIP","floor":48.0},{"not_picked":["LuminesStrike","DC+1","PowerUp+1"],"picked":"Singing Bowl","floor":49.0},{"not_picked":["PowerUp+1","DoubleSpark","Acceleration+1"],"picked":"Singing Bowl","floor":50}],"player_experience":499382,"relics_obtained":[{"floor":7.0,"key":"Old Coin"},{"floor":9.0,"key":"Mercury Hourglass"},{"floor":17.0,"key":"PreservedInsect"},{"floor":17.0,"key":"Matryoshka"},{"floor":17.0,"key":"DemoMod:PartiallyEatenCheese"},{"floor":19.0,"key":"Red Mask"},{"floor":23.0,"key":"DemoMod:OrangeGuonStone"},{"floor":25.0,"key":"Oddly Smooth Stone"},{"floor":36.0,"key":"DemoMod:RatBoots"},{"floor":36.0,"key":"DemoMod:ResourcefulSack"},{"floor":36.0,"key":"AT_BellowingDragoncrestRing"},{"floor":36.0,"key":"BewitchedHakkero"},{"floor":36.0,"key":"AT_MortalBlade"},{"floor":36.0,"key":"DemoMod:MeltedRock"},{"floor":39.0,"key":"CatCart"},{"floor":44.0,"key":"Singing Bowl"},{"floor":45.0,"key":"Orichalcum"},{"floor":45.0,"key":"DemoMod:DecoyRelic"},{"floor":46.0,"key":"Thread and Needle"}],"event_choices":[{"damage_healed":0.0,"max_hp_gain":0.0,"max_hp_loss":0.0,"gold_gain":0.0,"event_name":"Golden Idol","player_choice":"Take Damage","floor":3.0,"gold_loss":0.0,"damage_taken":18.0,"relics_obtained":["Golden Idol"]},{"cards_removed":["Strike_MRS"],"damage_healed":0.0,"max_hp_gain":0.0,"max_hp_loss":0.0,"gold_gain":0.0,"event_name":"Golden Wing","player_choice":"Card Removal","floor":4.0,"gold_loss":0.0,"damage_taken":7.0},{"damage_healed":0.0,"max_hp_gain":0.0,"max_hp_loss":0.0,"gold_gain":0.0,"event_name":"Shining Light","player_choice":"Entered Light","floor":13.0,"gold_loss":0.0,"damage_taken":16.0,"cards_upgraded":["SporeBomb","AT_Desolate"]},{"damage_healed":0.0,"max_hp_gain":0.0,"max_hp_loss":0.0,"gold_gain":0.0,"event_name":"Masked Bandits","player_choice":"Fought Bandits","floor":19.0,"gold_loss":0.0,"damage_taken":0.0},{"damage_healed":0.0,"max_hp_gain":0.0,"max_hp_loss":0.0,"gold_gain":0.0,"event_name":"Drug Dealer","player_choice":"Inject Mutagens","floor":20.0,"gold_loss":0.0,"damage_taken":0.0,"relics_obtained":["MutagenicStrength"]},{"damage_healed":0.0,"max_hp_gain":0.0,"max_hp_loss":0.0,"gold_gain":0.0,"event_name":"The Library","player_choice":"Read","floor":21.0,"gold_loss":0.0,"damage_taken":0.0,"cards_obtained":["SprinkleStarSeal"]},{"damage_healed":0.0,"max_hp_gain":0.0,"max_hp_loss":0.0,"gold_gain":0.0,"event_name":"Ghosts","player_choice":"Ignored","floor":22.0,"gold_loss":0.0,"damage_taken":0.0},{"damage_healed":0.0,"max_hp_gain":0.0,"max_hp_loss":0.0,"gold_gain":0.0,"event_name":"SensoryStone","player_choice":"Memory 1","floor":38.0,"gold_loss":0.0,"damage_taken":0.0},{"damage_healed":0.0,"max_hp_gain":0.0,"max_hp_loss":0.0,"gold_gain":0.0,"event_name":"OrinTheCat","player_choice":"Fight","floor":39.0,"gold_loss":0.0,"damage_taken":0.0},{"damage_healed":0.0,"max_hp_gain":0.0,"max_hp_loss":4.0,"gold_gain":0.0,"event_name":"Winding Halls","player_choice":"Max HP","floor":42.0,"gold_loss":0.0,"damage_taken":0.0}],"is_beta":false,"boss_relics":[{"not_picked":["Empty Cage","Runic Dome"],"picked":"Calling Bell"},{"not_picked":[]}],"items_purged_floors":[40,47],"is_endless":false,"potions_floor_spawned":[7,11,14,18,19,25,28,35,37,39,46,48,50],"ascension_level":5}}