{"host":"1q02rw1wpi0nrsss","time":1612515612,"event":{"mods":["AchievementEnabler","BaseMod","Better Note","Custom Start","Dark Map","DeckTracker","Disable Question Mark Monsters","Hermit","Minty Spire (QoL Compilation)","Permanent Neow","Quick Restart","Rare Cards Sparkle","Relic Stats","StSLib","??????REMEMod"],"gold_per_floor":[143,93,93,136,180,180,191,191,217,229,272,296,322,374,386,526,538,564,30,30,30,40,40,66,66,66,131,230,245,245,245,245,345,345,364,364,383,400,400,400,461,478,478,478,491,491,137,137,137,197,197,197,72,98,98,98],"floor_reached":55,"language":"ENG","playtime":2202,"items_purged":["Strike_G","Strike_G","Strike_G+1"],"score":806,"play_id":"79dc4ccf-9d28-47fd-88e6-c8a19081d839","local_time":"20210205010012","is_ascension_mode":true,"campfire_choices":[{"data":"Dagger Spray","floor":6.0,"key":"SMITH"},{"data":"Envenom","floor":8.0,"key":"SMITH"},{"floor":10.0,"key":"REST"},{"floor":15.0,"key":"REST"},{"data":"A Thousand Cuts","floor":23.0,"key":"SMITH"},{"floor":25.0,"key":"REST"},{"floor":30.0,"key":"REST"},{"data":"REME_ShadowForm","floor":32.0,"key":"SMITH"},{"data":"REME_ShadowForm","floor":40.0,"key":"SMITH"},{"data":"Glass Knife","floor":44.0,"key":"SMITH"},{"floor":49.0,"key":"RECALL"},{"data":"Malaise","floor":52.0,"key":"SMITH"}],"circlet_count":0,"master_deck":["Defend_G","Defend_G","Defend_G","Defend_G","Defend_G","Survivor","Neutralize+1","Wish+1","Malaise+1","Calculated Gamble","Dagger Spray+1","Envenom+1","Bane","Glass Knife+1","Corpse Explosion","A Thousand Cuts+1","REME_ShadowForm+1","REME_ShadowForm+1","Dodge and Roll+1","Eviscerate+1","Eviscerate+1","Backflip","Footwork","Panache","Footwork"],"relics":["Ring of the Serpent","REME_ComplimentaryCards","MawBank","Pen Nib","Snecko Eye","Juzu Bracelet","Tiny Chest","Paper Crane","White Beast Statue","Molten Egg 2","CaptainsWheel","Whetstone","Potion Belt","Oddly Smooth Stone"],"acts_visited":["Exordium","TheCity","TheBeyond","TheEnding"],"potions_floor_usage":[55,55,55,55],"damage_taken":[{"damage":9.0,"enemies":"Jaw Worm","floor":1.0,"turns":6.0},{"damage":3.0,"enemies":"Cultist","floor":4.0,"turns":6.0},{"damage":10.0,"enemies":"2 Louse","floor":5.0,"turns":5.0},{"damage":0.0,"enemies":"Gremlin Gang","floor":7.0,"turns":1.0},{"damage":35.0,"enemies":"Lagavulin","floor":11.0,"turns":10.0},{"damage":15.0,"enemies":"Large Slime","floor":12.0,"turns":8.0},{"damage":0.0,"enemies":"3 Louse","floor":13.0,"turns":1.0},{"damage":7.0,"enemies":"Blue Slaver","floor":14.0,"turns":6.0},{"damage":7.0,"enemies":"The Guardian","floor":16.0,"turns":11.0},{"damage":13.0,"enemies":"Spheric Guardian","floor":18.0,"turns":4.0},{"damage":14.0,"enemies":"2 Thieves","floor":22.0,"turns":3.0},{"damage":29.0,"enemies":"Slavers","floor":24.0,"turns":1.0},{"damage":19.0,"enemies":"Gremlin Leader","floor":27.0,"turns":6.0},{"damage":13.0,"enemies":"Snecko","floor":29.0,"turns":3.0},{"damage":12.0,"enemies":"Champ","floor":33.0,"turns":8.0},{"damage":0.0,"enemies":"3 Darklings","floor":35.0,"turns":4.0},{"damage":8.0,"enemies":"Orb Walker","floor":37.0,"turns":5.0},{"damage":0.0,"enemies":"Writhing Mass","floor":38.0,"turns":5.0},{"damage":40.0,"enemies":"Reptomancer","floor":41.0,"turns":5.0},{"damage":0.0,"enemies":"Transient","floor":42.0,"turns":5.0},{"damage":1.0,"enemies":"3 Darklings","floor":45.0,"turns":3.0},{"damage":15.0,"enemies":"Donu and Deca","floor":50.0,"turns":7.0},{"damage":33.0,"enemies":"Shield and Spear","floor":54.0,"turns":4.0},{"damage":43,"enemies":"The Heart","floor":55,"turns":6}],"seed_played":"3664515390857877014","potions_obtained":[{"floor":5.0,"key":"SteroidPotion"},{"floor":12.0,"key":"REME_GoldPotion"},{"floor":13.0,"key":"SpeedPotion"},{"floor":14.0,"key":"GhostInAJar"},{"floor":16.0,"key":"SkillPotion"},{"floor":22.0,"key":"LiquidBronze"},{"floor":27.0,"key":"LiquidBronze"},{"floor":29.0,"key":"Fruit Juice"},{"floor":33.0,"key":"Block Potion"},{"floor":35.0,"key":"BlessingOfTheForge"},{"floor":37.0,"key":"SpeedPotion"},{"floor":38.0,"key":"Fruit Juice"},{"floor":41.0,"key":"Dexterity Potion"},{"floor":42.0,"key":"LiquidBronze"},{"floor":45.0,"key":"PowerPotion"},{"floor":54.0,"key":"Energy Potion"}],"is_trial":false,"path_per_floor":["M","?","?","M","M","R","M","R","T","R","E","M","M","M","R","B",null,"M","$","?","?","M","R","E","R","T","E","?","M","R","T","R","B",null,"M","?","M","M","?","R","E","M","T","R","M","?","$","T","R","B",null,"R","$","E","B"],"character_chosen":"THE_SILENT","items_purchased":["Juzu Bracelet","Tiny Chest","A Thousand Cuts","Footwork","Panache"],"campfire_rested":4,"item_purchase_floors":[19,19,19,47,47],"current_hp_per_floor":[61,61,61,58,48,48,48,48,48,69,34,19,19,12,33,26,70,57,57,57,57,43,43,14,35,35,16,16,8,30,30,30,18,75,75,75,67,72,72,72,32,32,32,32,31,31,31,31,31,16,76,76,76,43,0,0],"gold":98,"neow_bonus":"ONE_RANDOM_RARE_CARD","is_daily":false,"chose_seed":false,"campfire_upgraded":7,"win_rate":0.0,"timestamp":1612515612,"path_taken":["M","?","?","M","M","R","M","R","T","R","E","M","M","M","R","BOSS","M","?","?","?","M","R","E","R","T","E","?","M","R","?","R","BOSS","M","?","M","M","?","R","E","M","T","R","M","?","$","?","R","BOSS","R","$","E","BOSS"],"items_purchased_type":["Relic","Relic","Card","Card","Card"],"build_version":"2020-12-22","purchased_purges":3,"victory":false,"max_hp_per_floor":[70,70,70,70,70,70,70,70,70,70,70,70,70,70,70,70,70,70,70,70,70,70,70,70,70,70,70,70,75,75,75,75,75,75,75,75,75,80,80,80,80,80,80,80,80,76,76,76,76,76,76,76,76,76,76,76],"relic_stats":{"counters":[24,123],"Snecko Eye":[149,131,129,148],"Tiny Chest":2,"Pen Nib":[15],"Juzu Bracelet":1,"Whetstone":["Neutralize","Strike_G"],"MawBank":120,"obtain_stats":[{"Potion Belt":43,"Oddly Smooth Stone":54,"Pen Nib":11,"Juzu Bracelet":19,"Whetstone":41,"Paper Crane":24,"MawBank":9,"White Beast Statue":26,"CaptainsWheel":31,"Snecko Eye":17,"Tiny Chest":19,"Molten Egg 2":27,"Ring of the Serpent":34,"Ring of the Snake":0,"REME_ComplimentaryCards":0},{"Potion Belt":20,"Oddly Smooth Stone":23,"Pen Nib":5,"Juzu Bracelet":10,"Whetstone":19,"Paper Crane":12,"MawBank":4,"White Beast Statue":12,"CaptainsWheel":14,"Snecko Eye":9,"Tiny Chest":10,"Molten Egg 2":13,"Ring of the Serpent":15,"Ring of the Snake":0,"REME_ComplimentaryCards":0},{"Potion Belt":103,"Oddly Smooth Stone":117,"Pen Nib":28,"Juzu Bracelet":58,"Whetstone":98,"Paper Crane":62,"MawBank":18,"White Beast Statue":62,"CaptainsWheel":71,"Snecko Eye":54,"Tiny Chest":58,"Molten Egg 2":68,"Ring of the Serpent":79,"Ring of the Snake":0,"REME_ComplimentaryCards":0}]},"card_choices":[{"not_picked":["Acrobatics","Distraction"],"picked":"Calculated Gamble","floor":1.0},{"not_picked":["Cloak And Dagger","Catalyst","Deflect"],"picked":"SKIP","floor":4.0},{"not_picked":["Dagger Throw","Leg Sweep"],"picked":"Dagger Spray","floor":5.0},{"not_picked":["Distraction","Finisher"],"picked":"Envenom","floor":7.0},{"not_picked":["Backflip","Escape Plan"],"picked":"Bane","floor":11.0},{"not_picked":["All Out Attack","Deadly Poison","REME_ShadowStrike"],"picked":"SKIP","floor":12.0},{"not_picked":["Blade Dance","Sucker Punch","Calculated Gamble"],"picked":"SKIP","floor":13.0},{"not_picked":["Bane","Expertise"],"picked":"Glass Knife","floor":14.0},{"not_picked":["REME_GrazeFinale","Burst"],"picked":"Corpse Explosion","floor":16.0},{"not_picked":["Prepared","Slice","Deflect+1"],"picked":"SKIP","floor":18.0},{"not_picked":["Acrobatics","Accuracy","Calculated Gamble"],"picked":"SKIP","floor":22.0},{"not_picked":["Skewer","Slice","Poisoned Stab"],"picked":"SKIP","floor":24.0},{"not_picked":["Dagger Spray+1","Outmaneuver"],"picked":"REME_ShadowForm","floor":27.0},{"not_picked":["Underhanded Strike+1","Flying Knee+1","Slice+1"],"picked":"SKIP","floor":29.0},{"not_picked":["Storm of Steel","Unload+1"],"picked":"REME_ShadowForm","floor":33.0},{"not_picked":["Dagger Spray+1","Escape Plan+1"],"picked":"Dodge and Roll+1","floor":35.0},{"not_picked":["Leg Sweep","Infinite Blades+1"],"picked":"Eviscerate+1","floor":37.0},{"not_picked":["Dagger Spray+1","Flying Knee+1","Deflect"],"picked":"SKIP","floor":38.0},{"not_picked":["Outmaneuver+1","Dagger Throw+1","Prepared"],"picked":"SKIP","floor":41.0},{"not_picked":["Skewer+1","A Thousand Cuts"],"picked":"Eviscerate+1","floor":42.0},{"not_picked":["Bane+1","Prepared+1"],"picked":"Backflip","floor":45.0},{"not_picked":["Quick Slash+1","Blade Dance"],"picked":"Footwork","floor":54.0}],"player_experience":81607,"relics_obtained":[{"floor":9.0,"key":"MawBank"},{"floor":11.0,"key":"Pen Nib"},{"floor":24.0,"key":"Paper Crane"},{"floor":26.0,"key":"White Beast Statue"},{"floor":27.0,"key":"Molten Egg 2"},{"floor":31.0,"key":"CaptainsWheel"},{"floor":41.0,"key":"Whetstone"},{"floor":43.0,"key":"Potion Belt"},{"floor":54.0,"key":"Oddly Smooth Stone"}],"event_choices":[{"cards_removed":["Strike_G"],"damage_healed":0.0,"max_hp_gain":0.0,"max_hp_loss":0.0,"gold_gain":0.0,"event_name":"The Cleric","player_choice":"Card Removal","floor":2.0,"gold_loss":50.0,"damage_taken":0.0},{"damage_healed":0.0,"max_hp_gain":0.0,"max_hp_loss":0.0,"gold_gain":0.0,"event_name":"Upgrade Shrine","player_choice":"Upgraded","floor":3.0,"gold_loss":0.0,"damage_taken":0.0,"cards_upgraded":["Wish"]},{"damage_healed":0.0,"max_hp_gain":0.0,"max_hp_loss":0.0,"gold_gain":0.0,"event_name":"WeMeetAgain","player_choice":"Ignored","floor":21.0,"gold_loss":0.0,"damage_taken":0.0},{"damage_healed":0.0,"max_hp_gain":0.0,"max_hp_loss":0.0,"gold_gain":99.0,"event_name":"Nest","player_choice":"Stole From Cult","floor":28.0,"gold_loss":0.0,"damage_taken":0.0},{"damage_healed":0.0,"max_hp_gain":0.0,"max_hp_loss":0.0,"gold_gain":0.0,"event_name":"Tomb of Lord Red Mask","player_choice":"Ignored","floor":36.0,"gold_loss":0.0,"damage_taken":0.0},{"cards_removed":["Strike_G"],"damage_healed":0.0,"max_hp_gain":0.0,"max_hp_loss":0.0,"gold_gain":0.0,"event_name":"Falling","player_choice":"Removed Attack","floor":39.0,"gold_loss":0.0,"damage_taken":0.0},{"damage_healed":0.0,"max_hp_gain":0.0,"max_hp_loss":4.0,"gold_gain":0.0,"event_name":"Winding Halls","player_choice":"Max HP","floor":46.0,"gold_loss":0.0,"damage_taken":0.0}],"is_beta":false,"boss_relics":[{"not_picked":["REME_LowDesire","Astrolabe"],"picked":"Snecko Eye"},{"not_picked":["Busted Crown","Velvet Choker"],"picked":"Ring of the Serpent"}],"items_purged_floors":[19,47,53],"is_endless":false,"potions_floor_spawned":[5,12,13,14,16,22,27,29,33,35,37,38,41,42,45,54],"killed_by":"The Heart","ascension_level":2}}