{"host":"8z0h4areh8sio1k0","time":1612517412,"event":{"mods":["Act Like it!","Aspiration","BaseMod","Colored Map","Conspire","Hubris","Minty Spire (QoL Compilation)","Replay The Spire","StSLib","TestMod","The Bug Knight"],"gold_per_floor":[119,119,69,69,89,122,122,136,162,162,177,177,189,202,202,299,299,316,328,328,99,113,113,127,127,209,228,93,93,125,135,135,234,234,249,249,266,266,266],"floor_reached":38,"language":"ZHS","playtime":3707,"items_purged":["Defend_P"],"score":473,"play_id":"c014fa4b-49f3-4aea-81dc-cbdfcc168f30","local_time":"20210205173011","is_ascension_mode":false,"campfire_choices":[{"data":"Eruption","floor":7.0,"key":"SMITH"},{"data":"ForeignInfluence","floor":10.0,"key":"SMITH"},{"data":"Vigilance","floor":12.0,"key":"SMITH"},{"data":"CutThroughFate","floor":15.0,"key":"SMITH"},{"data":"Omniscience","floor":23.0,"key":"SMITH"},{"data":"Wallop","floor":25.0,"key":"SMITH"},{"data":"Replay:DivineShield","floor":29.0,"key":"SMITH"},{"data":"FlurryOfBlows","floor":32.0,"key":"SMITH"}],"circlet_count":0,"master_deck":["Strike_P","Strike_P","Defend_P","Defend_P","Vigilance+1","BowlingBash","ForeignInfluence+1","Steam","ClearTheMind","Consecrate","CutThroughFate+1","FollowUp","Omniscience+1","FlurryOfBlows+1","Replay:DivineShield+1","Scrawl","FearNoEvil","Vault","hubris:DuctTapeCard"],"relics":["PureWater","testmod-TestBox","testmod-TimeTraveler","NeowsBlessing","Pen Nib","Bronze Scales","Replay:Bronze Core","Replay:Rubber Ducky","hubris:DuctTape","hubris:Reverence"],"acts_visited":["Exordium","TheCity","TheBeyond"],"potions_floor_usage":[],"damage_taken":[{"damage":0.0,"enemies":"Small Slimes","floor":1.0,"turns":1.0},{"damage":0.0,"enemies":"Jaw Worm","floor":5.0,"turns":1.0},{"damage":0.0,"enemies":"Gremlin Nob","floor":6.0,"turns":1.0},{"damage":0.0,"enemies":"2 Louse","floor":8.0,"turns":2.0},{"damage":6.0,"enemies":"Exordium Thugs","floor":11.0,"turns":3.0},{"damage":7.0,"enemies":"Blue Slaver","floor":13.0,"turns":3.0},{"damage":0.0,"enemies":"Large Slime","floor":14.0,"turns":3.0},{"damage":0.0,"enemies":"Slime Boss","floor":16.0,"turns":2.0},{"damage":0.0,"enemies":"3 Byrds","floor":18.0,"turns":2.0},{"damage":0.0,"enemies":"2 Thieves","floor":19.0,"turns":4.0},{"damage":21.0,"enemies":"Snake Plant","floor":22.0,"turns":4.0},{"damage":5.0,"enemies":"Sentry and Sphere","floor":24.0,"turns":3.0},{"damage":0.0,"enemies":"Snecko","floor":27.0,"turns":3.0},{"damage":7.0,"enemies":"Book of Stabbing","floor":30.0,"turns":3.0},{"damage":9.0,"enemies":"Centurion and Healer","floor":31.0,"turns":3.0},{"damage":14.0,"enemies":"Pondfish","floor":33.0,"turns":6.0},{"damage":44.0,"enemies":"3 Darklings","floor":35.0,"turns":3.0},{"damage":0,"enemies":"3 Shapes","floor":37,"turns":2},{"damage":23,"enemies":"Writhing Mass","floor":38,"turns":4}],"seed_played":"-7544133231236574691","potions_obtained":[{"floor":4.0,"key":"BottledMiracle"},{"floor":4.0,"key":"Block Potion"},{"floor":4.0,"key":"testmod-EscapePotion"},{"floor":8.0,"key":"Explosive Potion"},{"floor":13.0,"key":"Milkshake"},{"floor":14.0,"key":"Swift Potion"},{"floor":16.0,"key":"testmod-TimePotion"},{"floor":18.0,"key":"testmod-SpacePotion"},{"floor":19.0,"key":"Strength Potion"},{"floor":27.0,"key":"SteroidPotion"},{"floor":31.0,"key":"Fruit Juice"}],"is_trial":false,"path_per_floor":["M","?","?","?","M","E","R","M","T","R","M","R","M","M","R","B",null,"M","M","?","$","M","R","M","R","T","M","$","R","E","M","R","B",null,"M","?","M","M"],"character_chosen":"WATCHER","items_purchased":["Replay:Rubber Ducky","Scrawl"],"campfire_rested":0,"item_purchase_floors":[21,28],"current_hp_per_floor":[72,72,72,72,72,72,72,72,72,72,66,66,59,59,59,59,72,72,72,72,72,51,51,46,46,46,46,46,46,39,35,35,21,77,33,33,33,10,10],"gold":266,"neow_bonus":"THREE_ENEMY_KILL","is_daily":false,"chose_seed":false,"campfire_upgraded":8,"win_rate":0.0,"timestamp":1612517411,"path_taken":["M","?","?","?","M","E","R","M","T","R","M","R","M","M","R","BOSS","M","M","?","$","M","R","M","R","T","M","$","R","E","M","R","BOSS","M","?","M","M"],"items_purchased_type":["Relic","Card"],"build_version":"2020-12-22","purchased_purges":1,"victory":false,"max_hp_per_floor":[72,72,72,72,72,72,72,72,72,72,72,72,72,72,72,72,72,72,72,72,72,72,72,72,72,72,72,72,72,72,77,77,77,77,77,77,77,77,77],"card_choices":[{"not_picked":["SashWhip","Worship"],"picked":"BowlingBash","floor":1.0},{"not_picked":["WreathOfFlame","BowlingBash"],"picked":"ClearTheMind","floor":5.0},{"not_picked":["WreathOfFlame","ReachHeaven","Replay:Vibes"],"picked":"SKIP","floor":6.0},{"not_picked":["Prostrate","ConjureBlade"],"picked":"Consecrate","floor":8.0},{"not_picked":["SashWhip","Replay:BluntJabs"],"picked":"CutThroughFate","floor":11.0},{"not_picked":["Vengeance","Replay:AtTheReady"],"picked":"FollowUp","floor":13.0},{"not_picked":["Swivel","JustLucky","Weave"],"picked":"SKIP","floor":14.0},{"not_picked":["Establishment","SpiritShield"],"picked":"Omniscience","floor":16.0},{"not_picked":["ThirdEye","Halt"],"picked":"Wallop","floor":18.0},{"not_picked":["Wallop","Prostrate","WaveOfTheHand"],"picked":"SKIP","floor":19.0},{"not_picked":["CrushJoints+1","JustLucky","Wireheading"],"picked":"SKIP","floor":22.0},{"not_picked":["ReachHeaven+1","Pray"],"picked":"FlurryOfBlows","floor":24.0},{"not_picked":["EmptyMind","Replay:BluntJabs"],"picked":"Replay:DivineShield","floor":27.0},{"not_picked":["Consecrate","Replay:Cycle","FollowUp+1"],"picked":"SKIP","floor":30.0},{"not_picked":["FearNoEvil","BowlingBash+1","EmptyFist"],"picked":"SKIP","floor":31.0},{"not_picked":["BowlingBash+1","EmptyFist"],"picked":"FearNoEvil","floor":31.0},{"not_picked":["Omniscience","LessonLearned"],"picked":"Vault","floor":33.0},{"not_picked":["Replay:ManipulateFuture+1","Protect","Consecrate"],"picked":"SKIP","floor":35.0},{"not_picked":["Consecrate","EmptyBody","BowlingBash"],"picked":"SKIP","floor":37}],"player_experience":520080,"relics_obtained":[{"floor":6.0,"key":"Pen Nib"},{"floor":9.0,"key":"Bronze Scales"},{"floor":26.0,"key":"hubris:DuctTape"},{"floor":30.0,"key":"hubris:Reverence"}],"event_choices":[{"cards_removed":["Strike_P"],"damage_healed":0.0,"max_hp_gain":0.0,"max_hp_loss":0.0,"gold_gain":0.0,"event_name":"The Cleric","player_choice":"Card Removal","floor":3.0,"gold_loss":50.0,"damage_taken":0.0},{"damage_healed":0.0,"max_hp_gain":0.0,"max_hp_loss":0.0,"gold_gain":0.0,"event_name":"Lab","player_choice":"Got Potions","floor":4.0,"gold_loss":0.0,"damage_taken":0.0},{"damage_healed":0,"gold_gain":0,"player_choice":"Ignored","damage_taken":0,"max_hp_gain":0,"max_hp_loss":0,"event_name":"WeMeetAgain","floor":36,"gold_loss":0}],"is_beta":false,"boss_relics":[{"not_picked":["testmod-Recursion","conspire:SlowCooker"],"picked":"Replay:Bronze Core"},{"not_picked":["Abe\u0027s Treasure","testmod-BatchProcessingSystem","hubris:VirtuousBlindfold"]}],"items_purged_floors":[21],"is_endless":false,"potions_floor_spawned":[5,8,13,14,16,18,19,27,31],"killed_by":"Writhing Mass","ascension_level":0}}