{"host":"k5yjj86hwv5qv2gx","time":1612487247,"event":{"mods":["BaseMod","BetterRewards","Minty Spire (QoL Compilation)","StSLib"],"gold_per_floor":[118,118,137,137,151,184,184,211,211,227,240,257,291,332,332,420,420,431,454,454,463,488,523,535,570,570,614,643,643,643,668,668,742,742,757,757,772,782,800,828,863,863,863,890,890,918,962,1014,1014,1014,1014,1014,1014,15,43,43],"floor_reached":57,"language":"ENG","playtime":3297,"items_purged":["Strike_G","Strike_G","Strike_G","Writhe"],"score":4664,"play_id":"83e58b88-3da7-47f2-98bb-171ed47267de","local_time":"20210204170727","is_ascension_mode":true,"campfire_choices":[{"floor":7,"key":"DIG"},{"floor":15,"key":"DIG"},{"floor":29,"key":"DIG"},{"floor":32,"key":"DIG"},{"floor":45,"key":"DIG"},{"floor":49,"key":"RECALL"},{"floor":53,"key":"DIG"}],"circlet_count":0,"master_deck":["AscendersBane","Strike_G","Strike_G","Defend_G+1","Defend_G","Defend_G","Defend_G","Defend_G","Survivor","Neutralize","Blade Dance","Footwork+1","Backflip","Terror","Backflip","Blade Dance","Backflip","Adrenaline+1","Blur+1","Deflect+1","Deflect+1","Backflip","Blur","Backflip+1","Adrenaline+1","Blade Dance+1"],"relics":["Ring of the Snake","Peace Pipe","PreservedInsect","OrangePellets","Frozen Egg 2","Shuriken","TungstenRod","Shovel","Ancient Tea Set","Tough Bandages","WingedGreaves","HandDrill","Pocketwatch","CultistMask","Ninja Scroll","Ornamental Fan","StoneCalendar","Question Card","Regal Pillow","CeramicFish","Orichalcum","Runic Dome","Bag of Preparation","Calipers","Gambling Chip","Du-Vu Doll","The Courier","Bird Faced Urn","Mercury Hourglass","Nunchaku","HoveringKite","Prayer Wheel","Thread and Needle","Mango","Toxic Egg 2","Pen Nib","Lizard Tail","Ice Cream","Gremlin Horn","Membership Card","War Paint","InkBottle","Blood Vial","Happy Flower","Pear","HornCleat","CaptainsWheel","Boot","StrikeDummy","Paper Crane"],"acts_visited":["Exordium","TheCity","TheBeyond","TheEnding"],"potions_floor_usage":[6,6,56,56],"damage_taken":[{"damage":0,"enemies":"Small Slimes","floor":1,"turns":3},{"damage":2,"enemies":"Cultist","floor":3,"turns":4},{"damage":0,"enemies":"Jaw Worm","floor":5,"turns":4},{"damage":0,"enemies":"Gremlin Nob","floor":6,"turns":2},{"damage":1,"enemies":"Lagavulin","floor":8,"turns":4},{"damage":0,"enemies":"Looter","floor":10,"turns":3},{"damage":0,"enemies":"Blue Slaver","floor":11,"turns":1},{"damage":0,"enemies":"Lots of Slimes","floor":12,"turns":3},{"damage":0,"enemies":"Gremlin Nob","floor":13,"turns":3},{"damage":0,"enemies":"Lagavulin","floor":14,"turns":2},{"damage":0,"enemies":"Slime Boss","floor":16,"turns":5},{"damage":0,"enemies":"Spheric Guardian","floor":18,"turns":3},{"damage":0,"enemies":"2 Thieves","floor":19,"turns":4},{"damage":0,"enemies":"Centurion and Healer","floor":22,"turns":4},{"damage":0,"enemies":"Slavers","floor":23,"turns":6},{"damage":0,"enemies":"Snake Plant","floor":24,"turns":4},{"damage":0,"enemies":"Gremlin Leader","floor":25,"turns":6},{"damage":0,"enemies":"Book of Stabbing","floor":27,"turns":3},{"damage":0,"enemies":"Gremlin Leader","floor":28,"turns":3},{"damage":0,"enemies":"Cultist and Chosen","floor":31,"turns":3},{"damage":0,"enemies":"Collector","floor":33,"turns":6},{"damage":0,"enemies":"Orb Walker","floor":35,"turns":1},{"damage":0,"enemies":"3 Darklings","floor":37,"turns":4},{"damage":0,"enemies":"Transient","floor":38,"turns":6},{"damage":0,"enemies":"4 Shapes","floor":39,"turns":3},{"damage":0,"enemies":"Nemesis","floor":40,"turns":7},{"damage":0,"enemies":"Giant Head","floor":41,"turns":4},{"damage":0,"enemies":"Nemesis","floor":44,"turns":7},{"damage":0,"enemies":"Spire Growth","floor":46,"turns":4},{"damage":0,"enemies":"Giant Head","floor":47,"turns":5},{"damage":0,"enemies":"2 Orb Walkers","floor":48,"turns":4},{"damage":0,"enemies":"Awakened One","floor":50,"turns":16},{"damage":8,"enemies":"Time Eater","floor":51,"turns":10},{"damage":0,"enemies":"Shield and Spear","floor":55,"turns":5},{"damage":0,"enemies":"The Heart","floor":56,"turns":9}],"seed_played":"5121279858663268066","potions_obtained":[{"floor":8,"key":"Ancient Potion"},{"floor":12,"key":"SkillPotion"},{"floor":55,"key":"DuplicationPotion"}],"is_trial":false,"path_per_floor":["M","?","M","$","M","E","R","E","T","M","M","M","E","E","R","B",null,"M","M","?","?","M","E","M","E","T","E","E","R","T","M","R","B",null,"M","?","M","M","M","E","E","?","T","E","R","M","E","?","R","B","B",null,"R","$","E","B",null],"character_chosen":"THE_SILENT","items_purchased":["PreservedInsect","OrangePellets","Frozen Egg 2","Shuriken","Ancient Tea Set","Blade Dance","HandDrill","Footwork+1","Backflip","BlessingOfTheForge","DistilledChaos","Membership Card","War Paint","InkBottle","Blood Vial","Happy Flower","Pear","HornCleat","CaptainsWheel","Blade Dance+1","Boot","StrikeDummy"],"campfire_rested":0,"item_purchase_floors":[0,0,0,0,0,0,0,0,0,0,0,54,54,54,54,54,54,54,54,54,54,54],"current_hp_per_floor":[17,17,15,15,15,15,15,14,14,14,14,14,14,14,14,14,53,53,53,36,36,36,36,36,36,36,36,36,36,36,38,38,40,63,65,65,67,69,69,71,71,71,85,85,85,85,85,85,85,85,77,83,83,93,95,95],"gold":43,"neow_bonus":"","is_daily":false,"chose_seed":false,"campfire_upgraded":0,"win_rate":0.0,"timestamp":1612487247,"path_taken":["M","?","M","$","M","E","R","E","T","M","M","M","E","E","R","BOSS","M","?","?","?","M","E","M","E","T","E","E","R","?","M","R","BOSS","M","?","?","M","M","E","E","?","T","E","R","M","E","?","R","BOSS","BOSS","R","$","E","BOSS"],"items_purchased_type":["Relic","Relic","Relic","Relic","Relic","Card","Relic","Card","Card","Potion","Potion","Relic","Relic","Relic","Relic","Relic","Relic","Relic","Relic","Card","Relic","Relic"],"build_version":"2020-12-22","purchased_purges":4,"victory":true,"max_hp_per_floor":[66,66,66,66,66,66,66,66,66,66,66,66,66,66,66,66,66,66,66,71,71,71,71,71,71,71,71,71,71,71,71,71,71,71,71,71,71,71,71,71,71,71,85,85,85,85,85,85,85,85,85,85,85,95,95,95],"card_choices":[{"not_picked":["Flying Knee","Underhanded Strike","Poisoned Stab"],"picked":"SKIP","floor":1},{"not_picked":["Flying Knee","Flechettes"],"picked":"Terror","floor":3},{"not_picked":["Prepared","Infinite Blades+1","Sucker Punch"],"picked":"SKIP","floor":5},{"not_picked":["Acrobatics","PiercingWail"],"picked":"Backflip","floor":6},{"not_picked":["Eviscerate","Dagger Throw","Accuracy+1"],"picked":"SKIP","floor":8},{"not_picked":["PiercingWail","Deflect","Caltrops+1"],"picked":"Blade Dance","floor":10},{"not_picked":["Outmaneuver","Catalyst","Escape Plan","Doppelganger"],"picked":"SKIP","floor":11},{"not_picked":["Reflex","Distraction","Outmaneuver","Terror"],"picked":"SKIP","floor":12},{"not_picked":["Setup","Finisher","Sucker Punch","Infinite Blades+1"],"picked":"SKIP","floor":13},{"not_picked":["Accuracy+1","Noxious Fumes+1","Dagger Throw"],"picked":"Backflip","floor":14},{"not_picked":["Night Terror","A Thousand Cuts+1","Grand Finale"],"picked":"Adrenaline","floor":16},{"not_picked":["Noxious Fumes+1","Well Laid Plans+1","Underhanded Strike","Deadly Poison"],"picked":"SKIP","floor":18},{"not_picked":["Prepared","Deadly Poison","Sucker Punch+1"],"picked":"Endless Agony","floor":19},{"not_picked":["Underhanded Strike","Dagger Spray","Dagger Throw"],"picked":"Blur+1","floor":22},{"not_picked":["Outmaneuver+1","Die Die Die","Caltrops+1","Slice"],"picked":"SKIP","floor":23},{"not_picked":["Prepared","Escape Plan","Slice","Choke"],"picked":"SKIP","floor":24},{"not_picked":["Acrobatics","Caltrops+1","Quick Slash"],"picked":"Deflect+1","floor":25},{"not_picked":["All Out Attack","Bane","Backstab"],"picked":"Deflect+1","floor":27},{"not_picked":["Acrobatics","Choke","Deflect","Bane"],"picked":"SKIP","floor":28},{"not_picked":["Acrobatics","Underhanded Strike","Deflect"],"picked":"Backflip","floor":31},{"not_picked":["Flying Knee","Acrobatics+1","Outmaneuver+1","Dagger Spray+1"],"picked":"SKIP","floor":35},{"not_picked":["Skewer","Noxious Fumes+1","Accuracy+1","Underhanded Strike"],"picked":"SKIP","floor":37},{"not_picked":["Underhanded Strike","Crippling Poison","Wraith Form v2+1","Tactician"],"picked":"SKIP","floor":38},{"not_picked":["Prepared+1","Poisoned Stab","Flechettes+1","All Out Attack"],"picked":"SKIP","floor":39},{"not_picked":["Dagger Throw","Reflex","Noxious Fumes+1","Bane"],"picked":"SKIP","floor":40},{"not_picked":["Burst","Heel Hook","Eviscerate"],"picked":"Blur","floor":41},{"not_picked":["PiercingWail+1","Masterful Stab","Accuracy+1","Dodge and Roll+1"],"picked":"SKIP","floor":44},{"not_picked":["Deflect+1","Terror+1","Poisoned Stab"],"picked":"Backflip+1","floor":46},{"not_picked":["Sucker Punch","Prepared+1","Dagger Spray+1","PiercingWail+1"],"picked":"SKIP","floor":46},{"not_picked":["Concentrate+1","Deflect+1","Heel Hook"],"picked":"Adrenaline+1","floor":47},{"not_picked":["Quick Slash","Bane","Acrobatics+1","Distraction+1"],"picked":"SKIP","floor":55}],"player_experience":1167459,"relics_obtained":[{"floor":6,"key":"Ninja Scroll"},{"floor":7,"key":"Ornamental Fan"},{"floor":8,"key":"StoneCalendar"},{"floor":9,"key":"Question Card"},{"floor":13,"key":"Regal Pillow"},{"floor":14,"key":"CeramicFish"},{"floor":15,"key":"Orichalcum"},{"floor":23,"key":"Calipers"},{"floor":25,"key":"Gambling Chip"},{"floor":26,"key":"Du-Vu Doll"},{"floor":27,"key":"The Courier"},{"floor":28,"key":"Bird Faced Urn"},{"floor":29,"key":"Mercury Hourglass"},{"floor":32,"key":"Nunchaku"},{"floor":40,"key":"Prayer Wheel"},{"floor":41,"key":"Thread and Needle"},{"floor":43,"key":"Mango"},{"floor":44,"key":"Toxic Egg 2"},{"floor":45,"key":"Pen Nib"},{"floor":47,"key":"Lizard Tail"},{"floor":48,"key":"Ice Cream"},{"floor":53,"key":"Gremlin Horn"},{"floor":55,"key":"Paper Crane"}],"event_choices":[{"damage_healed":0,"gold_gain":0,"player_choice":"Trade","damage_taken":0,"relics_obtained":["CultistMask"],"max_hp_gain":0,"max_hp_loss":0,"event_name":"FaceTrader","floor":2,"gold_loss":0},{"damage_healed":0,"gold_gain":0,"player_choice":"Shed Blood","damage_taken":23,"max_hp_gain":5,"max_hp_loss":0,"event_name":"Forgotten Altar","floor":20,"gold_loss":0},{"damage_healed":0,"gold_gain":0,"player_choice":"Opened","damage_taken":0,"relics_obtained":["Bag of Preparation"],"max_hp_gain":0,"max_hp_loss":0,"event_name":"The Mausoleum","floor":21,"gold_loss":0,"cards_obtained":["Writhe"]},{"damage_healed":0,"gold_gain":0,"player_choice":"Ignored","damage_taken":0,"max_hp_gain":0,"max_hp_loss":0,"event_name":"SecretPortal","floor":36,"gold_loss":0},{"cards_removed":["Endless Agony"],"damage_healed":0,"gold_gain":0,"player_choice":"Removed Attack","damage_taken":0,"max_hp_gain":0,"max_hp_loss":0,"event_name":"Falling","floor":42,"gold_loss":0},{"damage_healed":0,"gold_gain":0,"player_choice":"Fight","damage_taken":0,"max_hp_gain":0,"max_hp_loss":0,"event_name":"Mysterious Sphere","floor":48,"gold_loss":0}],"is_beta":false,"boss_relics":[{"not_picked":["Cursed Key","Sozu"],"picked":"Runic Dome"},{"not_picked":["Snecko Eye","Tiny House"],"picked":"HoveringKite"}],"items_purged_floors":[0,0,0,54],"is_endless":false,"potions_floor_spawned":[1,5,8,12,13,18,19,22,27,33,37,38,41,48,55],"ascension_level":20}}