{"host":"ydg0vn0pu4pubmdt","time":1612542664,"event":{"mods":["AchievementEnabler","BaseMod","Colored Map","Gold Saver","Minty Spire (QoL Compilation)","Quick Restart","SuperFastMode"],"gold_per_floor":[762,762,775,786,280,292,292,342,368,368,383,399,474,488,488,559,559,559,406,406,406,406,406,406,406,406,406,406,406],"floor_reached":28,"language":"KOR","playtime":895,"items_purged":["Defend_G","Strike_G"],"score":500,"play_id":"57eb3464-e444-4be5-9d95-dc1699e99525","local_time":"20210206013104","is_ascension_mode":true,"campfire_choices":[{"data":"Cloak And Dagger","floor":7.0,"key":"SMITH"},{"floor":10.0,"key":"REST"},{"floor":15.0,"key":"REST"},{"floor":23,"key":"REST"},{"data":"Blade Dance","floor":25,"key":"SMITH"}],"circlet_count":0,"master_deck":["AscendersBane","Strike_G","Strike_G","Strike_G","Defend_G","Defend_G","Defend_G","Defend_G","Survivor","Neutralize","Cloak And Dagger+1","Poisoned Stab","Dagger Spray","Infinite Blades","Predator","Endless Agony","PiercingWail","Blade Dance","Blade Dance+1","Backflip","Finisher"],"relics":["Ring of the Snake","Old Coin","Kunai","Orichalcum","Ectoplasm","Red Mask","Juzu Bracelet","Anchor","Dream Catcher"],"acts_visited":["Exordium","TheCity"],"potions_floor_usage":[21],"damage_taken":[{"damage":3.0,"enemies":"Cultist","floor":1.0,"turns":4.0},{"damage":0.0,"enemies":"Jaw Worm","floor":3.0,"turns":4.0},{"damage":0.0,"enemies":"2 Louse","floor":4.0,"turns":3.0},{"damage":16.0,"enemies":"Lots of Slimes","floor":6.0,"turns":4.0},{"damage":0.0,"enemies":"2 Fungi Beasts","floor":11.0,"turns":4.0},{"damage":15.0,"enemies":"Exordium Wildlife","floor":12.0,"turns":4.0},{"damage":1.0,"enemies":"Looter","floor":14.0,"turns":3.0},{"damage":3.0,"enemies":"Hexaghost","floor":16.0,"turns":8.0},{"damage":6.0,"enemies":"3 Byrds","floor":18.0,"turns":5.0},{"damage":4.0,"enemies":"Chosen","floor":20.0,"turns":3.0},{"damage":27,"enemies":"Masked Bandits","floor":21,"turns":4},{"damage":0,"enemies":"Centurion and Healer","floor":22,"turns":6},{"damage":4,"enemies":"Gremlin Leader","floor":24,"turns":9},{"damage":30,"enemies":"Book of Stabbing","floor":27,"turns":6},{"damage":9,"enemies":"Cultist and Chosen","floor":28,"turns":3}],"seed_played":"-5028464592567674463","potions_obtained":[{"floor":3.0,"key":"CultistPotion"},{"floor":12.0,"key":"DistilledChaos"},{"floor":16.0,"key":"Explosive Potion"},{"floor":18.0,"key":"Dexterity Potion"}],"is_trial":false,"path_per_floor":["M","?","M","M","$","M","R","?","T","R","M","M","?","M","R","B",null,"M","$","M","?","M","R","E","R","T","E","M"],"character_chosen":"THE_SILENT","items_purchased":["Kunai","Infinite Blades","Predator","Blade Dance"],"campfire_rested":3,"item_purchase_floors":[5,5,5,19],"current_hp_per_floor":[41,34,34,34,34,18,18,18,18,37,37,22,11,10,29,26,56,50,50,46,19,19,38,34,34,34,4,0,0],"gold":406,"neow_bonus":"ONE_RARE_RELIC","is_daily":false,"chose_seed":false,"campfire_upgraded":2,"win_rate":0.0,"timestamp":1612542664,"path_taken":["M","?","M","M","$","M","R","?","T","R","?","M","?","M","R","BOSS","M","$","M","?","M","R","E","R","T","E","M"],"items_purchased_type":["Relic","Card","Card","Card"],"build_version":"2020-12-22","purchased_purges":2,"victory":false,"max_hp_per_floor":[66,66,66,66,66,66,66,66,66,66,66,66,66,66,66,66,66,66,66,66,66,66,66,66,66,66,66,66,66],"card_choices":[{"not_picked":["PiercingWail","Outmaneuver"],"picked":"Cloak And Dagger","floor":1.0},{"not_picked":["Masterful Stab","Flying Knee"],"picked":"Poisoned Stab","floor":3.0},{"not_picked":["Masterful Stab","Calculated Gamble"],"picked":"Dagger Spray","floor":4.0},{"not_picked":["Setup","Endless Agony","Acrobatics"],"picked":"SKIP","floor":6.0},{"not_picked":["Setup","Acrobatics"],"picked":"Endless Agony","floor":6.0},{"not_picked":["Outmaneuver","Deflect","Skewer"],"picked":"SKIP","floor":11.0},{"not_picked":["Footwork","Flechettes","Poisoned Stab"],"picked":"SKIP","floor":12.0},{"not_picked":["Dash","Infinite Blades"],"picked":"PiercingWail","floor":14.0},{"not_picked":["Quick Slash","Riddle With Holes"],"picked":"Blade Dance","floor":18.0},{"not_picked":["Slice","Reflex"],"picked":"Backflip","floor":20.0},{"not_picked":["PiercingWail","Dagger Throw","Dodge and Roll"],"picked":"SKIP","floor":22},{"not_picked":["Grand Finale","Underhanded Strike","Flying Knee"],"picked":"SKIP","floor":24},{"not_picked":["Poisoned Stab","Backflip"],"picked":"Finisher","floor":27}],"player_experience":624759,"relics_obtained":[{"floor":9.0,"key":"Orichalcum"},{"floor":21,"key":"Red Mask"},{"floor":24,"key":"Juzu Bracelet"},{"floor":26,"key":"Anchor"},{"floor":27,"key":"Dream Catcher"}],"event_choices":[{"cards_removed":["Strike_G"],"damage_healed":0.0,"max_hp_gain":0.0,"max_hp_loss":0.0,"gold_gain":0.0,"event_name":"Golden Wing","player_choice":"Card Removal","floor":2.0,"gold_loss":0.0,"damage_taken":7.0},{"damage_healed":0.0,"max_hp_gain":0.0,"max_hp_loss":0.0,"gold_gain":50.0,"event_name":"Golden Shrine","player_choice":"Pray","floor":8.0,"gold_loss":0.0,"damage_taken":0.0},{"damage_healed":0.0,"max_hp_gain":0.0,"max_hp_loss":0.0,"gold_gain":75.0,"event_name":"World of Goop","player_choice":"Gather Gold","floor":13.0,"gold_loss":0.0,"damage_taken":11.0},{"damage_healed":0,"gold_gain":0,"player_choice":"Fought Bandits","damage_taken":0,"max_hp_gain":0,"max_hp_loss":0,"event_name":"Masked Bandits","floor":21,"gold_loss":0}],"is_beta":false,"boss_relics":[{"not_picked":["Black Star","Calling Bell"],"picked":"Ectoplasm"}],"items_purged_floors":[5,19],"is_endless":false,"potions_floor_spawned":[3,12,16,18,20],"killed_by":"Cultist and Chosen","ascension_level":20}}