{"host":"egecq8lksgzqg7v3","time":1612535891,"event":{"mods":["AchievementEnabler","Alarm Clock","BaseMod","Bestiary","Better Third Choice","Colored Map","Marisa????????","Minty Spire (QoL Compilation)","StSLib","Synergy Search","The Bug Knight"],"gold_per_floor":[114,114,94,114,125,145,145,160,160,160,175,29,40,40,40,136,136],"floor_reached":16,"language":"ENG","playtime":1942,"items_purged":["DarkSpark"],"score":144,"play_id":"2b30cb1d-26ed-4eb7-8d2b-e3732c6ad81c","local_time":"20210205093811","is_ascension_mode":false,"campfire_choices":[{"data":"MilkyWay","floor":7,"key":"SMITH"},{"data":"UpSweep","floor":10,"key":"SMITH"},{"floor":15,"key":"REST"}],"circlet_count":0,"master_deck":["Strike_MRS","Strike_MRS","Strike_MRS","Strike_MRS","Defend_MRS","Defend_MRS","Defend_MRS","Defend_MRS","MasterSpark","UpSweep+1","PulseMagic","Regret","WitchLeyline","MilkyWay+1","MagicAbsorber","SatelliteIllusion","DeepEcoloBomb","LuminesStrike","CasketOfStar"],"relics":["MiniHakkero","Gremlin Horn","Mummified Hand"],"acts_visited":["Exordium"],"potions_floor_usage":[6,16,16],"damage_taken":[{"damage":0,"enemies":"Cultist","floor":1,"turns":3},{"damage":4,"enemies":"Jaw Worm","floor":4,"turns":3},{"damage":14,"enemies":"Small Slimes","floor":5,"turns":4},{"damage":8,"enemies":"Exordium Wildlife","floor":6,"turns":2},{"damage":2,"enemies":"Looter","floor":8,"turns":3},{"damage":13,"enemies":"Large Slime","floor":11,"turns":6},{"damage":5,"enemies":"2 Fungi Beasts","floor":13,"turns":3},{"damage":47,"enemies":"Slime Boss","floor":16,"turns":12}],"seed_played":"2040339473613436244","potions_obtained":[{"floor":1,"key":"LiquidMemories"},{"floor":3,"key":"DuplicationPotion"},{"floor":13,"key":"ColorlessPotion"}],"is_trial":false,"path_per_floor":["M","?","?","M","M","M","R","M","T","R","M","$","M","$","R","B"],"character_chosen":"MARISA","items_purchased":["DeepEcoloBomb"],"campfire_rested":1,"item_purchase_floors":[12],"current_hp_per_floor":[82,82,82,78,64,56,56,54,54,54,41,41,36,36,60,13,13],"gold":136,"neow_bonus":"TEN_PERCENT_HP_BONUS","is_daily":false,"chose_seed":false,"campfire_upgraded":2,"win_rate":0.0,"timestamp":1612535891,"path_taken":["M","?","?","M","M","M","R","M","T","R","?","?","M","$","R","BOSS"],"items_purchased_type":["Card"],"build_version":"2020-12-22","purchased_purges":1,"victory":false,"max_hp_per_floor":[82,82,82,82,82,82,82,82,82,82,82,82,82,82,82,82,82],"card_choices":[{"not_picked":["GravityBeat","GalacticHalo"],"picked":"PulseMagic","floor":1},{"not_picked":["DC","MeteoricShower"],"picked":"DarkSpark","floor":4},{"not_picked":["Robbery","ShootingEcho"],"picked":"WitchLeyline","floor":5},{"not_picked":["NonDirectionalLaser","GravityBeat"],"picked":"MilkyWay","floor":6},{"not_picked":["WitchOfGreed","GravityBeat"],"picked":"MagicAbsorber","floor":8},{"not_picked":["GrandCross","6A"],"picked":"SatelliteIllusion","floor":11},{"not_picked":["MagicChant","WitchLeyline"],"picked":"LuminesStrike","floor":13},{"not_picked":["StarDustReverie","TreasureHunter"],"picked":"CasketOfStar","floor":16}],"player_experience":223993,"relics_obtained":[{"floor":9,"key":"Mummified Hand"}],"event_choices":[{"damage_healed":0,"gold_gain":0,"player_choice":"Box","damage_taken":0,"relics_obtained":["Gremlin Horn"],"max_hp_gain":0,"max_hp_loss":0,"event_name":"Big Fish","floor":2,"gold_loss":0,"cards_obtained":["Regret"]},{"damage_healed":0,"gold_gain":0,"player_choice":"Bought 1 Potion","damage_taken":0,"max_hp_gain":0,"max_hp_loss":0,"event_name":"The Woman in Blue","floor":3,"gold_loss":0}],"is_beta":false,"boss_relics":[],"items_purged_floors":[12],"is_endless":false,"potions_floor_spawned":[1,13],"killed_by":"Slime Boss","ascension_level":0}}