{"host":"ydg0vn0pu4pubmdt","time":1612521469,"event":{"mods":["AchievementEnabler","BaseMod","Colored Map","Gold Saver","Minty Spire (QoL Compilation)","Quick Restart","SuperFastMode"],"gold_per_floor":[118,128,53,53,70,70,90,119,119,119,119,119,178,191,191,267,267,279,294,29,29,29,29,40,40,63,63,91,91,107,107,107],"floor_reached":31,"language":"KOR","playtime":2108,"items_purged":["Strike_G","Strike_G"],"score":556,"play_id":"076a4ed0-68a4-49a8-abcb-723f45e4d421","local_time":"20210205193749","is_ascension_mode":true,"campfire_choices":[{"data":"Bullet Time","floor":6.0,"key":"SMITH"},{"data":"Cloak And Dagger","floor":10.0,"key":"SMITH"},{"data":"Well Laid Plans","floor":15.0,"key":"SMITH"},{"floor":23,"key":"REST"},{"floor":25,"key":"REST"}],"circlet_count":0,"master_deck":["AscendersBane","Strike_G","Strike_G","Strike_G","Defend_G","Defend_G","Defend_G","Defend_G","Survivor","Neutralize","Blade Dance+1","Escape Plan","Bullet Time+1","Noxious Fumes","Cloak And Dagger+1","Well Laid Plans+1","Poisoned Stab","Glass Knife","Backflip+1","Backstab","Adrenaline","Die Die Die","Blur","Adrenaline"],"relics":["Ring of the Snake","NeowsBlessing","Snake Skull","Tiny Chest","Gremlin Horn","Paper Crane","SacredBark","Bag of Marbles","Vajra","Pocketwatch","Bottled Lightning","Sundial"],"acts_visited":["Exordium","TheCity"],"potions_floor_usage":[28],"damage_taken":[{"damage":0.0,"enemies":"2 Louse","floor":1.0,"turns":1.0},{"damage":0.0,"enemies":"Cultist","floor":2.0,"turns":1.0},{"damage":0.0,"enemies":"Jaw Worm","floor":5.0,"turns":1.0},{"damage":1.0,"enemies":"Looter","floor":7.0,"turns":4.0},{"damage":14.0,"enemies":"3 Sentries","floor":8.0,"turns":8.0},{"damage":23.0,"enemies":"Gremlin Nob","floor":13.0,"turns":4.0},{"damage":0.0,"enemies":"3 Louse","floor":14.0,"turns":4.0},{"damage":46.0,"enemies":"Slime Boss","floor":16.0,"turns":11.0},{"damage":29.0,"enemies":"Spheric Guardian","floor":18.0,"turns":6.0},{"damage":15.0,"enemies":"3 Byrds","floor":19.0,"turns":6.0},{"damage":20,"enemies":"Shelled Parasite and Fungi","floor":24,"turns":5},{"damage":0,"enemies":"Gremlin Leader","floor":28,"turns":5},{"damage":16,"enemies":"Centurion and Healer","floor":30,"turns":3},{"damage":9,"enemies":"Snake Plant","floor":31,"turns":1}],"seed_played":"4219679344636889225","potions_obtained":[{"floor":5.0,"key":"Block Potion"},{"floor":8.0,"key":"SmokeBomb"},{"floor":14.0,"key":"FairyPotion"},{"floor":16.0,"key":"Swift Potion"},{"floor":18.0,"key":"PowerPotion"}],"is_trial":false,"path_per_floor":["M","M","$","?","M","R","M","E","T","R","?","T","?","M","R","B",null,"M","M","$","T","?","R","M","R","T","?","E","T","M","M"],"character_chosen":"THE_SILENT","items_purchased":["Adrenaline"],"campfire_rested":2,"item_purchase_floors":[20],"current_hp_per_floor":[59,59,59,59,59,59,58,44,44,44,37,37,14,14,14,2,50,21,6,6,6,6,25,5,24,24,24,24,24,8,0,0],"gold":107,"neow_bonus":"THREE_ENEMY_KILL","is_daily":false,"chose_seed":false,"campfire_upgraded":3,"win_rate":0.0,"timestamp":1612521469,"path_taken":["M","M","$","?","?","R","M","E","T","R","?","?","?","M","R","BOSS","M","M","$","?","?","R","?","R","T","?","E","?","?","M"],"items_purchased_type":["Card"],"build_version":"2020-12-22","purchased_purges":2,"victory":false,"max_hp_per_floor":[66,66,66,66,66,66,66,66,66,66,66,66,66,66,66,66,66,66,66,66,66,66,66,66,66,66,66,66,66,66,66,66],"card_choices":[{"not_picked":["Poisoned Stab","Dagger Spray"],"picked":"Blade Dance","floor":1.0},{"not_picked":["Dodge and Roll","Deflect"],"picked":"Escape Plan","floor":2.0},{"not_picked":["Quick Slash","Reflex"],"picked":"Bullet Time","floor":5.0},{"not_picked":["Riddle With Holes","All Out Attack"],"picked":"Noxious Fumes","floor":7.0},{"not_picked":["Noxious Fumes","Dagger Throw"],"picked":"Cloak And Dagger","floor":8.0},{"not_picked":["Escape Plan","Prepared"],"picked":"Well Laid Plans","floor":13.0},{"not_picked":["Noxious Fumes","Catalyst"],"picked":"Poisoned Stab","floor":14.0},{"not_picked":["Venomology","Unload"],"picked":"Glass Knife","floor":16.0},{"not_picked":["Acrobatics+1","Deadly Poison"],"picked":"Backflip+1","floor":18.0},{"not_picked":["Backflip","Riddle With Holes+1"],"picked":"Backstab","floor":19.0},{"not_picked":["Flying Knee","Catalyst"],"picked":"Blur","floor":24},{"not_picked":["Prepared","Outmaneuver","Finisher"],"picked":"SKIP","floor":28},{"not_picked":["Deflect","Choke"],"picked":"Adrenaline","floor":30}],"player_experience":618098,"relics_obtained":[{"floor":8.0,"key":"Snake Skull"},{"floor":9.0,"key":"Tiny Chest"},{"floor":12.0,"key":"Gremlin Horn"},{"floor":13.0,"key":"Paper Crane"},{"floor":21.0,"key":"Bag of Marbles"},{"floor":26,"key":"Vajra"},{"floor":28,"key":"Bottled Lightning"},{"floor":29,"key":"Sundial"}],"event_choices":[{"damage_healed":0.0,"max_hp_gain":0.0,"max_hp_loss":0.0,"gold_gain":0.0,"event_name":"Upgrade Shrine","player_choice":"Upgraded","floor":4.0,"gold_loss":0.0,"damage_taken":0.0,"cards_upgraded":["Blade Dance"]},{"cards_removed":["Defend_G"],"damage_healed":0.0,"max_hp_gain":0.0,"max_hp_loss":0.0,"gold_gain":0.0,"event_name":"Golden Wing","player_choice":"Card Removal","floor":11.0,"gold_loss":0.0,"damage_taken":7.0},{"damage_healed":0.0,"max_hp_gain":0.0,"max_hp_loss":0.0,"gold_gain":0.0,"event_name":"Dead Adventurer","player_choice":"Searched \u00271\u0027 times","floor":13.0,"gold_loss":0.0,"damage_taken":0.0},{"damage_healed":0,"gold_gain":0,"player_choice":"1 cards matched","damage_taken":0,"max_hp_gain":0,"max_hp_loss":0,"event_name":"Match and Keep!","floor":22,"gold_loss":0,"cards_obtained":["Die Die Die"]},{"damage_healed":0,"gold_gain":0,"player_choice":"Gave Potion","damage_taken":0,"relics_obtained":["Pocketwatch"],"max_hp_gain":0,"max_hp_loss":0,"event_name":"WeMeetAgain","floor":27,"gold_loss":0}],"is_beta":false,"boss_relics":[{"not_picked":["Fusion Hammer","Calling Bell"],"picked":"SacredBark"}],"items_purged_floors":[3,20],"is_endless":false,"potions_floor_spawned":[5,8,14,16,18,19,24],"killed_by":"Snake Plant","ascension_level":20}}