{"host":"l2dnabsh5e0fsksb","time":1612527787,"event":{"mods":["2.2 Compatiblity","BaseMod","Downfall","Minty Spire (QoL Compilation)","Quick Restart","StSLib"],"gold_per_floor":[99,111,129,279,129,145,145,161,61,75,91,117,117,129,139,217,217,217,229,229,229,246,261,285,185,204,229,245,255,355,386,386,463,463,463,479,479,779,158,177,177,162,193,93,147,147,147,159,159,159,159],"floor_reached":49,"language":"ENG","playtime":1737,"items_purged":[],"score":1040,"play_id":"6bd30d31-05c8-43e0-a8c2-915ef911946a","local_time":"20210205225307","is_ascension_mode":true,"campfire_choices":[{"floor":1.0,"key":"RECALL"},{"data":"bronze:Iterate","floor":9.0,"key":"SMITH"},{"data":"bronze:WhirlingStrike","floor":13.0,"key":"SMITH"},{"data":"bronze:Verify","floor":18.0,"key":"SMITH"},{"floor":25.0,"key":"REST"},{"floor":35.0,"key":"REST"},{"floor":44,"key":"REST"},{"floor":46,"key":"REST"}],"circlet_count":0,"master_deck":["AscendersBane","bronze:Strike+1","bronze:Strike+1","bronze:Strike+1","bronze:Strike+1","bronze:Defend+1","bronze:Defend+1","bronze:Defend+1","bronze:Defend+1","bronze:Replicate","bronze:Iterate+1","bronze:BronzeOrb","bronze:Iterate","bronze:Constructor","bronze:Iterate","bronze:BronzeArmor","bronze:WhirlingStrike+1","bronze:DelayedSlice","bronze:DelayedGuard","bronze:Verify+1","bronze:ClassDefault","bronze:ForceShield","bronze:Separator","bronze:ChildClass+1","bronze:FineTuning","bronze:Boost","bronze:ItsAFeature","bronze:Philosophize","expansioncontent:Chronoboost","expansioncontent:AwakenDeath","expansioncontent:YouAreMine","bronze:CutThrough+1","bronze:Allocate+1","bronze:ClassDefault+1","bronze:Return","bronze:Terminator"],"relics":["bronze:BronzeCore","Ice Cream","Mummified Hand","downfall:HeartBlessingRed","Ancient Tea Set","bronze:MakeshiftBattery","downfall:HeartBlessingBlue","Mercury Hourglass","Mango","Meat on the Bone","Bronze Scales","bronze:ElectromagneticCoil","Old Coin","Omamori","ClockworkSouvenir","Matryoshka","Anchor","Bag of Marbles","Akabeko","downfall:HeartBlessingGreen","StoneCalendar"],"acts_visited":["Exordium","TheCity","TheBeyond"],"potions_floor_usage":[43],"damage_taken":[{"damage":0.0,"enemies":"2 Louse","floor":2.0,"turns":3.0},{"damage":2.0,"enemies":"Jaw Worm","floor":3.0,"turns":3.0},{"damage":0.0,"enemies":"Cultist","floor":6.0,"turns":4.0},{"damage":10.0,"enemies":"Blue Slaver","floor":8.0,"turns":3.0},{"damage":0.0,"enemies":"Large Slime","floor":10.0,"turns":4.0},{"damage":0.0,"enemies":"3 Louse","floor":11.0,"turns":2.0},{"damage":13.0,"enemies":"Gremlin Nob","floor":12.0,"turns":4.0},{"damage":0.0,"enemies":"Exordium Wildlife","floor":14.0,"turns":1.0},{"damage":5.0,"enemies":"Exordium Thugs","floor":15.0,"turns":2.0},{"damage":17.0,"enemies":"IC_STATUS_ARCHETYPE","floor":16.0,"turns":7.0},{"damage":4.0,"enemies":"Spheric Guardian","floor":19.0,"turns":4.0},{"damage":20.0,"enemies":"Snake Plant","floor":22.0,"turns":6.0},{"damage":9.0,"enemies":"Sentry and Sphere","floor":23.0,"turns":4.0},{"damage":0.0,"enemies":"Snecko","floor":26.0,"turns":3.0},{"damage":26.0,"enemies":"Gremlin Leader","floor":27.0,"turns":8.0},{"damage":6.0,"enemies":"Shelled Parasite and Fungi","floor":28.0,"turns":4.0},{"damage":0.0,"enemies":"Centurion and Healer","floor":29.0,"turns":4.0},{"damage":1.0,"enemies":"Colosseum Nobs","floor":30.0,"turns":3.0},{"damage":0.0,"enemies":"Book of Stabbing","floor":31.0,"turns":4.0},{"damage":0.0,"enemies":"Snecko","floor":32.0,"turns":1.0},{"damage":27.0,"enemies":"SI_MIRROR_ARCHETYPE","floor":33.0,"turns":7.0},{"damage":10.0,"enemies":"Orb Walker","floor":36.0,"turns":2.0},{"damage":0.0,"enemies":"downfall:FleeingMerchant","floor":39.0,"turns":4.0},{"damage":30.0,"enemies":"3 Darklings","floor":40.0,"turns":5.0},{"damage":16.0,"enemies":"downfall:FleeingMerchant","floor":42.0,"turns":4.0},{"damage":17,"enemies":"Reptomancer","floor":43,"turns":5},{"damage":43,"enemies":"2 Orb Walkers","floor":45,"turns":4},{"damage":64,"enemies":"Transient","floor":48,"turns":5},{"damage":41,"enemies":"Writhing Mass","floor":49,"turns":3}],"seed_played":"3974431431601861114","potions_obtained":[{"floor":8.0,"key":"Ancient Potion"},{"floor":10.0,"key":"PowerPotion"},{"floor":16.0,"key":"LiquidMemories"},{"floor":22.0,"key":"bronze:FreeFunctionsPotion"},{"floor":26.0,"key":"GamblersBrew"},{"floor":27.0,"key":"Fire Potion"},{"floor":31.0,"key":"SmokeBomb"},{"floor":33.0,"key":"sneckomod:MuddlingPotion"},{"floor":40.0,"key":"BlessingOfTheForge"}],"is_trial":false,"path_per_floor":["R","M","M","?","?","M","T","M","R","M","M","E","R","M","M","B",null,"R","M","?","?","M","M","T","R","M","E","M","M","?","E","M","B",null,"R","M","?","T","$","M","T","$","E","R","?","R","?","M","M"],"character_chosen":"THE_AUTOMATON","items_purchased":["Omamori","ClockworkSouvenir","Matryoshka"],"campfire_rested":4,"item_purchase_floors":[39,39,39],"current_hp_per_floor":[57,57,55,55,67,67,67,57,57,57,57,44,44,44,39,22,56,56,52,52,52,32,23,23,56,56,30,24,24,37,49,49,34,77,91,81,71,71,71,53,53,49,44,71,40,67,67,15,0,0,0],"gold":159,"neow_bonus":"ONE_RARE_RELIC","is_daily":false,"chose_seed":false,"campfire_upgraded":3,"win_rate":0.0,"timestamp":1612527787,"path_taken":["R","M","M","?","?","M","T","M","R","M","?","E","R","M","M","BOSS","R","M","?","?","M","M","T","R","M","E","M","M","?","E","M","BOSS","R","M","?","?","$","?","T","?","E","R","?","R","?","M","M"],"items_purchased_type":["Relic","Relic","Relic"],"build_version":"2020-12-22","purchased_purges":0,"victory":false,"max_hp_per_floor":[57,57,57,57,67,67,67,67,67,67,67,67,67,67,67,67,67,67,67,67,67,67,67,67,77,77,77,77,77,91,91,91,91,91,91,91,91,91,91,91,91,91,91,91,91,91,91,91,91,91,91],"card_choices":[{"not_picked":["bronze:BugBarrage","bronze:WildBeam"],"picked":"bronze:Iterate","floor":2.0},{"not_picked":["bronze:Fortify","bronze:Deprecate"],"picked":"bronze:BronzeOrb","floor":3.0},{"not_picked":["bronze:Shield","bronze:WhirlingStrike"],"picked":"bronze:Iterate","floor":6.0},{"not_picked":["bronze:NullPointer","bronze:Branch"],"picked":"bronze:Constructor","floor":8.0},{"not_picked":["bronze:BugBarrage","bronze:WildBeam"],"picked":"bronze:Iterate","floor":10.0},{"not_picked":["bronze:Deprecate","bronze:ClassDefault"],"picked":"bronze:BronzeArmor","floor":11.0},{"not_picked":["bronze:Constructor","bronze:Break"],"picked":"bronze:WhirlingStrike","floor":12.0},{"not_picked":["bronze:CutThrough","bronze:Refactor"],"picked":"bronze:DelayedSlice","floor":14.0},{"not_picked":["bronze:BuggyMess","bronze:Shield"],"picked":"bronze:DelayedGuard","floor":15.0},{"not_picked":["bronze:RecursiveStrike","bronze:Mutator"],"picked":"bronze:Verify","floor":16.0},{"not_picked":["bronze:BuggyMess","bronze:DelayedGuard"],"picked":"bronze:ClassDefault","floor":19.0},{"not_picked":["bronze:NullPointer","bronze:CloningBeam"],"picked":"bronze:ForceShield","floor":22.0},{"not_picked":["bronze:Frontload","bronze:DigitalCarnage","bronze:Turbo"],"picked":"SKIP","floor":23.0},{"not_picked":["bronze:NullPointer","bronze:Shield"],"picked":"bronze:Separator","floor":26.0},{"not_picked":["bronze:Invalidate","bronze:Shield+1"],"picked":"bronze:ChildClass+1","floor":27.0},{"not_picked":["bronze:ClassDefault","bronze:Backtrace","bronze:Refactor+1"],"picked":"SKIP","floor":28.0},{"not_picked":["bronze:Turbo","bronze:InfiniteLoop"],"picked":"bronze:FineTuning","floor":29.0},{"not_picked":["bronze:WildBeam+1","bronze:BuggyMess"],"picked":"bronze:Boost","floor":30.0},{"not_picked":["bronze:Deprecate","bronze:Allocate"],"picked":"bronze:ItsAFeature","floor":31.0},{"not_picked":["bronze:Shield","bronze:Turbo+1"],"picked":"bronze:Philosophize","floor":36.0},{"not_picked":["expansioncontent:GuardianWhirl","expansioncontent:AwakenDeath"],"picked":"expansioncontent:Chronoboost","floor":37.0},{"not_picked":["expansioncontent:GuardianWhirl","expansioncontent:PolyBeam"],"picked":"expansioncontent:AwakenDeath","floor":37.0},{"not_picked":["expansioncontent:AwakenDeath","expansioncontent:Hexaburn"],"picked":"expansioncontent:YouAreMine","floor":37.0},{"not_picked":["bronze:Backtrace+1","bronze:InfiniteLoop"],"picked":"bronze:CutThrough+1","floor":39.0},{"not_picked":["bronze:Invalidate","bronze:Shield"],"picked":"bronze:Allocate+1","floor":40.0},{"not_picked":["bronze:BitShift","bronze:Overload+1"],"picked":"bronze:ClassDefault+1","floor":42.0},{"not_picked":["bronze:Frontload","bronze:BitShift"],"picked":"bronze:Return","floor":43},{"not_picked":["bronze:DigitalCarnage","bronze:BitShift"],"picked":"bronze:Terminator","floor":48}],"player_experience":1903962,"relics_obtained":[{"floor":7.0,"key":"Mummified Hand"},{"floor":12.0,"key":"Ancient Tea Set"},{"floor":27.0,"key":"Mercury Hourglass"},{"floor":30.0,"key":"Mango"},{"floor":30.0,"key":"Meat on the Bone"},{"floor":31.0,"key":"Bronze Scales"},{"floor":38.0,"key":"Old Coin"},{"floor":41.0,"key":"Anchor"},{"floor":41.0,"key":"Bag of Marbles"},{"floor":43,"key":"Akabeko"},{"floor":45,"key":"StoneCalendar"}],"event_choices":[{"damage_healed":0,"gold_gain":0,"player_choice":"Fight","damage_taken":0,"max_hp_gain":0,"max_hp_loss":0,"event_name":"Mysterious Sphere","floor":45,"gold_loss":0}],"is_beta":false,"boss_relics":[{"not_picked":["SacredBark","Coffee Dripper"],"picked":"bronze:MakeshiftBattery"},{"not_picked":["Tiny House","Fusion Hammer"],"picked":"bronze:ElectromagneticCoil"}],"items_purged_floors":[],"is_endless":false,"potions_floor_spawned":[8,10,16,22,26,27,31,33,40],"killed_by":"Writhing Mass","ascension_level":16}}