{"host":"0iey8v53xvwqxh5z","time":1612507019,"event":{"mods":["BaseMod","BetterRewards","Downfall","Hubris","Minty Spire (QoL Compilation)","Relic Stats","Replay The Spire","Shop Mod","StSLib"],"gold_per_floor":[109,59,59,59,72,102,102,122,147,159,169,201,219,236,236,331,331,343,358,190,190,200,232,232,267,321,321,321,321,422,455,455,552,552,562,576,588,148,161,191,204,231,282,282,282,52,80,93,93,93,93,93,53,84,84],"floor_reached":56,"language":"ENG","playtime":3333,"items_purged":["Strike_G","Strike_G","Defend_G","Defend_G"],"score":1976,"play_id":"9cf59b95-8576-4baa-911e-5a41ef0a7f28","local_time":"20210205013659","is_ascension_mode":true,"campfire_choices":[{"data":"After Image","floor":7.0,"key":"SMITH"},{"data":"Well Laid Plans","floor":15.0,"key":"SMITH"},{"data":"Fluid Movement","floor":24.0,"key":"SMITH"},{"data":"Blade Dance","floor":27.0,"key":"SMITH"},{"data":"Blade Dance","floor":29.0,"key":"SMITH"},{"data":"Strike_G","floor":32.0,"key":"PURGE"},{"data":"Accuracy","floor":45,"key":"SMITH"},{"floor":49,"key":"RECALL"},{"data":"Accuracy","floor":52,"key":"SMITH"}],"circlet_count":0,"master_deck":["Defend_G","Defend_G","Survivor","Neutralize","After Image+1","Blade Dance+1","Blade Dance","Well Laid Plans+1","Blade Dance+1","Hidden Blade","Adrenaline","Dodge and Roll+1","Fluid Movement+1","ReplayTheSpireMod:Splinters","Blur+1","Blade Dance","Adrenaline","Accuracy+1","Quick Slash+1","Accuracy+1","Escape Plan+1","Terror+1","Accuracy"],"relics":["Ring of the Snake","hubris:FunFungus","OrangePellets","Lantern","Quantum Egg","ReplayTheSpireMod:Shallot","Oddly Smooth Stone","Gremlin Food","Runic Dome","Blue Candle","Replay:Accelerometer","ReplayFunnel","hubris:AncientText","Bag of Marbles","ReplayTheSpireMod:Lightbulb","Empty Cage","hubris:CrystalStatue","Letter Opener","Blood Vial","Membership Card","Dream Catcher","Nunchaku"],"acts_visited":["Exordium","TheCity","TheBeyond","TheEnding"],"potions_floor_usage":[54,55,55],"damage_taken":[{"damage":0.0,"enemies":"2 Louse","floor":1.0,"turns":16.0},{"damage":0.0,"enemies":"Small Slimes","floor":5.0,"turns":3.0},{"damage":13.0,"enemies":"Gremlin Nob","floor":6.0,"turns":3.0},{"damage":0.0,"enemies":"Jaw Worm","floor":8.0,"turns":6.0},{"damage":1.0,"enemies":"Blue Slaver","floor":10.0,"turns":10.0},{"damage":0.0,"enemies":"3 Louse","floor":11.0,"turns":6.0},{"damage":0.0,"enemies":"Lagavulin","floor":12.0,"turns":8.0},{"damage":0.0,"enemies":"Looter","floor":13.0,"turns":2.0},{"damage":0.0,"enemies":"Blue Slaver","floor":14.0,"turns":3.0},{"damage":4.0,"enemies":"The Guardian","floor":16.0,"turns":13.0},{"damage":0.0,"enemies":"3 Byrds","floor":18.0,"turns":4.0},{"damage":0.0,"enemies":"Spheric Guardian","floor":19.0,"turns":3.0},{"damage":0.0,"enemies":"Snecko","floor":22.0,"turns":5.0},{"damage":4.0,"enemies":"Slavers","floor":23.0,"turns":8.0},{"damage":0.0,"enemies":"Gremlin Leader","floor":25.0,"turns":6.0},{"damage":2.0,"enemies":"Book of Stabbing","floor":31.0,"turns":4.0},{"damage":3.0,"enemies":"Champ","floor":33.0,"turns":13.0},{"damage":0,"enemies":"Orb Walker","floor":35,"turns":2},{"damage":1,"enemies":"3 Shapes","floor":36,"turns":2},{"damage":2,"enemies":"Transient","floor":37,"turns":5},{"damage":1,"enemies":"3 Darklings","floor":39,"turns":2},{"damage":1,"enemies":"Giant Head","floor":40,"turns":3},{"damage":0,"enemies":"Spire Growth","floor":41,"turns":1},{"damage":2,"enemies":"R_Hoarder","floor":42,"turns":4},{"damage":1,"enemies":"Nemesis","floor":47,"turns":1},{"damage":2,"enemies":"Sphere and 2 Shapes","floor":48,"turns":3},{"damage":2,"enemies":"Donu and Deca","floor":50,"turns":4},{"damage":11,"enemies":"Shield and Spear","floor":54,"turns":6},{"damage":2,"enemies":"The Heart","floor":55,"turns":4}],"seed_played":"-5847442956045723043","potions_obtained":[{"floor":5.0,"key":"FearPotion"},{"floor":6.0,"key":"Elixir"},{"floor":8.0,"key":"Block Potion"},{"floor":16.0,"key":"Poison Potion"},{"floor":39,"key":"SkillPotion"}],"is_trial":false,"path_per_floor":["M","?","?","?","M","E","R","M","T","M","M","E","M","M","R","B",null,"M","M","$","?","M","E","R","E","T","R","?","R","?","E","R","B",null,"M","M","M","$","M","E","M","E","T","$","R","$","E","M","R","B",null,"R","$","E","B",null],"character_chosen":"THE_SILENT","items_purchased":["OrangePellets","After Image","Lantern","Fluid Movement","Accuracy","hubris:CrystalStatue","Membership Card","Accuracy"],"campfire_rested":0,"item_purchase_floors":[0,0,0,20,38,38,46,53],"current_hp_per_floor":[70,70,70,58,61,48,48,54,54,65,70,70,70,70,70,67,70,70,70,70,65,68,70,70,70,70,70,70,70,70,68,68,69,70,70,69,70,70,70,69,69,69,69,69,69,69,69,70,70,70,70,70,70,70,69],"gold":84,"neow_bonus":"","is_daily":false,"chose_seed":false,"campfire_upgraded":7,"win_rate":0.0,"timestamp":1612507019,"path_taken":["M","?","?","?","M","E","R","M","T","M","M","E","M","?","R","BOSS","M","M","$","?","M","E","R","E","T","R","?","R","?","E","R","BOSS","BOSS","M","M","M","$","M","E","M","E","T","$","R","$","E","M","R","BOSS","R","$","E","BOSS"],"items_purchased_type":["Relic","Card","Relic","Card","Card","Relic","Relic","Card"],"build_version":"2020-12-22","purchased_purges":4,"victory":true,"max_hp_per_floor":[70,70,70,70,70,70,70,70,70,70,70,70,70,70,70,70,70,70,70,70,70,70,70,70,70,70,70,70,70,70,70,70,70,70,70,70,70,70,70,70,70,70,70,70,70,70,70,70,70,70,70,70,70,70,70],"relic_stats":{"Blood Vial":2,"OrangePellets":[7],"Dream Catcher":0,"Nunchaku":[2],"counters":[713,3485],"Blue Candle":[18],"Letter Opener":[147],"obtain_stats":[{"Replay:Accelerometer":42,"hubris:MysteriousPyramids":42,"Sling":53,"Ring of Searing":46,"Blood Vial":25,"Replay:Wanted Poster":38,"hubris:HerbalPaste":53,"hubris:AstralHammer":44,"Fusion Hammer":17,"HandDrill":57,"Replay:Bottled Flurry":23,"Necronomicon":19,"Replay:Bottled Steam":36,"TheCursedMod:BlackMagic101":0,"MerchantsRug":19,"Blue Candle":21,"Eternal Feather":23,"Pen Nib":31,"Bird Faced Urn":14,"ReplayTheSpireMod:Ring of Collecting":2,"Snecko Eye":17,"Unceasing Top":0,"hubris:Reverence":54,"Regal Pillow":6,"Torii":0,"GremlinMask":29,"King of Hearts":23,"hubris:EmptyBottle":0,"Ancient Tea Set":44,"Smiling Mask":10,"Pet Ghost":10,"Burning Blood":0,"hubris:Backtick":17,"Toolbox":3,"hubris:CuriousFeather":0,"Chemical X":0,"Replay:Bottled Eggs":28,"InkBottle":40,"Ring of the Snake":0,"Potion Belt":45,"Lee\u0027s Waffle":0,"Golden Idol":3,"hubris:64BitClover":28,"PreservedInsect":26,"Ring of Greed":5,"hubris:Towel":37,"Replay:Arrowhead":0,"hubris:Spice":0,"Ornamental Fan":0,"Ring of Misfortune":20,"Garlic":26,"Durian":9,"hubris:BottledRain":9,"Ice Cream":39,"Calipers":0,"Gremlin Horn":20,"Nilry\u0027s Codex":19,"hubris:VirtuousBlindfold":34,"hubris:TerracottaHorce":19,"Sozu":34,"Centennial Puzzle":8,"Honey Jar":0,"Philosopher\u0027s Stone":17,"Iron Hammer":0,"Girya":26,"hubris:Teleporter":13,"hubris:DuctTape":57,"ReplayTheSpireMod:CursedCoin":0,"Replay:Grab Bag":17,"Ring of Chaos":34,"WarpedTongs":2,"hubris:Zylophone":0,"OrangePellets":0,"hubris:PeanutButter":9,"Onion Ring":54,"Mirror":38,"Pocketwatch":0,"Juzu Bracelet":42,"Empty Cage":34,"Dream Catcher":6,"Nunchaku":53,"hubris:Icosahedron":9,"Chameleon Ring":11,"Red Mask":21,"Replay:Bottled Snecko":28,"hubris:MedicalManual":42,"Replay:WaspNest":53,"Odd Mushroom":10,"Medical Kit":0,"Mercury Hourglass":0,"Calling Bell":17,"Strange Spoon":0,"Cauldron":53,"Pondfish Scales":14,"HolyWater":34,"hubris:BundleOfHerbs":0,"Bag of Marbles":31,"Membership Card":0,"FossilizedHelix":6,"hubris:OldNail":0,"hubris:AncientText":17,"ReplayTheSpireMod:ShopPack":45,"TwistedFunnel":0,"Golden Egg":20,"Whetstone":44,"Ginger":0,"Bottled Tornado":27,"Boot":40,"Old Coin":5,"Replay:Ringing Soul":53,"TheCursedMod:CrystalBall":7,"hubris:DeckOfHolding":40,"MealTicket":28,"Kunai":29,"Replay:Wax Seal":0,"hubris:TinFlute":28,"Pear":58,"Counterbalance":0,"ReplayTheSpireMod:Ring of Addiction":26,"hubris:SphereOfDissonance":40,"Replay:Ancient Bell":17,"Paper Crane":0,"SlaversCollar":34,"Runic Dome":34,"hubris:TenFootPole":0,"Kintsugi":17,"Abe\u0027s Treasure":17,"Ring of the Serpent":34,"TheCursedMod:SoulVessel":46,"TheCursedMod:FourLeafCloverCharm":17,"Lantern":53,"Blue Doll":27,"StoneCalendar":53,"Painkiller Herb":34,"Bag of Preparation":46,"Replay:Multitool":40,"Cursed Key":17,"hubris:EvacipatedBox":41,"Replay:Rubber Ducky":0,"Matryoshka":6,"Ring of Peace":11,"WingedGreaves":0,"hubris:FunFungus":43,"Ring of Panic":5,"hubris:GlazedTorus":0,"TheCursedMod:BlackMagicAdvanced":34,"Thread and Needle":0,"Frozen Egg 2":0,"MawBank":13,"Bloody Idol":27,"Orrery":0,"Bottled Lightning":54,"ReplayTheSpireMod:Ring of Challenge":20,"ReplayTheSpireMod:Onyx Gauntlets":17,"ReplayTheSpireMod:Lightbulb":54,"Toy Ornithopter":9,"Mark of the Bloom":49,"hubris:CrystalStatue":34,"TheCursedMod:Tack":54,"Vajra":0,"Lizard Tail":25,"HornCleat":0,"DollysMirror":28,"Strawberry":46,"Toxic Egg 2":0,"Happy Flower":53,"Ring of Hypnosis":5,"Oddly Smooth Stone":0,"Replay:Kaleidoscope":47,"Letter Opener":53,"War Paint":0,"Question Card":17,"Replay:Baseball":21,"Bottled Flame":9,"ReplayTheSpireMod:Shallot":9,"Shuriken":9,"Bronze Scales":27,"Simple Rune":23,"Molten Egg 2":21,"Black Star":34,"ReplayTheSpireMod:TigerMarble":39,"hubris:ToyBattleship":26,"Nloth\u0027s Gift":30,"Grinning Jar":11,"Meat on the Bone":15,"ReplayFunnel":21,"Darkstone Periapt":30,"TheCursedMod:BloodyHarpoon":54,"ReplayTheSpireMod:Ring of Exchange":5,"Replay:PocketPolymizer":0,"Snecko Heart":24,"Mango":0,"Incense Burner":0,"hubris:SlimyHat":28,"ClockworkSouvenir":22,"Frozen Eye":38,"SsserpentHead":5,"Replay:Bandana":7,"Mummified Hand":53,"Pantograph":22,"Gambling Chip":0,"Replay:Drink Me":17,"Gremlin Food":28,"hubris:DisguiseKit":14,"BargainBundle":0,"Replay:Towering Pillar of Hats":0,"Quantum Egg":0,"TheCursedMod:MagicCandle":0,"Orichalcum":0,"White Beast Statue":0,"Peace Pipe":12,"CaptainsWheel":19,"Anchor":10,"TheCursedMod:OminousMark":34,"ChewingGum":53,"Ring of Fury":2,"Snack Pack":54,"Coffee Dripper":17,"hubris:GrandSneckoEye":17,"PureWater":0,"TungstenRod":44,"hubris:Potato":0,"hubris:NiceRug":53},{"Replay:Accelerometer":327,"hubris:MysteriousPyramids":107,"Sling":221,"Ring of Searing":385,"Blood Vial":12,"Replay:Wanted Poster":75,"hubris:HerbalPaste":144,"hubris:AstralHammer":50,"Fusion Hammer":397,"HandDrill":84,"Replay:Bottled Flurry":524,"Necronomicon":666,"Replay:Bottled Steam":324,"TheCursedMod:BlackMagic101":0,"MerchantsRug":398,"Blue Candle":696,"Eternal Feather":11,"Pen Nib":13,"Bird Faced Urn":342,"ReplayTheSpireMod:Ring of Collecting":445,"Snecko Eye":632,"Unceasing Top":146,"hubris:Reverence":197,"Regal Pillow":309,"Torii":198,"GremlinMask":292,"King of Hearts":582,"hubris:EmptyBottle":25,"Ancient Tea Set":79,"Smiling Mask":661,"Pet Ghost":61,"Burning Blood":0,"hubris:Backtick":370,"Toolbox":1,"hubris:CuriousFeather":171,"Chemical X":25,"Replay:Bottled Eggs":348,"InkBottle":326,"Ring of the Snake":0,"Potion Belt":20,"Lee\u0027s Waffle":115,"Golden Idol":59,"hubris:64BitClover":129,"PreservedInsect":41,"Ring of Greed":279,"hubris:Towel":47,"Replay:Arrowhead":25,"hubris:Spice":25,"Ornamental Fan":171,"Ring of Misfortune":424,"Garlic":12,"Durian":175,"hubris:BottledRain":200,"Ice Cream":105,"Calipers":57,"Gremlin Horn":37,"Nilry\u0027s Codex":180,"hubris:VirtuousBlindfold":351,"hubris:TerracottaHorce":65,"Sozu":586,"Centennial Puzzle":30,"Honey Jar":0,"Philosopher\u0027s Stone":7,"Iron Hammer":57,"Girya":69,"hubris:Teleporter":33,"hubris:DuctTape":83,"ReplayTheSpireMod:CursedCoin":246,"Replay:Grab Bag":604,"Ring of Chaos":493,"WarpedTongs":87,"hubris:Zylophone":25,"OrangePellets":25,"hubris:PeanutButter":4,"Onion Ring":114,"Mirror":47,"Pocketwatch":416,"Juzu Bracelet":270,"Empty Cage":213,"Dream Catcher":3,"Nunchaku":169,"hubris:Icosahedron":60,"Chameleon Ring":366,"Red Mask":97,"Replay:Bottled Snecko":129,"hubris:MedicalManual":138,"Replay:WaspNest":415,"Odd Mushroom":448,"Medical Kit":277,"Mercury Hourglass":25,"Calling Bell":578,"Strange Spoon":86,"Cauldron":196,"Pondfish Scales":63,"HolyWater":530,"hubris:BundleOfHerbs":86,"Bag of Marbles":45,"Membership Card":25,"FossilizedHelix":29,"hubris:OldNail":57,"hubris:AncientText":665,"ReplayTheSpireMod:ShopPack":243,"TwistedFunnel":624,"Golden Egg":207,"Whetstone":20,"Ginger":86,"Bottled Tornado":583,"Boot":269,"Old Coin":279,"Replay:Ringing Soul":144,"TheCursedMod:CrystalBall":90,"hubris:DeckOfHolding":106,"MealTicket":233,"Kunai":70,"Replay:Wax Seal":25,"hubris:TinFlute":183,"Pear":85,"Counterbalance":25,"ReplayTheSpireMod:Ring of Addiction":457,"hubris:SphereOfDissonance":19,"Replay:Ancient Bell":343,"Paper Crane":656,"SlaversCollar":14,"Runic Dome":236,"hubris:TenFootPole":334,"Kintsugi":229,"Abe\u0027s Treasure":154,"Ring of the Serpent":612,"TheCursedMod:SoulVessel":52,"TheCursedMod:FourLeafCloverCharm":122,"Lantern":196,"Blue Doll":127,"StoneCalendar":169,"Painkiller Herb":671,"Bag of Preparation":21,"Replay:Multitool":48,"Cursed Key":35,"hubris:EvacipatedBox":465,"Replay:Rubber Ducky":25,"Matryoshka":419,"Ring of Peace":152,"WingedGreaves":115,"hubris:FunFungus":242,"Ring of Panic":279,"hubris:GlazedTorus":86,"TheCursedMod:BlackMagicAdvanced":431,"Thread and Needle":198,"Frozen Egg 2":198,"MawBank":94,"Bloody Idol":182,"Orrery":25,"Bottled Lightning":389,"ReplayTheSpireMod:Ring of Challenge":424,"ReplayTheSpireMod:Onyx Gauntlets":604,"ReplayTheSpireMod:Lightbulb":222,"Toy Ornithopter":251,"Mark of the Bloom":80,"hubris:CrystalStatue":73,"TheCursedMod:Tack":170,"Vajra":361,"Lizard Tail":126,"HornCleat":115,"DollysMirror":12,"Strawberry":166,"Toxic Egg 2":86,"Happy Flower":196,"Ring of Hypnosis":392,"Oddly Smooth Stone":25,"Replay:Kaleidoscope":141,"Letter Opener":275,"War Paint":25,"Question Card":578,"Replay:Baseball":9,"Bottled Flame":151,"ReplayTheSpireMod:Shallot":119,"Shuriken":30,"Bronze Scales":291,"Simple Rune":98,"Molten Egg 2":124,"Black Star":46,"ReplayTheSpireMod:TigerMarble":105,"hubris:ToyBattleship":232,"Nloth\u0027s Gift":491,"Grinning Jar":5,"Meat on the Bone":63,"ReplayFunnel":258,"Darkstone Periapt":264,"TheCursedMod:BloodyHarpoon":276,"ReplayTheSpireMod:Ring of Exchange":392,"Replay:PocketPolymizer":223,"Snecko Heart":401,"Mango":25,"Incense Burner":25,"hubris:SlimyHat":69,"ClockworkSouvenir":180,"Frozen Eye":134,"SsserpentHead":476,"Replay:Bandana":119,"Mummified Hand":220,"Pantograph":97,"Gambling Chip":146,"Replay:Drink Me":604,"Gremlin Food":43,"hubris:DisguiseKit":94,"BargainBundle":361,"Replay:Towering Pillar of Hats":115,"Quantum Egg":223,"TheCursedMod:MagicCandle":25,"Orichalcum":334,"White Beast Statue":25,"Peace Pipe":62,"CaptainsWheel":123,"Anchor":176,"TheCursedMod:OminousMark":161,"ChewingGum":415,"Ring of Fury":445,"Snack Pack":24,"Coffee Dripper":95,"hubris:GrandSneckoEye":315,"PureWater":0,"TungstenRod":243,"hubris:Potato":511,"hubris:NiceRug":55},{"Replay:Accelerometer":1603,"hubris:MysteriousPyramids":566,"Sling":1169,"Ring of Searing":1948,"Blood Vial":62,"Replay:Wanted Poster":406,"hubris:HerbalPaste":727,"hubris:AstralHammer":280,"Fusion Hammer":2023,"HandDrill":443,"Replay:Bottled Flurry":2655,"Necronomicon":3226,"Replay:Bottled Steam":1591,"TheCursedMod:BlackMagic101":0,"MerchantsRug":2026,"Blue Candle":3412,"Eternal Feather":58,"Pen Nib":66,"Bird Faced Urn":1675,"ReplayTheSpireMod:Ring of Collecting":2215,"Snecko Eye":3087,"Unceasing Top":738,"hubris:Reverence":1023,"Regal Pillow":1511,"Torii":1030,"GremlinMask":1440,"King of Hearts":2896,"hubris:EmptyBottle":130,"Ancient Tea Set":424,"Smiling Mask":3200,"Pet Ghost":338,"Burning Blood":0,"hubris:Backtick":1866,"Toolbox":3,"hubris:CuriousFeather":879,"Chemical X":130,"Replay:Bottled Eggs":1710,"InkBottle":1600,"Ring of the Snake":0,"Potion Belt":102,"Lee\u0027s Waffle":616,"Golden Idol":330,"hubris:64BitClover":664,"PreservedInsect":213,"Ring of Greed":1396,"hubris:Towel":252,"Replay:Arrowhead":130,"hubris:Spice":130,"Ornamental Fan":879,"Ring of Misfortune":2139,"Garlic":62,"Durian":896,"hubris:BottledRain":1037,"Ice Cream":557,"Calipers":327,"Gremlin Horn":188,"Nilry\u0027s Codex":930,"hubris:VirtuousBlindfold":1732,"hubris:TerracottaHorce":357,"Sozu":2918,"Centennial Puzzle":151,"Honey Jar":0,"Philosopher\u0027s Stone":32,"Iron Hammer":327,"Girya":378,"hubris:Teleporter":163,"hubris:DuctTape":439,"ReplayTheSpireMod:CursedCoin":1253,"Replay:Grab Bag":3003,"Ring of Chaos":2483,"WarpedTongs":459,"hubris:Zylophone":130,"OrangePellets":130,"hubris:PeanutButter":14,"Onion Ring":607,"Mirror":252,"Pocketwatch":2099,"Juzu Bracelet":1356,"Empty Cage":1127,"Dream Catcher":13,"Nunchaku":853,"hubris:Icosahedron":331,"Chameleon Ring":1834,"Red Mask":507,"Replay:Bottled Snecko":664,"hubris:MedicalManual":700,"Replay:WaspNest":2096,"Odd Mushroom":2235,"Medical Kit":1392,"Mercury Hourglass":130,"Calling Bell":2875,"Strange Spoon":455,"Cauldron":1017,"Pondfish Scales":347,"HolyWater":2678,"hubris:BundleOfHerbs":455,"Bag of Marbles":237,"Membership Card":130,"FossilizedHelix":143,"hubris:OldNail":327,"hubris:AncientText":3219,"ReplayTheSpireMod:ShopPack":1239,"TwistedFunnel":3066,"Golden Egg":1076,"Whetstone":102,"Ginger":455,"Bottled Tornado":2903,"Boot":1351,"Old Coin":1396,"Replay:Ringing Soul":727,"TheCursedMod:CrystalBall":470,"hubris:DeckOfHolding":562,"MealTicket":1209,"Kunai":384,"Replay:Wax Seal":130,"hubris:TinFlute":946,"Pear":448,"Counterbalance":130,"ReplayTheSpireMod:Ring of Addiction":2275,"hubris:SphereOfDissonance":95,"Replay:Ancient Bell":1685,"Paper Crane":3180,"SlaversCollar":79,"Runic Dome":1218,"hubris:TenFootPole":1640,"Kintsugi":1197,"Abe\u0027s Treasure":773,"Ring of the Serpent":3023,"TheCursedMod:SoulVessel":289,"TheCursedMod:FourLeafCloverCharm":637,"Lantern":1017,"Blue Doll":659,"StoneCalendar":853,"Painkiller Herb":3262,"Bag of Preparation":107,"Replay:Multitool":266,"Cursed Key":180,"hubris:EvacipatedBox":2310,"Replay:Rubber Ducky":130,"Matryoshka":2113,"Ring of Peace":758,"WingedGreaves":616,"hubris:FunFungus":1235,"Ring of Panic":1396,"hubris:GlazedTorus":455,"TheCursedMod:BlackMagicAdvanced":2162,"Thread and Needle":1030,"Frozen Egg 2":1030,"MawBank":487,"Bloody Idol":943,"Orrery":130,"Bottled Lightning":1968,"ReplayTheSpireMod:Ring of Challenge":2139,"ReplayTheSpireMod:Onyx Gauntlets":3003,"ReplayTheSpireMod:Lightbulb":1173,"Toy Ornithopter":1275,"Mark of the Bloom":427,"hubris:CrystalStatue":397,"TheCursedMod:Tack":863,"Vajra":1798,"Lizard Tail":654,"HornCleat":616,"DollysMirror":62,"Strawberry":832,"Toxic Egg 2":455,"Happy Flower":1017,"Ring of Hypnosis":1982,"Oddly Smooth Stone":130,"Replay:Kaleidoscope":712,"Letter Opener":1379,"War Paint":130,"Question Card":2875,"Replay:Baseball":45,"Bottled Flame":753,"ReplayTheSpireMod:Shallot":625,"Shuriken":151,"Bronze Scales":1437,"Simple Rune":510,"Molten Egg 2":644,"Black Star":245,"ReplayTheSpireMod:TigerMarble":557,"hubris:ToyBattleship":1206,"Nloth\u0027s Gift":2466,"Grinning Jar":21,"Meat on the Bone":347,"ReplayFunnel":1308,"Darkstone Periapt":1332,"TheCursedMod:BloodyHarpoon":1384,"ReplayTheSpireMod:Ring of Exchange":1982,"Replay:PocketPolymizer":1179,"Snecko Heart":2037,"Mango":130,"Incense Burner":130,"hubris:SlimyHat":378,"ClockworkSouvenir":930,"Frozen Eye":679,"SsserpentHead":2367,"Replay:Bandana":625,"Mummified Hand":1161,"Pantograph":507,"Gambling Chip":738,"Replay:Drink Me":3003,"Gremlin Food":227,"hubris:DisguiseKit":487,"BargainBundle":1798,"Replay:Towering Pillar of Hats":616,"Quantum Egg":1179,"TheCursedMod:MagicCandle":130,"Orichalcum":1640,"White Beast Statue":130,"Peace Pipe":342,"CaptainsWheel":643,"Anchor":902,"TheCursedMod:OminousMark":811,"ChewingGum":2096,"Ring of Fury":2215,"Snack Pack":121,"Coffee Dripper":498,"hubris:GrandSneckoEye":1546,"PureWater":0,"TungstenRod":1239,"hubris:Potato":2618,"hubris:NiceRug":311}],"Ring of the Snake":[178]},"card_choices":[{"not_picked":["Underhanded Strike","Dagger Spray","Dagger Throw"],"picked":"SKIP","floor":1.0},{"not_picked":["Quick Slash","Well Laid Plans"],"picked":"Blade Dance","floor":5.0},{"not_picked":["All Out Attack","ReplayTheSpireMod:From All Sides"],"picked":"Well Laid Plans","floor":6.0},{"not_picked":["Bane","Caltrops","Deadly Poison"],"picked":"SKIP","floor":8.0},{"not_picked":["Sucker Punch","ReplayTheSpireMod:Exploit Weakness","Caltrops"],"picked":"SKIP","floor":10.0},{"not_picked":["Expertise","Poisoned Stab","Flechettes"],"picked":"SKIP","floor":11.0},{"not_picked":["Deflect","Heel Hook","Dagger Spray"],"picked":"SKIP","floor":12.0},{"not_picked":["Crippling Poison","Endless Agony"],"picked":"Blade Dance","floor":13.0},{"not_picked":["Deadly Poison","Cloak And Dagger"],"picked":"Hidden Blade","floor":14.0},{"not_picked":["ReplayTheSpireMod:From All Sides","Unload"],"picked":"Adrenaline","floor":16.0},{"not_picked":["Slice+1","Bouncing Flask","ReplayTheSpireMod:The Works"],"picked":"SKIP","floor":18.0},{"not_picked":["Predator","All Out Attack"],"picked":"Dodge and Roll+1","floor":19.0},{"not_picked":["Outmaneuver+1","Poisoned Stab","Riddle With Holes"],"picked":"SKIP","floor":22.0},{"not_picked":["Quick Slash","Slice+1","Poisoned Stab"],"picked":"SKIP","floor":23.0},{"not_picked":["ReplayTheSpireMod:Necrosis","Sneak Up","Sucker Punch"],"picked":"SKIP","floor":25.0},{"not_picked":["Deadly Poison+1","Slice+1"],"picked":"Blur+1","floor":30.0},{"not_picked":["Quick Slash","Dash"],"picked":"Blade Dance","floor":31.0},{"not_picked":["Unload","Poison Darts"],"picked":"Adrenaline","floor":33},{"not_picked":["Toxin Wave","Hidden Blade"],"picked":"Accuracy","floor":35},{"not_picked":["ReplayTheSpireMod:The Works+1","Underhanded Strike","Deadly Poison"],"picked":"SKIP","floor":36},{"not_picked":["Slice+1","Poisoned Stab"],"picked":"Quick Slash+1","floor":37},{"not_picked":["Hidden Blade","Distraction","Poisoned Stab+1"],"picked":"SKIP","floor":39},{"not_picked":["Backstab+1","Distraction","ReplayTheSpireMod:Scrap Shanks"],"picked":"SKIP","floor":40},{"not_picked":["PiercingWail","ReplayTheSpireMod:Scrap Shanks+1"],"picked":"Escape Plan+1","floor":41},{"not_picked":["Underhanded Strike+1","Bane"],"picked":"Terror+1","floor":42},{"not_picked":["Blade Dance","Outmaneuver","Hidden Blade"],"picked":"SKIP","floor":47},{"not_picked":["Poisoned Stab","Eviscerate","Deflect+1"],"picked":"SKIP","floor":48},{"not_picked":["Backstab+1","Catalyst","Die Die Die"],"picked":"SKIP","floor":54}],"player_experience":69195,"relics_obtained":[{"floor":6.0,"key":"ReplayTheSpireMod:Shallot"},{"floor":9.0,"key":"Oddly Smooth Stone"},{"floor":12.0,"key":"Gremlin Food"},{"floor":23.0,"key":"Replay:Accelerometer"},{"floor":25.0,"key":"ReplayFunnel"},{"floor":26.0,"key":"hubris:AncientText"},{"floor":30.0,"key":"Bag of Marbles"},{"floor":31.0,"key":"ReplayTheSpireMod:Lightbulb"},{"floor":40,"key":"Letter Opener"},{"floor":42,"key":"Blood Vial"},{"floor":47,"key":"Dream Catcher"},{"floor":54,"key":"Nunchaku"}],"event_choices":[{"cards_removed":["Defend_G"],"damage_healed":0.0,"max_hp_gain":0.0,"max_hp_loss":0.0,"gold_gain":0.0,"event_name":"The Cleric","player_choice":"Card Removal","floor":2.0,"gold_loss":50.0,"damage_taken":0.0},{"damage_healed":0.0,"max_hp_gain":0.0,"max_hp_loss":0.0,"gold_gain":0.0,"event_name":"Scrap Ooze","player_choice":"Success","floor":4.0,"gold_loss":0.0,"damage_taken":12.0,"relics_obtained":["Quantum Egg"]}],"is_beta":false,"boss_relics":[{"not_picked":["Ring of Chaos","SlaversCollar"],"picked":"Runic Dome"},{"not_picked":["Ring of the Serpent","Philosopher\u0027s Stone"],"picked":"Empty Cage"}],"items_purged_floors":[0,20,38,46],"is_endless":false,"potions_floor_spawned":[5,6,8,16,19,23,25,33,37,39,41,48],"ascension_level":3}}