{"host":"fortuna","time":1612550741,"event":{"mods":["100% Spire Juice","Act Like it!","Arknights","BaseMod","Gensokyo","Hallownest","Minty Spire (QoL Compilation)","Reimu£®≤©¿ˆ¡È√Œ£©","Relic Stats","StSLib","The Administrix","The Bug Knight","Waifu the Spire","WarShipGirlsR/’ΩΩ¢…Ÿ≈ÆR mod","Yakumo Yukari mod"],"gold_per_floor":[110,110,127,188,188,215,228,228,228,228,244,255,290,304,304,407,407,417,265,0,13,13,13,40,56,56,56,56],"floor_reached":27,"language":"ZHS","playtime":1519,"items_purged":["HollowMod:QuickDashStart"],"score":268,"play_id":"f83948b0-6867-4810-be68-8e54c94786d9","local_time":"20210206024541","is_ascension_mode":false,"campfire_choices":[{"data":"HollowMod:FocusHealStart","floor":10.0,"key":"SMITH"},{"data":"HollowMod:MothsMistake","floor":15.0,"key":"SMITH"},{"data":"HollowMod:SlysStrikes","floor":23,"key":"SMITH"}],"circlet_count":0,"master_deck":["HollowMod:NailStrikeStart","HollowMod:NailStrikeStart","HollowMod:NailStrikeStart","HollowMod:NailStrikeStart","HollowMod:QuickDashStart","HollowMod:QuickDashStart","HollowMod:QuickDashStart","HollowMod:FocusHealStart+1","HollowMod:PogoStrike","HollowMod:SoulSplash","HollowMod:CycloneSlash","HollowMod:DungDefenderAura","HollowMod:CloakDash","HollowMod:LifebloodCore","HollowMod:MothsMistake+1","HollowMod:QuirrelsAssistance","HollowMod:SoulShaman","HollowMod:SlysStrikes+1","HollowMod:SoulVessel","HollowMod:HuntersJournal","HollowMod:NewLastStag","HollowMod:SoulEater","HollowMod:DashSlash+1"],"relics":["HollowMod:VesselMask","NeowsBlessing","Question Card","Torii","StoneCalendar","Hallownest:DreamNailRelic","StrikeDummy","HollowMod:MillibellesNoteRelic","Philosopher\u0027s Stone","Letter Opener"],"acts_visited":["Hallownest:Greenpath","Hallownest:CityofTears"],"potions_floor_usage":[],"damage_taken":[{"damage":0.0,"enemies":"Hallownest:2_Tiktiks_and_1_Crawlid","floor":1.0,"turns":1.0},{"damage":0.0,"enemies":"Hallownest:monsterHuskGuard","floor":3.0,"turns":1.0},{"damage":0.0,"enemies":"Hallownest:eliteCrystalGuardian","floor":6.0,"turns":1.0},{"damage":0.0,"enemies":"2_ Uuma","floor":7.0,"turns":6.0},{"damage":9.0,"enemies":"Hallownest:1_Ooma_and_2_Uuma","floor":11.0,"turns":5.0},{"damage":1.0,"enemies":"Hallownest:monsterFoolEater","floor":12.0,"turns":3.0},{"damage":1.0,"enemies":"Hallownest:eliteVengeflyKing","floor":13.0,"turns":7.0},{"damage":1.0,"enemies":"Hallownest:Guard_and_Warrior","floor":14.0,"turns":6.0},{"damage":25.0,"enemies":"Hallownest:BossBrokenVessel","floor":16.0,"turns":7.0},{"damage":2,"enemies":"Hallownest:2_Mistakes","floor":18,"turns":5},{"damage":30,"enemies":"Hallownest:3_Youths","floor":21,"turns":5},{"damage":55,"enemies":"Hallownest:eliteWatcherKnight","floor":24,"turns":10},{"damage":11,"enemies":"Hallownest:Master_and_Novice","floor":25,"turns":5},{"damage":1,"enemies":"Hallownest:2_Flukemon","floor":27,"turns":2}],"seed_played":"6228008566313357226","potions_obtained":[{"floor":6.0,"key":"SpeedPotion"},{"floor":12.0,"key":"EssenceOfSteel"},{"floor":13.0,"key":"FearPotion"}],"is_trial":false,"path_per_floor":["M","?","M","?","?","E","M","?","T","R","M","M","E","M","R","B",null,"M","$","?","M","?","R","E","M","T","M"],"character_chosen":"THE_BUGKNIGHT","items_purchased":["HollowMod:HuntersJournal"],"campfire_rested":0,"item_purchase_floors":[19],"current_hp_per_floor":[75,5,5,5,23,23,33,33,33,33,30,35,46,51,51,26,75,75,75,75,51,51,51,8,3,3,2,2],"gold":56,"neow_bonus":"THREE_ENEMY_KILL","is_daily":false,"chose_seed":false,"campfire_upgraded":3,"win_rate":0.0,"timestamp":1612550741,"path_taken":["M","?","M","?","?","E","M","?","T","R","?","M","E","M","R","BOSS","BOSS","M","$","?","M","?","R","E","M","T","?"],"items_purchased_type":["Card"],"build_version":"2020-12-18","purchased_purges":1,"victory":false,"max_hp_per_floor":[75,75,75,75,75,75,75,75,75,75,75,75,75,75,75,75,75,75,75,75,75,75,75,75,75,75,75,75],"relic_stats":{"Torii":16,"counters":[14,64],"StoneCalendar":[101],"Letter Opener":[10],"Question Card":13,"obtain_stats":[{"NeowsBlessing":0,"Torii":2,"HollowMod:VesselMask":0,"StoneCalendar":6,"Philosopher\u0027s Stone":17,"Hallownest:DreamNailRelic":8,"Letter Opener":24,"Question Card":2,"StrikeDummy":9,"HollowMod:MillibellesNoteRelic":13},{"NeowsBlessing":0,"Torii":1,"HollowMod:VesselMask":0,"StoneCalendar":3,"Philosopher\u0027s Stone":9,"Hallownest:DreamNailRelic":4,"Letter Opener":12,"Question Card":1,"StrikeDummy":4,"HollowMod:MillibellesNoteRelic":7},{"NeowsBlessing":0,"Torii":1,"HollowMod:VesselMask":0,"StoneCalendar":3,"Philosopher\u0027s Stone":37,"Hallownest:DreamNailRelic":9,"Letter Opener":57,"Question Card":1,"StrikeDummy":9,"HollowMod:MillibellesNoteRelic":24}]},"card_choices":[{"not_picked":["HollowMod:CrystalDash","HollowMod:CornifersMapStart"],"picked":"HollowMod:SoulSplash","floor":1.0},{"not_picked":["HollowMod:GoodIntentions","HollowMod:DashSlash","HollowMod:DoubleDash"],"picked":"HollowMod:CycloneSlash","floor":3.0},{"not_picked":["HollowMod:PerfectDash","HollowMod:AbyssShriek","HollowMod:VengefulSpirit"],"picked":"HollowMod:DungDefenderAura","floor":6.0},{"not_picked":["HollowMod:InfectedCysts","HollowMod:GoodIntentions","HollowMod:WraithStrike"],"picked":"HollowMod:CloakDash","floor":7.0},{"not_picked":["HollowMod:MonarchWings","HollowMod:SharpenedNail","HollowMod:DesolateDive"],"picked":"HollowMod:LifebloodCore","floor":11.0},{"not_picked":["HollowMod:FallenFury","HollowMod:HeavyBlow","HollowMod:MonarchWings"],"picked":"HollowMod:MothsMistake","floor":12.0},{"not_picked":["HollowMod:HowlingWraiths","HollowMod:DoubleDash","HollowMod:GoodIntentions"],"picked":"HollowMod:QuirrelsAssistance","floor":13.0},{"not_picked":["HollowMod:InfectionAssault","HollowMod:VengefulVoid","HollowMod:InfectedCysts"],"picked":"HollowMod:SoulShaman","floor":14.0},{"not_picked":["HollowMod:ElderbugsWisdom","HollowMod:theNailsmith","HollowMod:LifebloodCore"],"picked":"HollowMod:SlysStrikes","floor":16},{"not_picked":["HollowMod:HowlingWraiths","HollowMod:TaintedHusks","HollowMod:DescendingDark"],"picked":"HollowMod:SoulVessel","floor":18},{"not_picked":["HollowMod:RecoilStrike","HollowMod:SharpenedNail+1","HollowMod:DoubleDash"],"picked":"HollowMod:SoulEater","floor":21},{"not_picked":["HollowMod:GoodIntentions","HollowMod:TaintedHusks","HollowMod:GrimmsGift"],"picked":"HollowMod:DashSlash+1","floor":24},{"not_picked":["HollowMod:SharpenedNail+1","HollowMod:HeavyBlow","HollowMod:CycloneSlash+1","HollowMod:TaintedHusks+1"],"picked":"SKIP","floor":25}],"player_experience":315682,"relics_obtained":[{"floor":6.0,"key":"StoneCalendar"},{"floor":9.0,"key":"StrikeDummy"},{"floor":13.0,"key":"HollowMod:MillibellesNoteRelic"},{"floor":24,"key":"Letter Opener"}],"event_choices":[],"is_beta":true,"boss_relics":[{"not_picked":["Runic Pyramid","Astrolabe"],"picked":"Philosopher\u0027s Stone"}],"items_purged_floors":[19],"is_endless":false,"potions_floor_spawned":[6,12,13,16,25],"killed_by":"Hallownest:2_Flukemon","ascension_level":0}}