{"host":"cmkyc3p4v2g7wnr3","time":1612517124,"event":{"mods":["AchievementEnabler","BaseMod","Better Match","Better Note","BetterRewards","Block Reminder","Colored Map","Colored Powertips","DeckTracker","Gold Saver","Hermit","Hubris","Infinite Spire","Jorbs\u0027s Wanderer Trilogy","Marked Mod","Minty Spire (QoL Compilation)","Potionbrewer","Prisma Mod","Quick Restart","Rare Cards Sparkle","Reliquary","Replay The Spire","Shop Mod","StSLib","Synergy Search","The Administrix","The Animator","The Bug Knight","The Construct","The Cursed","The Disciple","The Hierophant","The Marked","The Mystic","The Runesmith","The Servant 0.9.4","TheBandit"],"gold_per_floor":[863,395,414,414,170,170,204,204,204,9829,9929,9939,9957,9987,9987,10092,10092,10119,9732,9746,9451,9451,9478,9478,9512,9558,9558,9574,9574,9534,9544,9544,9647,9647,9658,9658,8999,9049,9064,9064,9095,8655,8655,8671,8698,8717,8717,8728,8728,8728,8728,8728,8168,8201,8237],"floor_reached":56,"language":"ENG","playtime":4248,"items_purged":["infinitespire:Starlight","theMarked:Strike","theMarked:Strike","theMarked:Strike","theMarked:Strike","theMarked:Strike","theMarked:Frustration","theMarked:Standoff"],"score":1626,"play_id":"11de07e7-8c76-4260-93f3-07feb89606a1","local_time":"20210205102524","is_ascension_mode":false,"campfire_choices":[{"data":"theMarked:EmpowerWeapon","floor":6.0,"key":"SMITH"},{"data":"theMarked:Abjuration","floor":8.0,"key":"SMITH"},{"data":"theMarked:ComboAttacks","floor":15.0,"key":"SMITH"},{"data":"theMarked:AttractMetal","floor":29.0,"key":"SMITH"},{"data":"theMarked:MysticalArsenal","floor":32,"key":"SMITH"},{"data":"theMarked:WardOff","floor":40,"key":"SMITH"},{"data":"theMarked:MysticalArsenal","floor":47,"key":"SMITH"},{"data":"theMarked:MysticalArsenal","floor":49,"key":"SMITH"},{"data":"theMarked:Toughness","floor":52,"key":"SMITH"}],"circlet_count":0,"master_deck":["infinitespire:Starlight","theMarked:Defend","theMarked:Defend","theMarked:Defend","theMarked:SoldierOfQuellstein+1","theMarked:SwordAndMagic","theMarked:MysticalArsenal+1","theMarked:SwordAndMagic","theMarked:MysticalArsenal+1","theMarked:Overcharge","theMarked:ComboAttacks+1","theMarked:EmpowerWeapon+1","theMarked:MysticalArsenal+1","theMarked:MysticalArsenal+1","theMarked:EmpowerWeapon","theMarked:Toughness+1","theMarked:MysticalArsenal+1","theMarked:AttractMetal+1","theMarked:MysticalArsenal+1","Madness+1","theMarked:BanishingStrike","theMarked:Aftermath+1","theMarked:ContemptForTheProud+1","theMarked:OneWithTheBlade","theMarked:Abjuration+1","theMarked:RogueSparks","theMarked:EmpowerWeapon","theMarked:TakeOffHeels","theMarked:EmpowerWeapon","theMarked:Toughness+1","theMarked:Reabsorb+1","theMarked:ThrowWeapon","theMarked:WardOff+1","Pot Of Greed","Pot Of Greed","Pot Of Greed"],"relics":["theMarked:ArtifactOfAir","InkBottle","MerchantsRug","Quantum Egg","Onion Ring","hubris:ToyBattleship","TheAbacus","ReplayTheSpireMod:TigerMarble","Bottled Tornado","Durian","Bottled Flame","TheAbacus","Replay:PocketPolymizer","Ginger","Iron Hammer","Replay:Rubber Ducky","potionbrewer:Keyblade","Replay:Bottled Flurry","hubris:FunFungus","theMarked:DemonDagger","FossilizedHelix","reliquary:Knoch","War Paint","WingedGreaves","reliquary:SharkskinSheath","Pen Nib","Frozen Eye","Torii","Replay:Towering Pillar of Hats","Sling","potionbrewer:AlchemistFlask","infinitespire:Midas Blood","Guide Book","infinitespire:Satchel","reliquary:Buckler","Blue Doll","DollysMirror","Regal Pillow","hubris:BottledRain","potionbrewer:BoosterPack","NlothsMask","Replay:Ringing Soul","Bronze Scales","hubris:EmptyBottle","infinitespire:Eraser","potionbrewer:BhaskarasWheel","reliquary:TridentHead","Potion Belt","Nunchaku","Simple Rune","reliquary:ExpiredCoupon","Replay:Accelerometer","Tiny Chest","hubris:Backtick","Lantern","Lizard Tail","reliquary:PartyBalloon","hubris:MysteriousPyramids","potionbrewer:DrinkingBird","infinitespire:Bottled Soul","reliquary:BoilingFlask","CaptainsWheel","Grinning Jar","Letter Opener","HandDrill","Bag of Preparation","Art of War"],"acts_visited":["Exordium","TheCity","TheBeyond","TheEnding"],"potions_floor_usage":[31,31,31,31,33,41,50,54,55,55],"damage_taken":[{"damage":0.0,"enemies":"2 Louse","floor":1.0,"turns":1.0},{"damage":0.0,"enemies":"Cultist","floor":3.0,"turns":1.0},{"damage":0.0,"enemies":"Replay:BlueRogue","floor":7.0,"turns":1.0},{"damage":0.0,"enemies":"Jaw Worm","floor":12.0,"turns":1.0},{"damage":0.0,"enemies":"Looter","floor":13.0,"turns":1.0},{"damage":0.0,"enemies":"3 Sentries","floor":14.0,"turns":2.0},{"damage":0.0,"enemies":"Slime Boss","floor":16.0,"turns":2.0},{"damage":0.0,"enemies":"2 Thieves","floor":18.0,"turns":2.0},{"damage":0.0,"enemies":"Chosen and Byrds","floor":20.0,"turns":3.0},{"damage":0.0,"enemies":"Replay:Snechameleon","floor":23.0,"turns":4.0},{"damage":0.0,"enemies":"Gremlin Leader","floor":25.0,"turns":2.0},{"damage":0.0,"enemies":"Snecko","floor":28.0,"turns":2.0},{"damage":0,"enemies":"Snake Plant","floor":31,"turns":1},{"damage":20,"enemies":"Collector","floor":33,"turns":4},{"damage":0,"enemies":"3 Darklings","floor":35,"turns":2},{"damage":0,"enemies":"Mind Bloom Boss Battle","floor":38,"turns":3},{"damage":0,"enemies":"Orb Walker","floor":39,"turns":2},{"damage":34,"enemies":"Nemesis","floor":41,"turns":3},{"damage":0,"enemies":"4 Shapes","floor":44,"turns":1},{"damage":0,"enemies":"Reptomancer","floor":45,"turns":2},{"damage":0,"enemies":"Spire Growth","floor":46,"turns":3},{"damage":0,"enemies":"Writhing Mass","floor":48,"turns":2},{"damage":0,"enemies":"Replay:Hell Engine","floor":50,"turns":1},{"damage":0,"enemies":"Shield and Spear","floor":54,"turns":2},{"damage":69,"enemies":"The Heart","floor":55,"turns":5}],"seed_played":"-8529293253082293927","potions_obtained":[{"floor":7.0,"key":"Explosive Potion"},{"floor":12.0,"key":"FearPotion"},{"floor":14.0,"key":"potionbrewer:AcidPotion"},{"floor":16.0,"key":"potionbrewer:MidasPotion"},{"floor":23.0,"key":"SteroidPotion"},{"floor":25.0,"key":"Strength Potion"},{"floor":31,"key":"PowerPotion"},{"floor":35,"key":"LiquidMemories"},{"floor":44,"key":"Milkshake"}],"is_trial":false,"path_per_floor":["M","$","M","?","$","R","E","R","T","$","?","M","M","E","R","B",null,"M","$","M","$","?","E","?","E","T","?","M","R","?","M","R","B",null,"M","T","$","?","M","R","E","$","T","M","E","M","R","M","R","B",null,"R","$","E","B",null],"character_chosen":"THE_DEFAULT","items_purchased":["InkBottle","MerchantsRug","theMarked:SwordAndMagic","theMarked:MysticalArsenal","theMarked:SwordAndMagic","Onion Ring","hubris:ToyBattleship","theMarked:MysticalArsenal","TheAbacus","ReplayTheSpireMod:TigerMarble","Bottled Tornado","Bottled Flame","reliquary:SculptingSteel","theMarked:ComboAttacks","theMarked:EmpowerWeapon","theMarked:MysticalArsenal","Iron Hammer","Replay:Rubber Ducky","potionbrewer:Keyblade","Replay:Bottled Flurry","theMarked:MysticalArsenal","theMarked:DemonDagger","reliquary:Knoch","War Paint","reliquary:SharkskinSheath","Pen Nib","Frozen Eye","theMarked:EmpowerWeapon","Replay:Towering Pillar of Hats","Sling","potionbrewer:AlchemistFlask","infinitespire:Midas Blood","theMarked:Toughness","Guide Book","theMarked:MysticalArsenal","infinitespire:Satchel","reliquary:Buckler","theMarked:AttractMetal","Blue Doll","DollysMirror","Madness+1","Regal Pillow","hubris:BottledRain","potionbrewer:BoosterPack","theMarked:RogueSparks","Replay:Ringing Soul","hubris:EmptyBottle","reliquary:TridentHead","Potion Belt","Nunchaku","Simple Rune","reliquary:PartyBalloon","hubris:MysteriousPyramids","infinitespire:Bottled Soul","reliquary:BoilingFlask","Letter Opener","HandDrill","Bag of Preparation"],"campfire_rested":0,"item_purchase_floors":[0,0,0,0,0,0,0,0,0,0,0,0,0,0,0,0,0,0,0,0,0,0,0,0,0,0,0,0,0,0,0,0,0,0,0,0,0,0,0,0,0,0,2,2,2,5,10,19,19,21,21,37,37,42,42,53,53,53],"current_hp_per_floor":[75,75,75,75,75,75,75,78,78,78,78,78,78,81,81,84,84,84,84,84,84,84,84,87,87,87,90,93,93,93,96,96,89,99,99,99,99,99,102,102,84,84,84,84,99,99,99,100,100,100,105,105,105,105,44],"gold":8237,"neow_bonus":"","is_daily":false,"chose_seed":false,"campfire_upgraded":9,"win_rate":0.0,"timestamp":1612517124,"path_taken":["M","$","M","?","?","R","E","R","T","$","?","M","M","E","R","BOSS","M","$","M","$","?","E","?","E","T","?","?","R","?","M","R","BOSS","M","?","$","?","M","R","E","$","T","M","E","M","R","M","R","BOSS","R","$","E","BOSS"],"items_purchased_type":["Relic","Relic","Card","Card","Card","Relic","Relic","Card","Relic","Relic","Relic","Relic","Relic","Card","Card","Card","Relic","Relic","Relic","Relic","Card","Relic","Relic","Relic","Relic","Relic","Relic","Card","Relic","Relic","Relic","Relic","Card","Relic","Card","Relic","Relic","Card","Relic","Relic","Card","Relic","Relic","Relic","Card","Relic","Relic","Relic","Relic","Relic","Relic","Relic","Relic","Relic","Relic","Relic","Relic","Relic"],"build_version":"2020-12-22","purchased_purges":8,"victory":true,"max_hp_per_floor":[75,75,75,75,75,75,75,78,78,78,78,78,78,81,81,84,84,84,84,84,84,84,84,87,87,87,90,93,93,93,96,96,99,99,99,99,99,99,102,102,102,102,102,102,105,105,105,105,105,105,105,105,105,105,105],"card_choices":[{"not_picked":["theMarked:Parkour","theMarked:BanishingStrike","theMarked:ShockingTouch"],"picked":"SKIP","floor":1.0},{"not_picked":["theMarked:SelfDefenseTraining","theMarked:SwordAndMagic","theMarked:LightningStrikesTwice"],"picked":"SKIP","floor":3.0},{"not_picked":["theMarked:Overthink","theMarked:Memento","theMarked:RepellingDischarge"],"picked":"SKIP","floor":7.0},{"not_picked":["theMarked:Overcharge","theMarked:Improvise","theMarked:ChainLightning"],"picked":"SKIP","floor":12.0},{"not_picked":["theMarked:SwordAndMagic","theMarked:Polarize","theMarked:Seal"],"picked":"SKIP","floor":13.0},{"not_picked":["theMarked:Snap","theMarked:ElectricStrings"],"picked":"theMarked:EmpowerWeapon","floor":14.0},{"not_picked":["theMarked:Vacuum","theMarked:SuspiciousRaven"],"picked":"theMarked:TakeOffHeels","floor":16.0},{"not_picked":["theMarked:TakeCover+1","theMarked:BanishingStrike","theMarked:Memento"],"picked":"SKIP","floor":18.0},{"not_picked":["theMarked:Standoff+1","theMarked:Improvise","theMarked:SwordAndMagic"],"picked":"SKIP","floor":20.0},{"not_picked":["theMarked:Panic","theMarked:Improvise","theMarked:ComboAttacks"],"picked":"SKIP","floor":23.0},{"not_picked":["theMarked:HeightenedSenses","theMarked:Frustration+1","theMarked:SelfDefenseTraining"],"picked":"SKIP","floor":25.0},{"not_picked":["theMarked:HeightenedSenses","theMarked:Frustration+1","theMarked:SelfDefenseTraining"],"picked":"SKIP","floor":25.0},{"not_picked":["theMarked:StartUp+1","theMarked:Aftermath+1"],"picked":"theMarked:Toughness","floor":28.0},{"not_picked":["theMarked:Indomitable+1","theMarked:Aftermath"],"picked":"theMarked:Reabsorb+1","floor":31},{"not_picked":["theMarked:Defy","theMarked:MagusForm"],"picked":"theMarked:ThrowWeapon","floor":33},{"not_picked":["theMarked:EmpowerWeapon","theMarked:ResourceFulStrike+1","theMarked:Frustration"],"picked":"SKIP","floor":35},{"not_picked":["theMarked:OneWithTheBlade+1","theMarked:Electrify"],"picked":"theMarked:WardOff","floor":39},{"not_picked":["theMarked:Frustration","theMarked:TakeCover+1","theMarked:WardOff"],"picked":"SKIP","floor":41},{"not_picked":["theMarked:ElectricStrings","theMarked:BanishingWave","theMarked:ChainLightning"],"picked":"SKIP","floor":44},{"not_picked":["theMarked:Memento","theMarked:EnhanceMovement+1","theMarked:Electrify+1"],"picked":"SKIP","floor":45},{"not_picked":["theMarked:KeepCalmAndFight+1","theMarked:WardOff","theMarked:ShockingTouch+1"],"picked":"SKIP","floor":46},{"not_picked":["theMarked:Opportunist+1","theMarked:UnarmedFury","theMarked:ContemptForTheProud"],"picked":"SKIP","floor":48},{"not_picked":["theMarked:BanishingStrike","theMarked:TakeCover+1","theMarked:Static+1"],"picked":"SKIP","floor":54}],"player_experience":342316,"relics_obtained":[{"floor":7.0,"key":"Bronze Scales"},{"floor":14.0,"key":"infinitespire:Eraser"},{"floor":23.0,"key":"reliquary:ExpiredCoupon"},{"floor":25.0,"key":"Replay:Accelerometer"},{"floor":26.0,"key":"Tiny Chest"},{"floor":36,"key":"Lizard Tail"},{"floor":38,"key":"potionbrewer:DrinkingBird"},{"floor":41,"key":"reliquary:NewFriend"},{"floor":43,"key":"CaptainsWheel"},{"floor":45,"key":"Grinning Jar"},{"floor":54,"key":"Art of War"}],"event_choices":[{"damage_healed":0.0,"max_hp_gain":0.0,"max_hp_loss":0.0,"gold_gain":0.0,"event_name":"FaceTrader","player_choice":"Trade","floor":4.0,"gold_loss":0.0,"damage_taken":0.0,"relics_obtained":["NlothsMask"]},{"damage_healed":0.0,"max_hp_gain":0.0,"max_hp_loss":0.0,"gold_gain":100.0,"event_name":"Golden Shrine","player_choice":"Pray","floor":11.0,"gold_loss":0.0,"damage_taken":0.0},{"damage_healed":0.0,"max_hp_gain":0.0,"max_hp_loss":0.0,"gold_gain":0.0,"event_name":"betterNote:BetterNote","player_choice":"Ignored","floor":22.0,"gold_loss":0.0,"damage_taken":0.0,"cards_obtained":["AdministrixMod:XianArts"]},{"damage_healed":0.0,"max_hp_gain":0.0,"max_hp_loss":0.0,"gold_gain":0.0,"event_name":"The Library","player_choice":"Read","floor":24.0,"gold_loss":0.0,"damage_taken":0.0,"cards_obtained":["theMarked:EmpowerWeapon"]},{"damage_healed":0.0,"max_hp_gain":0.0,"max_hp_loss":0.0,"gold_gain":0.0,"cards_transformed":["theMarked:Defend"],"event_name":"Transmorgrifier","player_choice":"Transformed","floor":27.0,"gold_loss":0.0,"damage_taken":0.0,"cards_obtained":["theMarked:Standoff"]},{"damage_healed":0.0,"max_hp_gain":0.0,"max_hp_loss":0.0,"gold_gain":0.0,"event_name":"Designer","player_choice":"Upgraded Two","floor":30.0,"gold_loss":40.0,"damage_taken":0.0,"cards_upgraded":["theMarked:ContemptForTheProud","theMarked:Defend"]},{"damage_healed":0,"gold_gain":0,"player_choice":"Fight","damage_taken":0,"max_hp_gain":0,"max_hp_loss":0,"event_name":"MindBloom","floor":38,"gold_loss":0}],"is_beta":false,"boss_relics":[{"not_picked":["ReplayTheSpireMod:DimensionalGlitch","Honey Jar"],"picked":"potionbrewer:BhaskarasWheel"},{"not_picked":["ReplayTheSpireMod:SealedPack","Cursed Key"],"picked":"hubris:Backtick"}],"items_purged_floors":[0,0,0,0,0,0,10,37],"is_endless":false,"potions_floor_spawned":[7,12,14,16,23,25,31,35,44,46],"ascension_level":0}}