{"host":"usru02jcpe2a942d","time":1612495846,"event":{"mods":["ATMod(°¢èªMod)","Act Like it!","BaseMod","Better Note","Better Vampires","Challenge The Spire","Colored Powertips","Friendly Minions","GifTheSpireLib","Highlight Path","Hubris","Infinite Spire","Jedi Mod","Minty Spire (QoL Compilation)","MostiFishMod","Pale of the Ancients","Quick Restart","Relic Stats","RumiaBox-Â¶Ã×æ«µÄÉñÃØºÐ×Ó","StSLib","The Dragon Tamer","[IsaacMod]ÒÔÈö¼âËþ","noobMod","¡¾ÒÅÎï¿¨ÅÆ¡¿REMEMod","óô»ðÖ¸ÄÏ"],"gold_per_floor":[115,65,81,93,55,85,85,115,115,65,65,65,78,106,106,211,211,227,45,45,45,45,45,45,63,63,77,77,112,124,157,157,259,259,259,259],"floor_reached":34,"language":"ZHS","playtime":1261,"items_purged":["DTMod:Strike","DTMod:Strike","DTMod:Strike","DTMod:Strike"],"score":521,"play_id":"074a439d-46b6-4e10-be28-3ec927c634a4","local_time":"20210205113046","is_ascension_mode":false,"metric_token":1623,"campfire_choices":[{"data":"DTMod:SwitchingTactic","floor":7.0,"key":"SMITH"},{"data":"DTMod:Observe","floor":11.0,"key":"SMITH"},{"data":"DTMod:EchoTactic","floor":15.0,"key":"SMITH"},{"data":"DTMod:DoubleHit","floor":23.0,"key":"SMITH"},{"data":"DTMod:HeadStart","floor":32,"key":"SMITH"}],"dtmod_dragon_data":[50,50,-1,-1,0,0],"circlet_count":0,"master_deck":["DTMod:Strike","DTMod:DoubleHit+1","DTMod:TargetDefense+1","DTMod:TargetDefense","DTMod:TargetDefense","DTMod:TargetDefense","DTMod:SwitchingTactic+1","AT_FamilyPortrait+1","DTMod:Training","DTMod:Observe+1","DTMod:EchoTactic+1","DTMod:BalancedStrike+1","DTMod:FlameSlash","DTMod:HeadStart+1","DTMod:Feint","MostiFishMod:ButterFly+1","DTMod:ForkedFire","DTMod:LastStand","DTMod:HeadStart"],"relics":["DTMod:PactStone","DaveBox","ice","REME_ComplimentaryCards","AT_ATBox","HushsDoor","FeatherPendant","SteamSale","SynthV:TestCard","War Paint","Bag of Preparation","MagicDraw1","AT_SpeedBoots","Odd Mushroom","SoulBox","Incubus","GuppysPaw","DTMod:MindBender","ChiXiaoBlade","Turnip","AT_SilverBalance","Dream Catcher","RhineCircuit"],"acts_visited":["Exordium","TheCity","TheBeyond"],"potions_floor_usage":[29],"damage_taken":[{"damage":0.0,"enemies":"2 Louse","floor":1.0,"turns":2.0},{"damage":0.0,"enemies":"Small Slimes","floor":3.0,"turns":1.0},{"damage":0.0,"enemies":"Cultist","floor":4.0,"turns":1.0},{"damage":22.0,"enemies":"3 Sentries","floor":6.0,"turns":7.0},{"damage":13.0,"enemies":"Gremlin Nob","floor":8.0,"turns":4.0},{"damage":0.0,"enemies":"2 Fungi Beasts","floor":13.0,"turns":1.0},{"damage":0.0,"enemies":"The Mushroom Lair","floor":14.0,"turns":2.0},{"damage":11.0,"enemies":"Slime Boss","floor":16.0,"turns":4.0},{"damage":0.0,"enemies":"Spheric Guardian","floor":18.0,"turns":1.0},{"damage":0.0,"enemies":"Chosen","floor":25.0,"turns":1.0},{"damage":0,"enemies":"Sentry and Sphere","floor":27,"turns":1},{"damage":0,"enemies":"REME_1_Revenger","floor":29,"turns":1},{"damage":0,"enemies":"Snake Plant","floor":30,"turns":2},{"damage":0,"enemies":"Gremlin Leader","floor":31,"turns":1},{"damage":0,"enemies":"hubris:MusketHawk","floor":33,"turns":3}],"seed_played":"-6069497466026820723","potions_obtained":[{"floor":1.0,"key":"SneckoOil"},{"floor":3.0,"key":"jedi:StrikingPotion"},{"floor":13.0,"key":"Fire Potion"},{"floor":29,"key":"Fire Potion"}],"is_trial":false,"path_per_floor":["M","?","M","M","$","E","R","E","T","$","R","?","M","?","R","B",null,"M","$","?","?","?","R","?","M","T","M","?","E","M","E","R","B",null],"character_chosen":"THE_DT","items_purchased":["Incubus","GuppysPaw","MostiFishMod:ButterFly","DTMod:MindBender"],"campfire_rested":0,"item_purchase_floors":[17,17,19,19],"current_hp_per_floor":[49,49,49,49,49,27,27,14,14,14,14,49,49,49,49,38,14,14,14,11,11,11,11,11,11,11,11,11,11,11,5,5,11,11,11,11],"gold":259,"neow_bonus":"TEN_PERCENT_HP_BONUS","is_daily":false,"chose_seed":false,"campfire_upgraded":5,"win_rate":0.0,"timestamp":1612495846,"path_taken":["M","?","?","M","$","E","R","E","T","$","R","?","?","?","R","BOSS","M","$","?","?","?","R","?","?","T","M","?","E","M","E","R","BOSS"],"items_purchased_type":["Relic","Relic","Card","Relic"],"build_version":"2020-12-22","purchased_purges":4,"victory":false,"max_hp_per_floor":[49,49,49,49,49,49,49,49,49,49,49,49,49,49,49,49,14,14,14,11,11,11,11,11,11,11,11,11,11,11,11,11,11,11,11,11],"relic_stats":{"Dream Catcher":0,"counters":[15,32],"Turnip":[3],"Bag of Preparation":[20],"War Paint":["DTMod:TargetDefense","AT_FamilyPortrait"],"obtain_stats":[{"AT_ATBox":0,"DaveBox":0,"GuppysPaw":17,"SoulBox":17,"ice":0,"Bag of Preparation":8,"jedi:command_boss":20,"MagicDraw1":9,"Dream Catcher":31,"DTMod:MindBender":19,"KeepersGift":0,"AT_SilverBalance":29,"War Paint":6,"Odd Mushroom":14,"Incubus":17,"SteamSale":0,"RhineCircuit":34,"AT_SpeedBoots":12,"SynthV:TestCard":1,"DTMod:PactStone":0,"FeatherPendant":0,"ChiXiaoBlade":20,"Turnip":26,"HushsDoor":0,"REME_ComplimentaryCards":0},{"AT_ATBox":0,"DaveBox":0,"GuppysPaw":8,"SoulBox":8,"ice":0,"Bag of Preparation":5,"jedi:command_boss":9,"MagicDraw1":5,"Dream Catcher":14,"DTMod:MindBender":9,"KeepersGift":0,"AT_SilverBalance":12,"War Paint":4,"Odd Mushroom":7,"Incubus":8,"SteamSale":0,"RhineCircuit":15,"AT_SpeedBoots":5,"SynthV:TestCard":1,"DTMod:PactStone":0,"FeatherPendant":0,"ChiXiaoBlade":9,"Turnip":10,"HushsDoor":0,"REME_ComplimentaryCards":0},{"AT_ATBox":0,"DaveBox":0,"GuppysPaw":22,"SoulBox":22,"ice":0,"Bag of Preparation":15,"jedi:command_boss":23,"MagicDraw1":15,"Dream Catcher":29,"DTMod:MindBender":23,"KeepersGift":0,"AT_SilverBalance":26,"War Paint":11,"Odd Mushroom":18,"Incubus":22,"SteamSale":0,"RhineCircuit":32,"AT_SpeedBoots":15,"SynthV:TestCard":2,"DTMod:PactStone":0,"FeatherPendant":0,"ChiXiaoBlade":23,"Turnip":24,"HushsDoor":0,"REME_ComplimentaryCards":0}]},"card_choices":[{"not_picked":["DTMod:QuickFly","DTMod:BlazingStrike"],"picked":"DTMod:BlueScale","floor":1.0},{"not_picked":["DTMod:BlazingStrike","DTMod:HeatWave","DTMod:RunningTactic","DTMod:ComboAttack","DTMod:CleansingStrike"],"picked":"SKIP","floor":3.0},{"not_picked":["DTMod:Dissolve","DTMod:PurifyingFlame","DTMod:Astonish","DTMod:Cover"],"picked":"DTMod:Training","floor":4.0},{"not_picked":["DTMod:Prediction","DTMod:DeepFocus","DTMod:PurifyingFlame","DTMod:BreakAttack"],"picked":"DTMod:Observe","floor":6.0},{"not_picked":["DTMod:TauntingStrike","DTMod:Hide","Bomb","DTMod:SneakAttack"],"picked":"DTMod:EchoTactic","floor":8.0},{"not_picked":["DTMod:BreakAttack","DTMod:GhostSkin","DTMod:CrossStep","DTMod:SneakAttack"],"picked":"DTMod:BalancedStrike","floor":13.0},{"not_picked":["DTMod:HeatWave","DTMod:Punisher","DTMod:MasterPlan","DTMod:Outburst"],"picked":"DTMod:FlameSlash","floor":14.0},{"not_picked":["DTMod:ShadowImage","DTMod:Multitask","DTMod:SealedStrike","DTMod:Harmonize"],"picked":"DTMod:HeadStart","floor":16.0},{"not_picked":["DTMod:BlazingStrike","DTMod:BreakAttack","DTMod:CleansingStrike","DTMod:Weaken+1"],"picked":"DTMod:Feint","floor":18.0},{"not_picked":["DTMod:BlueScale","DTMod:MagicField","DTMod:DragonDance","DTMod:Haste+1","DTMod:Punisher"],"picked":"SKIP","floor":25.0},{"not_picked":["DTMod:Hide+1","DTMod:Training","DTMod:BurningEnergy","DTMod:MaximumCharge","DTMod:TagTeam"],"picked":"SKIP","floor":27},{"not_picked":["DTMod:HeatWave+1","DTMod:WarmUp","DTMod:LowKick","DTMod:DragonDance","DTMod:MaximumCharge+1"],"picked":"SKIP","floor":29},{"not_picked":["DTMod:BurningForce","DTMod:BalancedStrike","DTMod:EchoTactic","DTMod:Threaten+1"],"picked":"DTMod:ForkedFire","floor":30},{"not_picked":["DTMod:Multitask","DTMod:Overwhelm+1","DTMod:HeatWave","DTMod:Shift"],"picked":"DTMod:LastStand","floor":31},{"not_picked":["DTMod:ExcessFootwork","DTMod:Multitask","DTMod:RepeatStrike","DTMod:Inferno"],"picked":"DTMod:HeadStart","floor":33}],"player_experience":240325,"relics_obtained":[{"floor":1.0,"key":"SynthV:TestCard"},{"floor":6.0,"key":"War Paint"},{"floor":8.0,"key":"Bag of Preparation"},{"floor":9.0,"key":"MagicDraw1"},{"floor":14.0,"key":"Odd Mushroom"},{"floor":26.0,"key":"Turnip"},{"floor":29,"key":"AT_SilverBalance"},{"floor":31,"key":"Dream Catcher"}],"event_choices":[{"damage_healed":0.0,"max_hp_gain":0.0,"max_hp_loss":0.0,"gold_gain":0.0,"event_name":"Mushrooms","player_choice":"Fought Mushrooms","floor":14.0,"gold_loss":0.0,"damage_taken":0.0},{"cards_removed":["DTMod:BlueScale"],"damage_healed":0.0,"max_hp_gain":0.0,"max_hp_loss":0.0,"gold_gain":0.0,"event_name":"Bonfire Elementals","player_choice":"Offered Uncommon","floor":21.0,"gold_loss":0.0,"damage_taken":0.0},{"damage_healed":0.0,"max_hp_gain":0.0,"max_hp_loss":0.0,"gold_gain":0.0,"event_name":"Upgrade Shrine","player_choice":"Upgraded","floor":22.0,"gold_loss":0.0,"damage_taken":0.0,"cards_upgraded":["MostiFishMod:ButterFly"]},{"damage_healed":0,"gold_gain":0,"player_choice":"Bought 0 Potions","damage_taken":0,"max_hp_gain":0,"max_hp_loss":0,"event_name":"The Woman in Blue","floor":28,"gold_loss":0}],"is_beta":false,"boss_relics":[{"not_picked":["DTMod:TheChair","RhineFirstAidKit"],"picked":"SoulBox"},{"not_picked":[]},{"not_picked":["SacredBark","EE1DDrone"],"picked":"RhineCircuit"},{"not_picked":[]}],"items_purged_floors":[5,10,17,19],"is_endless":false,"potions_floor_spawned":[1,3,13,18,25,29,33],"ascension_level":0}}