{"host":"szp1d6dso4pv7ddl","time":1612491138,"event":{"mods":["AchievementEnabler","Alarm Clock","BaseMod","Bestiary","Block Reminder","Colored Map","Colored Powertips","Curses Come First","Dark Map","Displayed Cursed Tome","Highlight Path","Minty Spire (QoL Compilation)","Permanent Neow","Quick Restart","Relic Sorter","Relic Stats","StSLib","Synergy Search"],"gold_per_floor":[117,133,208,208,234,234,247,247,247,266,266,266,278,303,303,379,379,391,9,24,39,39,67,81,81,107,107,125,125,125,25,25,25,25],"floor_reached":33,"language":"ENG","playtime":1928,"items_purged":["Strike_R","Regret"],"score":490,"play_id":"d879eb60-3474-4f35-9ff5-09f7c82b84e0","local_time":"20210204181218","is_ascension_mode":true,"campfire_choices":[{"floor":6.0,"key":"REST"},{"data":"Cleave","floor":8.0,"key":"SMITH"},{"data":"Bash","floor":12.0,"key":"SMITH"},{"floor":15.0,"key":"REST"},{"floor":25,"key":"REST"},{"floor":27,"key":"REST"},{"data":"Fiend Fire","floor":29,"key":"SMITH"},{"data":"Dark Embrace","floor":32,"key":"SMITH"}],"circlet_count":0,"master_deck":["AscendersBane","Strike_R","Strike_R","Strike_R","Defend_R","Defend_R+1","Defend_R+1","Defend_R","Bash+1","Master of Strategy","Armaments","Thunderclap","Cleave+1","Havoc+1","Bloodletting+1","Exhume+1","Sword Boomerang","True Grit+1","Dark Embrace+1","Fiend Fire+1","Burning Pact+1","Headbutt","Flame Barrier+1"],"relics":["Burning Blood","Shuriken","War Paint","Centennial Puzzle","Toxic Egg 2","Cursed Key","Oddly Smooth Stone","Potion Belt"],"acts_visited":["Exordium","TheCity"],"potions_floor_usage":[33,33],"damage_taken":[{"damage":12.0,"enemies":"2 Louse","floor":1.0,"turns":3.0},{"damage":9.0,"enemies":"Jaw Worm","floor":2.0,"turns":4.0},{"damage":3.0,"enemies":"Cultist","floor":7.0,"turns":4.0},{"damage":6.0,"enemies":"3 Louse","floor":10.0,"turns":2.0},{"damage":19.0,"enemies":"Exordium Thugs","floor":13.0,"turns":4.0},{"damage":19.0,"enemies":"Gremlin Nob","floor":14.0,"turns":3.0},{"damage":10.0,"enemies":"Slime Boss","floor":16.0,"turns":5.0},{"damage":24.0,"enemies":"Shell Parasite","floor":18.0,"turns":4.0},{"damage":6.0,"enemies":"2 Thieves","floor":20.0,"turns":2.0},{"damage":25.0,"enemies":"Snake Plant","floor":21.0,"turns":3.0},{"damage":18.0,"enemies":"Slavers","floor":23.0,"turns":3.0},{"damage":6,"enemies":"Shelled Parasite and Fungi","floor":24,"turns":1},{"damage":7,"enemies":"Centurion and Healer","floor":28,"turns":2},{"damage":93,"enemies":"Champ","floor":33,"turns":12}],"seed_played":"5647528581616294051","potions_obtained":[{"floor":1.0,"key":"SteroidPotion"},{"floor":7.0,"key":"Swift Potion"},{"floor":13.0,"key":"CultistPotion"},{"floor":14.0,"key":"Strength Potion"},{"floor":20.0,"key":"Energy Potion"},{"floor":23.0,"key":"LiquidBronze"},{"floor":24,"key":"AttackPotion"}],"is_trial":false,"path_per_floor":["M","M","?","?","T","R","M","R","T","M","?","R","M","E","R","B",null,"M","$","M","M","$","E","M","R","T","R","M","R","?","$","R","B"],"character_chosen":"IRONCLAD","items_purchased":["True Grit+1","Dark Embrace","Fiend Fire"],"campfire_rested":4,"item_purchase_floors":[19,19,19],"current_hp_per_floor":[44,41,30,19,19,41,44,44,44,44,44,44,31,18,40,36,65,47,47,47,28,28,16,16,38,38,60,59,59,74,74,74,0,0],"gold":25,"neow_bonus":"RANDOM_COLORLESS_2","is_daily":false,"chose_seed":false,"campfire_upgraded":4,"win_rate":0.0,"timestamp":1612491138,"path_taken":["M","M","?","?","?","R","?","R","T","M","?","R","M","E","R","BOSS","M","$","M","M","$","E","M","R","T","R","M","R","?","$","R","BOSS"],"items_purchased_type":["Card","Card","Card"],"build_version":"2020-12-22","purchased_purges":2,"victory":false,"max_hp_per_floor":[75,75,75,75,75,75,75,75,75,75,75,75,75,75,75,75,75,75,75,75,75,75,75,75,75,75,75,75,75,75,75,75,75,75],"relic_stats":{"Centennial Puzzle":[36],"counters":[14,52],"Shuriken":[22],"War Paint":["Defend_R","Defend_R"],"Cursed Key":1,"obtain_stats":[{"Potion Belt":26,"Centennial Puzzle":5,"Shuriken":14,"Oddly Smooth Stone":23,"War Paint":4,"Toxic Egg 2":9,"Cursed Key":17,"Burning Blood":0},{"Potion Belt":12,"Centennial Puzzle":2,"Shuriken":6,"Oddly Smooth Stone":11,"War Paint":2,"Toxic Egg 2":3,"Cursed Key":7,"Burning Blood":0},{"Potion Belt":38,"Centennial Puzzle":7,"Shuriken":20,"Oddly Smooth Stone":37,"War Paint":7,"Toxic Egg 2":11,"Cursed Key":25,"Burning Blood":0}],"Burning Blood":78},"card_choices":[{"not_picked":["Secret Technique","Secret Weapon"],"picked":"Master of Strategy","floor":0.0},{"not_picked":["Havoc","Clash"],"picked":"Armaments","floor":1.0},{"not_picked":["True Grit","Iron Wave"],"picked":"Thunderclap","floor":2.0},{"not_picked":["Shrug It Off","Dark Embrace"],"picked":"Cleave","floor":7.0},{"not_picked":["Heavy Blade","Pommel Strike"],"picked":"Havoc+1","floor":10.0},{"not_picked":["Entrench+1","Perfected Strike"],"picked":"Bloodletting+1","floor":13.0},{"not_picked":["Warcry+1","Double Tap+1","Clothesline"],"picked":"SKIP","floor":14.0},{"not_picked":["Reaper","Demon Form"],"picked":"Exhume+1","floor":16.0},{"not_picked":["Second Wind+1","Whirlwind"],"picked":"Sword Boomerang","floor":18.0},{"not_picked":["Flame Barrier+1","Fire Breathing"],"picked":"Burning Pact+1","floor":20.0},{"not_picked":["Pommel Strike","Anger","Second Wind+1"],"picked":"SKIP","floor":21.0},{"not_picked":["Anger","Heavy Blade"],"picked":"Headbutt","floor":23.0},{"not_picked":["Whirlwind","Clash","Clothesline"],"picked":"SKIP","floor":24},{"not_picked":["Entrench+1","Sword Boomerang"],"picked":"Flame Barrier+1","floor":28}],"player_experience":1363751,"relics_obtained":[{"floor":5.0,"key":"Centennial Puzzle"},{"floor":9.0,"key":"Toxic Egg 2"},{"floor":14.0,"key":"Shuriken"},{"floor":23.0,"key":"Oddly Smooth Stone"},{"floor":26,"key":"Potion Belt"}],"event_choices":[{"damage_healed":0.0,"max_hp_gain":0.0,"max_hp_loss":0.0,"gold_gain":75.0,"event_name":"World of Goop","player_choice":"Gather Gold","floor":3.0,"gold_loss":0.0,"damage_taken":11.0},{"damage_healed":0.0,"max_hp_gain":0.0,"max_hp_loss":0.0,"gold_gain":0.0,"event_name":"Scrap Ooze","player_choice":"Success","floor":4.0,"gold_loss":0.0,"damage_taken":11.0,"relics_obtained":["War Paint"]},{"cards_removed":["Strike_R"],"damage_healed":0.0,"max_hp_gain":0.0,"max_hp_loss":0.0,"gold_gain":0.0,"event_name":"Bonfire Elementals","player_choice":"Offered Basic","floor":11.0,"gold_loss":0.0,"damage_taken":0.0},{"damage_healed":15,"gold_gain":0,"player_choice":"Heal","damage_taken":0,"max_hp_gain":0,"max_hp_loss":0,"event_name":"The Library","floor":30,"gold_loss":0}],"is_beta":false,"boss_relics":[{"not_picked":["Ectoplasm","Busted Crown"],"picked":"Cursed Key"}],"items_purged_floors":[19,31],"is_endless":false,"potions_floor_spawned":[1,7,13,14,20,23,24],"killed_by":"Champ","ascension_level":17}}