{"host":"22ezjknwheybwqtz","time":1612521764,"event":{"mods":["BaseMod","Beaked The Cultist","Minty Spire (QoL Compilation)","Replay The Spire","Shop Mod","StSLib"],"gold_per_floor":[111,122,136,150,244,244,244,264,264,339,359,372,372,389,389,484,484,465,477,477,477,477,477],"floor_reached":22,"language":"ENG","playtime":714,"items_purged":[],"score":180,"play_id":"8a2535a1-749e-4601-b769-39656640e36d","local_time":"20210205184244","is_ascension_mode":false,"campfire_choices":[{"data":"beaked:Evade","floor":6,"key":"SMITH"},{"data":"beaked:WarriorSpirit","floor":13,"key":"SMITH"},{"floor":15,"key":"REST"}],"circlet_count":0,"master_deck":["beaked:Strike_Y","beaked:Strike_Y","beaked:Strike_Y","beaked:Strike_Y","beaked:Strike_Y","beaked:Strike_Y","beaked:Defend_Y","beaked:Defend_Y","beaked:Defend_Y","beaked:Ceremony","beaked:Ceremony","beaked:Ceremony","beaked:Evade+1","beaked:BraceForImpact","beaked:WarriorSpirit+1","beaked:BloodForTheGods+1","CommonCold"],"relics":["beaked:MendingPlumage","Busted Crown","SlaversCollar","White Beast Statue","ChewingGum","ReplayTheSpireMod:Ring of Challenge","Ring of Searing"],"acts_visited":["Exordium","TheCity"],"potions_floor_usage":[16,16,16,19,22],"damage_taken":[{"damage":17,"enemies":"Small Slimes","floor":1,"turns":4},{"damage":11,"enemies":"Jaw Worm","floor":2,"turns":4},{"damage":2,"enemies":"2 Louse","floor":3,"turns":4},{"damage":18,"enemies":"Red Slaver","floor":4,"turns":4},{"damage":16,"enemies":"Blue Slaver","floor":8,"turns":5},{"damage":14,"enemies":"Large Slime","floor":11,"turns":7},{"damage":18,"enemies":"Exordium Wildlife","floor":12,"turns":5},{"damage":19,"enemies":"3 Louse","floor":14,"turns":3},{"damage":46,"enemies":"Slime Boss","floor":16,"turns":7},{"damage":34,"enemies":"2 Thieves","floor":18,"turns":4},{"damage":53,"enemies":"3 Byrds","floor":19,"turns":7},{"damage":36,"enemies":"Shelled Parasite and Fungi","floor":22,"turns":3}],"seed_played":"-5157229591254016694","potions_obtained":[{"floor":2,"key":"Adrenaline Potion"},{"floor":11,"key":"Weak Potion"},{"floor":12,"key":"SneckoOil"},{"floor":14,"key":"Toxic Potion"},{"floor":16,"key":"Energy Potion"},{"floor":18,"key":"SkillPotion"},{"floor":19,"key":"BlessingOfTheForge"}],"is_trial":false,"path_per_floor":["M","M","M","M","?","R","?","M","T","?","M","M","R","M","R","B",null,"M","M","?","?","M"],"character_chosen":"BEAKED_THE_CULTIST","items_purchased":[],"campfire_rested":1,"item_purchase_floors":[],"current_hp_per_floor":[40,40,50,40,20,20,20,22,22,11,21,20,20,14,29,12,50,31,5,5,22,0,0],"gold":477,"neow_bonus":"DOUBLE_BOSS_RELIC","is_daily":false,"chose_seed":false,"campfire_upgraded":2,"win_rate":0.0,"timestamp":1612521764,"path_taken":["M","M","M","M","?","R","?","M","T","?","M","?","R","M","R","BOSS","M","M","?","?","M"],"items_purchased_type":[],"build_version":"2020-12-22","purchased_purges":0,"victory":false,"max_hp_per_floor":[50,50,50,50,50,50,50,50,50,50,50,50,50,50,50,50,50,50,50,50,50,50,50],"card_choices":[{"not_picked":["beaked:WarriorEssence"],"picked":"SKIP","floor":1},{"not_picked":[],"picked":"beaked:Evade","floor":2},{"not_picked":["beaked:Tradeoff"],"picked":"SKIP","floor":3},{"not_picked":["beaked:Tradeoff"],"picked":"SKIP","floor":4},{"not_picked":[],"picked":"beaked:BraceForImpact","floor":5},{"not_picked":[],"picked":"beaked:WarriorSpirit","floor":8},{"not_picked":["beaked:MachineSpirit"],"picked":"SKIP","floor":11},{"not_picked":["beaked:Flinch"],"picked":"SKIP","floor":12},{"not_picked":["beaked:CursingBlood"],"picked":"SKIP","floor":14},{"not_picked":[],"picked":"beaked:BloodForTheGods+1","floor":18},{"not_picked":["beaked:SurvivalInstinct+1"],"picked":"SKIP","floor":19}],"player_experience":77012,"relics_obtained":[{"floor":9,"key":"White Beast Statue"},{"floor":20,"key":"ReplayTheSpireMod:Ring of Challenge"},{"floor":20,"key":"Ring of Searing"}],"event_choices":[{"damage_healed":0,"gold_gain":75,"player_choice":"Gather Gold","damage_taken":11,"max_hp_gain":0,"max_hp_loss":0,"event_name":"World of Goop","floor":10,"gold_loss":0},{"damage_healed":17,"gold_gain":0,"player_choice":"Heal","damage_taken":0,"max_hp_gain":0,"max_hp_loss":0,"event_name":"The Library","floor":21,"gold_loss":0}],"is_beta":false,"boss_relics":[{"not_picked":["Replay:Drink Me","beaked:FlawlessSticks"],"picked":"ChewingGum"}],"items_purged_floors":[],"is_endless":false,"potions_floor_spawned":[2,11,12,14,16,18,19],"killed_by":"Shelled Parasite and Fungi","ascension_level":0}}