{"host":"goy5s7p4bfvpqv96","time":1612517748,"event":{"mods":["BaseMod","Downfall","Marisa£®ÏF”Í°°ƒß¿Ì…≥£©","Minty Spire (QoL Compilation)","Remilia£®¿Ÿ√◊¿Ú—«£©","StSLib","The Servant 0.9.4","UnlockEverythingMod"],"gold_per_floor":[99,116,136,36,36,136,189,200,217,9,44,44,70,89,108,210,210,210,210,210,210],"floor_reached":19,"language":"ZHS","playtime":886,"items_purged":[],"score":177,"play_id":"c8a742fa-b216-4ede-a91c-141b6fc47b5b","local_time":"20210205173548","is_ascension_mode":false,"campfire_choices":[{"data":"Slimebound:Split","floor":1,"key":"SMITH"},{"data":"expansioncontent:QuickStudy","floor":12,"key":"SMITH"},{"data":"Slimebound:Repurpose","floor":18,"key":"SMITH"}],"circlet_count":0,"master_deck":["Slimebound:Strike_Slimebound","Slimebound:Strike_Slimebound","Slimebound:Tackle","Slimebound:Defend_Slimebound","Slimebound:Defend_Slimebound","Slimebound:Defend_Slimebound","Slimebound:Defend_Slimebound","Slimebound:Split+1","Slimebound:CorrosiveSpit","Slimebound:GoopSpray","Slimebound:SlimeBarrage","Slimebound:LeechLife","Bandage Up","Slimebound:LevelUp","Slimebound:Repurpose+1","expansioncontent:QuickStudy+1","Slimebound:SplitBruiser","Slimebound:Prepare","Slimebound:SelfFormingGoo+1"],"relics":["Slimebound:AbsorbEndCombat","Sundial","Dream Catcher","The Courier","Frozen Egg 2","Slimebound:TarBlob"],"acts_visited":["Exordium","TheCity"],"potions_floor_usage":[16],"damage_taken":[{"damage":0,"enemies":"Cultist","floor":2,"turns":3},{"damage":0,"enemies":"2 Louse","floor":3,"turns":3},{"damage":0,"enemies":"downfall:FleeingMerchant","floor":4,"turns":4},{"damage":6,"enemies":"Jaw Worm","floor":8,"turns":4},{"damage":7,"enemies":"3 Louse","floor":9,"turns":5},{"damage":0,"enemies":"downfall:FleeingMerchant","floor":10,"turns":4},{"damage":27,"enemies":"Gremlin Nob","floor":11,"turns":5},{"damage":23,"enemies":"3 Sentries","floor":13,"turns":6},{"damage":11,"enemies":"Red Slaver","floor":14,"turns":4},{"damage":7,"enemies":"Blue Slaver","floor":15,"turns":3},{"damage":25,"enemies":"IC_STATUS_ARCHETYPE","floor":16,"turns":6},{"damage":3,"enemies":"Spheric Guardian","floor":19,"turns":2}],"seed_played":"7028394226742637376","potions_obtained":[{"floor":3,"key":"Fire Potion"},{"floor":8,"key":"BlessingOfTheForge"},{"floor":11,"key":"SteroidPotion"},{"floor":16,"key":"LiquidBronze"}],"is_trial":false,"path_per_floor":["R","M","M","$","?","?","T","M","M","$","E","R","E","M","M","B",null,"R","M"],"character_chosen":"SLIMEBOUND","items_purchased":["Bandage Up","expansioncontent:QuickStudy"],"campfire_rested":0,"item_purchase_floors":[4,10],"current_hp_per_floor":[65,65,65,65,53,53,53,62,65,65,42,42,27,24,23,8,65,65,62,62,62],"gold":210,"neow_bonus":"REMOVE_CARD","is_daily":false,"chose_seed":false,"campfire_upgraded":3,"win_rate":0.0,"timestamp":1612517748,"path_taken":["R","M","M","?","?","?","T","?","M","$","E","R","E","M","M","BOSS","R","M"],"items_purchased_type":["Card","Card"],"build_version":"2020-12-22","purchased_purges":0,"victory":false,"max_hp_per_floor":[65,65,65,65,65,65,65,65,65,65,65,65,65,65,65,65,65,65,65,65,65],"card_choices":[{"not_picked":["Slimebound:SplitLeeching","Slimebound:ViciousTackle"],"picked":"Slimebound:GoopSpray","floor":2},{"not_picked":["Slimebound:LeechEnergy","Slimebound:SpikyOuterGoop"],"picked":"Slimebound:SlimeBarrage","floor":3},{"not_picked":["Slimebound:SlimeBarrage","Slimebound:ItLooksTasty"],"picked":"Slimebound:LeechLife","floor":4},{"not_picked":["Slimebound:SpikyOuterGoop","Slimebound:Schlurp"],"picked":"Slimebound:LevelUp","floor":8},{"not_picked":["Slimebound:BestDefense","Slimebound:FinishingTackle","Slimebound:LeechEnergy"],"picked":"SKIP","floor":9},{"not_picked":["Slimebound:HauntingLick","Slimebound:LeechEnergy"],"picked":"Slimebound:Repurpose","floor":10},{"not_picked":["Slimebound:ComboTackle","Slimebound:FinishingTackle","Slimebound:ItLooksTasty"],"picked":"SKIP","floor":11},{"not_picked":["Slimebound:ComboTackle","Slimebound:Nibble"],"picked":"Slimebound:SplitBruiser","floor":13},{"not_picked":["Slimebound:SplitAcid","Slimebound:LeechingTouch"],"picked":"Slimebound:Prepare","floor":14},{"not_picked":["Slimebound:LeechEnergy","Slimebound:Schlurp","Slimebound:SplitBruiser"],"picked":"SKIP","floor":15},{"not_picked":["Slimebound:MassFeed","Slimebound:DuplicatedForm+1"],"picked":"Slimebound:SelfFormingGoo+1","floor":16}],"player_experience":985855,"relics_obtained":[{"floor":7,"key":"Dream Catcher"},{"floor":11,"key":"The Courier"},{"floor":13,"key":"Frozen Egg 2"}],"event_choices":[{"damage_healed":0,"gold_gain":0,"player_choice":"Success","damage_taken":12,"relics_obtained":["Sundial"],"max_hp_gain":0,"max_hp_loss":0,"event_name":"Scrap Ooze","floor":5,"gold_loss":0}],"is_beta":false,"boss_relics":[{"not_picked":["Slimebound:AbsorbEndCombatUpgraded","Runic Dome"],"picked":"Slimebound:TarBlob"}],"items_purged_floors":[],"is_endless":false,"potions_floor_spawned":[3,8,11,13,15,16],"killed_by":"Spheric Guardian","ascension_level":0}}