{"host":"n43wxkei7kulhi8o","time":1612564662,"event":{"mods":["BaseMod","Bestiary","Block Reminder","Colored Map","Colored Powertips","Curses Come First","Custom Start","Dark Map","Highlight Path","Minty Spire (QoL Compilation)","Relic Stats","StSLib"],"gold_per_floor":[114,114,114,137,137,180,180,253,279,279,305,276,309,329,329,457,457,482,581,606,289,312,312,312],"floor_reached":23,"language":"ENG","playtime":735,"items_purged":[],"score":214,"play_id":"95f190b1-f8b4-4890-89a2-75b195fa39f3","local_time":"20210205173742","is_ascension_mode":false,"campfire_choices":[{"data":"Zap","floor":7,"key":"SMITH"},{"data":"Dualcast","floor":10,"key":"SMITH"},{"floor":15,"key":"REST"}],"circlet_count":0,"master_deck":["Strike_B","Strike_B","Strike_B","Strike_B","Defend_B","Defend_B","Defend_B","Defend_B","Zap+1","Dualcast+1","Tempest","Ball Lightning","Doom and Gloom","Leap","Core Surge","Capacitor","Coolheaded+1"],"relics":["Cracked Core","NeowsBlessing","Golden Idol","Question Card","Bag of Marbles","CeramicFish","Akabeko","Runic Pyramid","Toxic Egg 2"],"acts_visited":["Exordium","TheCity"],"potions_floor_usage":[8,16,22,23],"damage_taken":[{"damage":0,"enemies":"Small Slimes","floor":1,"turns":1},{"damage":0,"enemies":"Jaw Worm","floor":4,"turns":1},{"damage":0,"enemies":"Gremlin Nob","floor":6,"turns":1},{"damage":27,"enemies":"Gremlin Nob","floor":8,"turns":4},{"damage":0,"enemies":"2 Louse","floor":13,"turns":1},{"damage":10,"enemies":"Looter","floor":14,"turns":2},{"damage":17,"enemies":"Hexaghost","floor":16,"turns":8},{"damage":1,"enemies":"Spheric Guardian","floor":18,"turns":3},{"damage":0,"enemies":"Chosen","floor":20,"turns":4},{"damage":37,"enemies":"Snake Plant","floor":22,"turns":4},{"damage":52,"enemies":"Book of Stabbing","floor":23,"turns":5}],"seed_played":"-2466090775059629516","potions_obtained":[{"floor":1,"key":"EntropicBrew"},{"floor":18,"key":"Regen Potion"},{"floor":22,"key":"Strength Potion"}],"is_trial":false,"path_per_floor":["M","?","?","M","$","E","R","?","T","R","T","$","M","M","R","B",null,"M","?","M","$","M","E"],"character_chosen":"DEFECT","items_purchased":["Doom and Gloom","Capacitor","Toxic Egg 2"],"campfire_rested":1,"item_purchase_floors":[12,21,21],"current_hp_per_floor":[75,57,57,57,57,57,57,30,30,30,30,30,30,20,42,25,75,74,74,74,74,37,0,0],"gold":312,"neow_bonus":"THREE_ENEMY_KILL","is_daily":false,"chose_seed":false,"campfire_upgraded":2,"win_rate":0.0,"timestamp":1612564662,"path_taken":["M","?","?","M","?","E","R","?","T","R","?","?","?","M","R","BOSS","M","?","M","$","M","E"],"items_purchased_type":["Card","Card","Relic"],"build_version":"2020-12-22","purchased_purges":0,"victory":false,"max_hp_per_floor":[75,75,75,75,75,75,75,75,75,75,75,75,75,75,75,75,75,75,75,75,75,75,75,75],"relic_stats":{"counters":[11,34],"Golden Idol":82,"CeramicFish":45,"Question Card":7,"obtain_stats":[{"NeowsBlessing":0,"Golden Idol":2,"CeramicFish":9,"Bag of Marbles":8,"Toxic Egg 2":21,"Cracked Core":0,"Question Card":6,"Akabeko":11,"Runic Pyramid":17},{"NeowsBlessing":0,"Golden Idol":1,"CeramicFish":4,"Bag of Marbles":3,"Toxic Egg 2":9,"Cracked Core":0,"Question Card":3,"Akabeko":4,"Runic Pyramid":7},{"NeowsBlessing":0,"Golden Idol":1,"CeramicFish":7,"Bag of Marbles":3,"Toxic Egg 2":25,"Cracked Core":0,"Question Card":3,"Akabeko":7,"Runic Pyramid":18}]},"card_choices":[{"not_picked":["Loop","Steam","Chaos"],"picked":"SKIP","floor":1},{"not_picked":["Tempest","Lockon","Turbo"],"picked":"SKIP","floor":4},{"not_picked":["Lockon","Turbo"],"picked":"Tempest","floor":4},{"not_picked":["Recycle","Gash"],"picked":"Ball Lightning","floor":6},{"not_picked":["Force Field","Storm","Scrape"],"picked":"Leap","floor":13},{"not_picked":["Skim","Double Energy","Barrage","Redo"],"picked":"SKIP","floor":14},{"not_picked":["All For One","Buffer","Amplify"],"picked":"Core Surge","floor":16},{"not_picked":["Gash","Steam","Leap+1","Compile Driver+1"],"picked":"SKIP","floor":18},{"not_picked":["Gash","Biased Cognition","Rebound","Chaos"],"picked":"SKIP","floor":20},{"not_picked":["Streamline","Doom and Gloom","Sweeping Beam"],"picked":"Coolheaded+1","floor":22}],"player_experience":680842,"relics_obtained":[{"floor":6,"key":"Question Card"},{"floor":9,"key":"CeramicFish"},{"floor":11,"key":"Akabeko"}],"event_choices":[{"damage_healed":0,"gold_gain":0,"player_choice":"Take Damage","damage_taken":18,"relics_obtained":["Golden Idol"],"max_hp_gain":0,"max_hp_loss":0,"event_name":"Golden Idol","floor":2,"gold_loss":0},{"damage_healed":0,"gold_gain":0,"player_choice":"Leave","damage_taken":0,"max_hp_gain":0,"max_hp_loss":0,"event_name":"The Cleric","floor":3,"gold_loss":0},{"damage_healed":0,"gold_gain":0,"player_choice":"Searched \u00272\u0027 times","damage_taken":0,"relics_obtained":["Bag of Marbles"],"max_hp_gain":0,"max_hp_loss":0,"event_name":"Dead Adventurer","floor":8,"gold_loss":0},{"damage_healed":0,"gold_gain":99,"player_choice":"Stole From Cult","damage_taken":0,"max_hp_gain":0,"max_hp_loss":0,"event_name":"Nest","floor":19,"gold_loss":0}],"is_beta":false,"boss_relics":[{"not_picked":["Ectoplasm","Runic Dome"],"picked":"Runic Pyramid"}],"items_purged_floors":[],"is_endless":false,"potions_floor_spawned":[1,18,22],"killed_by":"Book of Stabbing","ascension_level":0}}