{"host":"y76clbnovzmw9ubx","time":1612487905,"event":{"mods":["AchievementEnabler","BaseMod","Minty Spire (QoL Compilation)","Permanent Neow","Relic Stats"],"gold_per_floor":[116,116,133,33,48,79,79,79,79],"floor_reached":8,"language":"ENG","playtime":520,"items_purged":[],"score":112,"play_id":"d690a5f5-0633-480a-893a-6152cf55fea5","local_time":"20210204201825","is_ascension_mode":true,"campfire_choices":[{"floor":7,"key":"REST"}],"circlet_count":0,"master_deck":["AscendersBane","Strike_G","Strike_G","Strike_G","Strike_G","Strike_G","Defend_G","Defend_G","Defend_G","Defend_G","Defend_G","Survivor","Neutralize","Terror","Slice","Sucker Punch","Footwork","Leg Sweep","Malaise"],"relics":["Ring of the Snake","Regal Pillow","Art of War","Question Card"],"acts_visited":["Exordium"],"potions_floor_usage":[],"damage_taken":[{"damage":0,"enemies":"Small Slimes","floor":1,"turns":5},{"damage":1,"enemies":"Cultist","floor":3,"turns":5},{"damage":0,"enemies":"2 Louse","floor":5,"turns":2},{"damage":49,"enemies":"3 Sentries","floor":6,"turns":17},{"damage":42,"enemies":"Gremlin Nob","floor":8,"turns":6}],"seed_played":"-2899451106008772850","potions_obtained":[],"is_trial":false,"path_per_floor":["M","?","M","$","M","E","R","E"],"character_chosen":"THE_SILENT","items_purchased":["Sucker Punch","Footwork"],"campfire_rested":1,"item_purchase_floors":[4,4],"current_hp_per_floor":[59,59,58,58,58,9,43,1,1],"gold":79,"neow_bonus":"RANDOM_COMMON_RELIC","is_daily":false,"chose_seed":false,"campfire_upgraded":0,"win_rate":0.0,"timestamp":1612487905,"path_taken":["M","?","?","$","M","E","R","E"],"items_purchased_type":["Card","Card"],"build_version":"2020-12-22","purchased_purges":0,"victory":false,"max_hp_per_floor":[66,66,66,66,66,66,66,66,66],"relic_stats":{"Regal Pillow":15,"counters":[5,35],"Art of War":[9],"Question Card":0,"obtain_stats":[{"Regal Pillow":0,"Art of War":2,"Question Card":6,"Ring of the Snake":0},{"Regal Pillow":0,"Art of War":1,"Question Card":4,"Ring of the Snake":0},{"Regal Pillow":0,"Art of War":5,"Question Card":29,"Ring of the Snake":0}],"Ring of the Snake":[10]},"card_choices":[{"not_picked":["Backflip","Flying Knee"],"picked":"Terror","floor":1},{"not_picked":["Choke","Dagger Throw"],"picked":"Slice","floor":3},{"not_picked":["Acrobatics","Concentrate"],"picked":"Leg Sweep","floor":5},{"not_picked":["Bouncing Flask","Backstab"],"picked":"Malaise","floor":6}],"player_experience":3184226,"relics_obtained":[{"floor":2,"key":"Art of War"},{"floor":6,"key":"Question Card"}],"event_choices":[{"damage_healed":0,"gold_gain":0,"player_choice":"Relic","damage_taken":0,"max_hp_gain":0,"max_hp_loss":0,"event_name":"Wheel of Change","floor":2,"gold_loss":0}],"is_beta":false,"boss_relics":[],"items_purged_floors":[],"is_endless":false,"potions_floor_spawned":[],"killed_by":"Gremlin Nob","ascension_level":20}}