{"host":"6p0attdrtjqaih7v","time":1612553547,"event":{"mods":["2.2 Compatiblity","AchievementEnabler","Bard","BaseMod","Better Skull","Better Third Choice","Colored Powertips","Hermit","Highlight Path","Key Reminder","Minty Spire (QoL Compilation)","Permanent Neow","Quick Restart","Random Character Button","Relic Stats","Reliquary","Replay The Spire","Robot Space Explorer","StSLib","The Witch"],"gold_per_floor":[214,230,241,241,19,50,67,80,80,92,123,135,176,204,216,228,228],"floor_reached":16,"language":"ENG","playtime":595,"items_purged":[],"score":228,"play_id":"c206d967-0f7b-4f92-a7af-404e94c040d1","local_time":"20210205143227","is_ascension_mode":true,"campfire_choices":[{"floor":10,"key":"REST"},{"data":"RobotSpaceExplorer:Asteroid","floor":12,"key":"SMITH"},{"floor":15,"key":"REST"}],"circlet_count":0,"master_deck":["AscendersBane","RobotSpaceExplorer:Strike","RobotSpaceExplorer:Strike","RobotSpaceExplorer:Strike","RobotSpaceExplorer:Defend","RobotSpaceExplorer:Defend","RobotSpaceExplorer:Defend","RobotSpaceExplorer:Defend","RobotSpaceExplorer:Scan","RobotSpaceExplorer:MiniLasers","RobotSpaceExplorer:Electropulse","RobotSpaceExplorer:SurgingStrike","RobotSpaceExplorer:ScrapToss","RobotSpaceExplorer:Asteroid+1","RobotSpaceExplorer:SurgingStrike","RobotSpaceExplorer:LaserBurst","RobotSpaceExplorer:SelfCleaning","RobotSpaceExplorer:LuckyStrike"],"relics":["RobotSpaceExplorer:RoboCore","RobotSpaceExplorer:RingOfTheNewt","MawBank","PreservedInsect"],"acts_visited":["Exordium"],"potions_floor_usage":[6,6,8,16],"damage_taken":[{"damage":2,"enemies":"2 Louse","floor":1,"turns":3},{"damage":1,"enemies":"Cultist","floor":2,"turns":3},{"damage":20,"enemies":"Jaw Worm","floor":3,"turns":4},{"damage":26,"enemies":"Replay:BlueRogue","floor":6,"turns":9},{"damage":0,"enemies":"Blue Slaver","floor":7,"turns":4},{"damage":4,"enemies":"Exordium Thugs","floor":8,"turns":3},{"damage":8,"enemies":"Exordium Wildlife","floor":11,"turns":3},{"damage":22,"enemies":"Lagavulin","floor":13,"turns":5},{"damage":7,"enemies":"Lots of Slimes","floor":14,"turns":3},{"damage":44,"enemies":"Slime Boss","floor":16,"turns":6}],"seed_played":"-889899438794344193","potions_obtained":[{"floor":3,"key":"Weak Potion"},{"floor":7,"key":"Weak Potion"},{"floor":8,"key":"Ancient Potion"},{"floor":11,"key":"FairyPotion"},{"floor":14,"key":"Weak Potion"}],"is_trial":false,"path_per_floor":["M","M","M","?","$","E","M","M","T","R","M","R","E","M","R","B"],"character_chosen":"RobotSpaceExplorer","items_purchased":["RobotSpaceExplorer:Asteroid","Adrenaline Potion"],"campfire_rested":2,"item_purchase_floors":[5,5],"current_hp_per_floor":[62,61,41,41,41,15,15,11,11,32,24,24,2,21,42,0,0],"gold":228,"neow_bonus":"HUNDRED_GOLD","is_daily":false,"chose_seed":false,"campfire_upgraded":1,"win_rate":0.0,"timestamp":1612553547,"path_taken":["M","M","M","?","$","E","?","M","T","R","M","R","E","?","R","BOSS"],"items_purchased_type":["Card","Potion"],"build_version":"2020-12-22","purchased_purges":0,"victory":false,"max_hp_per_floor":[71,71,71,71,71,71,71,71,71,71,71,71,71,71,71,71,71],"relic_stats":{"counters":[10,43],"PreservedInsect":0,"MawBank":84,"obtain_stats":[{"RobotSpaceExplorer:RoboCore":0,"RobotSpaceExplorer:RingOfTheNewt":6,"PreservedInsect":13,"MawBank":9},{"RobotSpaceExplorer:RoboCore":0,"RobotSpaceExplorer:RingOfTheNewt":4,"PreservedInsect":8,"MawBank":6},{"RobotSpaceExplorer:RoboCore":0,"RobotSpaceExplorer:RingOfTheNewt":19,"PreservedInsect":34,"MawBank":26}]},"card_choices":[{"not_picked":["RobotSpaceExplorer:SwiftStep","RobotSpaceExplorer:GlueShot"],"picked":"RobotSpaceExplorer:Electropulse","floor":1},{"not_picked":["RobotSpaceExplorer:Ammunition","RobotSpaceExplorer:GlueShot"],"picked":"RobotSpaceExplorer:SurgingStrike","floor":2},{"not_picked":["RobotSpaceExplorer:BigMissile","RobotSpaceExplorer:StunGrenade"],"picked":"RobotSpaceExplorer:ScrapToss","floor":3},{"not_picked":["RobotSpaceExplorer:ImprovisedAttack","RobotSpaceExplorer:Pulsar","RobotSpaceExplorer:Reload"],"picked":"SKIP","floor":6},{"not_picked":["RobotSpaceExplorer:ScrapMissile","RobotSpaceExplorer:SlimeMissile"],"picked":"RobotSpaceExplorer:SurgingStrike","floor":7},{"not_picked":["RobotSpaceExplorer:SwiftStep","RobotSpaceExplorer:HighVoltage"],"picked":"RobotSpaceExplorer:LaserBurst","floor":8},{"not_picked":["RobotSpaceExplorer:SurgingShield","RobotSpaceExplorer:ShovelStrike","RobotSpaceExplorer:FranticSearch"],"picked":"SKIP","floor":11},{"not_picked":["RobotSpaceExplorer:StunGrenade","RobotSpaceExplorer:Calculate"],"picked":"RobotSpaceExplorer:SelfCleaning","floor":13},{"not_picked":["RobotSpaceExplorer:Counterblock","RobotSpaceExplorer:MetalStrike"],"picked":"RobotSpaceExplorer:LuckyStrike","floor":14}],"player_experience":1016398,"relics_obtained":[{"floor":6,"key":"RobotSpaceExplorer:RingOfTheNewt"},{"floor":9,"key":"MawBank"},{"floor":13,"key":"PreservedInsect"}],"event_choices":[{"cards_removed":["RobotSpaceExplorer:Strike"],"damage_healed":0,"gold_gain":0,"player_choice":"Purged","damage_taken":0,"max_hp_gain":0,"max_hp_loss":0,"event_name":"Purifier","floor":4,"gold_loss":0}],"is_beta":false,"boss_relics":[],"items_purged_floors":[],"is_endless":false,"potions_floor_spawned":[3,7,8,11,14],"killed_by":"Slime Boss","ascension_level":20}}