{"host":"LaserWall","time":1612551883,"event":{"mods":["BaseMod","Minty Spire (QoL Compilation)","Relic Stats"],"gold_per_floor":[113,128,128,144,154,154,180,200,200,200,216,216,216,243,243,345,345,357,375,402,501,46,46,72,72,96,96,116,16,56,101,101,205,205,231,281,503,526,216,216,269,291,291,291,317,333,333,43,43,43],"floor_reached":51,"language":"ENG","playtime":3750,"items_purged":["Perfected Strike","Clash"],"score":826,"play_id":"f6537975-9ac7-4c58-a4af-1a61e0d0c3ed","local_time":"20210205140443","is_ascension_mode":true,"campfire_choices":[{"data":"Hemokinesis","floor":6,"key":"SMITH"},{"data":"Reaper","floor":10,"key":"SMITH"},{"data":"Flame Barrier","floor":12,"key":"SMITH"},{"data":"Shrug It Off","floor":15,"key":"SMITH"},{"data":"Berserk","floor":23,"key":"SMITH"},{"data":"Reaper","floor":25,"key":"SMITH"},{"data":"Berserk","floor":27,"key":"SMITH"},{"data":"Dark Embrace","floor":32,"key":"SMITH"},{"data":"Limit Break","floor":40,"key":"SMITH"},{"floor":47,"key":"REST"},{"floor":49,"key":"REST"}],"circlet_count":0,"master_deck":["Bash","Ghostly Armor","Flame Barrier+1","Hemokinesis+1","Cleave","Reaper+1","Shrug It Off+1","Burning Pact+1","Battle Trance","Offering","Pummel","Berserk+1","Berserk+1","Feel No Pain","Bludgeon","Cleave","Spot Weakness+1","Anger+1","Inflame+1","Reaper+1","Dark Embrace+1","Power Through","Bite","Bite","Bite","Bite","Bite","Limit Break+1","Battle Trance","Bloodletting+1","Flame Barrier+1","Sword Boomerang+1","Feel No Pain","True Grit+1","Shrug It Off","Impervious"],"relics":["Black Blood","Pen Nib","Ancient Tea Set","Vajra","Pandora\u0027s Box","Red Mask","TheAbacus","CeramicFish","HornCleat","Prayer Wheel","Happy Flower","Orrery","Dead Branch","Lantern","War Paint"],"acts_visited":["Exordium","TheCity","TheBeyond"],"potions_floor_usage":[7,7,14,16,18,20,33,42,50,50,50],"damage_taken":[{"damage":6,"enemies":"2 Louse","floor":1,"turns":3},{"damage":5,"enemies":"Small Slimes","floor":2,"turns":5},{"damage":0,"enemies":"Cultist","floor":4,"turns":4},{"damage":9,"enemies":"Large Slime","floor":5,"turns":9},{"damage":14,"enemies":"Lagavulin","floor":7,"turns":6},{"damage":6,"enemies":"2 Fungi Beasts","floor":8,"turns":3},{"damage":3,"enemies":"Blue Slaver","floor":11,"turns":2},{"damage":18,"enemies":"Gremlin Nob","floor":14,"turns":3},{"damage":42,"enemies":"Hexaghost","floor":16,"turns":10},{"damage":22,"enemies":"Shell Parasite","floor":18,"turns":2},{"damage":8,"enemies":"Spheric Guardian","floor":19,"turns":2},{"damage":4,"enemies":"Masked Bandits","floor":20,"turns":2},{"damage":9,"enemies":"Chosen and Byrds","floor":24,"turns":3},{"damage":10,"enemies":"Shelled Parasite and Fungi","floor":28,"turns":2},{"damage":43,"enemies":"Book of Stabbing","floor":30,"turns":5},{"damage":53,"enemies":"Automaton","floor":33,"turns":7},{"damage":41,"enemies":"3 Darklings","floor":35,"turns":5},{"damage":20,"enemies":"Mind Bloom Boss Battle","floor":36,"turns":5},{"damage":24,"enemies":"Orb Walker","floor":38,"turns":3},{"damage":52,"enemies":"2 Orb Walkers","floor":41,"turns":4},{"damage":6,"enemies":"Transient","floor":42,"turns":5},{"damage":56,"enemies":"Nemesis","floor":45,"turns":5},{"damage":48,"enemies":"Jaw Worm Horde","floor":46,"turns":5},{"damage":138,"enemies":"Donu and Deca","floor":50,"turns":10}],"seed_played":"2319217024284839038","potions_obtained":[{"floor":0,"key":"ColorlessPotion"},{"floor":0,"key":"SteroidPotion"},{"floor":0,"key":"SpeedPotion"},{"floor":8,"key":"Fire Potion"},{"floor":11,"key":"AttackPotion"},{"floor":14,"key":"ColorlessPotion"},{"floor":24,"key":"Ancient Potion"},{"floor":28,"key":"Explosive Potion"},{"floor":38,"key":"SkillPotion"},{"floor":42,"key":"Explosive Potion"}],"is_trial":false,"path_per_floor":["M","M","?","M","M","R","E","M","T","R","M","R","?","E","R","B",null,"M","M","?","?","$","R","M","R","T","R","M","$","E","?","R","B",null,"M","?","?","M","$","R","?","M","T","?","E","M","R","$","R","B",null],"character_chosen":"IRONCLAD","items_purchased":["TheAbacus","LiquidMemories","CeramicFish","Happy Flower","Orrery","Feel No Pain","Shrug It Off","War Paint","Impervious"],"campfire_rested":2,"item_purchase_floors":[22,22,22,39,39,39,48,48,48],"current_hp_per_floor":[80,80,80,80,77,77,69,69,69,69,72,72,72,65,65,29,80,64,74,76,76,76,76,77,77,77,77,75,75,77,77,77,51,80,80,80,80,80,80,80,43,80,80,70,43,22,46,46,70,15],"gold":43,"neow_bonus":"THREE_SMALL_POTIONS","is_daily":false,"chose_seed":false,"campfire_upgraded":9,"win_rate":0.0,"timestamp":1612551883,"path_taken":["M","M","?","M","M","R","E","M","T","R","M","R","?","E","R","BOSS","M","?","?","?","$","R","M","R","T","R","M","?","E","?","R","BOSS","M","?","?","M","$","R","?","M","T","?","E","M","R","?","R","BOSS"],"items_purchased_type":["Relic","Potion","Relic","Relic","Relic","Card","Card","Relic","Card"],"build_version":"2020-12-18","purchased_purges":2,"victory":true,"max_hp_per_floor":[80,80,80,80,80,80,80,80,80,80,80,80,80,80,80,80,80,80,80,80,80,80,80,80,80,80,80,80,80,80,80,80,80,80,80,80,80,80,80,80,80,80,80,80,80,80,80,80,80,80],"relic_stats":{"TheAbacus":[48],"Happy Flower":[9],"counters":[24,110],"CeramicFish":153,"Dead Branch":[23],"Black Blood":148,"Pandora\u0027s Box":["Pummel","Berserk","Berserk","Feel No Pain","Bludgeon","Clash","Perfected Strike","Cleave"],"Prayer Wheel":3,"Pen Nib":[17],"War Paint":["True Grit","Burning Pact"],"obtain_stats":[{"Lantern":45,"Happy Flower":39,"CeramicFish":22,"Dead Branch":41,"Vajra":14,"Black Blood":34,"Pen Nib":7,"War Paint":48,"Ancient Tea Set":9,"Burning Blood":0,"Blood Vial":26,"TheAbacus":22,"HornCleat":30,"Orrery":39,"Pandora\u0027s Box":17,"Prayer Wheel":36,"Red Mask":20},{"Lantern":22,"Happy Flower":19,"CeramicFish":12,"Dead Branch":20,"Vajra":8,"Black Blood":16,"Pen Nib":5,"War Paint":23,"Ancient Tea Set":6,"Burning Blood":0,"Blood Vial":13,"TheAbacus":12,"HornCleat":15,"Orrery":19,"Pandora\u0027s Box":9,"Prayer Wheel":18,"Red Mask":12},{"Lantern":95,"Happy Flower":81,"CeramicFish":51,"Dead Branch":85,"Vajra":35,"Black Blood":68,"Pen Nib":27,"War Paint":100,"Ancient Tea Set":30,"Burning Blood":0,"Blood Vial":54,"TheAbacus":51,"HornCleat":61,"Orrery":81,"Pandora\u0027s Box":45,"Prayer Wheel":78,"Red Mask":51}]},"card_choices":[{"not_picked":["Perfected Strike","Rupture"],"picked":"Ghostly Armor","floor":1},{"not_picked":["Twin Strike","Clothesline"],"picked":"Flame Barrier","floor":2},{"not_picked":["Wild Strike","Havoc"],"picked":"Hemokinesis","floor":4},{"not_picked":["Havoc","Hemokinesis"],"picked":"Cleave","floor":5},{"not_picked":["Ghostly Armor","Warcry"],"picked":"Reaper","floor":7},{"not_picked":["Iron Wave","Bloodletting"],"picked":"Shrug It Off","floor":8},{"not_picked":["Perfected Strike","Rupture"],"picked":"Burning Pact","floor":11},{"not_picked":["Infernal Blade","Sever Soul"],"picked":"Battle Trance","floor":14},{"not_picked":["Barricade","Limit Break"],"picked":"Offering","floor":16},{"not_picked":["Thunderclap","Rampage"],"picked":"Spot Weakness+1","floor":18},{"not_picked":["Battle Trance","Body Slam+1"],"picked":"Anger+1","floor":19},{"not_picked":["Armaments","Hemokinesis"],"picked":"Inflame+1","floor":20},{"not_picked":["Clothesline","Inflame"],"picked":"Reaper","floor":24},{"not_picked":["Armaments+1","Flex"],"picked":"Dark Embrace","floor":28},{"not_picked":["Cleave","Iron Wave"],"picked":"Power Through","floor":30},{"not_picked":["Offering","Barricade"],"picked":"Limit Break","floor":33},{"not_picked":["Battle Trance","Clash+1","Cleave+1"],"picked":"SKIP","floor":35},{"not_picked":["Clash+1","Cleave+1"],"picked":"Battle Trance","floor":35},{"not_picked":["Iron Wave","Warcry"],"picked":"Bloodletting+1","floor":38},{"not_picked":["Clothesline","Sever Soul","Dark Embrace+1"],"picked":"SKIP","floor":38},{"not_picked":["True Grit+1","Sword Boomerang+1"],"picked":"Flame Barrier+1","floor":39},{"not_picked":["Barricade","Blood for Blood"],"picked":"Sword Boomerang+1","floor":39},{"not_picked":["Heavy Blade","Clash+1"],"picked":"True Grit","floor":42},{"not_picked":["Havoc+1","Clothesline+1","Wild Strike+1"],"picked":"SKIP","floor":42},{"not_picked":["Perfected Strike","Searing Blow","Cleave+1"],"picked":"SKIP","floor":45},{"not_picked":["Infernal Blade+1","Pommel Strike+1","Second Wind"],"picked":"SKIP","floor":46},{"not_picked":["Entrench+1","Clothesline+1","Pommel Strike"],"picked":"SKIP","floor":46}],"player_experience":208893,"relics_obtained":[{"floor":7,"key":"Pen Nib"},{"floor":9,"key":"Ancient Tea Set"},{"floor":14,"key":"Vajra"},{"floor":20,"key":"Red Mask"},{"floor":26,"key":"Blood Vial"},{"floor":30,"key":"HornCleat"},{"floor":36,"key":"Prayer Wheel"},{"floor":41,"key":"Dead Branch"},{"floor":45,"key":"Lantern"}],"event_choices":[{"damage_healed":0,"gold_gain":0,"player_choice":"Ignored","damage_taken":0,"max_hp_gain":0,"max_hp_loss":0,"event_name":"Liars Game","floor":3,"gold_loss":0},{"cards_removed":["Strike_R"],"damage_healed":0,"gold_gain":0,"player_choice":"Purged","damage_taken":0,"max_hp_gain":0,"max_hp_loss":0,"event_name":"Purifier","floor":13,"gold_loss":0},{"damage_healed":0,"gold_gain":0,"player_choice":"Fought Bandits","damage_taken":0,"max_hp_gain":0,"max_hp_loss":0,"event_name":"Masked Bandits","floor":20,"gold_loss":0},{"damage_healed":0,"gold_gain":99,"player_choice":"Stole From Cult","damage_taken":0,"max_hp_gain":0,"max_hp_loss":0,"event_name":"Nest","floor":21,"gold_loss":0},{"damage_healed":0,"gold_gain":0,"player_choice":"Became a vampire (Vial)","damage_taken":0,"max_hp_gain":0,"max_hp_loss":0,"event_name":"Vampires","floor":31,"relics_lost":["Blood Vial"],"gold_loss":0,"cards_obtained":["Bite","Bite","Bite","Bite","Bite"]},{"damage_healed":0,"gold_gain":0,"player_choice":"Fight","damage_taken":0,"max_hp_gain":0,"max_hp_loss":0,"event_name":"MindBloom","floor":36,"gold_loss":0},{"damage_healed":0,"gold_gain":222,"player_choice":"Wore Mask","damage_taken":0,"max_hp_gain":0,"max_hp_loss":0,"event_name":"Tomb of Lord Red Mask","floor":37,"gold_loss":0},{"damage_healed":0,"gold_gain":0,"player_choice":"Fight","damage_taken":0,"max_hp_gain":0,"max_hp_loss":0,"event_name":"Mysterious Sphere","floor":41,"gold_loss":0},{"damage_healed":0,"gold_gain":0,"player_choice":"Memory 3","damage_taken":10,"max_hp_gain":0,"max_hp_loss":0,"event_name":"SensoryStone","floor":44,"gold_loss":0}],"is_beta":true,"boss_relics":[{"not_picked":["Runic Cube","Busted Crown"],"picked":"Pandora\u0027s Box"},{"not_picked":["Fusion Hammer","Tiny House"],"picked":"Black Blood"}],"items_purged_floors":[22,29],"is_endless":false,"potions_floor_spawned":[4,8,11,14,24,28,38,42,46],"ascension_level":3}}