{"host":"klqcd4cqxrk2p1u3","time":1612510759,"event":{"mods":["BaseMod","Downfall","Minty Spire (QoL Compilation)","StSLib"],"gold_per_floor":[99,110,123,139,139,156,156,156,56,67,94,109,9,24,36,136,136,36,48,48,65,85,85,85,36,51,64,64,64,82,102,120,219,219,219,236,249,349,362,362,362,8,18,18,18,35,46,46,64,64,64,64],"floor_reached":50,"language":"ENG","playtime":7370,"items_purged":["bronze:Repair+1","Writhe"],"score":506,"play_id":"cc738ef7-bf58-4418-a9c5-af7d299e90fc","local_time":"20210205023919","is_ascension_mode":false,"campfire_choices":[{"floor":1,"key":"RECALL"},{"floor":9,"key":"REST"},{"floor":13,"key":"REST"},{"data":"bronze:Terminator","floor":18,"key":"SMITH"},{"floor":23,"key":"REST"},{"floor":28,"key":"REST"},{"data":"bronze:Terminator","floor":35,"key":"SMITH"},{"floor":40,"key":"REST"}],"circlet_count":0,"master_deck":["bronze:Strike","bronze:Strike","bronze:Strike","bronze:Strike","bronze:Defend","bronze:Defend","bronze:Defend+1","bronze:Defend","bronze:Replicate","bronze:Goto","bronze:Separator","bronze:CutThrough","bronze:WhirlingStrike","bronze:Shield","bronze:Shell","bronze:Library","bronze:Boost","bronze:BronzeOrb","bronze:Spike","bronze:Branch","bronze:Iterate","bronze:Boost","bronze:Terminator+1","bronze:OilSpill","bronze:Optimize","bronze:InfiniteLoop","bronze:Return","bronze:BuggyMess","bronze:ItsAFeature","bronze:Virus","bronze:Repulsor","bronze:CloningBeam","bronze:FineTuning+1","bronze:Separator","bronze:BronzeOrb","bronze:Repair+1","bronze:ChosenStrike","bronze:ItsAFeature","bronze:Iterate","bronze:Terminator+1","bronze:Fortify","bronze:ItsAFeature+1","bronze:ChosenStrike+1","bronze:Overheat+1","bronze:Boost+1","bronze:Iterate","bronze:InfiniteLoop","bronze:ChosenStrike+1","bronze:ChildClass+1","bronze:CutThrough+1","bronze:Goto","bronze:Shield","bronze:Return","bronze:FindAndReplace","Blind","bronze:CutThrough","bronze:BronzeOrb+1","bronze:WhirlingStrike+1","bronze:MaxOutput+1","bronze:ClassDefault","bronze:BuggyMess","expansioncontent:PolyBeam","bronze:ChildClass","bronze:Terminator","expansioncontent:PrepareCrush","expansioncontent:PrepareCrush","expansioncontent:InvincibleStrength","bronze:DelayedSlice+1","bronze:Repair+1","bronze:DigitalCarnage","bronze:Frontload+1","bronze:Repulsor+1","bronze:Fortify"],"relics":["bronze:BronzeCore","Prayer Wheel","downfall:HeartBlessingBlue","Pocketwatch","downfall:HeartBlessingRed","Busted Crown","downfall:HeartBlessingGreen","downfall:KnowingSkull","War Paint","bronze:ElectromagneticCoil","downfall:GremlinSack","Question Card","Bronze Scales","bronze:DonusWashers"],"acts_visited":["Exordium","TheCity","TheBeyond"],"potions_floor_usage":[16,25,31,32,33,47,50],"damage_taken":[{"damage":8,"enemies":"Small Slimes","floor":2,"turns":4},{"damage":1,"enemies":"Jaw Worm","floor":3,"turns":3},{"damage":0,"enemies":"2 Louse","floor":4,"turns":2},{"damage":21,"enemies":"Lots of Slimes","floor":6,"turns":4},{"damage":2,"enemies":"Lots of Slimes","floor":8,"turns":5},{"damage":2,"enemies":"Exordium Thugs","floor":10,"turns":3},{"damage":38,"enemies":"Lagavulin","floor":11,"turns":10},{"damage":3,"enemies":"Gremlin Gang","floor":12,"turns":3},{"damage":0,"enemies":"Exordium Wildlife","floor":14,"turns":4},{"damage":0,"enemies":"Blue Slaver","floor":15,"turns":2},{"damage":25,"enemies":"IC_STATUS_ARCHETYPE","floor":16,"turns":6},{"damage":10,"enemies":"Spheric Guardian","floor":19,"turns":3},{"damage":27,"enemies":"Shelled Parasite and Fungi","floor":21,"turns":6},{"damage":22,"enemies":"Snake Plant","floor":22,"turns":3},{"damage":1,"enemies":"downfall:FleeingMerchant","floor":25,"turns":4},{"damage":15,"enemies":"Sentry and Sphere","floor":26,"turns":4},{"damage":1,"enemies":"Centurion and Healer","floor":27,"turns":4},{"damage":20,"enemies":"3 Cultists","floor":30,"turns":5},{"damage":16,"enemies":"Cultist and Chosen","floor":31,"turns":6},{"damage":1,"enemies":"Centurion and Healer","floor":32,"turns":6},{"damage":68,"enemies":"DF_ARCHETYPE_CLAW","floor":33,"turns":7},{"damage":1,"enemies":"Orb Walker","floor":36,"turns":3},{"damage":9,"enemies":"3 Shapes","floor":37,"turns":4},{"damage":25,"enemies":"3 Shapes","floor":38,"turns":4},{"damage":15,"enemies":"Sphere and 2 Shapes","floor":39,"turns":4},{"damage":1,"enemies":"downfall:FleeingMerchant","floor":42,"turns":4},{"damage":9,"enemies":"4 Shapes","floor":43,"turns":4},{"damage":10,"enemies":"Transient","floor":46,"turns":5},{"damage":3,"enemies":"3 Darklings","floor":47,"turns":4},{"damage":10,"enemies":"Spire Growth","floor":49,"turns":4},{"damage":269,"enemies":"SI_POISON_ARCHETYPE","floor":50,"turns":7}],"seed_played":"-8565234280964353274","potions_obtained":[{"floor":8,"key":"SneckoOil"},{"floor":10,"key":"Dexterity Potion"},{"floor":11,"key":"SteroidPotion"},{"floor":12,"key":"FairyPotion"},{"floor":15,"key":"DistilledChaos"},{"floor":21,"key":"SkillPotion"},{"floor":26,"key":"ColorlessPotion"},{"floor":27,"key":"SneckoOil"},{"floor":30,"key":"bronze:FreeFunctionsPotion"},{"floor":31,"key":"Fruit Juice"},{"floor":32,"key":"Fruit Juice"},{"floor":36,"key":"bronze:CleanCodePotion"},{"floor":39,"key":"bronze:FreeFunctionsPotion"},{"floor":43,"key":"EssenceOfSteel"},{"floor":47,"key":"SmokeBomb"}],"is_trial":false,"path_per_floor":["R","M","M","M","?","M","T","?","R","M","E","M","R","M","M","B",null,"R","M","?","M","M","R","T","$","M","M","R","?","M","M","M","B",null,"R","M","M","?","M","R","T","$","M","?","?","M","M","$","M","B"],"character_chosen":"THE_AUTOMATON","items_purchased":["bronze:ItsAFeature","Bronze Scales","bronze:DonusWashers","bronze:ClassDefault","bronze:BuggyMess","expansioncontent:PolyBeam"],"campfire_rested":5,"item_purchase_floors":[25,42,42,42,42,42],"current_hp_per_floor":[63,55,54,54,59,38,38,36,69,67,29,26,49,49,49,24,78,78,68,61,34,12,35,35,45,40,50,73,73,59,58,72,14,88,88,87,84,64,59,85,85,84,75,65,77,67,74,74,68,0,0,0],"gold":64,"neow_bonus":"ONE_RARE_RELIC","is_daily":false,"chose_seed":false,"campfire_upgraded":2,"win_rate":0.0,"timestamp":1612510759,"path_taken":["R","M","M","M","?","M","T","?","R","M","E","M","R","M","M","BOSS","R","M","?","M","M","R","T","$","?","M","R","?","M","M","M","BOSS","R","M","M","?","M","R","T","$","?","?","?","M","?","?","M","BOSS"],"items_purchased_type":["Card","Relic","Relic","Card","Card","Card"],"build_version":"2020-12-22","purchased_purges":2,"victory":false,"max_hp_per_floor":[63,63,63,63,68,68,68,68,78,78,78,78,78,78,78,78,78,78,78,78,78,78,78,78,78,78,78,78,78,78,83,88,88,88,88,88,88,88,88,88,88,88,88,88,77,77,77,77,77,77,77,77],"card_choices":[{"not_picked":["bronze:BugBarrage","bronze:FineTuning"],"picked":"bronze:Separator","floor":2},{"not_picked":["bronze:WhirlingStrike","bronze:ForceShield"],"picked":"bronze:CutThrough","floor":2},{"not_picked":["bronze:CutThrough","bronze:DarkDash"],"picked":"bronze:WhirlingStrike","floor":3},{"not_picked":["bronze:WildBeam","bronze:Refactor"],"picked":"bronze:Shield","floor":3},{"not_picked":["bronze:Iterate","bronze:Flail"],"picked":"bronze:Shell","floor":4},{"not_picked":["bronze:CutThrough","bronze:BugBarrage"],"picked":"bronze:Library","floor":4},{"not_picked":["bronze:WhirlingStrike","bronze:Repulsor"],"picked":"bronze:Boost","floor":6},{"not_picked":["bronze:Branch","bronze:Flail"],"picked":"bronze:BronzeOrb","floor":6},{"not_picked":[],"picked":"bronze:Spike","floor":8},{"not_picked":["bronze:RecursiveStrike","bronze:ChildClass"],"picked":"bronze:Branch","floor":8},{"not_picked":["bronze:Overheat","bronze:ItsAFeature"],"picked":"bronze:Iterate","floor":10},{"not_picked":["bronze:FineTuning","bronze:Turbo"],"picked":"bronze:Boost","floor":10},{"not_picked":["bronze:Fortify","bronze:Iterate"],"picked":"bronze:Terminator","floor":11},{"not_picked":["bronze:Invalidate","bronze:Turbo"],"picked":"bronze:OilSpill","floor":12},{"not_picked":["bronze:DelayedGuard","bronze:Repulsor"],"picked":"bronze:Optimize","floor":12},{"not_picked":["bronze:DelayedGuard","bronze:OilSpill"],"picked":"bronze:InfiniteLoop","floor":14},{"not_picked":["bronze:BugBarrage","bronze:Frontload"],"picked":"bronze:Return","floor":14},{"not_picked":["bronze:BitShift","bronze:Iterate"],"picked":"bronze:BuggyMess","floor":15},{"not_picked":["bronze:BitShift","bronze:WhirlingStrike"],"picked":"bronze:ItsAFeature","floor":15},{"not_picked":["bronze:Library","bronze:HyperBeam"],"picked":"bronze:Virus","floor":16},{"not_picked":[],"picked":"bronze:Repulsor","floor":19},{"not_picked":[],"picked":"bronze:CloningBeam","floor":19},{"not_picked":[],"picked":"bronze:FineTuning+1","floor":21},{"not_picked":[],"picked":"bronze:Separator","floor":21},{"not_picked":[],"picked":"bronze:BronzeOrb","floor":22},{"not_picked":[],"picked":"bronze:Repair","floor":22},{"not_picked":[],"picked":"bronze:ChosenStrike","floor":25},{"not_picked":[],"picked":"bronze:Iterate","floor":26},{"not_picked":[],"picked":"bronze:Terminator","floor":26},{"not_picked":["bronze:Invalidate+1"],"picked":"SKIP","floor":27},{"not_picked":["bronze:Deprecate+1"],"picked":"SKIP","floor":27},{"not_picked":[],"picked":"bronze:Fortify","floor":30},{"not_picked":[],"picked":"bronze:ItsAFeature+1","floor":30},{"not_picked":[],"picked":"bronze:ChosenStrike+1","floor":31},{"not_picked":[],"picked":"bronze:Overheat+1","floor":31},{"not_picked":[],"picked":"bronze:Boost+1","floor":32},{"not_picked":[],"picked":"bronze:Iterate","floor":32},{"not_picked":[],"picked":"bronze:InfiniteLoop","floor":33},{"not_picked":[],"picked":"bronze:ChosenStrike+1","floor":36},{"not_picked":["bronze:Invalidate"],"picked":"SKIP","floor":36},{"not_picked":[],"picked":"bronze:ChildClass+1","floor":37},{"not_picked":[],"picked":"bronze:CutThrough+1","floor":37},{"not_picked":[],"picked":"bronze:CutThrough","floor":38},{"not_picked":[],"picked":"bronze:BronzeOrb+1","floor":39},{"not_picked":[],"picked":"bronze:WhirlingStrike+1","floor":39},{"not_picked":["bronze:Boost+1"],"picked":"bronze:MaxOutput+1","floor":42},{"not_picked":["bronze:DarkDash+1"],"picked":"bronze:ChildClass","floor":43},{"not_picked":["bronze:Invalidate"],"picked":"bronze:Terminator","floor":43},{"not_picked":["expansioncontent:AwakenDeath","expansioncontent:Chronoboost"],"picked":"expansioncontent:PrepareCrush","floor":44},{"not_picked":["expansioncontent:InvincibleStrength","expansioncontent:Chronoboost"],"picked":"expansioncontent:PrepareCrush","floor":44},{"not_picked":["expansioncontent:Chronoboost","expansioncontent:YouAreMine"],"picked":"expansioncontent:InvincibleStrength","floor":44},{"not_picked":["bronze:Deprecate+1"],"picked":"bronze:DelayedSlice+1","floor":46},{"not_picked":["bronze:Allocate"],"picked":"bronze:Repair+1","floor":46},{"not_picked":["bronze:WildBeam+1"],"picked":"bronze:DigitalCarnage","floor":47},{"not_picked":["bronze:DelayedSlice+1"],"picked":"bronze:Frontload+1","floor":47},{"not_picked":["bronze:OilSpill"],"picked":"bronze:Repulsor+1","floor":49},{"not_picked":["bronze:BronzeArmor"],"picked":"bronze:Fortify","floor":49}],"player_experience":1437045,"relics_obtained":[{"floor":11,"key":"Pocketwatch"},{"floor":24,"key":"War Paint"},{"floor":38,"key":"downfall:GremlinSack"},{"floor":41,"key":"Question Card"}],"event_choices":[{"damage_healed":0,"gold_gain":0,"player_choice":"Donut","damage_taken":0,"max_hp_gain":5,"max_hp_loss":0,"event_name":"Big Fish","floor":5,"gold_loss":0}],"is_beta":false,"boss_relics":[{"not_picked":["Runic Pyramid","Cursed Key"],"picked":"Busted Crown"},{"not_picked":["Pandora\u0027s Box","Black Star"],"picked":"bronze:ElectromagneticCoil"}],"items_purged_floors":[42,42],"is_endless":false,"potions_floor_spawned":[8,10,11,12,15,21,26,27,30,31,32,36,39,43,47],"killed_by":"SI_POISON_ARCHETYPE","ascension_level":0}}