{"host":"dw8ij7emqco3quom","time":1612565477,"event":{"mods":["BaseMod","Minty Spire (QoL Compilation)"],"gold_per_floor":[110,122,141,141,104,104,133,133,133,133,146,146,181,207,219,332,344,375,63,63,63,74,74,109,129,129,129,143,143,143,143],"floor_reached":30,"language":"FRA","playtime":2105,"items_purged":[],"score":335,"play_id":"541d5694-7af8-4f49-bdd6-da81ae4f121c","local_time":"20210205235117","is_ascension_mode":true,"campfire_choices":[{"data":"Well Laid Plans","floor":6,"key":"SMITH"},{"floor":8,"key":"REST"},{"data":"Underhanded Strike","floor":12,"key":"SMITH"},{"floor":15,"key":"REST"},{"floor":23,"key":"REST"},{"floor":27,"key":"REST"}],"circlet_count":0,"master_deck":["Strike_G","Strike_G","Strike_G","Strike_G","Defend_G","Defend_G","Defend_G","Defend_G","Survivor","Neutralize","Underhanded Strike+1","Well Laid Plans+1","Underhanded Strike+1","Blade Dance","Dash","Prepared","Bullet Time","Quick Slash+1","Blur","Backstab","Backstab","Dagger Throw+1","PiercingWail+1","Dodge and Roll","Backflip"],"relics":["Sozu","Bottled Tornado","MealTicket","MawBank","HoveringKite","Lizard Tail","Art of War","StrikeDummy"],"acts_visited":["Exordium","TheCity"],"potions_floor_usage":[],"damage_taken":[{"damage":0,"enemies":"Cultist","floor":1,"turns":4},{"damage":0,"enemies":"2 Louse","floor":2,"turns":2},{"damage":2,"enemies":"Jaw Worm","floor":3,"turns":4},{"damage":20,"enemies":"Lagavulin","floor":7,"turns":10},{"damage":2,"enemies":"2 Fungi Beasts","floor":11,"turns":3},{"damage":5,"enemies":"3 Sentries","floor":13,"turns":7},{"damage":2,"enemies":"Exordium Wildlife","floor":14,"turns":3},{"damage":47,"enemies":"Hexaghost","floor":16,"turns":13},{"damage":23,"enemies":"2 Thieves","floor":18,"turns":4},{"damage":7,"enemies":"Chosen","floor":22,"turns":3},{"damage":51,"enemies":"Book of Stabbing","floor":24,"turns":6},{"damage":32,"enemies":"Snake Plant","floor":25,"turns":5},{"damage":24,"enemies":"Centurion and Healer","floor":28,"turns":6},{"damage":27,"enemies":"Snecko","floor":30,"turns":4}],"seed_played":"1162400205390407113","potions_obtained":[],"is_trial":false,"path_per_floor":["M","M","M","$","$","R","E","R","T","?","M","R","E","M","R","B",null,"M","$","?","?","M","R","E","M","T","R","M","T","M"],"character_chosen":"THE_SILENT","items_purchased":["Well Laid Plans","Blur","Lizard Tail"],"campfire_rested":4,"item_purchase_floors":[5,19,19],"current_hp_per_floor":[63,63,61,61,61,61,41,62,62,62,60,60,55,53,70,23,58,35,50,50,50,43,64,13,19,19,40,16,16,0,0],"gold":143,"neow_bonus":"BOSS_RELIC","is_daily":false,"chose_seed":false,"campfire_upgraded":2,"win_rate":0.0,"timestamp":1612565477,"path_taken":["M","?","M","?","$","R","E","R","T","?","M","R","E","?","R","BOSS","M","$","?","?","M","R","E","M","T","R","?","?","?"],"items_purchased_type":["Card","Card","Relic"],"build_version":"2020-12-22","purchased_purges":0,"victory":false,"max_hp_per_floor":[70,70,70,70,70,70,70,70,70,70,70,70,70,70,70,70,70,70,70,70,70,70,70,70,70,70,70,70,70,70,70],"card_choices":[{"not_picked":["Cloak And Dagger","Masterful Stab"],"picked":"Underhanded Strike","floor":1},{"not_picked":["Calculated Gamble","Riddle With Holes","Bane"],"picked":"SKIP","floor":2},{"not_picked":["Reflex","All Out Attack","Cloak And Dagger"],"picked":"SKIP","floor":3},{"not_picked":["Heel Hook","Noxious Fumes"],"picked":"Underhanded Strike","floor":7},{"not_picked":["Terror","Deadly Poison"],"picked":"Blade Dance","floor":11},{"not_picked":["Expertise","Envenom"],"picked":"Dash","floor":13},{"not_picked":["Crippling Poison","Distraction"],"picked":"Prepared","floor":14},{"not_picked":["Glass Knife","Night Terror"],"picked":"Bullet Time","floor":16},{"not_picked":["Backflip","Bane"],"picked":"Quick Slash+1","floor":18},{"not_picked":["Blur","Well Laid Plans"],"picked":"Dagger Throw+1","floor":22},{"not_picked":["Quick Slash","Bane"],"picked":"PiercingWail+1","floor":24},{"not_picked":["Underhanded Strike","Outmaneuver"],"picked":"Dodge and Roll","floor":25},{"not_picked":["Noxious Fumes+1","Distraction"],"picked":"Backflip","floor":28}],"player_experience":716111,"relics_obtained":[{"floor":7,"key":"Bottled Tornado"},{"floor":9,"key":"MealTicket"},{"floor":13,"key":"MawBank"},{"floor":24,"key":"Art of War"},{"floor":29,"key":"StrikeDummy"}],"event_choices":[{"damage_healed":0,"gold_gain":0,"player_choice":"Forge","damage_taken":0,"max_hp_gain":0,"max_hp_loss":0,"event_name":"Accursed Blacksmith","floor":10,"gold_loss":0,"cards_upgraded":["Underhanded Strike"]},{"damage_healed":0,"gold_gain":0,"cards_transformed":["Strike_G","Defend_G"],"player_choice":"Became Test Subject","damage_taken":0,"max_hp_gain":0,"max_hp_loss":0,"event_name":"Drug Dealer","floor":20,"gold_loss":0,"cards_obtained":["Backstab","Backstab"]},{"damage_healed":0,"gold_gain":0,"player_choice":"Ignored","damage_taken":0,"max_hp_gain":0,"max_hp_loss":0,"event_name":"Cursed Tome","floor":21,"gold_loss":0}],"is_beta":false,"boss_relics":[{"not_picked":["Velvet Choker","Ectoplasm"],"picked":"HoveringKite"}],"items_purged_floors":[],"is_endless":false,"potions_floor_spawned":[1,2,3,11,16,24,25,28],"killed_by":"Snecko","ascension_level":6}}