{"host":"5zhjtp2pgwgfdund","time":1612499249,"event":{"mods":["2.2 Compatiblity","AchievementEnabler","Act Like it!","BaseMod","Colored Map","Colored Powertips","Downfall","Gensokyo","Infinite Spire","Minty Spire (QoL Compilation)","Replay The Spire","Shop Mod","StSLib","The Bug Knight","The Jungle"],"gold_per_floor":[99,119,119,47,64,39,39,72,72,83,101,112,112,147,159,256,256,256,274,293,293,313,344,344,344,344,363,388,64,81,107,119,220,220,220,239,258,277,277,277,351,384,398,438,438,438,266,282,307,428,428,428,444,455,469,469,35,73,85,108,140,40,55,55,67,83,196,196,196,220,57,73,73,73,101,101,116,135,167,167,187,187,206,324,324,324,346,346,346,278,314,351,353,393,393,409,441,499,349,366,378,378,378],"floor_reached":101,"language":"ENG","playtime":10636,"items_purged":[],"score":2000,"play_id":"176fa169-3cf6-43b7-889c-efd4ab4ee1f5","local_time":"20210204232729","is_ascension_mode":false,"campfire_choices":[{"data":"champ:Taunt","floor":1.0,"key":"SMITH"},{"floor":9.0,"key":"REST"},{"floor":13.0,"key":"REST"},{"floor":18.0,"key":"DIG"},{"floor":26.0,"key":"REST"},{"floor":46.0,"key":"REST"},{"floor":52.0,"key":"RECALL"},{"floor":69.0,"key":"DIG"},{"data":"champ:PerfectedStrike","floor":76.0,"key":"SMITH"},{"floor":80.0,"key":"REST"},{"data":"champ:Strike","floor":95,"key":"PURGE"}],"circlet_count":0,"master_deck":["champ:Strike","champ:Defend","champ:Defend","champ:Defend","champ:Defend","champ:Execute","champ:Taunt+1","champ:Shatter","champ:PreciseThrust","champ:DefensiveShout+1","Replay:SS_fish_1","champ:FlashCut","champ:Haymaker","champ:Haymaker","champ:Circumvent","champ:StanceDance","champ:PerfectedStrike","champ:FlashCut","champ:ShieldWall","champ:SwordThrow+1","champ:FaceSlap+1","champ:TornadoPunch+1","RitualDagger","champ:FlashCut+1","champ:ShieldThrow","champ:Backstep+1","champ:FlashCut+1","champ:CrookedStrike+1","expansioncontent:DashGenerateEvil","champ:ShieldWall","champ:StanceDance","champ:MurderStrike","champ:RapidStrikes+1","champ:CheapShot","champ:GutPunch+1","champ:FanOfKnives+1","champ:CalledShot+1","CurseOfTheBell","champ:Circumvent+1","champ:CrownThrow","champ:PreciseThrust+1","champ:EnGarde","champ:GladiatorStyle+1","champ:FlashCut","champ:IronFortress+1","champ:BringItOn","champ:FanOfKnives+1","champ:HoldFirm","champ:RisingSlash","champ:EnGarde","champ:GladiatorStyle+1","Panache+1","champ:BladeFlurry+1","Specialist+1","Swift Strike+1","champ:FocusedBerserking","champ:FlashCut","champ:TornadoPunch","champ:BladeFlurry","champ:Lariat","champ:BringItOn","champ:FaceSlap","champ:SwordThrow","champ:CalledShot+1","champ:PerfectedStrike+1","Replay:BasicMightCard+1","champ:GutPunch","champ:CrownThrow+1","champ:IronFortress+1","champ:GladiatorStyle+1","champ:Haymaker+1","champ:StanceDance+1","champ:BringItOn","champ:FlashCut","champ:FlashCut","champ:DancingMaster+1","champ:BladeFlurry","infinitespire:TheBestDefense","champ:Lariat","infinitespire:Starlight","infinitespire:FinalStrike","infinitespire:FinalStrike","expansioncontent:YouAreMine+1","champ:Parry+1","champ:ArenaPreparation+1","expansioncontent:HyperBeam","expansioncontent:HyperBeam","champ:LastStand+1","champ:CrookedStrike+1","champ:BringItOn+1","champ:StanceDance"],"relics":["champ:ChampionCrown","NeowsBlessing","Pantograph","Iron Hammer","Divine Protection","Eternal Feather","Black Star","infinitespire:Lucky Rock","Kunai","Omamori","HollowMod:StagPassRelic","sneckomod:BabySnecko","Red Mask","Replay:Multitool","Potion Belt","Philosopher\u0027s Stone","downfall:ExtraCursedBell","Torii","Bronze Scales","HollowMod:LifeEnderRelic","The Courier","infinitespire:Midas Blood","Ancient Tea Set","Sundial","Regal Pillow","Frozen Egg 2","Blood Vial","Ring of Chaos","champ:DefensiveTrainingManual","downfall:HeartBlessingRed","bronze:MakeshiftBattery","TungstenRod","Ring of Searing"],"acts_visited":["Gensokyo:Gensokyo","TheCity","TheBeyond","Exordium","Exordium","TheBeyond"],"potions_floor_usage":[96,97,101,101],"damage_taken":[{"damage":0.0,"enemies":"Gensokyo:Gryphon","floor":2.0,"turns":1.0},{"damage":0.0,"enemies":"downfall:FleeingMerchant","floor":4.0,"turns":1.0},{"damage":0.0,"enemies":"Gensokyo:3_Fairies","floor":5.0,"turns":2.0},{"damage":37.0,"enemies":"Gensokyo:Aya","floor":8.0,"turns":6.0},{"damage":0.0,"enemies":"Gensokyo:Python","floor":10.0,"turns":2.0},{"damage":9.0,"enemies":"Gensokyo:5_Fairies","floor":11.0,"turns":6.0},{"damage":0.0,"enemies":"Gensokyo:Python_and_Kodama","floor":12.0,"turns":3.0},{"damage":25.0,"enemies":"Gensokyo:Cirno","floor":14.0,"turns":8.0},{"damage":0.0,"enemies":"Gensokyo:2_Rabbits","floor":15.0,"turns":3.0},{"damage":24.0,"enemies":"SI_SHIV_ARCHETYPE","floor":16.0,"turns":7.0},{"damage":0.0,"enemies":"Chosen","floor":19.0,"turns":4.0},{"damage":0.0,"enemies":"Sentry and Sphere","floor":20.0,"turns":2.0},{"damage":17.0,"enemies":"Snake Plant","floor":22.0,"turns":4.0},{"damage":44.0,"enemies":"Gremlin Leader","floor":23.0,"turns":5.0},{"damage":13.0,"enemies":"Snecko","floor":27.0,"turns":4.0},{"damage":12.0,"enemies":"Masked Bandits","floor":28.0,"turns":4.0},{"damage":4.0,"enemies":"Centurion and Healer","floor":30.0,"turns":6.0},{"damage":6.0,"enemies":"Slavers","floor":31.0,"turns":4.0},{"damage":0.0,"enemies":"Chosen and Byrds","floor":32.0,"turns":5.0},{"damage":2.0,"enemies":"WA_ARCHETYPE_CALM","floor":33.0,"turns":8.0},{"damage":0.0,"enemies":"3 Shapes","floor":36.0,"turns":2.0},{"damage":0.0,"enemies":"Orb Walker","floor":37.0,"turns":3.0},{"damage":6.0,"enemies":"Jaw Worm Horde","floor":38.0,"turns":4.0},{"damage":45.0,"enemies":"Giant Head","floor":42.0,"turns":10.0},{"damage":0.0,"enemies":"Maw","floor":43.0,"turns":6.0},{"damage":26.0,"enemies":"Nightmare","floor":44.0,"turns":8.0},{"damage":14.0,"enemies":"Sphere and 2 Shapes","floor":48.0,"turns":5.0},{"damage":11.0,"enemies":"3 Darklings","floor":49.0,"turns":4.0},{"damage":80.0,"enemies":"DF_ARCHETYPE_ORBS","floor":50.0,"turns":11.0},{"damage":0.0,"enemies":"2 Louse","floor":53.0,"turns":2.0},{"damage":0.0,"enemies":"Cultist","floor":54.0,"turns":2.0},{"damage":2.0,"enemies":"Small Slimes","floor":55.0,"turns":2.0},{"damage":12.0,"enemies":"3 Sentries","floor":58.0,"turns":5.0},{"damage":0.0,"enemies":"3 Louse","floor":59.0,"turns":2.0},{"damage":21.0,"enemies":"Gremlin Gang","floor":60.0,"turns":3.0},{"damage":0.0,"enemies":"Gremlin Nob","floor":61.0,"turns":2.0},{"damage":0.0,"enemies":"Large Slime","floor":63.0,"turns":2.0},{"damage":13.0,"enemies":"Looter","floor":65.0,"turns":2.0},{"damage":0.0,"enemies":"2 Fungi Beasts","floor":66.0,"turns":2.0},{"damage":22.0,"enemies":"The Guardian","floor":67.0,"turns":6.0},{"damage":9.0,"enemies":"theJungle:MUSHROOMGANG","floor":70.0,"turns":4.0},{"damage":6.0,"enemies":"theJungle:Flameango_and_Byrd","floor":72.0,"turns":5.0},{"damage":6.0,"enemies":"theJungle:MamaSnecko","floor":75.0,"turns":6.0},{"damage":0.0,"enemies":"theJungle:Lyon","floor":77.0,"turns":3.0},{"damage":26.0,"enemies":"theJungle:2_Snecko_Cultists","floor":78.0,"turns":3.0},{"damage":42.0,"enemies":"Nightmare","floor":79.0,"turns":6.0},{"damage":0.0,"enemies":"theJungle:JungleHuntersEncounter","floor":81.0,"turns":4.0},{"damage":0.0,"enemies":"theJungle:Lyon","floor":83.0,"turns":2.0},{"damage":25,"enemies":"theJungle:QueenSpyder","floor":84,"turns":9},{"damage":15,"enemies":"Orb Walker","floor":87,"turns":3},{"damage":26,"enemies":"Reptomancer","floor":91,"turns":3},{"damage":34,"enemies":"Giant Head","floor":92,"turns":7},{"damage":99,"enemies":"Nemesis","floor":94,"turns":3},{"damage":31,"enemies":"3 Darklings","floor":96,"turns":3},{"damage":30,"enemies":"Giant Head","floor":97,"turns":7},{"damage":42,"enemies":"Spire Growth","floor":100,"turns":4},{"damage":95,"enemies":"Donu and Deca","floor":101,"turns":4}],"seed_played":"-7126064524031612412","potions_obtained":[{"floor":5.0,"key":"Elixir"},{"floor":8.0,"key":"champ:CounterPotion"},{"floor":10.0,"key":"Milkshake"},{"floor":11.0,"key":"DistilledChaos"},{"floor":15.0,"key":"Toxic Potion"},{"floor":27.0,"key":"Weak Potion"},{"floor":28.0,"key":"Flashbang"},{"floor":32.0,"key":"PowerPotion"},{"floor":33.0,"key":"Regen Potion"},{"floor":37.0,"key":"Doom Potion"},{"floor":42.0,"key":"FairyPotion"},{"floor":43.0,"key":"BlessingOfTheForge"},{"floor":48.0,"key":"Strength Potion"},{"floor":53.0,"key":"Regen Potion"},{"floor":60.0,"key":"Ancient Potion"},{"floor":61.0,"key":"Flashbang"},{"floor":63.0,"key":"Adrenaline Potion"},{"floor":72.0,"key":"Reflective Coating"},{"floor":77.0,"key":"bronze:BurnAndBuffPotion"},{"floor":78.0,"key":"champ:OpenerPotion"},{"floor":84,"key":"EssenceOfSteel"},{"floor":94,"key":"Adrenaline Potion"},{"floor":96,"key":"Flashbang"},{"floor":97,"key":"sneckomod:MuddlingPotion"}],"is_trial":false,"path_per_floor":["R","M","?","$","M","$","T","E","R","M","M","M","R","E","M","B",null,"R_BF","M","M","?","M","E","T","?","R","M","?","$","M","E","M","B",null,"R_BF","M","M","M","?","?","T","E","M","NM","AVR","R","$","M","M","B",null,"R","M","M","M","?","$","E","M","M","E","R","M","?","M","M","B",null,"R","M","$","M","$","?","E","R","M","M","NM","R","M","?","M","B",null,"R","M","AVR","?","$","E","E","?","E","R","M","E","R","?","M","B"],"character_chosen":"THE_CHAMP","items_purchased":["champ:DefensiveShout","Replay:SS_fish_1","Pantograph","champ:Haymaker","champ:CrookedStrike+1","expansioncontent:DashGenerateEvil","champ:ShieldWall","champ:EnGarde","champ:GladiatorStyle+1","champ:FlashCut","champ:IronFortress+1","Panache+1","champ:BladeFlurry","champ:DefensiveTrainingManual","Specialist+1","Swift Strike","champ:PerfectedStrike","Replay:BasicMightCard+1","champ:GutPunch","expansioncontent:YouAreMine"],"campfire_rested":5,"item_purchase_floors":[4,4,4,6,29,29,29,47,47,47,47,57,57,57,57,57,71,71,71,90],"current_hp_per_floor":[90,90,75,75,75,75,75,48,75,75,76,76,90,65,65,66,90,90,90,90,84,67,33,33,33,75,72,60,60,56,60,60,83,90,90,90,90,84,84,84,84,47,47,26,26,90,90,86,77,10,90,90,90,90,90,90,90,78,80,70,72,90,90,90,77,79,68,90,90,86,86,82,82,82,90,90,90,64,29,90,90,90,90,65,90,90,75,75,75,75,64,37,33,41,90,69,51,90,100,58,0,0,0],"gold":378,"neow_bonus":"THREE_ENEMY_KILL","is_daily":false,"chose_seed":false,"campfire_upgraded":2,"win_rate":0.0,"timestamp":1612499249,"path_taken":["R","M","?","?","?","$","T","E","R","?","M","M","R","E","M","BOSS","R_BF","M","M","?","M","E","T","?","R","M","?","?","M","E","M","BOSS","R_BF","M","M","M","?","?","T","E","M","NM","AVR","R","?","M","M","BOSS","R_BF","M","M","M","?","$","E","M","M","E","R","M","?","M","M","BOSS","R","M","?","M","$","?","E","R","M","?","NM","R","?","?","M","BOSS","R","M","AVR","?","$","?","E","?","E","R","M","E","R","?","M","BOSS"],"items_purchased_type":["Card","Card","Relic","Card","Card","Card","Card","Card","Card","Card","Card","Card","Card","Relic","Card","Card","Card","Card","Card","Card"],"build_version":"2020-12-22","purchased_purges":0,"victory":false,"max_hp_per_floor":[90,90,90,90,90,90,90,90,90,90,90,90,90,90,90,90,90,90,90,90,90,90,90,90,90,90,90,90,90,90,90,90,90,90,90,90,90,90,90,90,90,90,90,90,90,90,90,90,90,90,90,90,90,90,90,90,90,90,90,90,90,90,90,90,90,90,90,90,90,90,90,90,90,90,90,90,90,90,90,90,90,90,90,90,90,90,90,90,90,90,90,90,90,90,90,90,90,90,100,100,100,100,100],"card_choices":[{"not_picked":["champ:FanOfKnives","champ:PreemptiveStrike"],"picked":"champ:Shatter","floor":2.0},{"not_picked":["champ:GladiatorForm","champ:StanceDance"],"picked":"champ:PreciseThrust","floor":4.0},{"not_picked":["champ:EnragedBash","champ:FocusedDefense"],"picked":"champ:FlashCut","floor":5.0},{"not_picked":["champ:SetATrap","champ:PreemptiveStrike"],"picked":"champ:Haymaker","floor":8.0},{"not_picked":["champ:Shatter","champ:CrownThrow"],"picked":"champ:Circumvent","floor":10.0},{"not_picked":["champ:FancyFootwork","champ:Haymaker"],"picked":"champ:StanceDance","floor":11.0},{"not_picked":["champ:ArenaPreparation","champ:Parry"],"picked":"champ:PerfectedStrike","floor":12.0},{"not_picked":["champ:Shatter","champ:Circumvent"],"picked":"champ:FlashCut","floor":14.0},{"not_picked":["champ:EnGarde","champ:HeavySlash"],"picked":"champ:ShieldWall","floor":15.0},{"not_picked":["champ:GladiatorForm","champ:StrikeOfGenius"],"picked":"champ:SwordThrow","floor":16.0},{"not_picked":["champ:RecklessLeap","champ:StanceDance"],"picked":"champ:FaceSlap+1","floor":19.0},{"not_picked":["champ:IronFortress","champ:Circumvent"],"picked":"champ:TornadoPunch+1","floor":20.0},{"not_picked":["champ:EndlessRage","champ:RecklessLeap"],"picked":"champ:FlashCut+1","floor":22.0},{"not_picked":["champ:Endure","champ:FlashCut"],"picked":"champ:ShieldThrow","floor":23.0},{"not_picked":["champ:Shatter+1","champ:CrownThrow"],"picked":"champ:Backstep+1","floor":27.0},{"not_picked":["champ:MurderStrike","champ:Backstep"],"picked":"champ:FlashCut+1","floor":28.0},{"not_picked":["champ:RecklessLeap+1","champ:IronFortress"],"picked":"champ:StanceDance","floor":30.0},{"not_picked":["champ:BringItOn","champ:EnragedBash"],"picked":"champ:MurderStrike","floor":31.0},{"not_picked":["champ:DefensiveShout+1","champ:AdrenalArmor"],"picked":"champ:RapidStrikes+1","floor":32.0},{"not_picked":["champ:Improvising","champ:DancingMaster"],"picked":"champ:CheapShot","floor":33.0},{"not_picked":["champ:ShieldWall","champ:CrownThrow"],"picked":"champ:GutPunch+1","floor":36.0},{"not_picked":["champ:ArenaPreparation+1","champ:EnGarde"],"picked":"champ:FanOfKnives+1","floor":37.0},{"not_picked":["champ:FlashCut","champ:AdrenalArmor+1"],"picked":"champ:CalledShot+1","floor":38.0},{"not_picked":["champ:AdrenalArmor","champ:Duel"],"picked":"champ:Circumvent+1","floor":42.0},{"not_picked":["champ:DefensiveShout+1","champ:Shatter"],"picked":"champ:CrownThrow","floor":43.0},{"not_picked":["champ:Circumvent+1","champ:RisingSlash"],"picked":"champ:PreciseThrust+1","floor":44.0},{"not_picked":["champ:CrookedStrike","champ:FlashCut"],"picked":"champ:BringItOn","floor":48.0},{"not_picked":["champ:CrownThrow","champ:CrookedStrike"],"picked":"champ:FanOfKnives+1","floor":49.0},{"not_picked":["champ:SwordThrow","champ:Improvising+1"],"picked":"champ:HoldFirm","floor":50.0},{"not_picked":["champ:Lariat","champ:TornadoPunch"],"picked":"champ:RisingSlash","floor":53.0},{"not_picked":["champ:DefensiveShout","champ:Backstep"],"picked":"champ:EnGarde","floor":54.0},{"not_picked":["champ:EnGarde","champ:TornadoPunch"],"picked":"champ:GladiatorStyle+1","floor":55.0},{"not_picked":["champ:BladeFlurry","champ:Backstep"],"picked":"champ:FocusedBerserking","floor":58.0},{"not_picked":["champ:StanceDance","champ:Circumvent"],"picked":"champ:FlashCut","floor":59.0},{"not_picked":["champ:RisingSlash","champ:DefensiveShout"],"picked":"champ:TornadoPunch","floor":60.0},{"not_picked":["champ:CrownThrow","champ:PreemptiveStrike"],"picked":"champ:BladeFlurry","floor":61.0},{"not_picked":["champ:EndlessRage+1","champ:AdrenalArmor"],"picked":"champ:Lariat","floor":63.0},{"not_picked":["champ:FanOfKnives","champ:ArenaPreparation"],"picked":"champ:BringItOn","floor":65.0},{"not_picked":["champ:EnGarde","champ:BerserkersShout"],"picked":"champ:FaceSlap","floor":66.0},{"not_picked":["champ:GladiatorForm+1","champ:SteelEdge"],"picked":"champ:SwordThrow","floor":67.0},{"not_picked":["champ:Parry+1","champ:AdrenalArmor"],"picked":"champ:CalledShot+1","floor":70.0},{"not_picked":["champ:GutPunch","champ:Duel"],"picked":"champ:CrownThrow+1","floor":72.0},{"not_picked":["champ:ArenaPreparation","champ:Improvising+1"],"picked":"champ:GladiatorStyle+1","floor":75.0},{"not_picked":["champ:CalledShot","champ:FaceSlap"],"picked":"champ:Haymaker+1","floor":77.0},{"not_picked":["champ:Backstep","champ:EnGarde"],"picked":"champ:StanceDance+1","floor":78.0},{"not_picked":["champ:PreciseThrust","champ:GutPunch"],"picked":"champ:BringItOn","floor":79.0},{"not_picked":["champ:Backstep","champ:PreemptiveStrike"],"picked":"champ:FlashCut","floor":81.0},{"not_picked":["champ:CrownThrow","champ:Haymaker"],"picked":"champ:FlashCut","floor":83},{"not_picked":["champ:CheapShot","champ:HoldFirm"],"picked":"champ:DancingMaster+1","floor":84},{"not_picked":["infinitespire:SealOfDarkness+","infinitespire:Oblivion"],"picked":"infinitespire:TheBestDefense","floor":86},{"not_picked":["champ:BerserkersShout+1","champ:IronFortress+1"],"picked":"champ:Lariat","floor":87},{"not_picked":["champ:FanOfKnives","champ:EnGarde"],"picked":"champ:Parry+1","floor":91},{"not_picked":["champ:RapidStrikes","champ:Backstep"],"picked":"champ:ArenaPreparation+1","floor":92},{"not_picked":["Replay:SS_forest_2","expansioncontent:GuardianWhirl"],"picked":"expansioncontent:HyperBeam","floor":93},{"not_picked":["expansioncontent:Chronoboost","Replay:SS_fish_1"],"picked":"expansioncontent:HyperBeam","floor":93},{"not_picked":["champ:DefensiveShout","champ:DeathBlow+1"],"picked":"champ:LastStand+1","floor":94},{"not_picked":["champ:FocusedBerserking+1","champ:GutPunch"],"picked":"champ:CrookedStrike+1","floor":96},{"not_picked":["champ:FanOfKnives","champ:EnGarde"],"picked":"champ:BringItOn+1","floor":97},{"not_picked":["champ:BerserkersShout+1","champ:PreciseThrust+1"],"picked":"champ:StanceDance","floor":100}],"player_experience":128738,"relics_obtained":[{"floor":7.0,"key":"Iron Hammer"},{"floor":8.0,"key":"Divine Protection"},{"floor":14.0,"key":"Eternal Feather"},{"floor":18.0,"key":"infinitespire:Lucky Rock"},{"floor":23.0,"key":"Kunai"},{"floor":23.0,"key":"Omamori"},{"floor":24.0,"key":"HollowMod:StagPassRelic"},{"floor":28.0,"key":"Red Mask"},{"floor":31.0,"key":"Replay:Multitool"},{"floor":31.0,"key":"Potion Belt"},{"floor":39.0,"key":"Torii"},{"floor":39.0,"key":"Bronze Scales"},{"floor":39.0,"key":"HollowMod:LifeEnderRelic"},{"floor":40.0,"key":"The Courier"},{"floor":41.0,"key":"infinitespire:Midas Blood"},{"floor":42.0,"key":"Ancient Tea Set"},{"floor":42.0,"key":"Sundial"},{"floor":44.0,"key":"Regal Pillow"},{"floor":44.0,"key":"Frozen Egg 2"},{"floor":69.0,"key":"TungstenRod"},{"floor":82.0,"key":"Ring of Searing"}],"event_choices":[{"damage_healed":0.0,"max_hp_gain":0.0,"max_hp_loss":0.0,"gold_gain":0.0,"event_name":"Masked Bandits","player_choice":"Fought Bandits","floor":28.0,"gold_loss":0.0,"damage_taken":0.0},{"damage_healed":0.0,"max_hp_gain":0.0,"max_hp_loss":0.0,"gold_gain":0.0,"event_name":"Living Wall","player_choice":"Grow","floor":56.0,"gold_loss":0.0,"damage_taken":0.0,"cards_upgraded":["champ:SwordThrow"]},{"damage_healed":0.0,"max_hp_gain":0.0,"max_hp_loss":0.0,"gold_gain":0.0,"event_name":"NoteForYourself","player_choice":"Ignored","floor":64.0,"gold_loss":0.0,"damage_taken":0.0}],"is_beta":false,"boss_relics":[{"not_picked":["Painkiller Herb","Snecko Eye"],"picked":"Black Star"},{"not_picked":["infinitespire:Cupcake","ReplayTheSpireMod:DimensionalGlitch"],"picked":"Philosopher\u0027s Stone"},{"not_picked":["Cursed Key","Runic Dome"],"picked":"Ring of Chaos"},{"not_picked":["infinitespire:Cupcake","Replay:Ancient Bell"],"picked":"bronze:MakeshiftBattery"},{"not_picked":["ReplayTheSpireMod:DimensionalGlitch","Replay:Bronze Core","Kintsugi"]}],"items_purged_floors":[],"is_endless":true,"potions_floor_spawned":[5,8,10,11,15,22,27,28,32,33,37,42,43,48,53,60,61,63,65,72,77,78,84,94,96,97],"killed_by":"Donu and Deca","ascension_level":0}}