{"host":"j4nfyhit1dl35m08","time":1612522234,"event":{"mods":["BaseMod","Downfall","Highlight Path","Minty Spire (QoL Compilation)","StSLib"],"gold_per_floor":[99,111,111,111,127,127,127,145,176,2,12,32,32,43,55,158,158,158,169,187,187,206,224,277,277,296,309,309,341,341,369,382,477,477,477,497,508,520,14,14,14,24,39,65,80,92,92,118,133,133,133,133],"floor_reached":50,"language":"ENG","playtime":5984,"items_purged":["bronze:Strike"],"score":1032,"play_id":"4d64a7e5-f400-43ac-a9db-fac6e2ffa25b","local_time":"20210205045034","is_ascension_mode":true,"campfire_choices":[{"data":"bronze:Goto","floor":1,"key":"SMITH"},{"data":"bronze:Deprecate","floor":6,"key":"SMITH"},{"data":"bronze:TinkerersToolbox","floor":13,"key":"SMITH"},{"data":"bronze:Assembly","floor":18,"key":"SMITH"},{"data":"bronze:BuggyMess","floor":28,"key":"SMITH"},{"data":"bronze:ChosenStrike","floor":30,"key":"SMITH"},{"data":"bronze:InfiniteLoop","floor":35,"key":"SMITH"},{"floor":40,"key":"REST"},{"data":"bronze:ClassDefault","floor":47,"key":"SMITH"}],"circlet_count":0,"master_deck":["bronze:Defend","bronze:Defend","bronze:Replicate","bronze:Goto+1","bronze:ThunderWave+1","bronze:FindAndReplace+1","bronze:Break+1","bronze:Overheat","bronze:Deprecate+1","bronze:ChosenStrike+1","bronze:Branch","bronze:TinkerersToolbox+1","bronze:Constructor","bronze:FollowUp","bronze:BuggyMess+1","bronze:BronzeArmor","bronze:Assembly+1","bronze:Branch","bronze:BitShift","bronze:BuggyMess+1","bronze:BitShift+1","bronze:DelayedSlice+1","bronze:InfiniteLoop+1","bronze:ForLoop","bronze:Virus","bronze:Turbo+1","bronze:Terminator+1","bronze:ClassDefault+1","bronze:Terminator+1","bronze:GetLatest","bronze:Shell+1","bronze:MaxOutput","bronze:Allocate+1","bronze:Frontload+1","bronze:Repair+1","bronze:Boost","bronze:MaxOutput+1"],"relics":["Astrolabe","Eternal Feather","Busted Crown","Nloth\u0027s Gift","Bag of Preparation","Unceasing Top","Pear","bronze:MakeshiftBattery","DollysMirror","Art of War","PreservedInsect","Question Card","MealTicket","Darkstone Periapt"],"acts_visited":["Exordium","TheCity","TheBeyond"],"potions_floor_usage":[16,23,29,31,32,33,33,38,46],"damage_taken":[{"damage":2,"enemies":"Jaw Worm","floor":2,"turns":2},{"damage":0,"enemies":"Small Slimes","floor":5,"turns":2},{"damage":0,"enemies":"Cultist","floor":8,"turns":2},{"damage":9,"enemies":"Gremlin Nob","floor":9,"turns":3},{"damage":0,"enemies":"downfall:FleeingMerchant","floor":10,"turns":4},{"damage":20,"enemies":"Exordium Thugs","floor":11,"turns":4},{"damage":0,"enemies":"Lots of Slimes","floor":12,"turns":3},{"damage":5,"enemies":"Blue Slaver","floor":14,"turns":2},{"damage":3,"enemies":"Gremlin Gang","floor":15,"turns":3},{"damage":26,"enemies":"SI_SHIV_ARCHETYPE","floor":16,"turns":8},{"damage":0,"enemies":"Spheric Guardian","floor":19,"turns":3},{"damage":4,"enemies":"Chosen","floor":20,"turns":3},{"damage":0,"enemies":"Sentry and Sphere","floor":22,"turns":3},{"damage":0,"enemies":"Centurion and Healer","floor":23,"turns":4},{"damage":20,"enemies":"Snake Plant","floor":26,"turns":5},{"damage":19,"enemies":"Sentry and Sphere","floor":27,"turns":4},{"damage":2,"enemies":"Slavers","floor":29,"turns":5},{"damage":37,"enemies":"Book of Stabbing","floor":31,"turns":5},{"damage":0,"enemies":"Shelled Parasite and Fungi","floor":32,"turns":3},{"damage":0,"enemies":"IC_MUSHROOM_ARCHETYPE","floor":33,"turns":4},{"damage":0,"enemies":"3 Darklings","floor":36,"turns":3},{"damage":20,"enemies":"3 Shapes","floor":37,"turns":4},{"damage":32,"enemies":"Transient","floor":38,"turns":5},{"damage":4,"enemies":"downfall:FleeingMerchant","floor":39,"turns":4},{"damage":0,"enemies":"Spire Growth","floor":42,"turns":2},{"damage":0,"enemies":"downfall:FleeingMerchant","floor":43,"turns":1},{"damage":0,"enemies":"Reptomancer","floor":44,"turns":2},{"damage":0,"enemies":"Sphere and 2 Shapes","floor":45,"turns":3},{"damage":12,"enemies":"Maw","floor":46,"turns":6},{"damage":0,"enemies":"Giant Head","floor":48,"turns":4},{"damage":25,"enemies":"Spire Growth","floor":49,"turns":5},{"damage":98,"enemies":"WA_ARCHETYPE_DIVINITY","floor":50,"turns":3}],"seed_played":"2419127064926756179","potions_obtained":[{"floor":8,"key":"CultistPotion"},{"floor":11,"key":"bronze:FreeFunctionsPotion"},{"floor":15,"key":"Swift Potion"},{"floor":16,"key":"Guardian:BlockOnCardUsePotion"},{"floor":27,"key":"Block Potion"},{"floor":29,"key":"AttackPotion"},{"floor":31,"key":"SteroidPotion"},{"floor":36,"key":"bronze:CleanCodePotion"},{"floor":37,"key":"GamblersBrew"},{"floor":44,"key":"FearPotion"},{"floor":45,"key":"FearPotion"}],"is_trial":false,"path_per_floor":["R","M","?","?","M","R","T","M","E","$","M","M","R","M","M","B",null,"R","M","M","?","M","M","T","?","M","M","R","E","R","E","M","B",null,"R","M","M","M","$","R","T","M","?","E","M","M","R","E","M","B"],"character_chosen":"THE_AUTOMATON","items_purchased":["bronze:TinkerersToolbox","bronze:ClassDefault","DollysMirror","Art of War","bronze:GetLatest","bronze:MaxOutput","Question Card"],"campfire_rested":1,"item_purchase_floors":[10,39,39,39,39,43,43],"current_hp_per_floor":[63,61,61,61,61,61,61,61,52,52,32,32,41,36,33,7,54,63,63,59,59,59,59,59,59,39,20,32,30,42,15,15,15,64,79,79,59,27,23,65,65,65,65,65,65,53,74,80,55,0,0,0],"gold":133,"neow_bonus":"BOSS_RELIC","is_daily":false,"chose_seed":false,"campfire_upgraded":8,"win_rate":0.0,"timestamp":1612522234,"path_taken":["R","M","?","?","M","R","T","?","E","?","M","M","R","M","M","BOSS","R","M","?","?","M","?","T","?","M","?","R","E","R","E","M","BOSS","R","M","?","M","$","R","T","M","?","E","M","M","R","E","M","BOSS"],"items_purchased_type":["Card","Card","Relic","Relic","Card","Card","Relic"],"build_version":"2020-12-22","purchased_purges":1,"victory":false,"max_hp_per_floor":[70,70,70,70,70,70,70,70,70,70,70,70,70,70,70,70,70,70,70,70,70,70,70,70,70,70,70,70,70,70,80,80,80,80,80,80,80,80,80,80,80,80,80,80,80,80,80,80,80,80,80,80],"card_choices":[{"not_picked":["bronze:Deprecate","bronze:WildBeam"],"picked":"bronze:Overheat","floor":2},{"not_picked":["bronze:DelayedGuard","bronze:BitShift"],"picked":"bronze:Deprecate","floor":5},{"not_picked":["bronze:ItsAFeature","bronze:Allocate","bronze:ForceShield"],"picked":"SKIP","floor":8},{"not_picked":["bronze:Assembly","bronze:Overload"],"picked":"bronze:ChosenStrike","floor":9},{"not_picked":["bronze:CutThrough","bronze:BugBarrage"],"picked":"bronze:Branch","floor":10},{"not_picked":["bronze:Safeguard","bronze:DelayedGuard"],"picked":"bronze:Constructor","floor":11},{"not_picked":["bronze:ChosenStrike","bronze:Shield"],"picked":"bronze:FollowUp","floor":12},{"not_picked":["bronze:CutThrough","bronze:Constructor"],"picked":"bronze:BuggyMess","floor":14},{"not_picked":["bronze:DelayedGuard","bronze:Shield"],"picked":"bronze:BronzeArmor","floor":15},{"not_picked":["bronze:TinkerersToolbox","bronze:BurnOut"],"picked":"bronze:Assembly","floor":16},{"not_picked":["bronze:Deprecate"],"picked":"SKIP","floor":19},{"not_picked":[],"picked":"bronze:Branch","floor":20},{"not_picked":["bronze:Iterate"],"picked":"SKIP","floor":22},{"not_picked":[],"picked":"bronze:BitShift","floor":23},{"not_picked":[],"picked":"bronze:BuggyMess+1","floor":26},{"not_picked":[],"picked":"bronze:BitShift+1","floor":27},{"not_picked":[],"picked":"bronze:DelayedSlice+1","floor":29},{"not_picked":[],"picked":"bronze:InfiniteLoop","floor":31},{"not_picked":[],"picked":"bronze:ForLoop","floor":32},{"not_picked":[],"picked":"bronze:Virus","floor":33},{"not_picked":[],"picked":"bronze:Turbo+1","floor":36},{"not_picked":["bronze:BronzeOrb+1"],"picked":"SKIP","floor":37},{"not_picked":["bronze:WildBeam+1"],"picked":"SKIP","floor":38},{"not_picked":[],"picked":"bronze:Terminator+1","floor":39},{"not_picked":[],"picked":"bronze:Shell+1","floor":42},{"not_picked":["bronze:Shield"],"picked":"SKIP","floor":43},{"not_picked":["bronze:ChosenStrike"],"picked":"bronze:Allocate+1","floor":44},{"not_picked":["bronze:Overheat+1"],"picked":"bronze:Frontload+1","floor":45},{"not_picked":["bronze:DigitalCarnage+1"],"picked":"bronze:Repair+1","floor":46},{"not_picked":["bronze:Philosophize+1"],"picked":"bronze:Boost","floor":48},{"not_picked":["bronze:HyperBeam"],"picked":"bronze:MaxOutput+1","floor":49}],"player_experience":433634,"relics_obtained":[{"floor":7,"key":"Eternal Feather"},{"floor":9,"key":"Bottled Flame"},{"floor":24,"key":"Bag of Preparation"},{"floor":29,"key":"Unceasing Top"},{"floor":31,"key":"Pear"},{"floor":41,"key":"PreservedInsect"},{"floor":44,"key":"MealTicket"},{"floor":48,"key":"Darkstone Periapt"}],"event_choices":[{"cards_removed":["bronze:Strike"],"damage_healed":0,"gold_gain":0,"player_choice":"Card Removal","damage_taken":0,"max_hp_gain":0,"max_hp_loss":0,"event_name":"The Cleric","floor":3,"gold_loss":0},{"cards_removed":["bronze:Defend"],"damage_healed":0,"gold_gain":0,"player_choice":"Offered Basic","damage_taken":0,"max_hp_gain":0,"max_hp_loss":0,"event_name":"Bonfire Elementals","floor":4,"gold_loss":0}],"is_beta":false,"boss_relics":[{"not_picked":["Snecko Eye","Black Star"],"picked":"Busted Crown"},{"not_picked":["Calling Bell","Tiny House"],"picked":"bronze:MakeshiftBattery"}],"items_purged_floors":[39],"is_endless":false,"potions_floor_spawned":[8,11,15,16,19,27,29,31,36,37,44,45],"killed_by":"WA_ARCHETYPE_DIVINITY","ascension_level":9}}