{"host":"qxeepl7ydvsgmfdb","time":1612528304,"event":{"mods":["AchievementEnabler","BaseMod","Colored Powertips","Minty Spire (QoL Compilation)","Quick Restart","slay the spire mod where everything is the same but ironclad has a cowboy hat"],"gold_per_floor":[111,111,129,94,105,140,140,42,42,56,56,81,99,110,110,207,207,217,231,231,48,67,67,67,67],"floor_reached":24,"language":"ENG","playtime":598,"items_purged":["Strike_B","Shame"],"score":280,"play_id":"2021cbdd-8dae-49bc-aebd-93fd4675354c","local_time":"20210205073144","is_ascension_mode":true,"campfire_choices":[{"data":"Chaos","floor":7.0,"key":"SMITH"},{"floor":11.0,"key":"REST"},{"data":"Fusion","floor":15.0,"key":"SMITH"},{"floor":23.0,"key":"REST"}],"circlet_count":0,"master_deck":["Strike_B","Strike_B","Strike_B","Defend_B","Defend_B","Defend_B","Defend_B","Zap+1","Dualcast","Cold Snap","Chaos+1","Doom and Gloom","Redo","Fusion+1","Darkness","Redo","Chill","Ball Lightning","Glacier","Sweeping Beam"],"relics":["Cracked Core","NeowsBlessing","Question Card","Frozen Egg 2","Lantern","Nuclear Battery","Pantograph"],"acts_visited":["Exordium","TheCity"],"potions_floor_usage":[24],"damage_taken":[{"damage":0.0,"enemies":"Cultist","floor":1.0,"turns":1.0},{"damage":0.0,"enemies":"2 Louse","floor":3.0,"turns":1.0},{"damage":0.0,"enemies":"Jaw Worm","floor":5.0,"turns":1.0},{"damage":40.0,"enemies":"Gremlin Nob","floor":6.0,"turns":4.0},{"damage":6.0,"enemies":"Blue Slaver","floor":10.0,"turns":2.0},{"damage":0.0,"enemies":"Lagavulin","floor":12.0,"turns":5.0},{"damage":5.0,"enemies":"Gremlin Gang","floor":13.0,"turns":3.0},{"damage":10.0,"enemies":"Lots of Slimes","floor":14.0,"turns":2.0},{"damage":33.0,"enemies":"The Guardian","floor":16.0,"turns":9.0},{"damage":15.0,"enemies":"3 Byrds","floor":18.0,"turns":4.0},{"damage":17.0,"enemies":"Spheric Guardian","floor":19.0,"turns":4.0},{"damage":12.0,"enemies":"3 Cultists","floor":22.0,"turns":3.0},{"damage":62,"enemies":"Gremlin Leader","floor":24,"turns":7}],"seed_played":"-1172467921269480275","potions_obtained":[{"floor":3.0,"key":"ColorlessPotion"},{"floor":6.0,"key":"FocusPotion"},{"floor":10.0,"key":"Ancient Potion"},{"floor":14.0,"key":"Explosive Potion"},{"floor":16.0,"key":"Fire Potion"},{"floor":22.0,"key":"PowerPotion"}],"is_trial":false,"path_per_floor":["M","?","M","$","M","E","R","$","T","M","R","E","M","M","R","B",null,"M","M","?","$","M","R","E"],"character_chosen":"DEFECT","items_purchased":["Doom and Gloom","Redo","Ball Lightning","Glacier"],"campfire_rested":2,"item_purchase_floors":[4,8,21,21],"current_hp_per_floor":[75,75,75,75,75,35,35,35,35,29,51,51,46,36,36,3,75,60,43,43,43,31,53,0,0],"gold":67,"neow_bonus":"THREE_ENEMY_KILL","is_daily":false,"chose_seed":false,"campfire_upgraded":2,"win_rate":0.0,"timestamp":1612528304,"path_taken":["M","?","?","$","M","E","R","$","T","M","R","E","M","M","R","BOSS","M","M","?","$","M","R","E"],"items_purchased_type":["Card","Card","Card","Card"],"build_version":"2020-12-22","purchased_purges":2,"victory":false,"max_hp_per_floor":[75,75,75,75,75,75,75,75,75,75,75,75,75,75,75,75,75,75,75,75,75,75,75,75,75],"card_choices":[{"not_picked":["Stack","Scrape"],"picked":"Cold Snap","floor":1.0},{"not_picked":["Ball Lightning","Force Field"],"picked":"Chaos","floor":3.0},{"not_picked":["Force Field","Conserve Battery","Barrage"],"picked":"SKIP","floor":5.0},{"not_picked":["Conserve Battery","Steam Power","Hologram"],"picked":"SKIP","floor":6.0},{"not_picked":["Double Energy","Skim","Streamline"],"picked":"Fusion","floor":10.0},{"not_picked":["Gash","Reinforced Body","Go for the Eyes","Recycle"],"picked":"SKIP","floor":12.0},{"not_picked":["Hologram","Skim","Barrage","Lockon"],"picked":"SKIP","floor":13.0},{"not_picked":["Turbo","Hologram","Lockon"],"picked":"Darkness","floor":14.0},{"not_picked":["Steam Power","Coolheaded","Beam Cell"],"picked":"Redo","floor":18.0},{"not_picked":["Conserve Battery","Recycle","Leap"],"picked":"Chill","floor":19.0},{"not_picked":["Scrape","Redo","Streamline+1"],"picked":"Sweeping Beam","floor":22.0}],"player_experience":173451,"relics_obtained":[{"floor":6.0,"key":"Question Card"},{"floor":9.0,"key":"Frozen Egg 2"},{"floor":12.0,"key":"Lantern"}],"event_choices":[{"damage_healed":0.0,"max_hp_gain":0.0,"max_hp_loss":0.0,"gold_gain":0.0,"event_name":"Accursed Blacksmith","player_choice":"Forge","floor":2.0,"gold_loss":0.0,"damage_taken":0.0,"cards_upgraded":["Zap"]},{"damage_healed":0.0,"max_hp_gain":0.0,"max_hp_loss":0.0,"gold_gain":0.0,"event_name":"Addict","player_choice":"Stole Relic","floor":20.0,"gold_loss":0.0,"damage_taken":0.0,"relics_obtained":["Pantograph"],"cards_obtained":["Shame"]}],"is_beta":false,"boss_relics":[{"not_picked":["FrozenCore","Fusion Hammer"],"picked":"Nuclear Battery"}],"items_purged_floors":[8,21],"is_endless":false,"potions_floor_spawned":[3,6,10,14,16,22],"killed_by":"Gremlin Leader","ascension_level":4}}