{"host":"q4axc00jr2bozlh9","time":1612545024,"event":{"mods":["AchievementEnabler","BaseMod","Bestiary","Colored Map","Colored Powertips","Curses Come First","Minty Spire (QoL Compilation)","Relic Stats","StSLib","SuperFastMode","UnlockEverythingMod"],"gold_per_floor":[119,139,139,159,434,460,460,479,479,429,448,465,496,515,515,615,615,631,6,26,36,55,55,55,67,91,10,29,29,29,47,47,145,145,162,179,529,279,295,295,329,342,342,23,36,51,51,0,0,0,0,0,0,28,28,28],"floor_reached":55,"language":"ENG","playtime":3822,"items_purged":["Strike_R","Strike_R","Parasite"],"score":740,"play_id":"1d25d0ae-f83d-4279-8c77-a4a05db25790","local_time":"20210205181024","is_ascension_mode":false,"campfire_choices":[{"data":"True Grit","floor":7,"key":"SMITH"},{"data":"Infernal Blade","floor":15,"key":"SMITH"},{"floor":23,"key":"RECALL"},{"floor":29,"key":"REST"},{"floor":32,"key":"REST"},{"floor":49,"key":"REST"},{"floor":52,"key":"REST"}],"circlet_count":0,"master_deck":["Strike_R","Defend_R","Defend_R","Defend_R+1","Defend_R","Bash","Infernal Blade+1","Brutality","Whirlwind","Armaments+1","True Grit+1","Ghostly Armor+1","Clash","Exhume","Blind","Metallicize+1","Battle Trance","Reaper","Metallicize"],"relics":["Burning Blood","Juzu Bracelet","PreservedInsect","Pantograph","Fusion Hammer","Chemical X","War Paint","Potion Belt","Oddly Smooth Stone","Busted Crown","Old Coin","Toolbox","Blue Candle","Lee\u0027s Waffle","Red Mask","Bag of Preparation"],"acts_visited":["Exordium","TheCity","TheBeyond","TheEnding"],"potions_floor_usage":[6,16,16,25,31,33,35,36,50,54],"damage_taken":[{"damage":0,"enemies":"2 Louse","floor":1,"turns":3},{"damage":13,"enemies":"Cultist","floor":2,"turns":4},{"damage":9,"enemies":"Jaw Worm","floor":4,"turns":4},{"damage":24,"enemies":"3 Sentries","floor":6,"turns":8},{"damage":3,"enemies":"Gremlin Gang","floor":8,"turns":6},{"damage":0,"enemies":"Looter","floor":11,"turns":3},{"damage":0,"enemies":"2 Fungi Beasts","floor":12,"turns":4},{"damage":8,"enemies":"Lagavulin","floor":13,"turns":9},{"damage":7,"enemies":"Large Slime","floor":14,"turns":7},{"damage":66,"enemies":"Slime Boss","floor":16,"turns":17},{"damage":14,"enemies":"Shell Parasite","floor":18,"turns":7},{"damage":11,"enemies":"2 Thieves","floor":20,"turns":2},{"damage":5,"enemies":"3 Cultists","floor":21,"turns":5},{"damage":15,"enemies":"Shelled Parasite and Fungi","floor":22,"turns":9},{"damage":26,"enemies":"Chosen and Byrds","floor":25,"turns":7},{"damage":17,"enemies":"Snecko","floor":28,"turns":8},{"damage":1,"enemies":"Snake Plant","floor":31,"turns":3},{"damage":38,"enemies":"Collector","floor":33,"turns":12},{"damage":20,"enemies":"3 Darklings","floor":35,"turns":3},{"damage":8,"enemies":"Orb Walker","floor":36,"turns":5},{"damage":9,"enemies":"Mind Bloom Boss Battle","floor":37,"turns":9},{"damage":28,"enemies":"Writhing Mass","floor":39,"turns":7},{"damage":57,"enemies":"Nemesis","floor":41,"turns":7},{"damage":23,"enemies":"3 Darklings","floor":42,"turns":6},{"damage":0,"enemies":"Sphere and 2 Shapes","floor":45,"turns":5},{"damage":2,"enemies":"Spire Growth","floor":46,"turns":5},{"damage":49,"enemies":"Donu and Deca","floor":50,"turns":16},{"damage":71,"enemies":"Shield and Spear","floor":54,"turns":8},{"damage":87,"enemies":"The Heart","floor":55,"turns":6}],"seed_played":"-1148892766833531967","potions_obtained":[{"floor":1,"key":"Swift Potion"},{"floor":2,"key":"Ancient Potion"},{"floor":11,"key":"FearPotion"},{"floor":13,"key":"Strength Potion"},{"floor":14,"key":"Fruit Juice"},{"floor":16,"key":"SteroidPotion"},{"floor":21,"key":"PowerPotion"},{"floor":22,"key":"LiquidMemories"},{"floor":25,"key":"Energy Potion"},{"floor":31,"key":"CultistPotion"},{"floor":35,"key":"FearPotion"},{"floor":42,"key":"DistilledChaos"},{"floor":45,"key":"SteroidPotion"}],"is_trial":false,"path_per_floor":["M","M","?","M","?","E","R","M","T","?","M","M","E","M","R","B",null,"M","$","M","M","M","R","$","M","T","$","M","R","?","M","R","B",null,"M","M","?","$","M","?","E","M","T","$","M","M","?","?","R","B",null,"R","$","E","B"],"character_chosen":"IRONCLAD","items_purchased":["Chemical X","Blind","War Paint","Potion Belt","Battle Trance","Toolbox","Metallicize","Lee\u0027s Waffle"],"campfire_rested":4,"item_purchase_floors":[19,19,19,19,27,38,44,44],"current_hp_per_floor":[72,65,65,62,62,44,44,47,47,47,53,59,57,60,60,21,81,77,77,75,82,76,76,76,59,59,59,51,81,81,89,106,74,106,92,97,110,110,97,97,46,44,44,121,121,121,115,115,115,72,115,115,115,53,0,0],"gold":28,"neow_bonus":"TRANSFORM_TWO_CARDS","is_daily":false,"chose_seed":false,"campfire_upgraded":2,"win_rate":0.0,"timestamp":1612545024,"path_taken":["M","M","?","M","?","E","R","M","T","?","M","M","E","M","R","BOSS","M","$","M","M","M","R","$","M","T","$","M","R","?","M","R","BOSS","M","M","?","$","M","?","E","M","T","$","M","M","?","?","R","BOSS","R","$","E","BOSS"],"items_purchased_type":["Relic","Card","Relic","Relic","Card","Relic","Card","Relic"],"build_version":"2020-12-22","purchased_purges":3,"victory":false,"max_hp_per_floor":[72,72,72,72,72,72,72,72,72,72,72,72,72,76,76,81,81,85,85,88,94,97,97,97,100,100,100,103,103,103,106,106,106,106,106,109,113,113,117,117,117,117,117,121,121,121,115,115,115,115,115,115,115,115,115,115],"relic_stats":{"Lee\u0027s Waffle":77,"Busted Crown":18,"counters":[29,195],"Pantograph":53,"Blue Candle":[0],"PreservedInsect":143,"Juzu Bracelet":2,"Bag of Preparation":[2],"Chemical X":[48],"War Paint":["Defend_R","Ghostly Armor"],"obtain_stats":[{"Potion Belt":19,"Lee\u0027s Waffle":44,"Blue Candle":41,"Oddly Smooth Stone":26,"PreservedInsect":9,"Juzu Bracelet":6,"Bag of Preparation":54,"War Paint":19,"Burning Blood":0,"Old Coin":37,"Busted Crown":34,"Pantograph":13,"Toolbox":38,"Fusion Hammer":17,"Red Mask":48,"Chemical X":19},{"Potion Belt":11,"Lee\u0027s Waffle":24,"Blue Candle":23,"Oddly Smooth Stone":15,"PreservedInsect":5,"Juzu Bracelet":4,"Bag of Preparation":28,"War Paint":11,"Burning Blood":0,"Old Coin":21,"Busted Crown":18,"Pantograph":8,"Toolbox":21,"Fusion Hammer":10,"Red Mask":26,"Chemical X":11},{"Potion Belt":72,"Lee\u0027s Waffle":155,"Blue Candle":149,"Oddly Smooth Stone":95,"PreservedInsect":25,"Juzu Bracelet":19,"Bag of Preparation":189,"War Paint":72,"Burning Blood":0,"Old Coin":135,"Busted Crown":118,"Pantograph":41,"Toolbox":135,"Fusion Hammer":65,"Red Mask":165,"Chemical X":72}],"Burning Blood":152},"card_choices":[{"not_picked":["Burning Pact","Twin Strike"],"picked":"Whirlwind","floor":1},{"not_picked":["True Grit","Infernal Blade"],"picked":"Armaments","floor":2},{"not_picked":["Anger","Body Slam"],"picked":"True Grit","floor":4},{"not_picked":["Iron Wave","Clash"],"picked":"Ghostly Armor","floor":6},{"not_picked":["Thunderclap","Headbutt"],"picked":"Clash","floor":8},{"not_picked":["Corruption","Heavy Blade","Thunderclap"],"picked":"SKIP","floor":11},{"not_picked":["Perfected Strike","Sword Boomerang","Infernal Blade"],"picked":"SKIP","floor":12},{"not_picked":["Armaments","Uppercut"],"picked":"Feed","floor":13},{"not_picked":["Pommel Strike","Bloodletting","Anger"],"picked":"SKIP","floor":14},{"not_picked":["Double Tap","Bludgeon"],"picked":"Exhume","floor":16},{"not_picked":["Headbutt","Spot Weakness","Thunderclap"],"picked":"SKIP","floor":18},{"not_picked":["Body Slam+1","Warcry"],"picked":"Metallicize","floor":20},{"not_picked":["Twin Strike","Body Slam","Clash"],"picked":"SKIP","floor":21},{"not_picked":["Armaments+1","Iron Wave+1","Havoc"],"picked":"SKIP","floor":22},{"not_picked":["Heavy Blade","Armaments","True Grit"],"picked":"SKIP","floor":25},{"not_picked":["Pommel Strike","Sever Soul","Warcry"],"picked":"SKIP","floor":28},{"not_picked":["Cleave+1","Flame Barrier+1","Whirlwind"],"picked":"SKIP","floor":31},{"not_picked":["Limit Break","Impervious"],"picked":"Reaper","floor":33},{"not_picked":["Clash+1"],"picked":"SKIP","floor":35},{"not_picked":["Body Slam+1"],"picked":"SKIP","floor":36},{"not_picked":["Pommel Strike+1"],"picked":"SKIP","floor":39},{"not_picked":["Sword Boomerang"],"picked":"SKIP","floor":41},{"not_picked":["Twin Strike"],"picked":"SKIP","floor":42},{"not_picked":["Iron Wave"],"picked":"SKIP","floor":45},{"not_picked":["Fiend Fire"],"picked":"SKIP","floor":46},{"not_picked":["True Grit+1"],"picked":"SKIP","floor":54}],"player_experience":235478,"relics_obtained":[{"floor":6,"key":"Juzu Bracelet"},{"floor":9,"key":"PreservedInsect"},{"floor":13,"key":"Pantograph"},{"floor":26,"key":"Oddly Smooth Stone"},{"floor":37,"key":"Old Coin"},{"floor":41,"key":"Blue Candle"},{"floor":54,"key":"Bag of Preparation"}],"event_choices":[{"damage_healed":0,"gold_gain":0,"player_choice":"Grow","damage_taken":0,"max_hp_gain":0,"max_hp_loss":0,"event_name":"Living Wall","floor":3,"gold_loss":0,"cards_upgraded":["Armaments"]},{"damage_healed":0,"gold_gain":275,"player_choice":"Desecrate","damage_taken":0,"max_hp_gain":0,"max_hp_loss":0,"event_name":"Golden Shrine","floor":5,"gold_loss":0,"cards_obtained":["Regret"]},{"cards_removed":["Regret"],"damage_healed":0,"gold_gain":0,"player_choice":"Card Removal","damage_taken":0,"max_hp_gain":0,"max_hp_loss":0,"event_name":"The Cleric","floor":10,"gold_loss":50},{"damage_healed":0,"gold_gain":0,"player_choice":"Forge","damage_taken":0,"max_hp_gain":0,"max_hp_loss":0,"event_name":"Accursed Blacksmith","floor":30,"gold_loss":0,"cards_upgraded":["Metallicize"]},{"damage_healed":0,"gold_gain":0,"player_choice":"Fight","damage_taken":0,"max_hp_gain":0,"max_hp_loss":0,"event_name":"MindBloom","floor":37,"gold_loss":0},{"cards_removed":["Feed"],"damage_healed":0,"gold_gain":0,"player_choice":"Removed Attack","damage_taken":0,"max_hp_gain":0,"max_hp_loss":0,"event_name":"Falling","floor":40,"gold_loss":0},{"damage_healed":0,"gold_gain":0,"player_choice":"Max HP","damage_taken":0,"max_hp_gain":0,"max_hp_loss":6,"event_name":"Winding Halls","floor":47,"gold_loss":0},{"damage_healed":0,"gold_gain":0,"player_choice":"Paid","damage_taken":0,"relics_obtained":["Red Mask"],"max_hp_gain":0,"max_hp_loss":0,"event_name":"Tomb of Lord Red Mask","floor":48,"gold_loss":51}],"is_beta":false,"boss_relics":[{"not_picked":["Sozu","Tiny House"],"picked":"Fusion Hammer"},{"not_picked":["Philosopher\u0027s Stone","SlaversCollar"],"picked":"Busted Crown"}],"items_purged_floors":[19,38,44],"is_endless":false,"potions_floor_spawned":[1,2,11,13,14,16,21,22,25,31,35,42,45],"killed_by":"The Heart","ascension_level":0}}