{"host":"w3q5ijqu8eoknil3","time":1612550265,"event":{"mods":["AchievementEnabler","BaseMod","Block Reminder","Colored Map","Colored Powertips","Curses Come First","Dark Map","Minty Spire (QoL Compilation)","Quick Restart","Relic Stats","StSLib","ojb\u0027s Better Paths Mod","ojb\u0027s Info Mod","slay the spire mod where everything is the same but ironclad has a cowboy hat"],"gold_per_floor":[114,114,132,142,142,142,142,142],"floor_reached":7,"language":"ENG","playtime":163,"items_purged":[],"score":80,"play_id":"e0621cd1-3574-4013-908a-5a11ed8d3525","local_time":"20210205183745","is_ascension_mode":true,"campfire_choices":[{"data":"Bouncing Flask","floor":6,"key":"SMITH"}],"circlet_count":0,"master_deck":["AscendersBane","Strike_G","Strike_G+1","Strike_G","Strike_G","Defend_G","Defend_G","Defend_G","Defend_G","Defend_G","Survivor","Neutralize+1","Bouncing Flask+1","Masterful Stab"],"relics":["Ring of the Snake","NeowsBlessing"],"acts_visited":["Exordium"],"potions_floor_usage":[7],"damage_taken":[{"damage":0,"enemies":"Small Slimes","floor":1,"turns":1},{"damage":0,"enemies":"Jaw Worm","floor":3,"turns":1},{"damage":0,"enemies":"2 Louse","floor":4,"turns":1},{"damage":34,"enemies":"3 Sentries","floor":7,"turns":8}],"seed_played":"-5262007644481266384","potions_obtained":[{"floor":3,"key":"Block Potion"}],"is_trial":false,"path_per_floor":["M","?","M","M","?","R","E"],"character_chosen":"THE_SILENT","items_purchased":[],"campfire_rested":0,"item_purchase_floors":[],"current_hp_per_floor":[59,52,52,52,32,32,0,0],"gold":142,"neow_bonus":"THREE_ENEMY_KILL","is_daily":false,"chose_seed":false,"campfire_upgraded":1,"win_rate":0.0,"timestamp":1612550265,"path_taken":["M","?","M","M","?","R","E"],"items_purchased_type":[],"build_version":"2020-12-22","purchased_purges":0,"victory":false,"max_hp_per_floor":[66,66,66,66,66,66,66,66],"relic_stats":{"counters":[4,11],"obtain_stats":[{"NeowsBlessing":0,"Ring of the Snake":0},{"NeowsBlessing":0,"Ring of the Snake":0},{"NeowsBlessing":0,"Ring of the Snake":0}],"Ring of the Snake":[8]},"card_choices":[{"not_picked":["Dodge and Roll","Footwork"],"picked":"Bouncing Flask","floor":1},{"not_picked":["Dodge and Roll","Eviscerate"],"picked":"Masterful Stab","floor":3},{"not_picked":["Underhanded Strike","Caltrops","Accuracy"],"picked":"SKIP","floor":4}],"player_experience":1035320,"relics_obtained":[],"event_choices":[{"cards_removed":["Strike_G"],"damage_healed":0,"gold_gain":0,"player_choice":"Card Removal","damage_taken":7,"max_hp_gain":0,"max_hp_loss":0,"event_name":"Golden Wing","floor":2,"gold_loss":0},{"damage_healed":0,"gold_gain":0,"player_choice":"Entered Light","damage_taken":20,"max_hp_gain":0,"max_hp_loss":0,"event_name":"Shining Light","floor":5,"gold_loss":0,"cards_upgraded":["Neutralize","Strike_G"]}],"is_beta":false,"boss_relics":[],"items_purged_floors":[],"is_endless":false,"potions_floor_spawned":[3],"killed_by":"3 Sentries","ascension_level":19}}