{"host":"gfr9dk7hxbf4u708","time":1612562442,"event":{"mods":["AchievementEnabler","BaseMod","Better Third Choice","Colored Map","Downfall","Googly Eyes","Hermit","Hubris","Infinite Spire","Minty Spire (QoL Compilation)","Permanent Neow","Quick Restart","Random Character Button","Reliquary","Replay The Spire","StSLib","The Bug Knight","The Hierophant","The Jungle","The Runesmith"],"gold_per_floor":[99,111,125,125,136,39,39,39,50,150,160,189,189,189,208,305,305,305,321,336,63,63,73,145,145,145,170,170,207,207,222,236,236,236,236],"floor_reached":33,"language":"ENG","playtime":3117,"items_purged":[],"score":362,"play_id":"78befa5e-aef3-44fb-81c8-e9ad67f09d70","local_time":"20210206000042","is_ascension_mode":false,"campfire_choices":[{"data":"champ:Taunt","floor":1,"key":"SMITH"},{"data":"champ:TornadoPunch","floor":8,"key":"SMITH"},{"data":"champ:StanceDance","floor":18,"key":"SMITH"},{"data":"champ:Improvising","floor":26,"key":"SMITH"},{"data":"champ:PreciseThrust","floor":28,"key":"SMITH"},{"data":"champ:BerserkersShout","floor":30,"key":"SMITH"}],"circlet_count":0,"master_deck":["champ:Strike","champ:Strike","champ:Strike","champ:Defend","champ:Defend","champ:Defend","champ:Defend","champ:Execute","champ:Taunt+1","champ:SteelEdge","champ:BerserkersShout+1","champ:BringItOn","champ:TornadoPunch+1","champ:EnragedBash","champ:Backstep","champ:FanOfKnives+1","champ:FanOfKnives+1","champ:PreciseThrust+1","champ:CalledShot","champ:StanceDance+1","champ:Improvising+1","champ:GutPunch+1","champ:UltimateStance+1","champ:IronFortress+1"],"relics":["champ:ChampionCrown","Sundial","CloakClasp","hubris:MedicalManual","Blue Candle","Runesmith:UraniumAnvil","Juzu Bracelet","Nilry\u0027s Codex","Replay:Bottled Eggs","Orichalcum","Molten Egg 2","CeramicFish"],"acts_visited":["Exordium","TheCity"],"potions_floor_usage":[16,16,16,27,33],"damage_taken":[{"damage":7,"enemies":"2 Louse","floor":2,"turns":3},{"damage":21,"enemies":"Cultist","floor":3,"turns":3},{"damage":10,"enemies":"Small Slimes","floor":5,"turns":3},{"damage":20,"enemies":"downfall:FleeingMerchant","floor":6,"turns":4},{"damage":22,"enemies":"Red Slaver","floor":9,"turns":4},{"damage":59,"enemies":"Red Slaver","floor":10,"turns":9},{"damage":5,"enemies":"Large Slime","floor":11,"turns":3},{"damage":12,"enemies":"Lagavulin","floor":12,"turns":7},{"damage":5,"enemies":"3 Louse","floor":15,"turns":2},{"damage":25,"enemies":"SI_SHIV_ARCHETYPE","floor":16,"turns":6},{"damage":42,"enemies":"Shell Parasite","floor":19,"turns":6},{"damage":5,"enemies":"Chosen","floor":20,"turns":3},{"damage":31,"enemies":"downfall:FleeingMerchant","floor":21,"turns":4},{"damage":38,"enemies":"Centurion and Healer","floor":23,"turns":6},{"damage":5,"enemies":"Gremlin Leader","floor":27,"turns":3},{"damage":43,"enemies":"Book of Stabbing","floor":29,"turns":4},{"damage":20,"enemies":"Chosen and Byrds","floor":31,"turns":4},{"damage":17,"enemies":"Snecko","floor":32,"turns":3},{"damage":43,"enemies":"IC_MUSHROOM_ARCHETYPE","floor":33,"turns":8}],"seed_played":"-4818191454510877471","potions_obtained":[{"floor":2,"key":"Guardian:BlockOnCardUsePotion"},{"floor":10,"key":"Swift Potion"},{"floor":11,"key":"Ancient Potion"},{"floor":23,"key":"hexamod:SoulburnPotion"},{"floor":29,"key":"Venom Potion"},{"floor":31,"key":"GamblersBrew"}],"is_trial":false,"path_per_floor":["R","M","M","?","M","$","T","R","M","?","M","E","?","?","M","B",null,"R","M","M","$","?","M","T","T","R","E","R","E","R","M","M","B"],"character_chosen":"THE_CHAMP","items_purchased":["champ:Backstep","champ:FanOfKnives+1","champ:UltimateStance+1","Juzu Bracelet"],"campfire_rested":0,"item_purchase_floors":[6,6,21,21],"current_hp_per_floor":[63,56,50,50,50,50,50,50,48,24,24,22,19,24,24,24,95,95,78,78,67,51,48,48,48,48,48,48,30,30,30,23,0,0,0],"gold":236,"neow_bonus":"THREE_RARE_CARDS","is_daily":false,"chose_seed":false,"campfire_upgraded":6,"win_rate":0.0,"timestamp":1612562442,"path_taken":["R","M","M","?","?","?","T","R","?","?","M","E","?","?","M","BOSS","R","M","M","$","?","M","T","?","R","E","R","E","R","M","M","BOSS"],"items_purchased_type":["Card","Card","Card","Relic"],"build_version":"2020-12-22","purchased_purges":0,"victory":false,"max_hp_per_floor":[90,90,90,90,90,90,90,90,90,90,90,90,90,95,95,95,95,95,95,95,95,95,95,95,95,95,95,95,95,95,95,95,95,95,95],"card_choices":[{"not_picked":["champ:CheapShot","champ:IgnorePain"],"picked":"champ:SteelEdge","floor":0},{"not_picked":["champ:DefensiveShout","champ:CrookedStrike"],"picked":"champ:BerserkersShout","floor":2},{"not_picked":["champ:FalseCounter","champ:CrownThrow"],"picked":"champ:BringItOn","floor":3},{"not_picked":["champ:RisingSlash","champ:EnGarde"],"picked":"champ:EnragedBash","floor":5},{"not_picked":["champ:RecklessLeap","champ:FaceSlap","champ:PerfectedStrike"],"picked":"SKIP","floor":6},{"not_picked":["champ:BladeFlurry","champ:FlashCut"],"picked":"champ:FanOfKnives","floor":9},{"not_picked":["champ:EndlessRage","champ:FanOfKnives"],"picked":"champ:PreciseThrust","floor":10},{"not_picked":["champ:EndlessRage","champ:BerserkersShout","champ:ShieldSlam"],"picked":"SKIP","floor":11},{"not_picked":["champ:ShieldWall","champ:DefensiveShout"],"picked":"champ:CalledShot","floor":12},{"not_picked":["champ:BerserkersShout","champ:FalseCounter"],"picked":"champ:StanceDance","floor":15},{"not_picked":["champ:HoldFirm","champ:ShieldThrow"],"picked":"champ:Improvising","floor":16},{"not_picked":["champ:DefensiveShout","champ:RecklessLeap+1","champ:FlashCut+1"],"picked":"SKIP","floor":19},{"not_picked":["champ:CrownThrow+1","champ:RecklessLeap+1","champ:BladeFlurry"],"picked":"SKIP","floor":20},{"not_picked":["champ:SkillfulDodge","champ:PreemptiveStrike"],"picked":"champ:GutPunch+1","floor":21},{"not_picked":["champ:EnGarde","champ:TripleStrike","champ:SkillfulDodge"],"picked":"SKIP","floor":23},{"not_picked":["champ:Lariat","champ:Circumvent","champ:FlashCut+1"],"picked":"SKIP","floor":27},{"not_picked":["champ:VampiricStrike+1","champ:BerserkersShout+1"],"picked":"champ:IronFortress+1","floor":29},{"not_picked":["champ:SetATrap","champ:ShieldWall+1","champ:PreemptiveStrike+1"],"picked":"SKIP","floor":31},{"not_picked":["champ:SetATrap","champ:ShieldWall+1","champ:PreemptiveStrike+1"],"picked":"SKIP","floor":31},{"not_picked":["champ:EndlessRage+1","champ:CrownThrow+1","champ:BerserkersShout"],"picked":"SKIP","floor":32}],"player_experience":324932,"relics_obtained":[{"floor":7,"key":"Sundial"},{"floor":10,"key":"CloakClasp"},{"floor":12,"key":"hubris:MedicalManual"},{"floor":22,"key":"Nilry\u0027s Codex"},{"floor":24,"key":"Replay:Bottled Eggs"},{"floor":25,"key":"Orichalcum"},{"floor":27,"key":"Molten Egg 2"},{"floor":29,"key":"CeramicFish"}],"event_choices":[{"damage_healed":0,"gold_gain":1,"player_choice":"Relic ","damage_taken":3,"max_hp_gain":0,"max_hp_loss":0,"event_name":"betterThird:BetterScrap","floor":13,"gold_loss":0,"cards_obtained":["Sever Soul"]},{"damage_healed":0,"gold_gain":0,"player_choice":"Donut","damage_taken":0,"max_hp_gain":5,"max_hp_loss":0,"event_name":"Big Fish","floor":14,"gold_loss":0}],"is_beta":false,"boss_relics":[{"not_picked":["Painkiller Herb","reliquary:Craggleroot"],"picked":"Runesmith:UraniumAnvil"}],"items_purged_floors":[],"is_endless":false,"potions_floor_spawned":[2,10,11,23,29,31],"killed_by":"IC_MUSHROOM_ARCHETYPE","ascension_level":0}}