{"host":"1ooxfz79hmpvpehx","time":1612495876,"event":{"mods":["BaseMod","Minty Spire (QoL Compilation)","Quick Restart","Replay The Spire","StSLib","SuperFastMode"],"gold_per_floor":[116,6,6,6,19,19,54,54,54,80,93,93,111,128,128,128,128],"floor_reached":16,"language":"ENG","playtime":320,"items_purged":["Strike_B"],"score":135,"play_id":"8405cfb9-b8fc-459b-9400-40042708a6a4","local_time":"20210205003116","is_ascension_mode":false,"campfire_choices":[{"data":"Hello World","floor":6,"key":"SMITH"},{"data":"FIFO Queue","floor":12,"key":"SMITH"},{"data":"Zap","floor":15,"key":"SMITH"}],"circlet_count":0,"master_deck":["Strike_B","Strike_B","Strike_B","Defend_B","Defend_B","Defend_B","Defend_B","Zap+1","Dualcast","Hello World+1","Defragment+1","FIFO Queue+1"],"relics":["Cracked Core","NeowsBlessing","Toy Ornithopter","Ring of Shattering","Ring of Hypnosis","HornCleat","Onion Ring","Replay:Rubber Ducky"],"acts_visited":["Exordium"],"potions_floor_usage":[10,16,16],"damage_taken":[{"damage":0,"enemies":"Cultist","floor":1,"turns":1},{"damage":0,"enemies":"Small Slimes","floor":5,"turns":1},{"damage":0,"enemies":"Gremlin Nob","floor":7,"turns":1},{"damage":18,"enemies":"3 Sentries","floor":10,"turns":4},{"damage":0,"enemies":"Jaw Worm","floor":11,"turns":2},{"damage":3,"enemies":"Blue Slaver","floor":13,"turns":3},{"damage":3,"enemies":"Exordium Wildlife","floor":14,"turns":2},{"damage":52,"enemies":"Fading Forest","floor":16,"turns":9}],"seed_played":"1680869269526830162","potions_obtained":[{"floor":1,"key":"FocusPotion"},{"floor":5,"key":"Milkshake"},{"floor":14,"key":"Elixir"}],"is_trial":false,"path_per_floor":["M","$","?","?","M","R","E","?","T","E","M","R","M","M","R","B"],"character_chosen":"DEFECT","items_purchased":["Defragment"],"campfire_rested":0,"item_purchase_floors":[2],"current_hp_per_floor":[75,75,50,50,50,50,50,50,50,37,37,37,34,31,31,0,0],"gold":128,"neow_bonus":"THREE_ENEMY_KILL","is_daily":false,"chose_seed":false,"campfire_upgraded":3,"win_rate":0.0,"timestamp":1612495876,"path_taken":["M","$","?","?","M","R","E","?","T","E","M","R","M","?","R","BOSS"],"items_purchased_type":["Card"],"build_version":"2020-12-22","purchased_purges":1,"victory":false,"max_hp_per_floor":[75,75,75,75,75,75,75,75,75,75,75,75,75,75,75,75,75],"card_choices":[{"not_picked":["Self Repair","Steam"],"picked":"Hello World","floor":1},{"not_picked":["Gash","Conserve Battery","Sweeping Beam"],"picked":"SKIP","floor":5},{"not_picked":["ReplayTheSpireMod:System Scan","Fusion","ReplayTheSpireMod:Reroute Power"],"picked":"SKIP","floor":7},{"not_picked":["All For One","BootSequence","Beam Cell"],"picked":"SKIP","floor":10},{"not_picked":["Gash","Compile Driver"],"picked":"FIFO Queue","floor":11},{"not_picked":["Beam Cell","Heatsinks","Aggregate"],"picked":"SKIP","floor":13},{"not_picked":["Leap","Conserve Battery","Double Energy"],"picked":"SKIP","floor":14}],"player_experience":14398,"relics_obtained":[{"floor":4,"key":"Ring of Shattering"},{"floor":4,"key":"Ring of Hypnosis"},{"floor":7,"key":"HornCleat"},{"floor":9,"key":"Onion Ring"},{"floor":10,"key":"Replay:Rubber Ducky"}],"event_choices":[{"damage_healed":0,"gold_gain":0,"player_choice":"Success","damage_taken":25,"relics_obtained":["Toy Ornithopter"],"max_hp_gain":0,"max_hp_loss":0,"event_name":"Scrap Ooze","floor":3,"gold_loss":0},{"damage_healed":0,"gold_gain":0,"player_choice":"Upgraded","damage_taken":0,"max_hp_gain":0,"max_hp_loss":0,"event_name":"Upgrade Shrine","floor":8,"gold_loss":0,"cards_upgraded":["Defragment"]}],"is_beta":false,"boss_relics":[],"items_purged_floors":[2],"is_endless":false,"potions_floor_spawned":[1,5,14],"killed_by":"Fading Forest","ascension_level":0}}