{"host":"o4h0rmbndwm6mjyo","time":1612569070,"event":{"mods":["BaseMod","Colored Map","Colored Powertips","DeckTracker","Googly Eyes","Minty Spire (QoL Compilation)","Rare Cards Sparkle","Synergy Search"],"gold_per_floor":[119,119,137,154,171,203,223,223,223,254,270,289,53,53,53,148,148,160,170,170,70,70,70,81,81,81,101,112,112,0,0,0,0,0],"floor_reached":33,"language":"FRA","playtime":3749,"items_purged":[],"score":466,"play_id":"f55108a2-6f07-44f1-8424-f4c95a24e2e5","local_time":"20210206005110","is_ascension_mode":true,"campfire_choices":[{"floor":8.0,"key":"REST"},{"floor":15.0,"key":"REST"},{"floor":23.0,"key":"REST"},{"floor":25.0,"key":"REST"},{"floor":32.0,"key":"REST"}],"circlet_count":0,"master_deck":["AscendersBane","Strike_G+1","Strike_G+1","Strike_G+1","Strike_G+1","Defend_G+1","Defend_G+1","Defend_G+1","Defend_G+1","Defend_G+1","Survivor","Neutralize","Venomology+1","Flying Knee","Dash","Wraith Form v2","Backflip","Leg Sweep","Backflip","Finisher","Terror","Distraction","Well Laid Plans","Malaise","Dagger Throw+1","Well Laid Plans+1","Caltrops","PiercingWail"],"relics":["Ring of the Snake","Shovel","Tingsha","StoneCalendar","Anchor","SlaversCollar","Nilry\u0027s Codex","Peace Pipe"],"acts_visited":[],"potions_floor_usage":[33,33,33],"damage_taken":[{"damage":0.0,"enemies":"2 Louse","floor":1.0,"turns":3.0},{"damage":6.0,"enemies":"Cultist","floor":3.0,"turns":4.0},{"damage":5.0,"enemies":"Small Slimes","floor":4.0,"turns":4.0},{"damage":1.0,"enemies":"Exordium Thugs","floor":5.0,"turns":5.0},{"damage":12.0,"enemies":"3 Sentries","floor":6.0,"turns":8.0},{"damage":28.0,"enemies":"Exordium Wildlife","floor":7.0,"turns":11.0},{"damage":17.0,"enemies":"Gremlin Nob","floor":10.0,"turns":4.0},{"damage":1.0,"enemies":"Looter","floor":11.0,"turns":4.0},{"damage":0.0,"enemies":"Lots of Slimes","floor":12.0,"turns":2.0},{"damage":22.0,"enemies":"The Guardian","floor":16.0,"turns":13.0},{"damage":13.0,"enemies":"Chosen","floor":18.0,"turns":7.0},{"damage":10.0,"enemies":"Shell Parasite","floor":19.0,"turns":8.0},{"damage":8.0,"enemies":"Centurion and Healer","floor":24.0,"turns":11.0},{"damage":7.0,"enemies":"Snecko","floor":27.0,"turns":6.0},{"damage":35.0,"enemies":"Snake Plant","floor":28.0,"turns":7.0},{"damage":61,"enemies":"Collector","floor":33,"turns":10}],"seed_played":"-595678067930323192","potions_obtained":[{"floor":2.0,"key":"LiquidBronze"},{"floor":12.0,"key":"ColorlessPotion"},{"floor":19.0,"key":"Fire Potion"},{"floor":28.0,"key":"Regen Potion"}],"is_trial":false,"path_per_floor":["M","?","M","M","M","E","M","R","T","E","M","M","$","?","R","B",null,"M","M","?","$","$","R","M","R","T","M","M","?","?","?","R","B"],"character_chosen":"THE_SILENT","items_purchased":["Well Laid Plans","Anchor","Caltrops","PiercingWail"],"campfire_rested":5,"item_purchase_floors":[13,13,21,21],"current_hp_per_floor":[59,59,53,48,47,35,7,26,26,9,8,8,8,8,27,5,51,38,28,7,7,7,26,18,37,37,30,10,10,10,10,29,0,0],"gold":0,"neow_bonus":"ONE_RANDOM_RARE_CARD","is_daily":false,"chose_seed":false,"campfire_upgraded":0,"win_rate":0.0,"timestamp":1612569070,"path_taken":["M","?","M","M","M","E","M","R","T","E","M","?","$","?","R","BOSS","M","M","?","?","$","R","M","R","T","?","M","?","?","?","R","BOSS"],"items_purchased_type":["Card","Relic","Card","Card"],"build_version":"2020-12-22","purchased_purges":0,"victory":false,"max_hp_per_floor":[66,66,66,66,66,66,66,66,66,66,66,66,66,66,66,66,66,66,66,66,66,66,66,66,66,66,66,66,66,66,66,66,66,66],"card_choices":[{"not_picked":["Setup","Deflect"],"picked":"Flying Knee","floor":1.0},{"not_picked":["Deflect","PiercingWail"],"picked":"Dash","floor":3.0},{"not_picked":["Bane","Choke"],"picked":"Wraith Form v2","floor":4.0},{"not_picked":["Leg Sweep","Cloak And Dagger"],"picked":"Backflip","floor":5.0},{"not_picked":["Skewer","Quick Slash"],"picked":"Leg Sweep","floor":6.0},{"not_picked":["Cloak And Dagger","Doppelganger"],"picked":"Backflip","floor":7.0},{"not_picked":["Dagger Throw","Masterful Stab"],"picked":"Finisher","floor":10.0},{"not_picked":["All Out Attack","Dagger Spray"],"picked":"Terror","floor":11.0},{"not_picked":["Reflex","Cloak And Dagger"],"picked":"Distraction","floor":12.0},{"not_picked":["Night Terror","Venomology"],"picked":"Malaise","floor":16.0},{"not_picked":["Underhanded Strike","Backflip"],"picked":"Dagger Throw+1","floor":18.0},{"not_picked":["Dagger Throw","Slice+1"],"picked":"Well Laid Plans+1","floor":19.0},{"not_picked":["Deadly Poison","Dagger Throw","Concentrate"],"picked":"SKIP","floor":24.0},{"not_picked":["Leg Sweep","Cloak And Dagger","PiercingWail+1"],"picked":"SKIP","floor":27.0},{"not_picked":["Envenom","Deflect","Sucker Punch"],"picked":"SKIP","floor":28.0}],"player_experience":2154126,"relics_obtained":[{"floor":6.0,"key":"Shovel"},{"floor":9.0,"key":"Tingsha"},{"floor":10.0,"key":"StoneCalendar"},{"floor":20.0,"key":"Nilry\u0027s Codex"},{"floor":26.0,"key":"Peace Pipe"}],"event_choices":[{"damage_healed":0.0,"max_hp_gain":0.0,"max_hp_loss":0.0,"gold_gain":0.0,"event_name":"Lab","player_choice":"Got Potions","floor":2.0,"gold_loss":0.0,"damage_taken":0.0},{"damage_healed":0.0,"max_hp_gain":0.0,"max_hp_loss":0.0,"gold_gain":0.0,"event_name":"Living Wall","player_choice":"Grow","floor":14.0,"gold_loss":0.0,"damage_taken":0.0,"cards_upgraded":["Venomology"]},{"damage_healed":0.0,"max_hp_gain":0.0,"max_hp_loss":0.0,"gold_gain":0.0,"event_name":"Cursed Tome","player_choice":"Obtained Book","floor":20.0,"gold_loss":0.0,"damage_taken":21.0},{"damage_healed":0.0,"max_hp_gain":0.0,"max_hp_loss":0.0,"gold_gain":0.0,"event_name":"Back to Basics","player_choice":"Simplicity","floor":29.0,"gold_loss":0.0,"damage_taken":0.0,"cards_upgraded":["Strike_G","Strike_G","Strike_G","Strike_G","Strike_G","Defend_G","Defend_G","Defend_G","Defend_G","Defend_G"]},{"damage_healed":0.0,"max_hp_gain":0.0,"max_hp_loss":0.0,"gold_gain":0.0,"event_name":"Masked Bandits","player_choice":"Paid Fearfully","floor":30.0,"gold_loss":112.0,"damage_taken":0.0},{"cards_removed":["Strike_G"],"damage_healed":0.0,"max_hp_gain":0.0,"max_hp_loss":0.0,"gold_gain":0.0,"event_name":"Purifier","player_choice":"Purged","floor":31.0,"gold_loss":0.0,"damage_taken":0.0}],"is_beta":false,"boss_relics":[{"not_picked":["Snecko Eye","Runic Dome"],"picked":"SlaversCollar"}],"items_purged_floors":[],"is_endless":false,"potions_floor_spawned":[3,5,7,12,19,27,28],"killed_by":"Collector","ascension_level":16}}