{"host":"6kyqgln1ip325a4v","time":1612542018,"event":{"mods":["BaseMod","Minty Spire (QoL Compilation)"],"gold_per_floor":[110,130,130,205,219,219,248,261,261,275,275,356,390,407,407,504,504,514,439,354,354,14,14,43,53,53,87,87,87,98,131,131,236,236,253,266,279,279,279],"floor_reached":38,"language":"ENG","playtime":1693,"items_purged":["Strike_B"],"score":466,"play_id":"f64d49c5-ec28-43d8-92c4-03c8d334736f","local_time":"20210205112018","is_ascension_mode":true,"campfire_choices":[{"data":"Zap","floor":6,"key":"SMITH"},{"floor":15,"key":"REST"},{"data":"Creative AI","floor":23,"key":"SMITH"},{"floor":28,"key":"REST"},{"floor":32,"key":"REST"}],"circlet_count":0,"master_deck":["Strike_B","Strike_B","Strike_B","Defend_B","Defend_B","Defend_B","Defend_B","Zap+1","Dualcast","Gash","Auto Shields","Leap","Gash","BootSequence","Echo Form","Creative AI+1","Ball Lightning","Sunder","Glacier","White Noise","Machine Learning"],"relics":["Cracked Core","NeowsBlessing","Omamori","Mummified Hand","Letter Opener","Pocketwatch","Nuclear Battery","Lizard Tail","PreservedInsect","HandDrill","Gambling Chip","Bottled Flame","Tiny Chest","WarpedTongs","Regal Pillow","Busted Crown"],"acts_visited":["Exordium","TheCity","TheBeyond"],"potions_floor_usage":[7,13,14,16,30,31,33,35,38],"damage_taken":[{"damage":0,"enemies":"Cultist","floor":1,"turns":1},{"damage":0,"enemies":"2 Louse","floor":2,"turns":1},{"damage":0,"enemies":"Small Slimes","floor":5,"turns":1},{"damage":9,"enemies":"3 Sentries","floor":7,"turns":7},{"damage":9,"enemies":"2 Fungi Beasts","floor":8,"turns":4},{"damage":5,"enemies":"Exordium Wildlife","floor":10,"turns":5},{"damage":22,"enemies":"Gremlin Nob","floor":13,"turns":4},{"damage":0,"enemies":"3 Louse","floor":14,"turns":2},{"damage":4,"enemies":"Hexaghost","floor":16,"turns":9},{"damage":5,"enemies":"3 Byrds","floor":18,"turns":4},{"damage":53,"enemies":"Gremlin Leader","floor":24,"turns":6},{"damage":0,"enemies":"Spheric Guardian","floor":25,"turns":3},{"damage":36,"enemies":"Slavers","floor":27,"turns":6},{"damage":15,"enemies":"3 Cultists","floor":30,"turns":5},{"damage":4,"enemies":"Book of Stabbing","floor":31,"turns":5},{"damage":43,"enemies":"Automaton","floor":33,"turns":10},{"damage":41,"enemies":"3 Darklings","floor":35,"turns":6},{"damage":11,"enemies":"Orb Walker","floor":36,"turns":3},{"damage":16,"enemies":"Transient","floor":37,"turns":5},{"damage":8,"enemies":"Jaw Worm Horde","floor":38,"turns":2}],"seed_played":"5238759997240322189","potions_obtained":[{"floor":1,"key":"FocusPotion"},{"floor":7,"key":"BlessingOfTheForge"},{"floor":10,"key":"BlessingOfTheForge"},{"floor":14,"key":"BlessingOfTheForge"},{"floor":18,"key":"PotionOfCapacity"},{"floor":30,"key":"BlessingOfTheForge"},{"floor":31,"key":"LiquidBronze"},{"floor":33,"key":"Dexterity Potion"},{"floor":36,"key":"Fire Potion"}],"is_trial":false,"path_per_floor":["M","M","?","?","M","R","E","M","T","M","?","T","E","M","R","B",null,"M","$","?","?","$","R","E","M","T","E","R","?","M","E","R","B",null,"M","M","M","M"],"character_chosen":"DEFECT","items_purchased":["Sunder","PreservedInsect","HandDrill"],"campfire_rested":3,"item_purchase_floors":[22,22,22],"current_hp_per_floor":[75,75,75,64,64,64,55,46,46,41,41,41,19,19,41,37,75,70,70,70,70,70,70,17,17,17,18,40,40,25,21,58,15,75,34,23,7,0,0],"gold":279,"neow_bonus":"THREE_ENEMY_KILL","is_daily":false,"chose_seed":false,"campfire_upgraded":2,"win_rate":0.0,"timestamp":1612542018,"path_taken":["M","M","?","?","M","R","E","M","T","M","?","?","E","M","R","BOSS","M","$","?","?","?","R","E","M","T","E","R","?","?","E","R","BOSS","M","M","M","M"],"items_purchased_type":["Card","Relic","Relic"],"build_version":"2020-12-22","purchased_purges":1,"victory":false,"max_hp_per_floor":[75,75,75,75,75,75,75,75,75,75,75,75,75,75,75,75,75,75,75,75,75,75,75,75,75,75,75,75,75,75,75,75,75,75,75,75,75,75,75],"card_choices":[{"not_picked":["Storm","Beam Cell"],"picked":"Gash","floor":1},{"not_picked":["Redo","Coolheaded"],"picked":"Auto Shields","floor":2},{"not_picked":["Hello World","Rebound"],"picked":"Leap","floor":5},{"not_picked":["Hologram","Rip and Tear"],"picked":"Gash","floor":7},{"not_picked":["Steam","Aggregate","Redo"],"picked":"SKIP","floor":8},{"not_picked":["Stack","Hologram","Double Energy"],"picked":"SKIP","floor":10},{"not_picked":["Scrape","Sunder"],"picked":"BootSequence","floor":13},{"not_picked":["Redo","Skim"],"picked":"Echo Form","floor":14},{"not_picked":["Multi-Cast","Amplify"],"picked":"Creative AI","floor":16},{"not_picked":["Sweeping Beam","Hello World"],"picked":"Ball Lightning","floor":18},{"not_picked":["Steam","Barrage","Stack"],"picked":"SKIP","floor":24},{"not_picked":["Beam Cell","Consume","Steam Power"],"picked":"SKIP","floor":25},{"not_picked":["Barrage","Hologram","Redo"],"picked":"SKIP","floor":27},{"not_picked":["Turbo","Rebound+1"],"picked":"Glacier","floor":30},{"not_picked":["Cold Snap+1","Meteor Strike"],"picked":"White Noise","floor":31},{"not_picked":["Meteor Strike","Fission"],"picked":"Machine Learning","floor":33},{"not_picked":["Tempest"],"picked":"SKIP","floor":35},{"not_picked":["Double Energy"],"picked":"SKIP","floor":36},{"not_picked":["Streamline"],"picked":"SKIP","floor":37}],"player_experience":177732,"relics_obtained":[{"floor":7,"key":"Omamori"},{"floor":9,"key":"Mummified Hand"},{"floor":12,"key":"Letter Opener"},{"floor":13,"key":"Pocketwatch"},{"floor":24,"key":"Gambling Chip"},{"floor":26,"key":"Bottled Flame"},{"floor":27,"key":"Tiny Chest"},{"floor":31,"key":"Regal Pillow"}],"event_choices":[{"damage_healed":0,"gold_gain":0,"player_choice":"Ignored","damage_taken":0,"max_hp_gain":0,"max_hp_loss":0,"event_name":"Shining Light","floor":3,"gold_loss":0},{"damage_healed":0,"gold_gain":75,"player_choice":"Gather Gold","damage_taken":11,"max_hp_gain":0,"max_hp_loss":0,"event_name":"World of Goop","floor":4,"gold_loss":0},{"damage_healed":0,"gold_gain":0,"player_choice":"Ignored","damage_taken":0,"max_hp_gain":0,"max_hp_loss":0,"event_name":"Golden Wing","floor":11,"gold_loss":0},{"damage_healed":0,"gold_gain":0,"player_choice":"Obtained Relic","damage_taken":0,"relics_obtained":["Lizard Tail"],"max_hp_gain":0,"max_hp_loss":0,"event_name":"Addict","floor":20,"gold_loss":85},{"damage_healed":0,"gold_gain":0,"player_choice":"Smashed Altar","damage_taken":0,"max_hp_gain":0,"max_hp_loss":0,"event_name":"Forgotten Altar","floor":21,"gold_loss":0,"cards_obtained":["Decay"]},{"damage_healed":0,"gold_gain":0,"player_choice":"Rummage","damage_taken":0,"relics_obtained":["WarpedTongs"],"max_hp_gain":0,"max_hp_loss":0,"event_name":"Accursed Blacksmith","floor":29,"gold_loss":0,"cards_obtained":["Pain"]}],"is_beta":false,"boss_relics":[{"not_picked":["Runic Dome","Runic Pyramid"],"picked":"Nuclear Battery"},{"not_picked":["Fusion Hammer","Calling Bell"],"picked":"Busted Crown"}],"items_purged_floors":[19],"is_endless":false,"potions_floor_spawned":[1,7,10,14,18,30,31,33,36],"killed_by":"Jaw Worm Horde","ascension_level":1}}