{"host":"447f3hl56xdss9ae","time":1612549546,"event":{"mods":["Act Like it!","Arknights","BaseMod","Minty Spire (QoL Compilation)","StSLib","[GremlinLeader]The Maniac","¡¾ÒÅÎï¿¨ÅÆ¡¿REMEMod"],"gold_per_floor":[113,127,127,227,251,251,284,131,155,170,189,189,205,226,226,226,226],"floor_reached":16,"language":"ZHS","playtime":697,"items_purged":[],"score":104,"play_id":"fc4a776d-46de-402e-ac90-4c49c30f3de2","local_time":"20210206022546","is_ascension_mode":false,"campfire_choices":[{"data":"Barricade","floor":6,"key":"SMITH"},{"floor":12,"key":"REST"},{"data":"maniac:Blastwave","floor":15,"key":"SMITH"}],"circlet_count":0,"master_deck":["maniac:Strike","maniac:Strike","maniac:Strike","maniac:Strike","maniac:Strike","maniac:Defend+1","maniac:Defend","maniac:Defend","maniac:Defend","maniac:BurnBlood+1","maniac:AbyssShackle","Barricade+1","maniac:LootBarrage","maniac:Intimidate","maniac:ExceedEnchantment","maniac:Reforge","maniac:Blastwave+1"],"relics":["maniac:DamagedAnvil","maniac:BrokenHorn","REME_ComplimentaryCards","Golden Idol","War Paint","Blood Vial","Bag of Marbles"],"acts_visited":["Exordium"],"potions_floor_usage":[7],"damage_taken":[{"damage":0,"enemies":"Jaw Worm","floor":1,"turns":5},{"damage":4,"enemies":"Cultist","floor":2,"turns":4},{"damage":0,"enemies":"Small Slimes","floor":5,"turns":2},{"damage":34,"enemies":"3 Sentries","floor":7,"turns":7},{"damage":10,"enemies":"Looter","floor":10,"turns":2},{"damage":13,"enemies":"Exordium Wildlife","floor":11,"turns":6},{"damage":15,"enemies":"Red Slaver","floor":13,"turns":4},{"damage":6,"enemies":"Blue Slaver","floor":14,"turns":3},{"damage":27,"enemies":"Slime Boss","floor":16,"turns":5}],"seed_played":"5701447399162749950","potions_obtained":[{"floor":1,"key":"Fruit Juice"},{"floor":2,"key":"Dexterity Potion"},{"floor":13,"key":"Dexterity Potion"},{"floor":14,"key":"Swift Potion"}],"is_trial":false,"path_per_floor":["M","M","?","?","M","R","E","$","T","M","M","R","M","M","R","B"],"character_chosen":"THE_MANIAC","items_purchased":["Blood Vial"],"campfire_rested":1,"item_purchase_floors":[8],"current_hp_per_floor":[88,84,62,62,62,62,33,33,33,25,14,41,28,24,24,0,0],"gold":226,"neow_bonus":"TEN_PERCENT_HP_BONUS","is_daily":false,"chose_seed":false,"campfire_upgraded":2,"win_rate":0.0,"timestamp":1612549546,"path_taken":["M","M","?","?","?","R","E","$","T","M","M","R","?","M","R","BOSS"],"items_purchased_type":["Relic"],"build_version":"2020-12-22","purchased_purges":0,"victory":false,"max_hp_per_floor":[88,88,88,88,88,88,93,93,93,93,93,93,93,93,93,93,93],"card_choices":[{"not_picked":["maniac:ShelteringEdge","maniac:UntravelledPath","maniac:Exterminator"],"picked":"SKIP","floor":1},{"not_picked":["maniac:SeeingDetails","maniac:BladeShoot"],"picked":"maniac:LootBarrage","floor":2},{"not_picked":["maniac:BladeArtist","maniac:SpectralKnives"],"picked":"maniac:Intimidate","floor":5},{"not_picked":["maniac:WardAndDefend","maniac:DashForward"],"picked":"maniac:ExceedEnchantment","floor":7},{"not_picked":["maniac:MeleeStrike","maniac:Intimidate","maniac:Refine"],"picked":"SKIP","floor":10},{"not_picked":["maniac:ExpectedMoves","maniac:MeleeStrike","maniac:UntravelledPath"],"picked":"SKIP","floor":11},{"not_picked":["maniac:BladeShoot","maniac:DashForward"],"picked":"maniac:Reforge","floor":13},{"not_picked":["maniac:SpectralKnives","maniac:FindAShortcut"],"picked":"maniac:Blastwave","floor":14}],"player_experience":134799,"relics_obtained":[{"floor":7,"key":"War Paint"},{"floor":9,"key":"Bag of Marbles"}],"event_choices":[{"damage_healed":0,"gold_gain":0,"player_choice":"Take Damage","damage_taken":22,"relics_obtained":["Golden Idol"],"max_hp_gain":0,"max_hp_loss":0,"event_name":"Golden Idol","floor":3,"gold_loss":0},{"damage_healed":0,"gold_gain":100,"player_choice":"Pray","damage_taken":0,"max_hp_gain":0,"max_hp_loss":0,"event_name":"Golden Shrine","floor":4,"gold_loss":0}],"is_beta":false,"boss_relics":[],"items_purged_floors":[],"is_endless":false,"potions_floor_spawned":[1,2,13,14],"killed_by":"Slime Boss","ascension_level":0}}