{"host":"ifz8qk6i1wysca9i","time":1612517910,"event":{"mods":["Act Like it!","BaseMod","Colored Powertips","Duelist Mod","GifTheSpireLib","Hallownest","Hermit","Minty Spire (QoL Compilation)","Quick Restart","StSLib","The Bug Knight","The Senshi","The Wild Card"],"gold_per_floor":[109,284,362,375,5,33,33,46,46,46,79,102,102,115,115,239,239,257,257,64,82,98,142,142,158,182,200,225,250,465,465,465,585,585,600,621,621,639,17,17,42,60,60,85,85,85,121,121,121,121],"floor_reached":51,"language":"ENG","playtime":5526,"items_purged":["Injury"],"score":761,"play_id":"e24aea48-6812-430a-ae46-1c61f993fcfd","local_time":"20210205033830","is_ascension_mode":false,"campfire_choices":[{"data":"Inflame","floor":7.0,"key":"SMITH"},{"floor":15.0,"key":"REST"},{"data":"Armaments","floor":24.0,"key":"SMITH"},{"floor":32.0,"key":"REST"},{"floor":40.0,"key":"REST"},{"floor":49.0,"key":"REST"}],"circlet_count":0,"master_deck":["Strike_R","Strike_R","Strike_R","Strike_R","Strike_R","Defend_R","Defend_R","Defend_R","Bash","Metallicize","Thunderclap","Uppercut","Mind Blast+1","Rage+1","The Bomb+1","Inflame+1","Disarm","Armaments+1","Rage","Shrug It Off","Feed+1","Thunderclap+1","Metamorphosis+1","Wild Strike+1","Pommel Strike+1","Heavy Blade+1","Body Slam+1","Limit Break","Intimidate+1","Perfected Strike+1","Double Tap","Searing Blow+1","Dropkick+1","Warcry","theDuelist:CurseArmaments","Whirlwind+1","Dramatic Entrance+1","Body Slam+1","Seeing Red+1","Anger+1","Blood for Blood+1","Madness","Madness","Demon Form"],"relics":["Burning Blood","HollowMod:StagPassRelic","theSenshi:SailorFukuRelic","Matryoshka","Golden Idol","Ornamental Fan","Molten Egg 2","Runic Pyramid","Mummified Hand","Strawberry","Bag of Preparation","Old Coin","Mark of Pain","Pen Nib","TheAbacus","Bottled Lightning","Lizard Tail","Ice Cream","TungstenRod"],"acts_visited":["Exordium","TheCity","TheBeyond"],"potions_floor_usage":[50,50],"damage_taken":[{"damage":0.0,"enemies":"2 Louse","floor":1.0,"turns":4.0},{"damage":3.0,"enemies":"Jaw Worm","floor":4.0,"turns":6.0},{"damage":2.0,"enemies":"HollowMod:MossKnight","floor":6.0,"turns":7.0},{"damage":2.0,"enemies":"Small Slimes","floor":8.0,"turns":3.0},{"damage":35.0,"enemies":"Lagavulin","floor":11.0,"turns":8.0},{"damage":17.0,"enemies":"Exordium Wildlife","floor":12.0,"turns":7.0},{"damage":9.0,"enemies":"2 Fungi Beasts","floor":14.0,"turns":3.0},{"damage":15.0,"enemies":"Hexaghost","floor":16.0,"turns":12.0},{"damage":0.0,"enemies":"Chosen","floor":18.0,"turns":4.0},{"damage":20.0,"enemies":"3 Byrds","floor":21.0,"turns":8.0},{"damage":19.0,"enemies":"Snake Plant","floor":22.0,"turns":5.0},{"damage":9.0,"enemies":"HollowMod:Nosk","floor":23.0,"turns":7.0},{"damage":32.0,"enemies":"Sentry and Sphere","floor":25.0,"turns":8.0},{"damage":4.0,"enemies":"Centurion and Healer","floor":27.0,"turns":3.0},{"damage":12.0,"enemies":"Snake Plant","floor":28.0,"turns":4.0},{"damage":4.0,"enemies":"3 Cultists","floor":29.0,"turns":4.0},{"damage":9.0,"enemies":"Colosseum Slavers","floor":31.0,"turns":2.0},{"damage":64.0,"enemies":"Automaton","floor":33.0,"turns":10.0},{"damage":5.0,"enemies":"3 Shapes","floor":35.0,"turns":3.0},{"damage":24.0,"enemies":"3 Darklings","floor":36.0,"turns":3.0},{"damage":36.0,"enemies":"4 Shapes","floor":38.0,"turns":5.0},{"damage":0.0,"enemies":"Spire Growth","floor":41.0,"turns":3.0},{"damage":2.0,"enemies":"Maw","floor":42.0,"turns":5.0},{"damage":1.0,"enemies":"4 Shapes","floor":44.0,"turns":2.0},{"damage":22.0,"enemies":"Reptomancer","floor":47.0,"turns":4.0},{"damage":80,"enemies":"Awakened One","floor":50,"turns":8}],"seed_played":"-7987793621693247136","potions_obtained":[{"floor":8.0,"key":"EntropicBrew"},{"floor":12.0,"key":"ColorlessPotion"},{"floor":14.0,"key":"CultistPotion"},{"floor":16.0,"key":"Regen Potion"},{"floor":18.0,"key":"BloodPotion"},{"floor":22.0,"key":"BlessingOfTheForge"}],"is_trial":false,"path_per_floor":["M","?","T","M","$","E","R","M","T","?","E","M","?","M","R","B",null,"M","?","$","M","M","E","R","M","T","M","M","M","?","?","R","B",null,"M","M","?","M","$","R","M","M","T","M","?","?","E","T","R","B",null],"character_chosen":"IRONCLAD","items_purchased":["Mind Blast","Rage","The Bomb","Metamorphosis","Dramatic Entrance+1","Pen Nib","TheAbacus","Body Slam+1","FairyPotion"],"campfire_rested":4,"item_purchase_floors":[5,5,5,20,39,39,39,39,39],"current_hp_per_floor":[80,80,80,80,80,80,80,80,80,80,51,40,37,34,58,49,80,80,80,80,70,73,70,70,44,51,53,47,49,49,50,78,20,95,95,81,81,55,55,85,91,99,99,104,91,91,75,75,107,45],"gold":121,"neow_bonus":"THREE_CARDS","is_daily":false,"chose_seed":false,"campfire_upgraded":2,"win_rate":0.0,"timestamp":1612517910,"path_taken":["M","?","?","M","$","E","R","M","T","?","E","M","?","?","R","BOSS","M","?","$","M","M","E","R","M","T","M","M","M","?","?","R","BOSS","M","M","?","M","$","R","?","M","T","M","?","?","E","?","R","BOSS"],"items_purchased_type":["Card","Card","Card","Card","Card","Relic","Relic","Card","Potion"],"build_version":"2020-12-22","purchased_purges":1,"victory":true,"max_hp_per_floor":[80,80,80,80,80,80,80,80,80,80,80,80,80,80,80,80,80,80,80,80,84,84,84,84,84,91,91,91,91,91,95,95,95,95,95,99,99,103,103,103,103,107,107,107,107,107,107,107,107,107],"card_choices":[{"not_picked":["Sword Boomerang","Thunderclap"],"picked":"Metallicize","floor":0.0},{"not_picked":["Perfected Strike","Headbutt"],"picked":"Thunderclap","floor":1.0},{"not_picked":["Body Slam","Ghostly Armor"],"picked":"Uppercut","floor":4.0},{"not_picked":["Warcry","Armaments"],"picked":"Inflame","floor":6.0},{"not_picked":["Fiend Fire","Perfected Strike"],"picked":"Disarm","floor":8.0},{"not_picked":["Thunderclap","Searing Blow"],"picked":"Armaments","floor":11.0},{"not_picked":["Body Slam","Iron Wave"],"picked":"Rage","floor":12.0},{"not_picked":["Dark Embrace","Armaments"],"picked":"Shrug It Off","floor":14.0},{"not_picked":["Impervious","Corruption"],"picked":"Feed+1","floor":16.0},{"not_picked":["Sever Soul+1","Rupture"],"picked":"Thunderclap+1","floor":18.0},{"not_picked":["Intimidate","Shrug It Off+1"],"picked":"Wild Strike+1","floor":21.0},{"not_picked":["Dual Wield","Headbutt+1"],"picked":"Pommel Strike+1","floor":22.0},{"not_picked":["Body Slam+1","Evolve+1"],"picked":"Heavy Blade+1","floor":23.0},{"not_picked":["Heavy Blade+1","Warcry"],"picked":"Body Slam+1","floor":25.0},{"not_picked":["Shrug It Off","Clothesline+1"],"picked":"Limit Break","floor":27.0},{"not_picked":["Battle Trance","Hemokinesis+1"],"picked":"Intimidate+1","floor":28.0},{"not_picked":["Spot Weakness","Clothesline+1"],"picked":"Perfected Strike+1","floor":29.0},{"not_picked":["Impervious","Feed+1"],"picked":"Double Tap","floor":33.0},{"not_picked":["Headbutt+1","Warcry+1"],"picked":"Searing Blow+1","floor":35.0},{"not_picked":["Second Wind","Clash+1"],"picked":"Dropkick+1","floor":36.0},{"not_picked":["Clash+1","Body Slam+1"],"picked":"Whirlwind+1","floor":38.0},{"not_picked":["Impervious","Thunderclap+1"],"picked":"Seeing Red+1","floor":41.0},{"not_picked":["Wild Strike+1","Blood for Blood+1"],"picked":"Anger+1","floor":42.0},{"not_picked":["Clash+1","Perfected Strike+1"],"picked":"Blood for Blood+1","floor":44.0},{"not_picked":["Clothesline+1","Pommel Strike+1"],"picked":"Demon Form","floor":47.0}],"player_experience":146374,"relics_obtained":[{"floor":3.0,"key":"HollowMod:StagPassRelic"},{"floor":6.0,"key":"theSenshi:SailorFukuRelic"},{"floor":9.0,"key":"Matryoshka"},{"floor":11.0,"key":"Ornamental Fan"},{"floor":23.0,"key":"Mummified Hand"},{"floor":26.0,"key":"Strawberry"},{"floor":26.0,"key":"Bag of Preparation"},{"floor":43.0,"key":"Bottled Lightning"},{"floor":43.0,"key":"Lizard Tail"},{"floor":47.0,"key":"Ice Cream"},{"floor":48.0,"key":"TungstenRod"}],"event_choices":[{"damage_healed":0.0,"max_hp_gain":0.0,"max_hp_loss":0.0,"gold_gain":175.0,"event_name":"Liars Game","player_choice":"AGREE","floor":2.0,"gold_loss":0.0,"damage_taken":0.0,"cards_obtained":["Doubt"]},{"damage_healed":0.0,"max_hp_gain":0.0,"max_hp_loss":0.0,"gold_gain":0.0,"event_name":"Golden Idol","player_choice":"Take Wound","floor":10.0,"gold_loss":0.0,"damage_taken":0.0,"relics_obtained":["Golden Idol"],"cards_obtained":["Injury"]},{"damage_healed":0.0,"max_hp_gain":0.0,"max_hp_loss":0.0,"gold_gain":0.0,"event_name":"Scrap Ooze","player_choice":"Success","floor":13.0,"gold_loss":0.0,"damage_taken":3.0,"relics_obtained":["Molten Egg 2"]},{"cards_removed":["Doubt"],"damage_healed":0.0,"max_hp_gain":0.0,"max_hp_loss":0.0,"gold_gain":0.0,"event_name":"Back to Basics","player_choice":"Elegance","floor":19.0,"gold_loss":0.0,"damage_taken":0.0},{"damage_healed":0.0,"max_hp_gain":0.0,"max_hp_loss":0.0,"gold_gain":0.0,"event_name":"Addict","player_choice":"Obtained Relic","floor":30.0,"gold_loss":85.0,"damage_taken":0.0,"relics_obtained":["Old Coin"]},{"damage_healed":0.0,"max_hp_gain":0.0,"max_hp_loss":0.0,"gold_gain":0.0,"event_name":"Colosseum","player_choice":"Fight","floor":31.0,"gold_loss":0.0,"damage_taken":0.0},{"damage_healed":0.0,"max_hp_gain":0.0,"max_hp_loss":0.0,"gold_gain":0.0,"event_name":"Colosseum","player_choice":"Fled From Nobs","floor":31.0,"gold_loss":0.0,"damage_taken":0.0},{"damage_healed":0.0,"max_hp_gain":0.0,"max_hp_loss":0.0,"gold_gain":0.0,"event_name":"Match and Keep!","player_choice":"2 cards matched","floor":37.0,"gold_loss":0.0,"damage_taken":0.0,"cards_obtained":["Warcry","theDuelist:CurseArmaments"]},{"damage_healed":0.0,"max_hp_gain":0.0,"max_hp_loss":0.0,"gold_gain":0.0,"event_name":"Match and Keep!","player_choice":"2 cards matched","floor":37.0,"gold_loss":0.0,"damage_taken":0.0,"cards_obtained":["Warcry","theDuelist:CurseArmaments"]},{"damage_healed":0.0,"max_hp_gain":0.0,"max_hp_loss":0.0,"gold_gain":0.0,"event_name":"Winding Halls","player_choice":"Embrace Madness","floor":45.0,"gold_loss":0.0,"damage_taken":13.0,"cards_obtained":["Madness","Madness"]},{"cards_removed":["Defend_R"],"damage_healed":0.0,"max_hp_gain":0.0,"max_hp_loss":0.0,"gold_gain":0.0,"event_name":"Falling","player_choice":"Removed Skill","floor":46.0,"gold_loss":0.0,"damage_taken":0.0}],"is_beta":false,"boss_relics":[{"not_picked":["Snecko Eye","Ectoplasm"],"picked":"Runic Pyramid"},{"not_picked":["Black Star","Black Blood"],"picked":"Mark of Pain"}],"items_purged_floors":[39],"is_endless":false,"potions_floor_spawned":[8,12,14,16,18,22,25,28,29,33,38,41,47],"ascension_level":0}}