{"host":"jlk2k69f9c6o7b3e","time":1612513874,"event":{"mods":["AchievementEnabler","BaseMod","Minty Spire (QoL Compilation)","StSLib"],"gold_per_floor":[118,118,118,118,133,133,174,174,174,218,238,276,276,276,276,276,276],"floor_reached":16,"language":"ZHS","playtime":459,"items_purged":[],"score":233,"play_id":"ef927ce7-67dd-4c2d-8050-04a54c47b5a7","local_time":"20210205163114","is_ascension_mode":true,"campfire_choices":[{"data":"Noxious Fumes","floor":6.0,"key":"SMITH"},{"data":"Tactician","floor":8.0,"key":"SMITH"},{"data":"Noxious Fumes","floor":13,"key":"SMITH"},{"data":"Tools of the Trade","floor":15,"key":"SMITH"}],"circlet_count":0,"master_deck":["AscendersBane","Strike_G","Strike_G","Strike_G","Strike_G","Strike_G","Defend_G","Defend_G","Defend_G","Defend_G","Defend_G","Survivor","Neutralize","Noxious Fumes+1","Tactician+1","Deadly Poison","Noxious Fumes+1","Tools of the Trade+1","Regret"],"relics":["Ring of the Snake","NeowsBlessing","Golden Idol","Meat on the Bone","Question Card","Potion Belt","MealTicket","Nunchaku"],"acts_visited":["Exordium"],"potions_floor_usage":[16],"damage_taken":[{"damage":0.0,"enemies":"2 Louse","floor":1.0,"turns":1.0},{"damage":0.0,"enemies":"Small Slimes","floor":5.0,"turns":1.0},{"damage":0.0,"enemies":"3 Sentries","floor":7.0,"turns":1.0},{"damage":22.0,"enemies":"Lagavulin","floor":10.0,"turns":5.0},{"damage":0.0,"enemies":"Cultist","floor":11.0,"turns":3.0},{"damage":34,"enemies":"3 Sentries","floor":12,"turns":8},{"damage":23,"enemies":"Slime Boss","floor":16,"turns":3}],"seed_played":"6852022333830046502","potions_obtained":[{"floor":4.0,"key":"LiquidMemories"},{"floor":4.0,"key":"SkillPotion"},{"floor":4.0,"key":"SkillPotion"},{"floor":12,"key":"CunningPotion"}],"is_trial":false,"path_per_floor":["M","$","?","?","M","R","E","R","T","E","M","E","R","?","R","B"],"character_chosen":"THE_SILENT","items_purchased":[],"campfire_rested":0,"item_purchase_floors":[],"current_hp_per_floor":[63,63,63,63,63,63,63,63,63,41,41,19,19,19,19,0,0],"gold":276,"neow_bonus":"THREE_ENEMY_KILL","is_daily":false,"chose_seed":false,"campfire_upgraded":4,"win_rate":0.0,"timestamp":1612513874,"path_taken":["M","$","?","?","?","R","E","R","T","E","M","E","R","?","R","BOSS"],"items_purchased_type":[],"build_version":"2020-12-22","purchased_purges":0,"victory":false,"max_hp_per_floor":[70,70,65,65,65,65,65,65,65,65,65,65,65,65,65,65,65],"card_choices":[{"not_picked":["Dagger Spray","Dagger Throw"],"picked":"Noxious Fumes","floor":1.0},{"not_picked":["Bane","Flechettes"],"picked":"Tactician","floor":5.0},{"not_picked":["Infinite Blades","Outmaneuver"],"picked":"Deadly Poison","floor":7.0},{"not_picked":["Blade Dance","Flying Knee","Sucker Punch"],"picked":"Noxious Fumes","floor":10.0},{"not_picked":["All Out Attack","Eviscerate","Cloak And Dagger","Deflect"],"picked":"SKIP","floor":11.0},{"not_picked":["Dagger Throw","Heel Hook","Backstab"],"picked":"Tools of the Trade","floor":12}],"player_experience":370458,"relics_obtained":[{"floor":7.0,"key":"Meat on the Bone"},{"floor":9.0,"key":"Question Card"},{"floor":10.0,"key":"Potion Belt"},{"floor":12,"key":"MealTicket"}],"event_choices":[{"damage_healed":0.0,"max_hp_gain":0.0,"max_hp_loss":5.0,"gold_gain":0.0,"event_name":"Golden Idol","player_choice":"Lose Max HP","floor":3.0,"gold_loss":0.0,"damage_taken":0.0,"relics_obtained":["Golden Idol"]},{"damage_healed":0.0,"max_hp_gain":0.0,"max_hp_loss":0.0,"gold_gain":0.0,"event_name":"Lab","player_choice":"Got Potions","floor":4.0,"gold_loss":0.0,"damage_taken":0.0},{"damage_healed":0,"gold_gain":0,"player_choice":"Box","damage_taken":0,"relics_obtained":["Nunchaku"],"max_hp_gain":0,"max_hp_loss":0,"event_name":"Big Fish","floor":14,"gold_loss":0,"cards_obtained":["Regret"]}],"is_beta":false,"boss_relics":[],"items_purged_floors":[],"is_endless":false,"potions_floor_spawned":[5,7,12],"killed_by":"Slime Boss","ascension_level":13}}