{"host":"3jpcvpprzj9sjffh","time":1612528817,"event":{"mods":["AchievementEnabler","BaseMod","Colored Map","Minty Spire (QoL Compilation)","Rare Cards Sparkle","SuperFastMode","everything is the same but u backflip on backflip"],"gold_per_floor":[109,125,125,125,145,180,180,199,199,230,230,248,29,49,49,144,144,162,162,175,78,78,103,103,117,117,134,147,147,147],"floor_reached":29,"language":"KOR","playtime":1025,"items_purged":["Defend_R"],"score":282,"play_id":"c14a8867-7328-459c-bd4b-628b9891b4b6","local_time":"20210205214017","is_ascension_mode":false,"campfire_choices":[{"floor":7,"key":"REST"},{"floor":11,"key":"REST"},{"data":"Rampage","floor":15,"key":"SMITH"},{"floor":24,"key":"REST"}],"circlet_count":0,"master_deck":["Strike_R+1","Strike_R+1","Strike_R+1","Strike_R+1","Strike_R+1","Defend_R+1","Defend_R+1","Defend_R+1","Bash","Armaments+1","Twin Strike","Ghostly Armor","Whirlwind","Rage","Cleave","Wild Strike","Dual Wield","Evolve","Rampage+1","Fiend Fire","Perfected Strike","Perfected Strike","Fire Breathing","Thunderclap","Anger","Perfected Strike","Perfected Strike","Pommel Strike"],"relics":["Burning Blood","Torii","Self Forming Clay","StrikeDummy","Question Card","Black Star","HornCleat","Blue Candle"],"acts_visited":["Exordium","TheCity"],"potions_floor_usage":[6,10,10,16,16,28,28],"damage_taken":[{"damage":0,"enemies":"Small Slimes","floor":1,"turns":3},{"damage":0,"enemies":"2 Louse","floor":2,"turns":4},{"damage":1,"enemies":"Cultist","floor":5,"turns":3},{"damage":48,"enemies":"Gremlin Nob","floor":6,"turns":6},{"damage":1,"enemies":"Looter","floor":8,"turns":4},{"damage":31,"enemies":"Lagavulin","floor":10,"turns":7},{"damage":0,"enemies":"2 Fungi Beasts","floor":12,"turns":2},{"damage":9,"enemies":"Gremlin Gang","floor":14,"turns":3},{"damage":7,"enemies":"Hexaghost","floor":16,"turns":11},{"damage":16,"enemies":"3 Byrds","floor":18,"turns":6},{"damage":2,"enemies":"Chosen","floor":20,"turns":4},{"damage":36,"enemies":"Gremlin Leader","floor":23,"turns":11},{"damage":45,"enemies":"3 Cultists","floor":25,"turns":6},{"damage":25,"enemies":"Centurion and Healer","floor":27,"turns":7},{"damage":1,"enemies":"Snecko","floor":28,"turns":4},{"damage":21,"enemies":"Snake Plant","floor":29,"turns":1}],"seed_played":"3332346101385189847","potions_obtained":[{"floor":0,"key":"GamblersBrew"},{"floor":0,"key":"SpeedPotion"},{"floor":0,"key":"Weak Potion"},{"floor":6,"key":"Regen Potion"},{"floor":10,"key":"PowerPotion"},{"floor":12,"key":"SkillPotion"},{"floor":20,"key":"Weak Potion"},{"floor":25,"key":"Ancient Potion"}],"is_trial":false,"path_per_floor":["M","M","?","?","M","E","R","M","T","E","R","M","$","M","R","B",null,"M","?","M","$","?","E","R","M","T","M","M","M"],"character_chosen":"IRONCLAD","items_purchased":["Dual Wield","Evolve","Fire Breathing","Thunderclap"],"campfire_rested":3,"item_purchase_floors":[13,13,21,21],"current_hp_per_floor":[80,80,62,46,51,9,33,38,38,28,52,58,58,55,55,54,80,70,70,74,74,74,44,68,29,29,10,15,0,0],"gold":147,"neow_bonus":"THREE_SMALL_POTIONS","is_daily":false,"chose_seed":false,"campfire_upgraded":1,"win_rate":0.0,"timestamp":1612528817,"path_taken":["M","M","?","?","M","E","R","M","T","E","R","M","$","M","R","BOSS","M","?","M","$","?","E","R","M","T","M","M","?"],"items_purchased_type":["Card","Card","Card","Card"],"build_version":"2020-12-22","purchased_purges":1,"victory":false,"max_hp_per_floor":[80,80,80,80,80,80,80,80,80,80,80,80,80,80,80,80,80,80,80,80,80,80,80,80,80,80,80,80,80,80],"card_choices":[{"not_picked":["Cleave","Rampage"],"picked":"Armaments","floor":1},{"not_picked":["Reaper","Disarm"],"picked":"Twin Strike","floor":2},{"not_picked":["Iron Wave","Body Slam"],"picked":"Ghostly Armor","floor":5},{"not_picked":["Metallicize","Clash"],"picked":"Whirlwind","floor":6},{"not_picked":["Ghostly Armor","Clash"],"picked":"Rage","floor":8},{"not_picked":["Whirlwind","True Grit"],"picked":"Cleave","floor":10},{"not_picked":["Shrug It Off","Rupture","Flex"],"picked":"Wild Strike","floor":12},{"not_picked":["Thunderclap","Body Slam","Heavy Blade"],"picked":"Rampage","floor":14},{"not_picked":["Bludgeon","Berserk","Barricade"],"picked":"Fiend Fire","floor":16},{"not_picked":["Twin Strike+1","Wild Strike","Iron Wave"],"picked":"Perfected Strike","floor":18},{"not_picked":["Havoc","Cleave","Whirlwind"],"picked":"Perfected Strike","floor":20},{"not_picked":["Clothesline","Dropkick+1","Flex"],"picked":"Anger","floor":23},{"not_picked":["Infernal Blade","Havoc","Rupture+1"],"picked":"Perfected Strike","floor":25},{"not_picked":["Rage","Pummel+1","Metallicize+1"],"picked":"Perfected Strike","floor":27},{"not_picked":["Exhume","Sword Boomerang+1","Hemokinesis"],"picked":"Pommel Strike","floor":28}],"player_experience":306153,"relics_obtained":[{"floor":6,"key":"Self Forming Clay"},{"floor":9,"key":"StrikeDummy"},{"floor":10,"key":"Question Card"},{"floor":23,"key":"HornCleat"},{"floor":23,"key":"Blue Candle"}],"event_choices":[{"damage_healed":0,"gold_gain":0,"player_choice":"Success","damage_taken":18,"relics_obtained":["Torii"],"max_hp_gain":0,"max_hp_loss":0,"event_name":"Scrap Ooze","floor":3,"gold_loss":0},{"damage_healed":0,"gold_gain":0,"player_choice":"Entered Light","damage_taken":16,"max_hp_gain":0,"max_hp_loss":0,"event_name":"Shining Light","floor":4,"gold_loss":0,"cards_upgraded":["Armaments","Defend_R"]},{"damage_healed":0,"gold_gain":0,"player_choice":"Simplicity","damage_taken":0,"max_hp_gain":0,"max_hp_loss":0,"event_name":"Back to Basics","floor":19,"gold_loss":0,"cards_upgraded":["Strike_R","Strike_R","Strike_R","Strike_R","Strike_R","Defend_R","Defend_R"]},{"damage_healed":0,"gold_gain":0,"player_choice":"Leave","damage_taken":0,"max_hp_gain":0,"max_hp_loss":0,"event_name":"FaceTrader","floor":22,"gold_loss":0}],"is_beta":false,"boss_relics":[{"not_picked":["Pandora\u0027s Box","Cursed Key"],"picked":"Black Star"}],"items_purged_floors":[13],"is_endless":false,"potions_floor_spawned":[6,8,10,12,20,25],"killed_by":"Snake Plant","ascension_level":0}}