{"host":"bnpj5ln693dhfj4y","time":1612547790,"event":{"mods":["AchievementEnabler","BaseMod","Colored Map","Colored Powertips","DeckTracker","Minty Spire (QoL Compilation)"],"gold_per_floor":[118,130,55,55,71,71,102,121,121,136,136,197,197,209,209,304,354,373,373,373],"floor_reached":19,"language":"ENG","playtime":1458,"items_purged":["Strike_R"],"score":211,"play_id":"2f47f951-42cd-483e-8a68-7c1886827735","local_time":"20210205185630","is_ascension_mode":true,"campfire_choices":[{"data":"True Grit","floor":6,"key":"SMITH"},{"floor":11,"key":"REST"},{"data":"Berserk","floor":15,"key":"SMITH"}],"circlet_count":0,"master_deck":["Strike_R","Strike_R+1","Strike_R","Strike_R+1","Defend_R","Defend_R","Defend_R","Defend_R","Bash+1","Rampage+1","Headbutt","True Grit+1","Metallicize","Inflame","Thunderclap","Berserk+1","Offering","Searing Blow","Flex"],"relics":["Burning Blood","Art of War","Pantograph","Tiny House"],"acts_visited":["Exordium","TheCity"],"potions_floor_usage":[16,18,18,19],"damage_taken":[{"damage":1,"enemies":"Cultist","floor":1,"turns":3},{"damage":8,"enemies":"2 Louse","floor":2,"turns":3},{"damage":5,"enemies":"Small Slimes","floor":5,"turns":3},{"damage":33,"enemies":"3 Sentries","floor":7,"turns":9},{"damage":12,"enemies":"2 Fungi Beasts","floor":8,"turns":4},{"damage":16,"enemies":"Gremlin Gang","floor":10,"turns":6},{"damage":0,"enemies":"Large Slime","floor":14,"turns":4},{"damage":40,"enemies":"Hexaghost","floor":16,"turns":8},{"damage":54,"enemies":"3 Byrds","floor":18,"turns":5},{"damage":42,"enemies":"Masked Bandits","floor":19,"turns":2}],"seed_played":"6842558190431829358","potions_obtained":[{"floor":10,"key":"Fire Potion"},{"floor":14,"key":"HeartOfIron"},{"floor":16,"key":"Fruit Juice"},{"floor":17,"key":"SteroidPotion"},{"floor":18,"key":"BlessingOfTheForge"}],"is_trial":false,"path_per_floor":["M","M","$","?","M","R","E","M","T","M","R","?","?","M","R","B",null,"M","?"],"character_chosen":"IRONCLAD","items_purchased":[],"campfire_rested":1,"item_purchase_floors":[],"current_hp_per_floor":[80,78,78,62,63,63,36,30,30,20,44,44,70,76,76,46,77,34,0,0],"gold":373,"neow_bonus":"UPGRADE_CARD","is_daily":false,"chose_seed":false,"campfire_upgraded":2,"win_rate":0.0,"timestamp":1612547790,"path_taken":["M","M","$","?","M","R","E","M","T","M","R","?","?","M","R","BOSS","M","?"],"items_purchased_type":[],"build_version":"2020-12-22","purchased_purges":1,"victory":false,"max_hp_per_floor":[80,80,80,80,80,80,80,80,80,80,80,80,80,80,80,80,85,90,90,90],"card_choices":[{"not_picked":["Headbutt","Flex"],"picked":"Rampage","floor":1},{"not_picked":["Havoc","Thunderclap"],"picked":"Headbutt","floor":2},{"not_picked":["Armaments","Perfected Strike"],"picked":"True Grit","floor":5},{"not_picked":["Dark Embrace","Fire Breathing"],"picked":"Metallicize","floor":7},{"not_picked":["Wild Strike","Seeing Red"],"picked":"Inflame","floor":8},{"not_picked":["Anger","Seeing Red"],"picked":"Thunderclap","floor":10},{"not_picked":["Disarm","True Grit"],"picked":"Berserk","floor":14},{"not_picked":["Double Tap","Exhume"],"picked":"Offering","floor":16},{"not_picked":["Havoc","Disarm"],"picked":"Searing Blow","floor":17},{"not_picked":["Sentinel","Heavy Blade"],"picked":"Flex","floor":18}],"player_experience":326923,"relics_obtained":[{"floor":7,"key":"Art of War"},{"floor":9,"key":"Pantograph"}],"event_choices":[{"damage_healed":0,"gold_gain":0,"player_choice":"Entered Light","damage_taken":16,"max_hp_gain":0,"max_hp_loss":0,"event_name":"Shining Light","floor":4,"gold_loss":0,"cards_upgraded":["Rampage","Strike_R"]},{"damage_healed":0,"gold_gain":61,"player_choice":"Gained Gold","damage_taken":0,"max_hp_gain":0,"max_hp_loss":0,"event_name":"Golden Wing","floor":12,"gold_loss":0},{"damage_healed":26,"gold_gain":0,"player_choice":"Banana","damage_taken":0,"max_hp_gain":0,"max_hp_loss":0,"event_name":"Big Fish","floor":13,"gold_loss":0},{"damage_healed":0,"gold_gain":0,"player_choice":"Fought Bandits","damage_taken":0,"max_hp_gain":0,"max_hp_loss":0,"event_name":"Masked Bandits","floor":19,"gold_loss":0}],"is_beta":false,"boss_relics":[{"not_picked":["Fusion Hammer","Runic Dome"],"picked":"Tiny House"}],"items_purged_floors":[3],"is_endless":false,"potions_floor_spawned":[10,14,16,18],"killed_by":"Masked Bandits","ascension_level":5}}