{"host":"yqw1zpryoutrnocq","time":1612569019,"event":{"mods":["2.2 Compatiblity","AchievementEnabler","BaseMod","Colored Map","Custom Start","DeckTracker","Minty Spire (QoL Compilation)","StSLib","SuperFastMode"],"gold_per_floor":[112,112,112,130,154,154,79,152,152,168,192,228,258,274,274,394,394,419,437,4,4,4],"floor_reached":21,"language":"KOR","playtime":469,"items_purged":["Strike_R"],"score":269,"play_id":"b806a38e-36f4-45b8-93ce-acb9bb50a44f","local_time":"20210205175019","is_ascension_mode":true,"campfire_choices":[{"data":"Shrug It Off","floor":6.0,"key":"SMITH"},{"data":"Body Slam","floor":15.0,"key":"SMITH"}],"circlet_count":0,"master_deck":["Bash+1","Shrug It Off+1","Uppercut","Burning Pact","Shrug It Off","Thunderclap","Feed","Body Slam+1","Corruption","Thunderclap","Rupture","Dropkick","Entrench","Shockwave","Demon Form","Body Slam"],"relics":["Burning Blood","Golden Idol","Red Skull","Oddly Smooth Stone","Odd Mushroom","Pandora\u0027s Box","Chemical X","Mango"],"acts_visited":["Exordium","TheCity"],"potions_floor_usage":[],"damage_taken":[{"damage":17.0,"enemies":"2 Louse","floor":1.0,"turns":3.0},{"damage":4.0,"enemies":"Jaw Worm","floor":4.0,"turns":3.0},{"damage":0.0,"enemies":"Cultist","floor":5.0,"turns":3.0},{"damage":9.0,"enemies":"Blue Slaver","floor":10.0,"turns":4.0},{"damage":8.0,"enemies":"2 Fungi Beasts","floor":11.0,"turns":4.0},{"damage":24.0,"enemies":"Gremlin Nob","floor":12.0,"turns":5.0},{"damage":9.0,"enemies":"The Mushroom Lair","floor":13.0,"turns":4.0},{"damage":0.0,"enemies":"Red Slaver","floor":14.0,"turns":4.0},{"damage":20.0,"enemies":"Slime Boss","floor":16.0,"turns":7.0},{"damage":31.0,"enemies":"Chosen","floor":18.0,"turns":5.0},{"damage":9.0,"enemies":"2 Thieves","floor":19.0,"turns":4.0},{"damage":60,"enemies":"Sentry and Sphere","floor":21,"turns":6}],"seed_played":"2239892489402748512","potions_obtained":[{"floor":11.0,"key":"SneckoOil"},{"floor":12.0,"key":"Explosive Potion"},{"floor":14.0,"key":"DistilledChaos"},{"floor":19.0,"key":"FearPotion"}],"is_trial":false,"path_per_floor":["M","?","?","M","M","R","$","?","T","M","M","E","?","M","R","B",null,"M","M","$","M"],"character_chosen":"IRONCLAD","items_purchased":["Chemical X","Mango"],"campfire_rested":0,"item_purchase_floors":[20,20],"current_hp_per_floor":[40,40,40,42,48,48,48,48,48,45,43,25,25,34,34,20,65,40,40,54,0,0],"gold":4,"neow_bonus":"REMOVE_TWO","is_daily":false,"chose_seed":false,"campfire_upgraded":2,"win_rate":0.0,"timestamp":1612569019,"path_taken":["M","?","?","M","M","R","$","?","T","M","M","E","?","M","R","BOSS","M","M","$","M"],"items_purchased_type":["Relic","Relic"],"build_version":"2020-12-22","purchased_purges":1,"victory":false,"max_hp_per_floor":[80,74,74,74,74,74,74,74,74,74,74,74,77,80,80,80,80,80,83,97,97,97],"card_choices":[{"not_picked":["Clothesline","Heavy Blade"],"picked":"Shrug It Off","floor":1.0},{"not_picked":["Perfected Strike","Heavy Blade"],"picked":"Uppercut","floor":4.0},{"not_picked":["Iron Wave","Dual Wield"],"picked":"Burning Pact","floor":5.0},{"not_picked":["Armaments","Rupture"],"picked":"Shrug It Off","floor":10.0},{"not_picked":["Shrug It Off","Inflame"],"picked":"Thunderclap","floor":11.0},{"not_picked":["Havoc","Shrug It Off"],"picked":"Feed","floor":12.0},{"not_picked":["Perfected Strike","Shrug It Off"],"picked":"Body Slam","floor":13.0},{"not_picked":["Burning Pact","Sword Boomerang","Bloodletting"],"picked":"SKIP","floor":14.0},{"not_picked":["Fiend Fire","Juggernaut"],"picked":"Corruption","floor":16.0},{"not_picked":["Heavy Blade","Sword Boomerang","Clash"],"picked":"SKIP","floor":18.0},{"not_picked":["Clothesline","Anger"],"picked":"Body Slam","floor":19.0}],"player_experience":295992,"relics_obtained":[{"floor":9.0,"key":"Red Skull"},{"floor":12.0,"key":"Oddly Smooth Stone"},{"floor":13.0,"key":"Odd Mushroom"}],"event_choices":[{"damage_healed":0.0,"max_hp_gain":0.0,"max_hp_loss":6.0,"gold_gain":0.0,"event_name":"Golden Idol","player_choice":"Lose Max HP","floor":2.0,"gold_loss":0.0,"damage_taken":0.0,"relics_obtained":["Golden Idol"]},{"damage_healed":0.0,"max_hp_gain":0.0,"max_hp_loss":0.0,"gold_gain":0.0,"event_name":"Living Wall","player_choice":"Grow","floor":3.0,"gold_loss":0.0,"damage_taken":0.0,"cards_upgraded":["Bash"]},{"damage_healed":0.0,"max_hp_gain":0.0,"max_hp_loss":0.0,"gold_gain":73.0,"event_name":"Golden Wing","player_choice":"Gained Gold","floor":8.0,"gold_loss":0.0,"damage_taken":0.0},{"damage_healed":0.0,"max_hp_gain":0.0,"max_hp_loss":0.0,"gold_gain":0.0,"event_name":"Mushrooms","player_choice":"Fought Mushrooms","floor":13.0,"gold_loss":0.0,"damage_taken":0.0}],"is_beta":false,"boss_relics":[{"not_picked":["Sozu","Tiny House"],"picked":"Pandora\u0027s Box"}],"items_purged_floors":[7],"is_endless":false,"potions_floor_spawned":[11,12,14,19],"killed_by":"Sentry and Sphere","ascension_level":7}}