{"host":"vyjryxuuuxkt43k4","time":1612542946,"event":{"mods":["AchievementEnabler","BaseMod","Colored Map","DeckTracker","Highlight Path","Keyboard Shortcuts","Minty Spire (QoL Compilation)","Permanent Neow","Quick Restart","StSLib","SuperFastMode","everything is the same but u backflip on backflip"],"gold_per_floor":[111,111,111,127,127,127,152,152,234,261,261,271,271,285,285,364,364,377,377,302,74,74,74,94,94,94,122,138,138,158,174,174,252,252,262,262,262,1,19,19,46,60,85,85,95,120,145,159,159,159,159,159,40,75,75],"floor_reached":56,"language":"KOR","playtime":3486,"items_purged":["Strike_B"],"score":2153,"play_id":"34e7510f-99f5-4527-bf69-f540755097c9","local_time":"20210206013546","is_ascension_mode":true,"campfire_choices":[{"data":"Coolheaded","floor":6,"key":"SMITH"},{"data":"Dualcast","floor":11,"key":"SMITH"},{"data":"Seek","floor":15,"key":"SMITH"},{"data":"Turbo","floor":23,"key":"SMITH"},{"data":"Static Discharge","floor":25,"key":"SMITH"},{"floor":29,"key":"REST"},{"data":"Capacitor","floor":32,"key":"SMITH"},{"data":"Apotheosis","floor":40,"key":"SMITH"},{"floor":44,"key":"RECALL"},{"data":"BootSequence","floor":49,"key":"SMITH"},{"data":"Aggregate","floor":52,"key":"SMITH"}],"circlet_count":0,"master_deck":["AscendersBane","Strike_B+1","Defend_B","Defend_B","Defend_B","Zap+1","Dualcast+1","Coolheaded+1","Genetic Algorithm+1","Seek+1","Skim","Biased Cognition","Ball Lightning","Rainbow","Skim+1","Electrodynamics","Capacitor+1","BootSequence+1","Turbo+1","Static Discharge+1","Chill","Compile Driver","Rebound+1","Buffer","Blind","Panacea","Secret Technique","Apotheosis+1","Aggregate+1","Core Surge","Hologram","Fusion+1","Glacier","Defragment"],"relics":["Cracked Core","NeowsBlessing","Incense Burner","Symbiotic Virus","Odd Mushroom","Runic Pyramid","Orrery","FossilizedHelix","Torii","Nuclear Battery","Regal Pillow","Eternal Feather","Prayer Wheel","Art of War"],"acts_visited":["Exordium","TheCity","TheBeyond","TheEnding"],"potions_floor_usage":[10,12,14,33,35,48,50,50,50,55,55],"damage_taken":[{"damage":0,"enemies":"Small Slimes","floor":1,"turns":1},{"damage":0,"enemies":"Jaw Worm","floor":4,"turns":1},{"damage":0,"enemies":"Gremlin Nob","floor":7,"turns":1},{"damage":12,"enemies":"The Mushroom Lair","floor":10,"turns":4},{"damage":0,"enemies":"2 Louse","floor":12,"turns":3},{"damage":9,"enemies":"Large Slime","floor":14,"turns":4},{"damage":12,"enemies":"The Guardian","floor":16,"turns":11},{"damage":0,"enemies":"Chosen","floor":18,"turns":3},{"damage":0,"enemies":"Spheric Guardian","floor":24,"turns":3},{"damage":18,"enemies":"Gremlin Leader","floor":27,"turns":4},{"damage":0,"enemies":"Cultist and Chosen","floor":28,"turns":6},{"damage":0,"enemies":"3 Cultists","floor":30,"turns":4},{"damage":0,"enemies":"Snecko","floor":31,"turns":4},{"damage":0,"enemies":"Collector","floor":33,"turns":7},{"damage":0,"enemies":"3 Darklings","floor":35,"turns":4},{"damage":0,"enemies":"Orb Walker","floor":39,"turns":4},{"damage":0,"enemies":"Reptomancer","floor":41,"turns":5},{"damage":0,"enemies":"Writhing Mass","floor":42,"turns":4},{"damage":0,"enemies":"Spire Growth","floor":45,"turns":5},{"damage":0,"enemies":"Giant Head","floor":46,"turns":8},{"damage":0,"enemies":"Mind Bloom Boss Battle","floor":47,"turns":5},{"damage":0,"enemies":"Transient","floor":48,"turns":5},{"damage":31,"enemies":"Awakened One","floor":50,"turns":16},{"damage":0,"enemies":"Shield and Spear","floor":54,"turns":5},{"damage":34,"enemies":"The Heart","floor":55,"turns":9}],"seed_played":"9202024316126510559","potions_obtained":[{"floor":7,"key":"DistilledChaos"},{"floor":10,"key":"DistilledChaos"},{"floor":12,"key":"Fruit Juice"},{"floor":27,"key":"FocusPotion"},{"floor":31,"key":"Fire Potion"},{"floor":33,"key":"Fire Potion"},{"floor":35,"key":"PotionOfCapacity"},{"floor":48,"key":"EntropicBrew"}],"is_trial":false,"path_per_floor":["M","?","?","M","?","R","E","?","T","?","R","M","?","M","R","B",null,"M","?","?","$","?","R","M","R","T","E","M","R","M","M","R","B",null,"M","?","?","$","M","R","E","M","T","R","M","E","?","M","R","B",null,"R","$","E","B",null],"character_chosen":"DEFECT","items_purchased":["Orrery","Apotheosis","Aggregate","Defragment","SkillPotion"],"campfire_rested":1,"item_purchase_floors":[21,38,38,53,53],"current_hp_per_floor":[64,64,57,57,57,57,57,36,36,24,24,29,34,25,25,13,64,64,41,41,41,41,41,41,41,41,23,23,48,48,48,48,48,77,77,77,67,67,67,67,67,67,67,67,67,67,67,67,85,54,78,86,86,86,52],"gold":75,"neow_bonus":"THREE_ENEMY_KILL","is_daily":false,"chose_seed":false,"campfire_upgraded":9,"win_rate":0.0,"timestamp":1612542946,"path_taken":["M","?","?","M","?","R","E","?","T","?","R","M","?","?","R","BOSS","M","?","?","$","?","R","M","R","T","E","M","R","M","M","R","BOSS","M","?","?","$","M","R","E","M","T","R","M","E","?","?","R","BOSS","R","$","E","BOSS"],"items_purchased_type":["Relic","Card","Card","Card","Potion"],"build_version":"2020-12-22","purchased_purges":1,"victory":true,"max_hp_per_floor":[71,71,71,71,71,71,71,71,71,71,71,76,81,81,81,81,81,81,86,86,86,86,86,86,86,86,86,86,86,86,86,86,86,86,86,86,86,86,86,86,86,86,86,86,86,86,86,86,86,86,86,86,86,86,86],"card_choices":[{"not_picked":["Undo","Hello World"],"picked":"Coolheaded","floor":1},{"not_picked":["Aggregate","Compile Driver"],"picked":"Genetic Algorithm","floor":4},{"not_picked":["Hologram","Ball Lightning"],"picked":"Seek","floor":7},{"not_picked":["Conserve Battery","Hologram"],"picked":"Skim","floor":10},{"not_picked":["Hologram","Compile Driver"],"picked":"Biased Cognition","floor":12},{"not_picked":["Rebound","Go for the Eyes"],"picked":"Ball Lightning","floor":14},{"not_picked":["Seek","Buffer"],"picked":"Rainbow","floor":16},{"not_picked":["Conserve Battery","Rebound"],"picked":"Skim+1","floor":18},{"not_picked":["Steam","Gash"],"picked":"Electrodynamics","floor":21},{"not_picked":["Meteor Strike","Consume"],"picked":"Capacitor","floor":21},{"not_picked":["Beam Cell","Go for the Eyes"],"picked":"BootSequence","floor":21},{"not_picked":["Stack+1","Coolheaded"],"picked":"Turbo","floor":21},{"not_picked":["Streamline","Redo"],"picked":"Static Discharge","floor":21},{"not_picked":["Auto Shields","Turbo+1"],"picked":"Chill","floor":24},{"not_picked":["Beam Cell","Steam"],"picked":"Compile Driver","floor":27},{"not_picked":["Streamline","White Noise","Static Discharge"],"picked":"SKIP","floor":28},{"not_picked":["Lockon","Gash+1","Leap"],"picked":"SKIP","floor":30},{"not_picked":["Reprogram+1","Doom and Gloom"],"picked":"Rebound+1","floor":31},{"not_picked":["Creative AI","Amplify"],"picked":"Buffer","floor":33},{"not_picked":["Reprogram","Ball Lightning","Go for the Eyes"],"picked":"SKIP","floor":35},{"not_picked":["Violence","Swift Strike"],"picked":"Blind","floor":37},{"not_picked":["Chrysalis","Swift Strike"],"picked":"Panacea","floor":37},{"not_picked":["Trip","Sadistic Nature"],"picked":"Secret Technique","floor":37},{"not_picked":["Rebound","Sweeping Beam","Static Discharge+1"],"picked":"SKIP","floor":39},{"not_picked":["Static Discharge","Leap+1"],"picked":"Core Surge","floor":41},{"not_picked":["BootSequence","Turbo+1"],"picked":"Hologram","floor":42},{"not_picked":["Auto Shields","Turbo","Coolheaded+1"],"picked":"SKIP","floor":45},{"not_picked":["Melter+1","Beam Cell+1"],"picked":"Fusion+1","floor":46},{"not_picked":["Fusion+1","Storm"],"picked":"Glacier","floor":47},{"not_picked":["Go for the Eyes","Beam Cell","Cold Snap"],"picked":"SKIP","floor":48},{"not_picked":["Creative AI","Force Field","Sweeping Beam"],"picked":"SKIP","floor":48},{"not_picked":["Beam Cell","Streamline","Lockon"],"picked":"SKIP","floor":54}],"player_experience":767497,"relics_obtained":[{"floor":7,"key":"Incense Burner"},{"floor":9,"key":"Symbiotic Virus"},{"floor":10,"key":"Odd Mushroom"},{"floor":26,"key":"FossilizedHelix"},{"floor":27,"key":"Torii"},{"floor":41,"key":"Regal Pillow"},{"floor":46,"key":"Eternal Feather"},{"floor":47,"key":"Prayer Wheel"},{"floor":54,"key":"Art of War"}],"event_choices":[{"damage_healed":0,"gold_gain":0,"player_choice":"Ignored","damage_taken":0,"max_hp_gain":0,"max_hp_loss":0,"event_name":"Liars Game","floor":2,"gold_loss":0},{"cards_removed":["Defend_B"],"damage_healed":0,"gold_gain":0,"player_choice":"Card Removal","damage_taken":7,"max_hp_gain":0,"max_hp_loss":0,"event_name":"Golden Wing","floor":3,"gold_loss":0},{"damage_healed":0,"gold_gain":0,"player_choice":"Grow","damage_taken":0,"max_hp_gain":0,"max_hp_loss":0,"event_name":"Living Wall","floor":5,"gold_loss":0,"cards_upgraded":["Zap"]},{"damage_healed":0,"gold_gain":0,"player_choice":"Entered Light","damage_taken":21,"max_hp_gain":0,"max_hp_loss":0,"event_name":"Shining Light","floor":8,"gold_loss":0,"cards_upgraded":["Genetic Algorithm","Strike_B"]},{"damage_healed":0,"gold_gain":0,"player_choice":"Fought Mushrooms","damage_taken":0,"max_hp_gain":0,"max_hp_loss":0,"event_name":"Mushrooms","floor":10,"gold_loss":0},{"damage_healed":0,"gold_gain":0,"player_choice":"Donut","damage_taken":0,"max_hp_gain":5,"max_hp_loss":0,"event_name":"Big Fish","floor":13,"gold_loss":0},{"damage_healed":0,"gold_gain":0,"player_choice":"Shed Blood","damage_taken":28,"max_hp_gain":5,"max_hp_loss":0,"event_name":"Forgotten Altar","floor":19,"gold_loss":0},{"cards_removed":["Strike_B"],"damage_healed":0,"gold_gain":0,"player_choice":"Gave Gold","damage_taken":0,"max_hp_gain":0,"max_hp_loss":0,"event_name":"Beggar","floor":20,"gold_loss":75},{"cards_removed":["Strike_B"],"damage_healed":0,"gold_gain":0,"player_choice":"Offered Basic","damage_taken":0,"max_hp_gain":0,"max_hp_loss":0,"event_name":"Bonfire Elementals","floor":22,"gold_loss":0},{"damage_healed":0,"gold_gain":0,"player_choice":"Ignored","damage_taken":0,"max_hp_gain":0,"max_hp_loss":0,"event_name":"Tomb of Lord Red Mask","floor":36,"gold_loss":0},{"damage_healed":0,"gold_gain":0,"player_choice":"Memory 3","damage_taken":10,"max_hp_gain":0,"max_hp_loss":0,"event_name":"SensoryStone","floor":37,"gold_loss":0},{"damage_healed":0,"gold_gain":0,"player_choice":"Fight","damage_taken":0,"max_hp_gain":0,"max_hp_loss":0,"event_name":"MindBloom","floor":47,"gold_loss":0}],"is_beta":false,"boss_relics":[{"not_picked":["Ectoplasm","SlaversCollar"],"picked":"Runic Pyramid"},{"not_picked":["Black Star","Fusion Hammer"],"picked":"Nuclear Battery"}],"items_purged_floors":[21],"is_endless":false,"potions_floor_spawned":[7,10,12,27,31,33,35,39,48],"ascension_level":15}}