{"host":"x000krxjblg8jdg4","time":1612484834,"event":{"mods":["BaseMod","Downfall","Hermit","Minty Spire (QoL Compilation)","StSLib","The Runesmith","The Servant 0.9.4"],"gold_per_floor":[118,118,118,118,118,151,169,169,169,169,169],"floor_reached":10,"language":"ENG","playtime":411,"items_purged":[],"score":64,"play_id":"851530b4-f4eb-4867-b0ea-a39a1b0e57ad","local_time":"20210204222714","is_ascension_mode":false,"campfire_choices":[{"floor":8,"key":"REST"}],"circlet_count":0,"master_deck":["Strike_S","Strike_S","Strike_S","Defend_S","Defend_S","Defend_S","Defend_S","KidneyShot","Exchange","Rearm","ShiftingGears","Pain","Rewind","Luminosity"],"relics":["Uniform","NeowsBlessing","Runesmith:AutoHammer","WarpedTongs","Question Card","Letter Opener"],"acts_visited":["Exordium"],"potions_floor_usage":[10],"damage_taken":[{"damage":0,"enemies":"Small Slimes","floor":1,"turns":1},{"damage":11,"enemies":"3 Sentries","floor":6,"turns":2},{"damage":1,"enemies":"2 Louse","floor":7,"turns":2},{"damage":60,"enemies":"Gremlin Nob","floor":10,"turns":6}],"seed_played":"3716540981244237459","potions_obtained":[{"floor":7,"key":"SkillPotion"}],"is_trial":false,"path_per_floor":["M","?","?","?","?","E","M","R","T","E"],"character_chosen":"THE_SERVANT","items_purchased":[],"campfire_rested":1,"item_purchase_floors":[],"current_hp_per_floor":[65,65,40,45,45,34,33,54,54,0,0],"gold":169,"neow_bonus":"THREE_ENEMY_KILL","is_daily":false,"chose_seed":false,"campfire_upgraded":0,"win_rate":0.0,"timestamp":1612484834,"path_taken":["M","?","?","?","?","E","M","R","T","E"],"items_purchased_type":[],"build_version":"2020-12-22","purchased_purges":0,"victory":false,"max_hp_per_floor":[65,65,65,70,70,70,70,70,70,70,70],"card_choices":[{"not_picked":["Defy","FastForward"],"picked":"Rearm","floor":1},{"not_picked":["Potential","LightFlow"],"picked":"Rewind","floor":6},{"not_picked":["Rewind","TimeWarp","Rearm"],"picked":"Luminosity","floor":7}],"player_experience":49018,"relics_obtained":[{"floor":6,"key":"Question Card"},{"floor":9,"key":"Letter Opener"}],"event_choices":[{"damage_healed":0,"gold_gain":0,"cards_transformed":["Strike_S"],"player_choice":"Change","damage_taken":0,"max_hp_gain":0,"max_hp_loss":0,"event_name":"Living Wall","floor":2,"gold_loss":0,"cards_obtained":["ShiftingGears"]},{"damage_healed":0,"gold_gain":0,"player_choice":"Success","damage_taken":25,"relics_obtained":["Runesmith:AutoHammer"],"max_hp_gain":0,"max_hp_loss":0,"event_name":"Scrap Ooze","floor":3,"gold_loss":0},{"damage_healed":0,"gold_gain":0,"player_choice":"Donut","damage_taken":0,"max_hp_gain":5,"max_hp_loss":0,"event_name":"Big Fish","floor":4,"gold_loss":0},{"damage_healed":0,"gold_gain":0,"player_choice":"Rummage","damage_taken":0,"relics_obtained":["WarpedTongs"],"max_hp_gain":0,"max_hp_loss":0,"event_name":"Accursed Blacksmith","floor":5,"gold_loss":0,"cards_obtained":["Pain"]}],"is_beta":false,"boss_relics":[],"items_purged_floors":[],"is_endless":false,"potions_floor_spawned":[7],"killed_by":"Gremlin Nob","ascension_level":0}}