{"host":"Krakhan","time":1612501014,"event":{"mods":["AchievementEnabler","BaseMod","Colored Map","Colored Powertips","Faster Ascension Climbing","Highlight Path","Minty Spire (QoL Compilation)","Rare Cards Sparkle","Relic Stats","StSLib"],"gold_per_floor":[112,37,37,61,5,36,51,82,82,82,125,139,139,27,27,120,120,143,167,202,217,6,6,6,6],"floor_reached":24,"language":"ENG","playtime":1165,"items_purged":[],"score":478,"play_id":"91a81bd7-ad7e-468d-bccb-a4ad31bba854","local_time":"20210204235654","is_ascension_mode":true,"campfire_choices":[{"data":"Streamline","floor":10,"key":"SMITH"},{"data":"Beam Cell","floor":13,"key":"SMITH"},{"floor":15,"key":"REST"},{"floor":23,"key":"REST"}],"circlet_count":0,"master_deck":["AscendersBane","Defend_B","Defend_B","Defend_B","Defend_B","Zap","Dualcast","Beam Cell","Beam Cell+1","Cold Snap","FTL","Streamline+1","Capacitor+1","Hologram","Ball Lightning","Sunder","Echo Form+1","FTL+1","Sweeping Beam+1","Capacitor+1","Hologram","Force Field","Stack","Doom and Gloom","Auto Shields"],"relics":["Cracked Core","NeowsBlessing","Golden Idol","Frozen Egg 2","Peace Pipe","Mercury Hourglass","Turnip","Astrolabe","Red Mask","Toolbox"],"acts_visited":["Exordium","TheCity"],"potions_floor_usage":[8,12,20,24],"damage_taken":[{"damage":0,"enemies":"Jaw Worm","floor":1,"turns":1},{"damage":0,"enemies":"Small Slimes","floor":4,"turns":1},{"damage":0,"enemies":"Lagavulin","floor":6,"turns":1},{"damage":4,"enemies":"Cultist","floor":7,"turns":3},{"damage":24,"enemies":"3 Sentries","floor":8,"turns":11},{"damage":4,"enemies":"Gremlin Nob","floor":11,"turns":3},{"damage":9,"enemies":"Red Slaver","floor":12,"turns":2},{"damage":18,"enemies":"Slime Boss","floor":16,"turns":8},{"damage":25,"enemies":"2 Thieves","floor":18,"turns":3},{"damage":11,"enemies":"Chosen","floor":19,"turns":5},{"damage":8,"enemies":"Masked Bandits","floor":20,"turns":3},{"damage":9,"enemies":"Centurion and Healer","floor":21,"turns":7},{"damage":26,"enemies":"Gremlin Leader","floor":24,"turns":5}],"seed_played":"-2814653713511303621","potions_obtained":[{"floor":1,"key":"FocusPotion"},{"floor":7,"key":"Fruit Juice"},{"floor":11,"key":"Energy Potion"},{"floor":12,"key":"EssenceOfSteel"}],"is_trial":false,"path_per_floor":["M","?","?","M","$","E","M","E","T","R","E","M","R","$","R","B",null,"M","M","?","M","$","R","E"],"character_chosen":"DEFECT","items_purchased":["Fire Potion","Ball Lightning","Sunder","Auto Shields","Toolbox"],"campfire_rested":2,"item_purchase_floors":[5,14,14,22,22],"current_hp_per_floor":[64,64,64,64,64,64,60,36,36,36,32,28,28,28,48,30,59,34,23,15,6,6,26,0,0],"gold":6,"neow_bonus":"THREE_ENEMY_KILL","is_daily":false,"chose_seed":false,"campfire_upgraded":2,"win_rate":0.0,"timestamp":1612501014,"path_taken":["M","?","?","M","?","E","?","E","T","R","E","M","R","$","R","BOSS","M","M","?","M","$","R","E"],"items_purchased_type":["Potion","Card","Card","Card","Relic"],"build_version":"2020-12-18","purchased_purges":0,"victory":false,"max_hp_per_floor":[71,71,64,64,64,64,64,64,64,64,64,69,69,69,69,69,69,69,69,69,69,69,69,69,69],"relic_stats":{"Peace Pipe":0,"counters":[13,53],"Golden Idol":71,"Astrolabe":["FTL","Sweeping Beam","Capacitor"],"Turnip":[8],"obtain_stats":[{"Peace Pipe":8,"NeowsBlessing":0,"Golden Idol":3,"Astrolabe":17,"Toolbox":22,"Turnip":11,"Red Mask":20,"Frozen Egg 2":6,"Cracked Core":0,"Mercury Hourglass":9},{"Peace Pipe":5,"NeowsBlessing":0,"Golden Idol":1,"Astrolabe":8,"Toolbox":12,"Turnip":6,"Red Mask":11,"Frozen Egg 2":3,"Cracked Core":0,"Mercury Hourglass":5},{"Peace Pipe":17,"NeowsBlessing":0,"Golden Idol":1,"Astrolabe":30,"Toolbox":48,"Turnip":20,"Red Mask":41,"Frozen Egg 2":3,"Cracked Core":0,"Mercury Hourglass":17}],"Mercury Hourglass":[160]},"card_choices":[{"not_picked":["Recycle","FTL"],"picked":"Beam Cell","floor":1},{"not_picked":["Hologram","Blizzard"],"picked":"Beam Cell","floor":4},{"not_picked":["Go for the Eyes","Redo"],"picked":"Cold Snap","floor":6},{"not_picked":["Beam Cell","Barrage"],"picked":"FTL","floor":7},{"not_picked":["Hologram","Cold Snap"],"picked":"Streamline","floor":8},{"not_picked":["Stack","Compile Driver"],"picked":"Capacitor+1","floor":11},{"not_picked":["Streamline","Darkness"],"picked":"Hologram","floor":12},{"not_picked":["Biased Cognition+1","Core Surge"],"picked":"Echo Form+1","floor":16},{"not_picked":["Streamline","Steam Power"],"picked":"Hologram","floor":18},{"not_picked":["Streamline","Rebound"],"picked":"Force Field","floor":19},{"not_picked":["Steam","Heatsinks+1"],"picked":"Stack","floor":20},{"not_picked":["Ball Lightning","Go for the Eyes"],"picked":"Doom and Gloom","floor":21}],"player_experience":1377527,"relics_obtained":[{"floor":6,"key":"Frozen Egg 2"},{"floor":8,"key":"Peace Pipe"},{"floor":9,"key":"Mercury Hourglass"},{"floor":11,"key":"Turnip"},{"floor":20,"key":"Red Mask"}],"event_choices":[{"cards_removed":["Strike_B"],"damage_healed":0,"gold_gain":0,"player_choice":"Card Removal","damage_taken":0,"max_hp_gain":0,"max_hp_loss":0,"event_name":"The Cleric","floor":2,"gold_loss":75},{"damage_healed":0,"gold_gain":0,"player_choice":"Lose Max HP","damage_taken":0,"relics_obtained":["Golden Idol"],"max_hp_gain":0,"max_hp_loss":7,"event_name":"Golden Idol","floor":3,"gold_loss":0},{"damage_healed":0,"gold_gain":0,"player_choice":"Fought Bandits","damage_taken":0,"max_hp_gain":0,"max_hp_loss":0,"event_name":"Masked Bandits","floor":20,"gold_loss":0}],"is_beta":true,"boss_relics":[{"not_picked":["Inserter","Coffee Dripper"],"picked":"Astrolabe"}],"items_purged_floors":[],"is_endless":false,"potions_floor_spawned":[1,7,11,12,16,18],"killed_by":"Gremlin Leader","ascension_level":20}}