{"host":"guv5thfpx4d8ikzb","time":1612537888,"event":{"mods":["2.2 Compatiblity","AchievementEnabler","BaseMod","Block Reminder","Bossed Relics","Colored Map","Colored Powertips","Minty Spire (QoL Compilation)","Permanent Neow","Quick Restart","Relic Stats","Replay The Spire","StSLib"],"gold_per_floor":[117,16,16,34,34,65,65,100,147,72,100,113,113,163,163,236,236,251,266,266,8,23,23,52,52,52,52,100,133,145,165,165,194,194,266,266,284,89,89,26,38,52,86,86,86,86,120,45,45,72,72,72,72,72,111,155,167],"floor_reached":58,"language":"ENG","playtime":2824,"items_purged":["Strike_G","Strike_G","Strike_G+1"],"score":2551,"play_id":"331ef629-0975-4059-92a9-d662232fcbc5","local_time":"20210205101128","is_ascension_mode":true,"campfire_choices":[{"data":"Neutralize","floor":7,"key":"SMITH"},{"data":"Noxious Fumes","floor":13,"key":"SMITH"},{"data":"Survivor","floor":13,"key":"SMITH"},{"data":"Defend_G","floor":15,"key":"SMITH"},{"data":"Defend_G","floor":15,"key":"SMITH"},{"floor":23,"key":"RECALL"},{"data":"Defend_G","floor":25,"key":"SMITH"},{"data":"Strike_G","floor":25,"key":"SMITH"},{"floor":34,"key":"REST"},{"floor":44,"key":"DIG"},{"floor":46,"key":"DIG"},{"floor":49,"key":"DIG"},{"floor":51,"key":"DIG"},{"floor":54,"key":"DIG"}],"circlet_count":0,"master_deck":["AscendersBane","Defend_G+1","Defend_G+1","Defend_G+1","Defend_G+1","Defend_G+1","Survivor+1","Neutralize+1","Tools of the Trade+1","Catalyst+1","Deadly Poison+1","Blind+1","Prepared+1","Escape Plan+1","Corpse Explosion+1","Noxious Fumes+1","Poison Darts+1","ReplayTheSpireMod:Speed Training+1","Acrobatics+1","Burst+1","Leg Sweep+1","Prepared+1","ReplayTheSpireMod:From All Sides+1","Backflip+1","Catalyst+1","Deflect+1","Backflip+1","Doppelganger+1","Acrobatics+1","ReplayTheSpireMod:Exploit Weakness+1","Tactician+1","After Image+1","Wraith Form v2+1","Tactician+1","ReplayTheSpireMod:Tripwire+1","Calculated Gamble+1","Master of Strategy+1","Replay:Poison Smokescreen+1","Calculated Gamble+1","ReplayTheSpireMod:Exploit Weakness+1","Pot Of Greed+1","Pot Of Greed+1","Pot Of Greed+1","Pot Of Greed+1","Burst+1","Blur+1","Deflect+1","Escape Plan+1","PanicButton+1","Poisoned Strike+1","Tools of the Trade+1"],"relics":["Toxic Egg 2","Prayer Wheel","Question Card","Golden Egg","HoveringKite","Strange Spoon","ReplayFunnel","Sizzling Blood","Gremlin Food","Replay:Arrowhead","Gremlin Horn","InkBottle","Black Star","Nloth\u0027s Gift","Membership Card","Quantum Egg","Durian","Akabeko","Bottled Tornado","The Courier","Onion Ring","Shovel","Sozu","OrangePellets","Bag of Preparation","Replay:Rubber Ducky","Omamori","MealTicket","CeramicFish","Mercury Hourglass","Anchor","Eternal Feather","Toy Ornithopter","Vajra","PreservedInsect","Bottled Lightning","Tough Bandages","Iron Hammer","ReplayTheSpireMod:Shallot","Snack Pack","Grinning Jar","Happy Flower","Gambling Chip","Medical Kit","Pet Ghost","Snake Skull","Replay:Wax Seal","Replay:Bandana","ReplayTheSpireMod:Lightbulb"],"acts_visited":["Exordium","TheCity","TheBeyond","TheEnding"],"potions_floor_usage":[11,33,33,35],"damage_taken":[{"damage":0,"enemies":"Cultist","floor":1,"turns":4},{"damage":0,"enemies":"Small Slimes","floor":4,"turns":3},{"damage":0,"enemies":"Replay:BlueRogue","floor":6,"turns":7},{"damage":0,"enemies":"Gremlin Nob","floor":8,"turns":3},{"damage":0,"enemies":"3 Sentries","floor":11,"turns":2},{"damage":6,"enemies":"2 Louse","floor":12,"turns":2},{"damage":0,"enemies":"Slime Boss","floor":16,"turns":5},{"damage":0,"enemies":"Spheric Guardian","floor":18,"turns":3},{"damage":0,"enemies":"Shell Parasite","floor":19,"turns":4},{"damage":2,"enemies":"Centurion and Healer","floor":22,"turns":4},{"damage":0,"enemies":"Replay:Snechameleon","floor":24,"turns":4},{"damage":2,"enemies":"Book of Stabbing","floor":29,"turns":3},{"damage":1,"enemies":"Snake Plant","floor":30,"turns":4},{"damage":7,"enemies":"Sentry and Sphere","floor":31,"turns":3},{"damage":0,"enemies":"Slavers","floor":33,"turns":3},{"damage":9,"enemies":"Automaton","floor":35,"turns":7},{"damage":17,"enemies":"3 Shapes","floor":37,"turns":2},{"damage":0,"enemies":"Orb Walker","floor":41,"turns":2},{"damage":0,"enemies":"4 Shapes","floor":42,"turns":3},{"damage":0,"enemies":"Reptomancer","floor":43,"turns":2},{"damage":0,"enemies":"R_Hoarder","floor":47,"turns":5},{"damage":0,"enemies":"Nemesis","floor":50,"turns":4},{"damage":0,"enemies":"Replay:Hell Engine","floor":52,"turns":3},{"damage":0,"enemies":"Shield and Spear","floor":56,"turns":2},{"damage":0,"enemies":"The Heart","floor":57,"turns":4}],"seed_played":"-6425069036528739954","potions_obtained":[{"floor":8,"key":"Poison Potion"},{"floor":11,"key":"Adrenaline Potion"},{"floor":12,"key":"Block Potion"},{"floor":33,"key":"LifebloodPotion"},{"floor":35,"key":"Weak Potion"}],"is_trial":false,"path_per_floor":["M","$","?","M","?","E","R","E","T","?","E","M","R","?","R","B",null,"M","M","?","$","M","R","E","R","PTL","PTL","T","E","M","M","?","E","R","B",null,"M","$","?","?","M","M","E","R","T","R","E","?","R","E","R","B",null,"R","$","E","B",null],"character_chosen":"THE_SILENT","items_purchased":["Strange Spoon","ReplayFunnel","Blind+1","Membership Card","Catalyst+1","OrangePellets","Calculated Gamble+1","Master of Strategy+1","Bag of Preparation","Replay:Rubber Ducky","Grinning Jar","Happy Flower","Gambling Chip","Burst+1","Blur+1","Deflect+1","Escape Plan+1","Medical Kit","Pet Ghost","Snake Skull","Replay:Wax Seal","PanicButton+1"],"campfire_rested":1,"item_purchase_floors":[2,2,2,21,21,38,38,38,38,38,55,55,55,55,55,55,55,55,55,55,55,55],"current_hp_per_floor":[59,59,59,59,63,64,64,64,64,64,64,62,62,62,62,64,64,64,64,64,64,64,64,69,69,69,69,69,69,69,66,66,69,69,64,68,55,55,55,55,59,63,67,67,67,69,69,69,69,69,69,69,69,69,69,69,69],"gold":167,"neow_bonus":"THREE_RARE_CARDS","is_daily":false,"chose_seed":false,"campfire_upgraded":7,"win_rate":0.0,"timestamp":1612537888,"path_taken":["M","$","?","M","?","E","R","E","T","?","E","M","R","?","R","BOSS","M","?","?","$","M","R","E","R","PTL","PTL","T","E","?","?","?","E","R","BOSS","M","$","?","?","?","M","E","R","T","R","E","?","R","E","R","BOSS","R","$","E","BOSS"],"items_purchased_type":["Relic","Relic","Card","Relic","Card","Relic","Card","Card","Relic","Relic","Relic","Relic","Relic","Card","Card","Card","Card","Relic","Relic","Relic","Relic","Card"],"build_version":"2020-12-22","purchased_purges":3,"victory":true,"max_hp_per_floor":[60,60,60,60,64,64,64,64,64,64,64,64,64,64,64,64,64,64,64,64,64,64,64,69,69,69,69,69,69,69,69,69,69,69,69,69,69,69,69,69,69,69,69,69,69,69,69,69,69,69,69,69,69,69,69,69,69],"relic_stats":{"Gremlin Horn":[9,9],"CeramicFish":99,"HoveringKite":[67],"Snake Skull":[15],"Bag of Preparation":[16],"Sozu":3,"Tough Bandages":[102],"Shovel":5,"Gambling Chip":[0],"Prayer Wheel":11,"MealTicket":0,"InkBottle":[38],"Happy Flower":[2],"counters":[25,88],"Eternal Feather":2,"PreservedInsect":127,"Question Card":35,"Medical Kit":[3],"Mercury Hourglass":[40],"Strange Spoon":[37],"OrangePellets":[8],"Black Star":7,"Nloth\u0027s Gift":8,"obtain_stats":[{"Golden Egg":0,"Gremlin Horn":8,"CeramicFish":43,"HoveringKite":1,"Vajra":47,"Bottled Tornado":29,"Sozu":36,"Prayer Wheel":0,"MealTicket":40,"Iron Hammer":50,"Toxic Egg 2":0,"Replay:Wax Seal":55,"Happy Flower":55,"Eternal Feather":45,"Question Card":0,"Akabeko":29,"OrangePellets":38,"ReplayTheSpireMod:Shallot":51,"Simple Rune":9,"Onion Ring":33,"Black Star":17,"Nloth\u0027s Gift":20,"Grinning Jar":55,"ReplayFunnel":2,"Snake Skull":55,"Sizzling Blood":5,"Bag of Preparation":38,"Pet Ghost":55,"Replay:Rubber Ducky":38,"Tough Bandages":50,"Replay:Bandana":56,"Shovel":34,"Gambling Chip":55,"InkBottle":11,"Ring of the Snake":0,"Gremlin Food":6,"Quantum Egg":24,"The Courier":33,"PreservedInsect":47,"Omamori":39,"Medical Kit":55,"Replay:Arrowhead":7,"Mercury Hourglass":43,"Strange Spoon":2,"Anchor":44,"Durian":24,"Snack Pack":54,"Membership Card":21,"Bottled Lightning":49,"ReplayTheSpireMod:Lightbulb":56,"Toy Ornithopter":46},{"Golden Egg":0,"Gremlin Horn":4,"CeramicFish":20,"HoveringKite":1,"Vajra":21,"Bottled Tornado":12,"Sozu":16,"Prayer Wheel":0,"MealTicket":17,"Iron Hammer":22,"Toxic Egg 2":0,"Replay:Wax Seal":23,"Happy Flower":23,"Eternal Feather":20,"Question Card":0,"Akabeko":12,"OrangePellets":17,"ReplayTheSpireMod:Shallot":22,"Simple Rune":4,"Onion Ring":15,"Black Star":7,"Nloth\u0027s Gift":9,"Grinning Jar":23,"ReplayFunnel":1,"Snake Skull":23,"Sizzling Blood":2,"Bag of Preparation":17,"Pet Ghost":23,"Replay:Rubber Ducky":17,"Tough Bandages":22,"Replay:Bandana":24,"Shovel":15,"Gambling Chip":23,"InkBottle":5,"Ring of the Snake":0,"Gremlin Food":3,"Quantum Egg":11,"The Courier":15,"PreservedInsect":21,"Omamori":17,"Medical Kit":23,"Replay:Arrowhead":3,"Mercury Hourglass":20,"Strange Spoon":1,"Anchor":20,"Durian":11,"Snack Pack":23,"Membership Card":9,"Bottled Lightning":21,"ReplayTheSpireMod:Lightbulb":24,"Toy Ornithopter":20},{"Golden Egg":0,"Gremlin Horn":17,"CeramicFish":70,"HoveringKite":2,"Vajra":75,"Bottled Tornado":44,"Sozu":61,"Prayer Wheel":0,"MealTicket":63,"Iron Hammer":79,"Toxic Egg 2":0,"Replay:Wax Seal":82,"Happy Flower":82,"Eternal Feather":70,"Question Card":0,"Akabeko":44,"OrangePellets":63,"ReplayTheSpireMod:Shallot":79,"Simple Rune":17,"Onion Ring":54,"Black Star":26,"Nloth\u0027s Gift":33,"Grinning Jar":82,"ReplayFunnel":4,"Snake Skull":82,"Sizzling Blood":7,"Bag of Preparation":63,"Pet Ghost":82,"Replay:Rubber Ducky":63,"Tough Bandages":79,"Replay:Bandana":84,"Shovel":54,"Gambling Chip":82,"InkBottle":19,"Ring of the Snake":0,"Gremlin Food":14,"Quantum Egg":41,"The Courier":54,"PreservedInsect":75,"Omamori":63,"Medical Kit":82,"Replay:Arrowhead":14,"Mercury Hourglass":70,"Strange Spoon":4,"Anchor":70,"Durian":41,"Snack Pack":82,"Membership Card":33,"Bottled Lightning":75,"ReplayTheSpireMod:Lightbulb":84,"Toy Ornithopter":70}],"Toy Ornithopter":0},"card_choices":[{"not_picked":["Unload","Grand Finale"],"picked":"Tools of the Trade","floor":0},{"not_picked":["Outmaneuver+1","Hidden Blade+1","Backflip+1"],"picked":"Catalyst+1","floor":1},{"not_picked":["Bane","Infinite Blades","Eviscerate","Flechettes"],"picked":"SKIP","floor":1},{"not_picked":["Slice","Sucker Punch","Flying Knee"],"picked":"Prepared+1","floor":4},{"not_picked":["Slice","Outmaneuver+1","Fluid Movement"],"picked":"Escape Plan+1","floor":4},{"not_picked":["Dodge and Roll+1","Flying Knee","Terror+1"],"picked":"Corpse Explosion+1","floor":6},{"not_picked":["Deadly Poison+1","Deflect+1","Blade Dance+1"],"picked":"Noxious Fumes","floor":8},{"not_picked":["Fluid Movement","ReplayTheSpireMod:Scrap Shanks","Underhanded Strike"],"picked":"Poison Darts+1","floor":11},{"not_picked":["Backflip+1","Slice","Sucker Punch"],"picked":"ReplayTheSpireMod:Speed Training+1","floor":12},{"not_picked":["PiercingWail+1","Hidden Blade+1","ReplayTheSpireMod:Tripwire+1"],"picked":"Acrobatics+1","floor":12},{"not_picked":["Replay:Bag of Tricks+1","Bullet Time+1","Corpse Explosion+1"],"picked":"Burst+1","floor":16},{"not_picked":["Deflect+1","Blade Dance+1","ReplayTheSpireMod:Tripwire+1"],"picked":"Leg Sweep+1","floor":18},{"not_picked":["Acrobatics+1","Endless Agony","Distraction+1"],"picked":"Prepared+1","floor":18},{"not_picked":["Cloak And Dagger+1","Dagger Throw+1","Endless Agony"],"picked":"ReplayTheSpireMod:From All Sides","floor":19},{"not_picked":["Outmaneuver+1","Deadly Poison+1","Bane"],"picked":"Backflip+1","floor":19},{"not_picked":["Backflip+1","Phantasmal Killer+1","Slice+1"],"picked":"Deflect+1","floor":22},{"not_picked":["Dagger Spray","Choke","ReplayTheSpireMod:Tripwire+1","Skewer+1"],"picked":"SKIP","floor":22},{"not_picked":["Grand Finale","Blade Dance+1","Dagger Throw","Corpse Explosion+1"],"picked":"SKIP","floor":24},{"not_picked":["Quick Slash+1","Prepared+1","Glass Knife"],"picked":"Backflip+1","floor":29},{"not_picked":["Deadly Poison+1","Heel Hook","Noxious Fumes"],"picked":"Doppelganger+1","floor":30},{"not_picked":["Masterful Stab","Dodge and Roll+1","Cloak And Dagger+1"],"picked":"Acrobatics+1","floor":30},{"not_picked":["Flying Knee+1","Toxin Wave+1","Predator"],"picked":"ReplayTheSpireMod:Exploit Weakness+1","floor":31},{"not_picked":["Blade Dance+1","Fluid Movement","Hidden Blade+1"],"picked":"Tactician+1","floor":31},{"not_picked":["Outmaneuver+1","Venomology+1","Blade Dance+1"],"picked":"After Image","floor":33},{"not_picked":["Die Die Die","Phantasmal Killer+1","Grand Finale"],"picked":"Wraith Form v2","floor":35},{"not_picked":["Outmaneuver+1","Underhanded Strike","ReplayTheSpireMod:Shiv Toss+1"],"picked":"Tactician+1","floor":37},{"not_picked":["Acrobatics+1","Flying Knee","Bane+1"],"picked":"ReplayTheSpireMod:Tripwire+1","floor":37},{"not_picked":["Noxious Fumes","Reflex+1","Slice"],"picked":"Replay:Poison Smokescreen+1","floor":41},{"not_picked":["Hidden Blade+1","Poisoned Stab","All Out Attack+1","Dodge and Roll+1"],"picked":"SKIP","floor":41},{"not_picked":["Sucker Punch","Bane","Quick Slash"],"picked":"Calculated Gamble+1","floor":42},{"not_picked":["Poisoned Stab","Corpse Explosion+1","Bouncing Flask+1"],"picked":"ReplayTheSpireMod:Exploit Weakness+1","floor":42},{"not_picked":["Quick Slash","Prepared+1","Riddle With Holes+1","Hidden Blade+1"],"picked":"SKIP","floor":43},{"not_picked":["Unload","Sucker Punch","Caltrops","Dagger Throw"],"picked":"SKIP","floor":47},{"not_picked":["Masterful Stab","Underhanded Strike","Dash","Flying Knee"],"picked":"SKIP","floor":50},{"not_picked":["Storm of Steel+1","Escape Plan+1","Phantasmal Killer+1"],"picked":"Tools of the Trade","floor":56}],"player_experience":806516,"relics_obtained":[{"floor":6,"key":"Gremlin Food"},{"floor":8,"key":"Gremlin Horn"},{"floor":9,"key":"Simple Rune"},{"floor":11,"key":"InkBottle"},{"floor":24,"key":"Quantum Egg"},{"floor":24,"key":"Durian"},{"floor":29,"key":"Akabeko"},{"floor":29,"key":"Bottled Tornado"},{"floor":33,"key":"The Courier"},{"floor":33,"key":"Onion Ring"},{"floor":43,"key":"CeramicFish"},{"floor":43,"key":"Mercury Hourglass"},{"floor":44,"key":"Anchor"},{"floor":45,"key":"Eternal Feather"},{"floor":46,"key":"Toy Ornithopter"},{"floor":47,"key":"Vajra"},{"floor":47,"key":"PreservedInsect"},{"floor":49,"key":"Bottled Lightning"},{"floor":50,"key":"Tough Bandages"},{"floor":50,"key":"Iron Hammer"},{"floor":51,"key":"ReplayTheSpireMod:Shallot"},{"floor":54,"key":"Snack Pack"},{"floor":56,"key":"Replay:Bandana"},{"floor":56,"key":"ReplayTheSpireMod:Lightbulb"}],"event_choices":[{"cards_removed":["Strike_G"],"damage_healed":0,"gold_gain":0,"player_choice":"Card Removal","damage_taken":0,"max_hp_gain":0,"max_hp_loss":0,"event_name":"The Cleric","floor":10,"gold_loss":75},{"damage_healed":0,"gold_gain":50,"player_choice":"Pray","damage_taken":0,"max_hp_gain":0,"max_hp_loss":0,"event_name":"Golden Shrine","floor":14,"gold_loss":0},{"damage_healed":0,"gold_gain":0,"player_choice":"Traded Relic","damage_taken":0,"relics_obtained":["Nloth\u0027s Gift"],"max_hp_gain":0,"max_hp_loss":0,"event_name":"N\u0027loth","floor":20,"relics_lost":["Simple Rune"],"gold_loss":0},{"damage_healed":0,"gold_gain":0,"player_choice":"Ignored","damage_taken":0,"max_hp_gain":0,"max_hp_loss":0,"event_name":"Upgrade Shrine","floor":32,"gold_loss":0},{"damage_healed":0,"gold_gain":0,"player_choice":"Paid Gold","damage_taken":0,"relics_obtained":["MealTicket"],"max_hp_gain":0,"max_hp_loss":0,"event_name":"WeMeetAgain","floor":40,"gold_loss":63},{"cards_removed":["Strike_G"],"damage_healed":0,"gold_gain":0,"player_choice":"Single Remove","damage_taken":0,"max_hp_gain":0,"max_hp_loss":0,"event_name":"Designer","floor":48,"gold_loss":75}],"is_beta":false,"boss_relics":[{"not_picked":["Coffee Dripper","Calling Bell"],"picked":"Black Star"},{"not_picked":["Philosopher\u0027s Stone","HoveringKite"],"picked":"Sozu"}],"items_purged_floors":[2,21,38],"is_endless":false,"potions_floor_spawned":[8,11,12,24,29,33,35,43,47,50],"ascension_level":16}}