{"host":"fxrgx7wt2cpkbhka","time":1612523319,"event":{"mods":["AchievementEnabler","BaseMod","Colored Powertips","Minty Spire (QoL Compilation)","Permanent Neow","Quick Restart","Slay-I","StSLib","Waifu the Spire"],"gold_per_floor":[13,13,88,100,24,24,34,34,58,78,78,78,7,26,26,26,26],"floor_reached":16,"language":"ENG","playtime":332,"items_purged":[],"score":153,"play_id":"b64fb20d-86a8-4d71-817a-25e6a26ebba7","local_time":"20210205030839","is_ascension_mode":true,"campfire_choices":[{"data":"Self Repair","floor":6,"key":"SMITH"},{"data":"Consume","floor":8,"key":"SMITH"},{"data":"Dualcast","floor":11,"key":"SMITH"},{"data":"Go for the Eyes","floor":15,"key":"SMITH"}],"circlet_count":0,"master_deck":["AscendersBane","Strike_B","Strike_B","Strike_B","Strike_B","Defend_B","Defend_B","Defend_B","Defend_B","Zap","Dualcast+1","Electrodynamics+1","Leap","Self Repair+1","Consume+1","Glacier","Injury","Conserve Battery","Go for the Eyes+1"],"relics":["Cracked Core","Art of War","Golden Idol"],"acts_visited":["Exordium"],"potions_floor_usage":[14],"damage_taken":[{"damage":7,"enemies":"Small Slimes","floor":1,"turns":3},{"damage":0,"enemies":"2 Louse","floor":4,"turns":1},{"damage":14,"enemies":"Jaw Worm","floor":7,"turns":3},{"damage":7,"enemies":"2 Fungi Beasts","floor":10,"turns":2},{"damage":10,"enemies":"Gremlin Gang","floor":14,"turns":4},{"damage":38,"enemies":"The Guardian","floor":16,"turns":11}],"seed_played":"-4926429664054432849","potions_obtained":[{"floor":7,"key":"AttackPotion"},{"floor":14,"key":"Dexterity Potion"}],"is_trial":false,"path_per_floor":["M","?","?","M","$","R","M","R","T","M","R","?","$","M","R","B"],"character_chosen":"DEFECT","items_purchased":["Self Repair","Conserve Battery","Go for the Eyes"],"campfire_rested":0,"item_purchase_floors":[5,13,13],"current_hp_per_floor":[57,57,46,46,46,46,42,42,42,35,35,35,35,35,35,0,0],"gold":26,"neow_bonus":"THREE_RARE_CARDS","is_daily":false,"chose_seed":false,"campfire_upgraded":4,"win_rate":0.0,"timestamp":1612523319,"path_taken":["M","?","?","M","$","R","M","R","T","M","R","?","$","M","R","BOSS"],"items_purchased_type":["Card","Card","Card"],"build_version":"2020-12-22","purchased_purges":0,"victory":false,"max_hp_per_floor":[71,71,71,71,71,71,71,71,71,71,71,71,71,71,71,71,71],"card_choices":[{"not_picked":["Buffer","Machine Learning"],"picked":"Electrodynamics","floor":0},{"not_picked":["Turbo","Reprogram"],"picked":"Leap","floor":1},{"not_picked":["Compile Driver","Stack","Beam Cell"],"picked":"SKIP","floor":4},{"not_picked":["Reprogram","Ball Lightning"],"picked":"Consume","floor":7},{"not_picked":["Go for the Eyes","Reinforced Body"],"picked":"Glacier","floor":10},{"not_picked":["Scrape","Heatsinks","Reprogram"],"picked":"SKIP","floor":14}],"player_experience":745775,"relics_obtained":[{"floor":9,"key":"Art of War"}],"event_choices":[{"damage_healed":0,"gold_gain":0,"player_choice":"Grow","damage_taken":0,"max_hp_gain":0,"max_hp_loss":0,"event_name":"Living Wall","floor":2,"gold_loss":0,"cards_upgraded":["Electrodynamics"]},{"damage_healed":0,"gold_gain":75,"player_choice":"Gather Gold","damage_taken":11,"max_hp_gain":0,"max_hp_loss":0,"event_name":"World of Goop","floor":3,"gold_loss":0},{"damage_healed":0,"gold_gain":0,"player_choice":"Take Wound","damage_taken":0,"relics_obtained":["Golden Idol"],"max_hp_gain":0,"max_hp_loss":0,"event_name":"Golden Idol","floor":12,"gold_loss":0,"cards_obtained":["Injury"]}],"is_beta":false,"boss_relics":[],"items_purged_floors":[],"is_endless":false,"potions_floor_spawned":[7,14],"killed_by":"The Guardian","ascension_level":14}}