{"host":"9kesdg97wkrx2bva","time":1612491292,"event":{"mods":["AchievementEnabler","BaseMod","Colored Map","GifTheSpireLib","Infinite Spire","Minty Spire (QoL Compilation)","Replay The Spire","StSLib"],"gold_per_floor":[109,109,34,34,44,69,84,10,10,10,25,25,39,72,72,147,147,164,164,164,164,164],"floor_reached":21,"language":"ENG","playtime":747,"items_purged":["Defend_G","Strike_G"],"score":337,"play_id":"1dc9d8a4-7774-4734-b3b7-b356bdff357e","local_time":"20210204201452","is_ascension_mode":true,"campfire_choices":[{"data":"Deadly Poison","floor":10,"key":"SMITH"},{"data":"Quick Slash","floor":12,"key":"SMITH"},{"floor":15,"key":"REST"}],"circlet_count":0,"master_deck":["AscendersBane","Strike_G","Strike_G","Defend_G","Defend_G","Defend_G","Survivor","Neutralize","Quick Slash+1","ReplayTheSpireMod:Speed Training","Deadly Poison+1","Infinite Blades","All Out Attack","Prepared","Backflip","Accuracy","infinitespire:Neurotoxin+1","infinitespire:Oblivion"],"relics":["Ring of the Snake","Pantograph","Orichalcum","PreservedInsect","Snecko Eye","Torii"],"acts_visited":["Exordium","TheCity"],"potions_floor_usage":[6,6,16,16,21],"damage_taken":[{"damage":0,"enemies":"2 Louse","floor":1,"turns":4},{"damage":0,"enemies":"Jaw Worm","floor":5,"turns":6},{"damage":30,"enemies":"3 Sentries","floor":6,"turns":12},{"damage":0,"enemies":"Cultist","floor":7,"turns":3},{"damage":1,"enemies":"Exordium Thugs","floor":11,"turns":4},{"damage":9,"enemies":"Red Slaver","floor":13,"turns":3},{"damage":3,"enemies":"Lagavulin","floor":14,"turns":7},{"damage":54,"enemies":"Slime Boss","floor":16,"turns":11},{"damage":42,"enemies":"Spheric Guardian","floor":18,"turns":6},{"damage":18,"enemies":"Chosen","floor":21,"turns":4}],"seed_played":"-5215029582312311382","potions_obtained":[{"floor":1,"key":"DistilledChaos"},{"floor":5,"key":"AttackPotion"},{"floor":7,"key":"Swift Potion"},{"floor":14,"key":"Weak Potion"},{"floor":16,"key":"Regen Potion"}],"is_trial":false,"path_per_floor":["M","?","$","?","M","E","M","$","T","R","M","R","M","E","R","B",null,"M","?","AVR","M"],"character_chosen":"THE_SILENT","items_purchased":["All Out Attack"],"campfire_rested":1,"item_purchase_floors":[8],"current_hp_per_floor":[59,59,59,60,60,30,30,30,30,30,29,29,20,17,35,6,47,5,5,5,0,0],"gold":164,"neow_bonus":"REMOVE_TWO","is_daily":false,"chose_seed":false,"campfire_upgraded":2,"win_rate":0.0,"timestamp":1612491292,"path_taken":["M","?","$","?","?","E","M","?","T","R","?","R","M","E","R","BOSS","M","?","AVR","?"],"items_purchased_type":["Card"],"build_version":"2020-12-22","purchased_purges":2,"victory":false,"max_hp_per_floor":[60,60,60,60,60,60,60,60,60,60,60,60,60,60,60,60,60,60,60,60,60,60],"card_choices":[{"not_picked":["Skewer","Dodge and Roll"],"picked":"Quick Slash","floor":1},{"not_picked":["ReplayTheSpireMod:Scrap Shanks","Bane"],"picked":"ReplayTheSpireMod:Speed Training","floor":5},{"not_picked":["All Out Attack","Outmaneuver"],"picked":"Deadly Poison","floor":6},{"not_picked":["Dagger Throw","Blur"],"picked":"Infinite Blades","floor":7},{"not_picked":["Bane","Eviscerate"],"picked":"Prepared","floor":11},{"not_picked":["Riddle With Holes","Slice"],"picked":"Backflip","floor":13},{"not_picked":["Acrobatics","Endless Agony"],"picked":"Accuracy","floor":14},{"not_picked":["Burst","Replay:Bag of Tricks"],"picked":"infinitespire:Neurotoxin","floor":16},{"not_picked":["Masterful Stab","PiercingWail+1","Flechettes"],"picked":"SKIP","floor":18}],"player_experience":1014808,"relics_obtained":[{"floor":6,"key":"Pantograph"},{"floor":9,"key":"Orichalcum"},{"floor":14,"key":"PreservedInsect"}],"event_choices":[{"damage_healed":1,"gold_gain":0,"player_choice":"Full Heal","damage_taken":0,"max_hp_gain":0,"max_hp_loss":0,"event_name":"Wheel of Change","floor":4,"gold_loss":0},{"damage_healed":0,"gold_gain":0,"player_choice":"Forge","damage_taken":0,"max_hp_gain":0,"max_hp_loss":0,"event_name":"Accursed Blacksmith","floor":19,"gold_loss":0,"cards_upgraded":["infinitespire:Neurotoxin"]}],"is_beta":false,"boss_relics":[{"not_picked":["Tiny House","ChewingGum"],"picked":"Snecko Eye"}],"items_purged_floors":[3,20],"is_endless":false,"potions_floor_spawned":[1,5,7,14,16],"killed_by":"Chosen","ascension_level":16}}