{"host":"j9610sde00vfp93k","time":1612546706,"event":{"mods":["AchievementEnabler","BaseMod","Minty Spire (QoL Compilation)","StSLib","SuperFastMode"],"gold_per_floor":[114,289,289,304,329,359,359,339,364,394,409,439,454,484,484,584,584,599,614,629,629,40,40,55,55,80,80,110,110,110],"floor_reached":29,"language":"ENG","playtime":1634,"items_purged":[],"score":294,"play_id":"790cf796-aae6-4c44-a937-0ef12b140087","local_time":"20210206013826","daily_mods":["Specialized","ControlledChaos","Elite Swarm"],"is_ascension_mode":false,"campfire_choices":[{"data":"Devotion","floor":7,"key":"SMITH"},{"floor":15,"key":"REST"},{"floor":23,"key":"REST"},{"floor":25,"key":"REST"},{"floor":27,"key":"REST"}],"circlet_count":0,"master_deck":["Strike_P","Strike_P","Strike_P","Strike_P","Defend_P","Defend_P","Defend_P","Defend_P","Eruption+1","Vigilance","FlyingSleeves","FlyingSleeves","FlyingSleeves","FlyingSleeves","FlyingSleeves","BowlingBash","Doubt","Consecrate","Devotion+1","Alpha","Swivel","Wish","FollowUp","DevaForm","DevaForm","Consecrate","BattleHymn+1","Pray","Panache","PathToVictory+1","Devotion"],"relics":["HolyWater","Frozen Eye","Centennial Puzzle","Art of War","Omamori","Potion Belt","Torii","Nunchaku","Red Mask","Tiny Chest","Molten Egg 2","Lantern","Question Card"],"acts_visited":["Exordium","TheCity"],"potions_floor_usage":[10,10,10,12,20,24,28],"damage_taken":[{"damage":0,"enemies":"2 Louse","floor":1,"turns":2},{"damage":0,"enemies":"Small Slimes","floor":4,"turns":2},{"damage":1,"enemies":"3 Sentries","floor":6,"turns":3},{"damage":6,"enemies":"Gremlin Nob","floor":10,"turns":3},{"damage":0,"enemies":"Cultist","floor":11,"turns":3},{"damage":18,"enemies":"Lagavulin","floor":12,"turns":4},{"damage":14,"enemies":"Exordium Wildlife","floor":13,"turns":4},{"damage":14,"enemies":"Gremlin Nob","floor":14,"turns":4},{"damage":11,"enemies":"Hexaghost","floor":16,"turns":7},{"damage":0,"enemies":"Spheric Guardian","floor":18,"turns":2},{"damage":27,"enemies":"2 Thieves","floor":19,"turns":4},{"damage":40,"enemies":"Masked Bandits","floor":20,"turns":4},{"damage":16,"enemies":"Snake Plant","floor":24,"turns":3},{"damage":29,"enemies":"Gremlin Leader","floor":28,"turns":5},{"damage":24,"enemies":"Colosseum Slavers","floor":29,"turns":3}],"seed_played":"-8643747277835071688","potions_obtained":[{"floor":1,"key":"BottledMiracle"},{"floor":6,"key":"ColorlessPotion"},{"floor":8,"key":"ColorlessPotion"},{"floor":11,"key":"StancePotion"},{"floor":12,"key":"Energy Potion"},{"floor":20,"key":"ColorlessPotion"},{"floor":24,"key":"SpeedPotion"}],"is_trial":false,"path_per_floor":["M","?","?","M","T","E","R","?","T","E","M","E","M","E","R","B",null,"M","M","?","?","$","R","M","R","T","R","E","?"],"character_chosen":"WATCHER","items_purchased":["Panache","Tiny Chest","Molten Egg 2"],"campfire_rested":4,"item_purchase_floors":[22,22,22],"current_hp_per_floor":[72,72,72,72,72,71,71,71,71,65,65,47,33,19,40,29,72,72,45,5,5,5,26,10,31,31,52,23,0,0],"gold":110,"neow_bonus":"","is_daily":true,"chose_seed":false,"campfire_upgraded":1,"win_rate":0.0,"timestamp":1612546706,"path_taken":["M","?","?","?","?","E","R","?","T","E","?","E","M","E","R","BOSS","M","M","?","?","$","R","?","R","T","R","E","?"],"items_purchased_type":["Card","Relic","Relic"],"build_version":"2020-12-22","purchased_purges":0,"victory":false,"max_hp_per_floor":[72,72,72,72,72,72,72,72,72,72,72,72,72,72,72,72,72,72,72,72,72,72,72,72,72,72,72,72,72,72],"card_choices":[{"not_picked":["Sanctity","Conclude"],"picked":"BowlingBash","floor":1},{"not_picked":["CrushJoints","CutThroughFate"],"picked":"Consecrate","floor":4},{"not_picked":["Vault","Scrawl"],"picked":"Devotion","floor":6},{"not_picked":["MasterReality","Scrawl"],"picked":"Alpha","floor":10},{"not_picked":["InnerPeace","BowlingBash"],"picked":"Swivel","floor":11},{"not_picked":["DeusExMachina","Omniscience"],"picked":"Wish","floor":12},{"not_picked":["Evaluate","JustLucky"],"picked":"FollowUp","floor":13},{"not_picked":["LessonLearned","DeusExMachina"],"picked":"DevaForm","floor":14},{"not_picked":["Scrawl","Vault"],"picked":"DevaForm","floor":16},{"not_picked":["Sanctity+1","ClearTheMind"],"picked":"Consecrate","floor":18},{"not_picked":["WaveOfTheHand","FlyingSleeves+1"],"picked":"BattleHymn+1","floor":19},{"not_picked":["ClearTheMind","JustLucky"],"picked":"Pray","floor":20},{"not_picked":["EmptyBody","Scrawl"],"picked":"PathToVictory+1","floor":24},{"not_picked":["Vault","DeusExMachina"],"picked":"Devotion","floor":28}],"player_experience":201427,"relics_obtained":[{"floor":5,"key":"Centennial Puzzle"},{"floor":6,"key":"Art of War"},{"floor":9,"key":"Omamori"},{"floor":10,"key":"Potion Belt"},{"floor":12,"key":"Torii"},{"floor":14,"key":"Nunchaku"},{"floor":20,"key":"Red Mask"},{"floor":26,"key":"Lantern"},{"floor":28,"key":"Question Card"}],"event_choices":[{"damage_healed":0,"gold_gain":175,"player_choice":"AGREE","damage_taken":0,"max_hp_gain":0,"max_hp_loss":0,"event_name":"Liars Game","floor":2,"gold_loss":0,"cards_obtained":["Doubt"]},{"damage_healed":0,"gold_gain":0,"player_choice":"Upgraded","damage_taken":0,"max_hp_gain":0,"max_hp_loss":0,"event_name":"Upgrade Shrine","floor":3,"gold_loss":0,"cards_upgraded":["Eruption"]},{"damage_healed":0,"gold_gain":0,"player_choice":"Bought 1 Potion","damage_taken":0,"max_hp_gain":0,"max_hp_loss":0,"event_name":"The Woman in Blue","floor":8,"gold_loss":0},{"damage_healed":0,"gold_gain":0,"player_choice":"Fought Bandits","damage_taken":0,"max_hp_gain":0,"max_hp_loss":0,"event_name":"Masked Bandits","floor":20,"gold_loss":0},{"damage_healed":0,"gold_gain":0,"player_choice":"0 cards matched","damage_taken":0,"max_hp_gain":0,"max_hp_loss":0,"event_name":"Match and Keep!","floor":21,"gold_loss":0,"cards_obtained":[]},{"damage_healed":0,"gold_gain":0,"player_choice":"Fight","damage_taken":0,"max_hp_gain":0,"max_hp_loss":0,"event_name":"Colosseum","floor":29,"gold_loss":0}],"is_beta":false,"boss_relics":[{"not_picked":["Velvet Choker","Calling Bell"],"picked":"HolyWater"}],"items_purged_floors":[],"is_endless":false,"potions_floor_spawned":[1,6,11,12,20,24],"killed_by":"Colosseum Slavers","ascension_level":0}}