{"host":"9ij7vlqro2mzmyov","time":1612544753,"event":{"mods":["BaseMod","Colored Map","DeckTracker","Minty Spire (QoL Compilation)","Permanent Neow","SuperFastMode"],"gold_per_floor":[114,129,144,144,159,189,189,219,244,274,289,319,334,349,349,449,449,464,479,494,494,230,260,275,305,330,360,375,405,420,450,450,550,550,565,580,630,630,62,62,92,104,141,183,210,252,279,321,333,345],"floor_reached":51,"language":"KOR","playtime":3373,"items_purged":["Strike_P","FlyingSleeves"],"score":1249,"play_id":"96f8cf26-6b2b-4f68-a6fa-6a37a2ab9063","local_time":"20210206020553","daily_mods":["Specialized","ControlledChaos","Elite Swarm"],"is_ascension_mode":false,"campfire_choices":[{"data":"Scrawl","floor":7.0,"key":"SMITH"},{"data":"Scrawl","floor":15.0,"key":"SMITH"},{"data":"Strike_P","floor":32,"key":"PURGE"},{"data":"FlyingSleeves","floor":40,"key":"PURGE"},{"data":"Scrawl","floor":42,"key":"SMITH"},{"data":"Strike_P","floor":49,"key":"PURGE"}],"circlet_count":0,"master_deck":["Strike_P","Defend_P","Defend_P","Defend_P","Defend_P","Eruption","Vigilance","FlyingSleeves","FlyingSleeves","FlyingSleeves","Conclude+1","CrushJoints","TalkToTheHand","Scrawl+1","DeusExMachina","Scrawl+1","FlurryOfBlows","Wireheading","ClearTheMind+1","FlurryOfBlows","EmptyBody+1","Apotheosis","DeusExMachina","Scrawl+1","Vault","Scrawl","FlurryOfBlows+1","Scrawl","DevaForm","Secret Technique"],"relics":["PureWater","Frozen Eye","Centennial Puzzle","Art of War","Omamori","Torii","Potion Belt","Calling Bell","Nunchaku","Question Card","Peace Pipe","Gremlin Horn","Lantern","Damaru","Ice Cream","CaptainsWheel","Mummified Hand","SlaversCollar","Incense Burner","Akabeko","Whetstone","MawBank","Toy Ornithopter","Mango","HornCleat","Boot"],"acts_visited":["Exordium","TheCity","TheBeyond"],"potions_floor_usage":[27,27,27,44,50,50,50,50],"damage_taken":[{"damage":0.0,"enemies":"2 Louse","floor":1.0,"turns":2.0},{"damage":0.0,"enemies":"Small Slimes","floor":2.0,"turns":1.0},{"damage":0.0,"enemies":"Cultist","floor":3.0,"turns":3.0},{"damage":2.0,"enemies":"Exordium Wildlife","floor":5.0,"turns":3.0},{"damage":0.0,"enemies":"3 Sentries","floor":6.0,"turns":2.0},{"damage":7.0,"enemies":"Gremlin Nob","floor":8.0,"turns":3.0},{"damage":0.0,"enemies":"Lagavulin","floor":10.0,"turns":6.0},{"damage":0.0,"enemies":"Blue Slaver","floor":11.0,"turns":2.0},{"damage":0.0,"enemies":"Gremlin Nob","floor":12.0,"turns":2.0},{"damage":0.0,"enemies":"Exordium Thugs","floor":13.0,"turns":2.0},{"damage":0.0,"enemies":"3 Louse","floor":14.0,"turns":1.0},{"damage":52.0,"enemies":"Hexaghost","floor":16.0,"turns":5.0},{"damage":0.0,"enemies":"Spheric Guardian","floor":18.0,"turns":1.0},{"damage":0.0,"enemies":"2 Thieves","floor":19.0,"turns":2.0},{"damage":0.0,"enemies":"Snake Plant","floor":20.0,"turns":1.0},{"damage":13.0,"enemies":"Gremlin Leader","floor":23.0,"turns":5.0},{"damage":0.0,"enemies":"Snecko","floor":24.0,"turns":3.0},{"damage":1.0,"enemies":"Book of Stabbing","floor":25.0,"turns":3.0},{"damage":17,"enemies":"Slavers","floor":27,"turns":3},{"damage":1,"enemies":"Chosen and Byrds","floor":28,"turns":3},{"damage":0,"enemies":"Gremlin Leader","floor":29,"turns":3},{"damage":0,"enemies":"Cultist and Chosen","floor":30,"turns":2},{"damage":0,"enemies":"Book of Stabbing","floor":31,"turns":2},{"damage":0,"enemies":"Automaton","floor":33,"turns":4},{"damage":1,"enemies":"Orb Walker","floor":35,"turns":4},{"damage":10,"enemies":"3 Shapes","floor":36,"turns":2},{"damage":0,"enemies":"Mind Bloom Boss Battle","floor":37,"turns":3},{"damage":0,"enemies":"Nemesis","floor":41,"turns":2},{"damage":0,"enemies":"Giant Head","floor":44,"turns":1},{"damage":0,"enemies":"Maw","floor":45,"turns":6},{"damage":1,"enemies":"Reptomancer","floor":46,"turns":2},{"damage":0,"enemies":"Spire Growth","floor":47,"turns":2},{"damage":1,"enemies":"Nemesis","floor":48,"turns":6},{"damage":26,"enemies":"Donu and Deca","floor":50,"turns":4}],"seed_played":"-8643747277835071688","potions_obtained":[{"floor":1.0,"key":"BottledMiracle"},{"floor":3.0,"key":"ColorlessPotion"},{"floor":8.0,"key":"StancePotion"},{"floor":10.0,"key":"Energy Potion"},{"floor":14.0,"key":"GamblersBrew"},{"floor":16.0,"key":"EntropicBrew"},{"floor":18.0,"key":"Fruit Juice"},{"floor":19.0,"key":"EssenceOfSteel"},{"floor":21.0,"key":"FairyPotion"},{"floor":21.0,"key":"SneckoOil"},{"floor":23.0,"key":"ColorlessPotion"},{"floor":27,"key":"LiquidBronze"},{"floor":28,"key":"DistilledChaos"},{"floor":30,"key":"Explosive Potion"},{"floor":36,"key":"ColorlessPotion"},{"floor":45,"key":"Fire Potion"}],"is_trial":false,"path_per_floor":["M","M","M","?","M","E","R","E","T","E","M","E","M","M","R","B",null,"M","M","M","?","$","E","M","E","T","E","M","E","M","E","R","B",null,"M","M","?","?","$","R","E","R","T","E","M","E","M","E","R","B",null],"character_chosen":"WATCHER","items_purchased":["Apotheosis","Akabeko","Whetstone","Secret Technique"],"campfire_rested":0,"item_purchase_floors":[22,39,39,39],"current_hp_per_floor":[72,72,72,72,70,70,70,63,63,63,63,63,63,63,63,11,72,77,77,77,77,77,64,64,63,63,46,45,45,45,45,45,45,77,76,66,66,66,66,66,66,66,66,85,85,84,84,83,83,77],"gold":357,"neow_bonus":"","is_daily":true,"chose_seed":false,"campfire_upgraded":3,"win_rate":0.0,"timestamp":1612544753,"path_taken":["M","M","M","?","M","E","R","E","T","E","M","E","M","M","R","BOSS","M","M","M","?","$","E","?","E","T","E","M","E","M","E","R","BOSS","M","M","?","?","$","R","E","R","T","E","M","E","?","E","R","BOSS"],"items_purchased_type":["Card","Relic","Relic","Card"],"build_version":"2020-12-22","purchased_purges":2,"victory":true,"max_hp_per_floor":[72,72,72,72,72,72,72,72,72,72,72,72,72,72,72,72,72,77,77,77,77,77,77,77,77,77,77,77,77,77,77,77,77,77,77,77,77,77,77,77,77,77,77,91,91,91,91,91,91,91],"card_choices":[{"not_picked":["Sanctity","BowlingBash"],"picked":"Conclude","floor":1.0},{"not_picked":["Consecrate","CutThroughFate"],"picked":"CrushJoints","floor":2.0},{"not_picked":["Study","Prostrate"],"picked":"TalkToTheHand","floor":3.0},{"not_picked":["Alpha","Consecrate","BowlingBash"],"picked":"SKIP","floor":5.0},{"not_picked":["Vault","Wish"],"picked":"Scrawl","floor":6.0},{"not_picked":["Omniscience","MasterReality"],"picked":"DeusExMachina","floor":8.0},{"not_picked":["MasterReality","LessonLearned"],"picked":"Scrawl","floor":10.0},{"not_picked":["CutThroughFate","Evaluate","FollowUp"],"picked":"SKIP","floor":11.0},{"not_picked":["Alpha","MasterReality","SpiritShield"],"picked":"SKIP","floor":12.0},{"not_picked":["Alpha","MasterReality","SpiritShield"],"picked":"SKIP","floor":12.0},{"not_picked":["Evaluate","Prostrate"],"picked":"FlurryOfBlows","floor":13.0},{"not_picked":["PathToVictory","Evaluate"],"picked":"Wireheading","floor":14.0},{"not_picked":["Consecrate","Sanctity","ThirdEye"],"picked":"ClearTheMind+1","floor":18.0},{"not_picked":["FollowUp","Judgement","Pray+1"],"picked":"FlurryOfBlows","floor":19.0},{"not_picked":["Protect+1","BattleHymn","ThirdEye"],"picked":"EmptyBody+1","floor":20.0},{"not_picked":["Wish","LessonLearned","Judgement"],"picked":"DeusExMachina","floor":23.0},{"not_picked":["CutThroughFate","Nirvana","Adaptation","Indignation"],"picked":"SKIP","floor":24.0},{"not_picked":["Establishment","Omniscience","ConjureBlade"],"picked":"Scrawl","floor":25.0},{"not_picked":["Wish","Alpha","ConjureBlade"],"picked":"Vault","floor":27},{"not_picked":["EmptyFist","Halt","Prostrate+1","Evaluate"],"picked":"SKIP","floor":28},{"not_picked":["Brilliance","ConjureBlade","Wish"],"picked":"Scrawl","floor":29},{"not_picked":["Protect","Prostrate","CrushJoints"],"picked":"FlurryOfBlows","floor":30},{"not_picked":["Ragnarok","LessonLearned","Brilliance"],"picked":"Scrawl","floor":31},{"not_picked":["Alpha","Wish","Omniscience"],"picked":"DevaForm","floor":33},{"not_picked":["WreathOfFlame+1","Adaptation+1","PathToVictory","BowlingBash"],"picked":"SKIP","floor":35},{"not_picked":["Consecrate+1","EmptyMind","Halt","ThirdEye+1"],"picked":"SKIP","floor":36},{"not_picked":["Brilliance","SpiritShield","MasterReality","Establishment"],"picked":"SKIP","floor":41},{"not_picked":["Ragnarok","Brilliance","Wish","Omniscience"],"picked":"SKIP","floor":44},{"not_picked":["CutThroughFate","Pray","InnerPeace+1","SashWhip+1"],"picked":"SKIP","floor":45},{"not_picked":["Brilliance","SpiritShield","Devotion","Ragnarok"],"picked":"SKIP","floor":46},{"not_picked":["FlurryOfBlows","WaveOfTheHand","Evaluate+1","TalkToTheHand+1"],"picked":"SKIP","floor":47},{"not_picked":["ConjureBlade","SpiritShield","Devotion","Scrawl"],"picked":"SKIP","floor":48}],"player_experience":266223,"relics_obtained":[{"floor":6.0,"key":"Centennial Puzzle"},{"floor":8.0,"key":"Art of War"},{"floor":9.0,"key":"Omamori"},{"floor":10.0,"key":"Torii"},{"floor":12.0,"key":"Potion Belt"},{"floor":17.0,"key":"Nunchaku"},{"floor":17.0,"key":"Question Card"},{"floor":17.0,"key":"Peace Pipe"},{"floor":23.0,"key":"Gremlin Horn"},{"floor":25.0,"key":"Lantern"},{"floor":26.0,"key":"Damaru"},{"floor":27,"key":"Ice Cream"},{"floor":29,"key":"CaptainsWheel"},{"floor":31,"key":"Mummified Hand"},{"floor":37,"key":"Incense Burner"},{"floor":41,"key":"MawBank"},{"floor":43,"key":"Toy Ornithopter"},{"floor":44,"key":"Mango"},{"floor":46,"key":"HornCleat"},{"floor":48,"key":"Boot"}],"event_choices":[{"damage_healed":0.0,"max_hp_gain":0.0,"max_hp_loss":0.0,"gold_gain":0.0,"event_name":"Liars Game","player_choice":"Ignored","floor":4.0,"gold_loss":0.0,"damage_taken":0.0},{"damage_healed":0.0,"max_hp_gain":0.0,"max_hp_loss":0.0,"gold_gain":0.0,"event_name":"Lab","player_choice":"Got Potions","floor":21.0,"gold_loss":0.0,"damage_taken":0.0},{"damage_healed":0,"gold_gain":0,"player_choice":"Fight","damage_taken":0,"max_hp_gain":0,"max_hp_loss":0,"event_name":"MindBloom","floor":37,"gold_loss":0},{"damage_healed":0,"gold_gain":0,"player_choice":"0 cards matched","damage_taken":0,"max_hp_gain":0,"max_hp_loss":0,"event_name":"Match and Keep!","floor":38,"gold_loss":0,"cards_obtained":[]}],"is_beta":false,"boss_relics":[{"not_picked":["HolyWater","Velvet Choker"],"picked":"Calling Bell"},{"not_picked":["Runic Pyramid","Snecko Eye"],"picked":"SlaversCollar"}],"items_purged_floors":[22,39],"is_endless":false,"potions_floor_spawned":[1,3,8,10,14,16,18,19,23,27,28,30,33,36,37,41,45,47],"ascension_level":0}}