{"host":"yqw1zpryoutrnocq","time":1612548734,"event":{"mods":["2.2 Compatiblity","AchievementEnabler","BaseMod","Colored Map","Custom Start","DeckTracker","Minty Spire (QoL Compilation)","StSLib","SuperFastMode"],"gold_per_floor":[115,115,135,135,146,146,172,347,371,384,13,46,62,117,117,213,213,228,296,296,296],"floor_reached":20,"language":"KOR","playtime":2204,"items_purged":["Strike_P"],"score":268,"play_id":"25398e25-64fb-4993-8602-97da0986c50e","local_time":"20210205121214","is_ascension_mode":true,"campfire_choices":[{"data":"BattleHymn","floor":6,"key":"SMITH"},{"data":"Blasphemy","floor":15,"key":"SMITH"}],"circlet_count":0,"master_deck":["Strike_P","Strike_P","Defend_P","Defend_P","Defend_P","Defend_P","Eruption","Vigilance","SandsOfTime","SashWhip","BattleHymn+1","WheelKick","Doubt","Pray","Prostrate","DeceiveReality","Wish","Blasphemy+1","Omniscience","FollowUp","Collect+1"],"relics":["PureWater","NeowsBlessing","MealTicket","Toy Ornithopter","Blue Candle","Bottled Lightning","Tiny Chest","Fusion Hammer"],"acts_visited":["Exordium","TheCity"],"potions_floor_usage":[14,16,19,19,19],"damage_taken":[{"damage":0,"enemies":"Jaw Worm","floor":1,"turns":1},{"damage":0,"enemies":"Cultist","floor":3,"turns":1},{"damage":0,"enemies":"Small Slimes","floor":5,"turns":1},{"damage":23,"enemies":"Lagavulin","floor":7,"turns":6},{"damage":11,"enemies":"3 Louse","floor":10,"turns":4},{"damage":13,"enemies":"Gremlin Nob","floor":12,"turns":3},{"damage":5,"enemies":"Blue Slaver","floor":13,"turns":2},{"damage":35,"enemies":"Lagavulin","floor":14,"turns":8},{"damage":0,"enemies":"Slime Boss","floor":16,"turns":5},{"damage":34,"enemies":"2 Thieves","floor":18,"turns":4},{"damage":100008,"enemies":"3 Byrds","floor":19,"turns":6},{"damage":100012,"enemies":"Centurion and Healer","floor":20,"turns":4}],"seed_played":"-8700914770808247530","potions_obtained":[{"floor":7,"key":"Dexterity Potion"},{"floor":14,"key":"AttackPotion"},{"floor":16,"key":"Swift Potion"},{"floor":18,"key":"EntropicBrew"},{"floor":19,"key":"SteroidPotion"}],"is_trial":false,"path_per_floor":["M","?","M","$","M","R","E","?","T","M","$","E","M","E","R","B",null,"M","M","M"],"character_chosen":"WATCHER","items_purchased":["Blue Candle","Prostrate"],"campfire_rested":0,"item_purchase_floors":[11,11],"current_hp_per_floor":[72,72,72,72,72,72,49,49,49,38,53,40,35,5,5,10,72,38,21,0,0],"gold":296,"neow_bonus":"THREE_ENEMY_KILL","is_daily":false,"chose_seed":false,"campfire_upgraded":2,"win_rate":0.0,"timestamp":1612548734,"path_taken":["M","?","M","?","M","R","E","?","T","M","$","E","M","E","R","BOSS","M","M","M"],"items_purchased_type":["Relic","Card"],"build_version":"2020-12-22","purchased_purges":1,"victory":false,"max_hp_per_floor":[72,72,72,72,72,72,72,72,72,72,72,72,72,72,72,72,72,72,72,72,72],"card_choices":[{"not_picked":["Protect","TalkToTheHand"],"picked":"SandsOfTime","floor":1},{"not_picked":["Halt","BowlingBash"],"picked":"SashWhip","floor":3},{"not_picked":["SignatureMove","Crescendo"],"picked":"BattleHymn","floor":5},{"not_picked":["Evaluate","Wireheading"],"picked":"WheelKick","floor":7},{"not_picked":["CutThroughFate","Weave"],"picked":"Pray","floor":10},{"not_picked":["Vengeance","Consecrate","DeceiveReality"],"picked":"SKIP","floor":12},{"not_picked":["Vengeance","Consecrate"],"picked":"DeceiveReality","floor":12},{"not_picked":["FlyingSleeves","Protect"],"picked":"Wish","floor":13},{"not_picked":["SashWhip","PathToVictory"],"picked":"Blasphemy","floor":14},{"not_picked":["DeusExMachina","DevaForm"],"picked":"Omniscience","floor":16},{"not_picked":["Consecrate","Halt"],"picked":"FollowUp","floor":18},{"not_picked":["Evaluate","JustLucky"],"picked":"Collect+1","floor":19}],"player_experience":288624,"relics_obtained":[{"floor":7,"key":"MealTicket"},{"floor":9,"key":"Toy Ornithopter"},{"floor":12,"key":"Bottled Lightning"},{"floor":14,"key":"Tiny Chest"}],"event_choices":[{"cards_removed":["Strike_P"],"damage_healed":0,"gold_gain":0,"player_choice":"Offered Basic","damage_taken":0,"max_hp_gain":0,"max_hp_loss":0,"event_name":"Bonfire Elementals","floor":2,"gold_loss":0},{"damage_healed":0,"gold_gain":175,"player_choice":"AGREE","damage_taken":0,"max_hp_gain":0,"max_hp_loss":0,"event_name":"Liars Game","floor":8,"gold_loss":0,"cards_obtained":["Doubt"]}],"is_beta":false,"boss_relics":[{"not_picked":["Black Star","Runic Dome"],"picked":"Fusion Hammer"}],"items_purged_floors":[11],"is_endless":false,"potions_floor_spawned":[7,14,16,18,19],"killed_by":"Centurion and Healer","ascension_level":2}}