{"host":"v41r765ix9n0d8n3","time":1612557843,"event":{"mods":["BaseMod","Colored Powertips","Hermit","Minty Spire (QoL Compilation)","Shop Mod","StSLib","The Bug Knight","The Cursed","The Druid","The Wild Card"],"gold_per_floor":[109,127,127,127,137,186,201,201,201,218,218,235,235,45,45,147,147,165,135,148,161,178,178,211,211,261,261,276,62,62,81,81,176,176,186,200,200,220,238,238,238,238,238,268,268,268,281,298,298,298,298],"floor_reached":50,"language":"ENG","playtime":6294,"items_purged":["Regret"],"score":521,"play_id":"09d93fe2-e5b0-478c-aeeb-ec301c7153c3","local_time":"20210205214403","is_ascension_mode":false,"campfire_choices":[{"data":"Zap","floor":8,"key":"SMITH"},{"data":"Dualcast","floor":11,"key":"SMITH"},{"data":"Storm","floor":13,"key":"SMITH"},{"data":"Defragment","floor":15,"key":"SMITH"},{"data":"Creative AI","floor":23,"key":"SMITH"},{"data":"Capacitor","floor":25,"key":"SMITH"},{"data":"Chill","floor":27,"key":"SMITH"},{"floor":30,"key":"RECALL"},{"data":"White Noise","floor":32,"key":"SMITH"},{"data":"Coolheaded","floor":40,"key":"SMITH"},{"data":"Loop","floor":46,"key":"SMITH"},{"data":"Secret Technique","floor":49,"key":"SMITH"}],"circlet_count":0,"master_deck":["Strike_B","Strike_B","Strike_B","Defend_B","Defend_B","Defend_B","Defend_B","Zap+1","Dualcast+1","Compile Driver","Hologram","Cold Snap","Hologram","Capacitor+1","Sweeping Beam","Storm+1","Defragment+1","Conserve Battery","Creative AI+1","Sweeping Beam","Undo+1","BootSequence","Redo","Chill+1","White Noise+1","Leap","Heatsinks","Force Field","Turbo+1","Core Surge","Barrage+1","Coolheaded+1","Leap","Melter+1","Madness","Madness","Dramatic Entrance","Flash of Steel","Secret Technique+1","Loop+1","Compile Driver","Cold Snap"],"relics":["Cracked Core","Eternal Feather","HollowMod:QueensCombRelic","Nuclear Battery","Strawberry","Orichalcum","Coffee Dripper","Gremlin Horn","Darkstone Periapt"],"acts_visited":["Exordium","TheCity","TheBeyond"],"potions_floor_usage":[6,6,24,33,33,39,44,50],"damage_taken":[{"damage":3,"enemies":"Jaw Worm","floor":1,"turns":4},{"damage":0,"enemies":"2 Louse","floor":2,"turns":2},{"damage":4,"enemies":"Cultist","floor":5,"turns":3},{"damage":16,"enemies":"3 Sentries","floor":6,"turns":6},{"damage":16,"enemies":"Exordium Thugs","floor":7,"turns":6},{"damage":12,"enemies":"Gremlin Gang","floor":10,"turns":5},{"damage":12,"enemies":"Red Slaver","floor":12,"turns":3},{"damage":18,"enemies":"Hexaghost","floor":16,"turns":9},{"damage":11,"enemies":"Spheric Guardian","floor":18,"turns":4},{"damage":1,"enemies":"Chosen","floor":20,"turns":4},{"damage":24,"enemies":"Shelled Parasite and Fungi","floor":21,"turns":5},{"damage":20,"enemies":"Cultist and Chosen","floor":22,"turns":5},{"damage":29,"enemies":"Slavers","floor":24,"turns":6},{"damage":7,"enemies":"Snecko","floor":28,"turns":7},{"damage":0,"enemies":"3 Cultists","floor":31,"turns":5},{"damage":17,"enemies":"Champ","floor":33,"turns":10},{"damage":0,"enemies":"Orb Walker","floor":35,"turns":4},{"damage":7,"enemies":"3 Shapes","floor":36,"turns":5},{"damage":18,"enemies":"Maw","floor":38,"turns":6},{"damage":18,"enemies":"4 Shapes","floor":39,"turns":5},{"damage":12,"enemies":"Reptomancer","floor":44,"turns":6},{"damage":20,"enemies":"Jaw Worm Horde","floor":47,"turns":5},{"damage":8,"enemies":"Transient","floor":48,"turns":5},{"damage":85,"enemies":"Awakened One","floor":50,"turns":6}],"seed_played":"604155767933259063","potions_obtained":[{"floor":2,"key":"ColorlessPotion"},{"floor":5,"key":"SkillPotion"},{"floor":19,"key":"LiquidBronze"},{"floor":19,"key":"Strength Potion"},{"floor":24,"key":"FairyPotion"},{"floor":31,"key":"EssenceOfSteel"},{"floor":35,"key":"GamblersBrew"},{"floor":38,"key":"Strength Potion"},{"floor":48,"key":"GamblersBrew"}],"is_trial":false,"path_per_floor":["M","M","?","?","M","E","M","R","T","M","R","M","R","$","R","B",null,"M","?","M","M","M","R","E","R","T","R","M","$","R","M","R","B",null,"M","M","?","M","M","R","?","?","T","E","?","R","M","M","R","B"],"character_chosen":"DEFECT","items_purchased":["Defragment","Conserve Battery","Leap","Heatsinks","Rebound","Force Field"],"campfire_rested":0,"item_purchase_floors":[14,14,29,29,29,29],"current_hp_per_floor":[79,79,79,79,75,54,38,47,47,39,48,40,49,49,54,36,54,43,43,53,30,26,38,20,35,35,50,54,54,61,61,61,44,61,61,54,54,43,41,61,53,43,43,43,43,61,41,53,61,0,0],"gold":298,"neow_bonus":"TEN_PERCENT_HP_BONUS","is_daily":false,"chose_seed":false,"campfire_upgraded":11,"win_rate":0.0,"timestamp":1612557843,"path_taken":["M","M","?","?","M","E","M","R","T","M","R","?","R","$","R","BOSS","M","?","M","M","?","R","E","R","T","R","M","?","R","M","R","BOSS","M","M","?","?","M","R","?","?","T","E","?","R","M","M","R","BOSS"],"items_purchased_type":["Card","Card","Card","Card","Card","Card"],"build_version":"2020-12-22","purchased_purges":1,"victory":false,"max_hp_per_floor":[82,82,82,82,82,54,54,54,54,54,54,54,54,54,54,54,54,54,54,54,54,54,54,61,61,61,61,61,61,61,61,61,61,61,61,61,61,61,61,61,61,61,61,61,61,61,61,61,61,61,61],"card_choices":[{"not_picked":["Turbo","Barrage"],"picked":"Steam Power","floor":1},{"not_picked":["Storm","Turbo"],"picked":"Compile Driver","floor":2},{"not_picked":["Gash","Compile Driver"],"picked":"Cold Snap","floor":5},{"not_picked":["Blizzard","Barrage"],"picked":"Hologram","floor":6},{"not_picked":["Go for the Eyes","Scrape"],"picked":"Capacitor","floor":7},{"not_picked":["Undo","Redo"],"picked":"Sweeping Beam","floor":10},{"not_picked":["Streamline","Buffer"],"picked":"Storm","floor":12},{"not_picked":["Buffer","Multi-Cast"],"picked":"Creative AI","floor":16},{"not_picked":["Stack","Streamline+1"],"picked":"Sweeping Beam","floor":18},{"not_picked":["White Noise","Sunder"],"picked":"Undo+1","floor":20},{"not_picked":["Storm","Blizzard+1"],"picked":"BootSequence","floor":21},{"not_picked":["Capacitor","Go for the Eyes+1"],"picked":"Redo","floor":22},{"not_picked":["Go for the Eyes","Capacitor"],"picked":"Chill","floor":24},{"not_picked":["Aggregate+1","Reinforced Body+1"],"picked":"White Noise","floor":28},{"not_picked":["Aggregate","Glacier"],"picked":"Turbo+1","floor":31},{"not_picked":["Fission","Buffer"],"picked":"Core Surge","floor":33},{"not_picked":["Rebound+1","Coolheaded"],"picked":"Barrage+1","floor":35},{"not_picked":["Scrape","Go for the Eyes"],"picked":"Coolheaded","floor":36},{"not_picked":["Sweeping Beam","Coolheaded+1"],"picked":"Leap","floor":38},{"not_picked":["Heatsinks","Sunder"],"picked":"Melter+1","floor":39},{"not_picked":["Discovery","Bandage Up"],"picked":"Dramatic Entrance","floor":42},{"not_picked":["Purity","Impatience"],"picked":"Flash of Steel","floor":42},{"not_picked":["Deep Breath","Swift Strike"],"picked":"Secret Technique","floor":42},{"not_picked":["Conserve Battery+1","Redo+1"],"picked":"Loop","floor":44},{"not_picked":["Rebound","Beam Cell+1"],"picked":"Compile Driver","floor":47},{"not_picked":["Gash","Sweeping Beam+1"],"picked":"Cold Snap","floor":48}],"player_experience":544039,"relics_obtained":[{"floor":6,"key":"HollowMod:QueensCombRelic"},{"floor":24,"key":"Strawberry"},{"floor":26,"key":"Orichalcum"},{"floor":43,"key":"Gremlin Horn"},{"floor":44,"key":"Darkstone Periapt"}],"event_choices":[{"damage_healed":0,"gold_gain":0,"player_choice":"Box","damage_taken":0,"relics_obtained":["Eternal Feather"],"max_hp_gain":0,"max_hp_loss":0,"event_name":"Big Fish","floor":3,"gold_loss":0,"cards_obtained":["Regret"]},{"damage_healed":0,"gold_gain":0,"cards_transformed":["Steam Power"],"player_choice":"Transformed","damage_taken":0,"max_hp_gain":0,"max_hp_loss":0,"event_name":"Transmorgrifier","floor":4,"gold_loss":0,"cards_obtained":["Hologram"]},{"damage_healed":0,"gold_gain":0,"player_choice":"Bought 2 Potions","damage_taken":0,"max_hp_gain":0,"max_hp_loss":0,"event_name":"The Woman in Blue","floor":19,"gold_loss":0},{"cards_removed":["Strike_B"],"damage_healed":0,"gold_gain":0,"player_choice":"Purged","damage_taken":0,"max_hp_gain":0,"max_hp_loss":0,"event_name":"Purifier","floor":37,"gold_loss":0},{"damage_healed":0,"gold_gain":0,"player_choice":"Embrace Madness","damage_taken":8,"max_hp_gain":0,"max_hp_loss":0,"event_name":"Winding Halls","floor":41,"gold_loss":0,"cards_obtained":["Madness","Madness"]},{"damage_healed":0,"gold_gain":0,"player_choice":"Memory 3","damage_taken":10,"max_hp_gain":0,"max_hp_loss":0,"event_name":"SensoryStone","floor":42,"gold_loss":0},{"cards_removed":["Rebound"],"damage_healed":0,"gold_gain":0,"player_choice":"Removed Attack","damage_taken":0,"max_hp_gain":0,"max_hp_loss":0,"event_name":"Falling","floor":45,"gold_loss":0}],"is_beta":false,"boss_relics":[{"not_picked":["Ectoplasm","Tiny House"],"picked":"Nuclear Battery"},{"not_picked":["Sozu","Fusion Hammer"],"picked":"Coffee Dripper"}],"items_purged_floors":[14],"is_endless":false,"potions_floor_spawned":[2,5,24,31,35,38,48],"killed_by":"Awakened One","ascension_level":0}}