{"host":"j4nfyhit1dl35m08","time":1612516197,"event":{"mods":["BaseMod","Downfall","Highlight Path","Minty Spire (QoL Compilation)","StSLib"],"gold_per_floor":[99,111,125,125,125,139,139,139,39,24,50,68,68,102,129,242,242,242,271,293,321,8,52,52,61,61,80,80,80,80],"floor_reached":28,"language":"ENG","playtime":2620,"items_purged":["bronze:Strike"],"score":396,"play_id":"4d160f46-9f43-495a-8a53-6b5f4918b7fe","local_time":"20210205030957","is_ascension_mode":true,"campfire_choices":[{"data":"bronze:Goto","floor":1,"key":"SMITH"},{"data":"bronze:Boost","floor":9,"key":"SMITH"},{"data":"bronze:Deprecate","floor":13,"key":"SMITH"},{"data":"bronze:CloningBeam","floor":18,"key":"SMITH"},{"floor":26,"key":"REST"}],"circlet_count":0,"master_deck":["bronze:Strike","bronze:Defend","bronze:Defend","bronze:Defend","bronze:Defend","bronze:Replicate","bronze:Goto+1","bronze:Overheat","bronze:Constructor","bronze:Branch","bronze:Boost+1","bronze:Spike","bronze:Deprecate+1","bronze:WhirlingStrike","bronze:Turbo","bronze:Overheat","bronze:FollowUp","bronze:CloningBeam+1","bronze:AlphaBuild","bronze:Frontload","bronze:ItsAFeature","bronze:Flail","bronze:Terminator","bronze:FineTuning","Pain"],"relics":["Empty Cage","downfall:HeartBlessingBlue","Tiny Chest","CeramicFish","Runic Pyramid","PreservedInsect","Singing Bowl","HornCleat","WarpedTongs"],"acts_visited":["Exordium","TheCity"],"potions_floor_usage":[11,14,14,14,16,23],"damage_taken":[{"damage":4,"enemies":"Small Slimes","floor":2,"turns":4},{"damage":2,"enemies":"Jaw Worm","floor":3,"turns":3},{"damage":0,"enemies":"Cultist","floor":5,"turns":1},{"damage":12,"enemies":"Gremlin Gang","floor":6,"turns":6},{"damage":12,"enemies":"Gremlin Gang","floor":8,"turns":7},{"damage":0,"enemies":"downfall:FleeingMerchant","floor":10,"turns":4},{"damage":0,"enemies":"3 Sentries","floor":11,"turns":7},{"damage":6,"enemies":"3 Louse","floor":12,"turns":3},{"damage":5,"enemies":"Gremlin Nob","floor":14,"turns":3},{"damage":1,"enemies":"Red Slaver","floor":15,"turns":4},{"damage":18,"enemies":"DF_ARCHETYPE_STREAMLINE","floor":16,"turns":9},{"damage":5,"enemies":"Chosen","floor":19,"turns":5},{"damage":12,"enemies":"Snecko","floor":20,"turns":7},{"damage":20,"enemies":"Centurion and Healer","floor":21,"turns":10},{"damage":0,"enemies":"downfall:FleeingMerchant","floor":22,"turns":4},{"damage":7,"enemies":"Gremlin Leader","floor":23,"turns":8},{"damage":32,"enemies":"3 Cultists","floor":27,"turns":5},{"damage":13,"enemies":"Shelled Parasite and Fungi","floor":28,"turns":7}],"seed_played":"-7229049233339897278","potions_obtained":[{"floor":6,"key":"Slimebound:ThreeZeroPotion"},{"floor":8,"key":"bronze:BurnAndBuffPotion"},{"floor":11,"key":"FearPotion"},{"floor":12,"key":"Block Potion"},{"floor":15,"key":"DistilledChaos"},{"floor":19,"key":"SpeedPotion"},{"floor":20,"key":"Ancient Potion"}],"is_trial":false,"path_per_floor":["R","M","M","?","M","M","T","?","R","$","E","M","R","E","M","B",null,"R","M","M","M","$","E","T","?","R","M","M"],"character_chosen":"THE_AUTOMATON","items_purchased":["PreservedInsect","bronze:Terminator"],"campfire_rested":1,"item_purchase_floors":[22,22],"current_hp_per_floor":[63,59,57,57,57,45,45,33,43,43,43,37,37,32,31,13,63,63,58,46,26,26,19,19,19,43,13,0,0,0],"gold":80,"neow_bonus":"BOSS_RELIC","is_daily":false,"chose_seed":false,"campfire_upgraded":4,"win_rate":0.0,"timestamp":1612516197,"path_taken":["R","M","M","?","M","M","T","?","R","?","E","M","R","E","M","BOSS","R","M","M","?","$","E","T","?","R","M","?"],"items_purchased_type":["Relic","Card"],"build_version":"2020-12-22","purchased_purges":1,"victory":false,"max_hp_per_floor":[70,70,70,70,70,70,70,70,80,80,80,80,80,80,80,80,80,80,80,80,80,80,80,80,80,80,82,82,82,82],"card_choices":[{"not_picked":["bronze:OilSpill","bronze:Iterate"],"picked":"bronze:Overheat","floor":2},{"not_picked":["bronze:Frontload","bronze:Overheat"],"picked":"bronze:Constructor","floor":3},{"not_picked":["bronze:Invalidate","bronze:Allocate"],"picked":"bronze:Branch","floor":5},{"not_picked":["bronze:BugBarrage","bronze:Allocate"],"picked":"bronze:Boost","floor":6},{"not_picked":[],"picked":"bronze:Spike","floor":8},{"not_picked":["bronze:ChildClass","bronze:BugBarrage"],"picked":"bronze:Deprecate","floor":8},{"not_picked":["bronze:Shield","bronze:BuggyMess"],"picked":"bronze:WhirlingStrike","floor":10},{"not_picked":["bronze:Deprecate","bronze:CutThrough"],"picked":"bronze:Turbo","floor":11},{"not_picked":["bronze:CleanCode","bronze:BugBarrage"],"picked":"bronze:Overheat","floor":12},{"not_picked":["bronze:BitShift","bronze:Overheat"],"picked":"bronze:FollowUp","floor":14},{"not_picked":["bronze:WildBeam","bronze:Invalidate"],"picked":"bronze:CloningBeam","floor":15},{"not_picked":["bronze:Break","bronze:HyperBeam"],"picked":"bronze:AlphaBuild","floor":16},{"not_picked":["bronze:WhirlingStrike","bronze:Iterate"],"picked":"bronze:Frontload","floor":19},{"not_picked":["bronze:OilSpill","bronze:Safeguard"],"picked":"bronze:ItsAFeature","floor":20},{"not_picked":["bronze:Boost","bronze:Deprecate"],"picked":"bronze:Flail","floor":21},{"not_picked":["bronze:FollowUp","bronze:BronzeOrb+1","bronze:RecursiveStrike"],"picked":"SKIP","floor":22},{"not_picked":["bronze:Constructor","bronze:CutThrough"],"picked":"bronze:FineTuning","floor":23},{"not_picked":["bronze:NullPointer","bronze:ForceShield","bronze:Safeguard"],"picked":"Singing Bowl","floor":27}],"player_experience":431014,"relics_obtained":[{"floor":11,"key":"Tiny Chest"},{"floor":14,"key":"CeramicFish"},{"floor":23,"key":"Singing Bowl"},{"floor":24,"key":"HornCleat"}],"event_choices":[],"is_beta":false,"boss_relics":[{"not_picked":["Astrolabe","Snecko Eye"],"picked":"Runic Pyramid"}],"items_purged_floors":[22],"is_endless":false,"potions_floor_spawned":[6,8,11,12,15,19,20],"killed_by":"Shelled Parasite and Fungi","ascension_level":9}}