{"host":"1mv6gj0zv8k9e9tz","time":1612506522,"event":{"mods":["AchievementEnabler","BaseMod","Better Third Choice","Colored Map","DeckTracker","Highlight Path","KOR Keyword Fix","Keyboard Shortcuts","Minty Spire (QoL Compilation)","Permanent Neow","Quick Restart","Rare Cards Sparkle","StSLib","SuperFastMode","everything is the same but u backflip on backflip"],"gold_per_floor":[109,109,109,124,141,141,159,159,233,259,259,279,297,308,308,308,308],"floor_reached":16,"language":"KOR","playtime":472,"items_purged":[],"score":192,"play_id":"2f2126aa-77fe-48d1-adcd-d7bce3af1e5f","local_time":"20210205152842","is_ascension_mode":true,"campfire_choices":[{"data":"Zap","floor":6,"key":"SMITH"},{"data":"Seek","floor":8,"key":"SMITH"},{"data":"Defragment","floor":11,"key":"SMITH"},{"data":"White Noise","floor":15,"key":"SMITH"}],"circlet_count":0,"master_deck":["AscendersBane","Strike_B","Strike_B","Strike_B","Strike_B","Defend_B","Defend_B","Defend_B","Zap+1","Dualcast","Chill","Double Energy","Conserve Battery","Seek+1","Defragment+1","Hologram","White Noise+1"],"relics":["Coffee Dripper","Toy Ornithopter"],"acts_visited":["Exordium"],"potions_floor_usage":[12,12,12,13],"damage_taken":[{"damage":4,"enemies":"Jaw Worm","floor":1,"turns":4},{"damage":0,"enemies":"2 Louse","floor":4,"turns":3},{"damage":3,"enemies":"Small Slimes","floor":5,"turns":5},{"damage":17,"enemies":"Exordium Thugs","floor":7,"turns":5},{"damage":32,"enemies":"3 Sentries","floor":10,"turns":13},{"damage":2,"enemies":"Large Slime","floor":12,"turns":7},{"damage":0,"enemies":"Lots of Slimes","floor":13,"turns":5},{"damage":9,"enemies":"Looter","floor":14,"turns":4},{"damage":20,"enemies":"The Guardian","floor":16,"turns":2}],"seed_played":"4102789764418216333","potions_obtained":[{"floor":1,"key":"BlessingOfTheForge"},{"floor":7,"key":"Weak Potion"},{"floor":10,"key":"EntropicBrew"}],"is_trial":false,"path_per_floor":["M","?","?","M","M","R","M","R","T","E","R","M","M","M","R","B"],"character_chosen":"DEFECT","items_purchased":[],"campfire_rested":0,"item_purchase_floors":[],"current_hp_per_floor":[60,53,58,58,55,55,38,38,38,6,6,19,24,15,15,0,0],"gold":308,"neow_bonus":"BOSS_RELIC","is_daily":false,"chose_seed":false,"campfire_upgraded":4,"win_rate":0.0,"timestamp":1612506522,"path_taken":["M","?","?","M","M","R","M","R","T","E","R","M","M","M","R","BOSS"],"items_purchased_type":[],"build_version":"2020-12-22","purchased_purges":0,"victory":false,"max_hp_per_floor":[71,71,76,76,76,76,76,76,76,76,76,76,76,76,76,76,76],"card_choices":[{"not_picked":["Streamline","Coolheaded"],"picked":"Chill","floor":1},{"not_picked":["Streamline","Aggregate"],"picked":"Double Energy","floor":4},{"not_picked":["Turbo","Go for the Eyes"],"picked":"Conserve Battery","floor":5},{"not_picked":["Barrage","Sweeping Beam"],"picked":"Seek","floor":7},{"not_picked":["Doom and Gloom","Tempest"],"picked":"Defragment","floor":10},{"not_picked":["FTL","Go for the Eyes"],"picked":"Hologram","floor":12},{"not_picked":["Conserve Battery","Gash"],"picked":"White Noise","floor":13},{"not_picked":["Barrage","Rebound","Blizzard"],"picked":"SKIP","floor":14}],"player_experience":624711,"relics_obtained":[{"floor":10,"key":"Toy Ornithopter"}],"event_choices":[{"cards_removed":["Defend_B"],"damage_healed":0,"gold_gain":0,"player_choice":"Card Removal","damage_taken":7,"max_hp_gain":0,"max_hp_loss":0,"event_name":"Golden Wing","floor":2,"gold_loss":0},{"damage_healed":0,"gold_gain":0,"player_choice":"Donut","damage_taken":0,"max_hp_gain":5,"max_hp_loss":0,"event_name":"Big Fish","floor":3,"gold_loss":0}],"is_beta":false,"boss_relics":[],"items_purged_floors":[],"is_endless":false,"potions_floor_spawned":[1,7,10],"killed_by":"The Guardian","ascension_level":17}}