{"host":"3xramekeme16g407","time":1612558148,"event":{"mods":["2.2 Compatiblity","AchievementEnabler","BaseMod","Bestiary","Minty Spire (QoL Compilation)","Relic Stats","StSLib"],"gold_per_floor":[116,116,179,196,121,148,165,165,191,191,66,93,93,128,128,227,227,243,259,16,32,32,32,57,72,118,118,148,95,95,129,129,224,224,238,252,263,278,153,188,188,232,232,242,242,268,117,117,117,117,117,117,49,90,90,90],"floor_reached":55,"language":"ENG","playtime":3797,"items_purged":["Strike_B","Strike_B","Strike_B"],"score":826,"play_id":"a0a10af3-d7e6-4b06-8974-18abf8e542bc","local_time":"20210205124908","is_ascension_mode":false,"campfire_choices":[{"floor":8.0,"key":"REST"},{"data":"Double Energy","floor":10.0,"key":"SMITH"},{"floor":15.0,"key":"REST"},{"floor":23.0,"key":"REST"},{"floor":27.0,"key":"REST"},{"floor":32.0,"key":"REST"},{"floor":41.0,"key":"REST"},{"floor":45.0,"key":"REST"},{"floor":49.0,"key":"RECALL"},{"data":"Echo Form","floor":52.0,"key":"SMITH"}],"circlet_count":0,"master_deck":["Strike_B","Defend_B","Defend_B","Defend_B","Defend_B+1","Zap","Dualcast","Streamline","Double Energy+1","FTL","Ball Lightning","Redo","Reinforced Body+1","Ball Lightning","Buffer","Consume+1","Electrodynamics","Conserve Battery","Seek","Defragment+1","Tempest","Redo+1","Sunder+1","Chill+1","Echo Form+1","Leap+1","Loop","Coolheaded","Thunder Strike"],"relics":["Cracked Core","Ancient Tea Set","DataDisk","Oddly Smooth Stone","SacredBark","Cables","Mummified Hand","War Paint","Regal Pillow","Bottled Flame","Inserter","CeramicFish","Singing Bowl","Centennial Puzzle","Anchor","Bottled Tornado"],"acts_visited":["Exordium","TheCity","TheBeyond","TheEnding"],"potions_floor_usage":[55],"damage_taken":[{"damage":2.0,"enemies":"Jaw Worm","floor":1.0,"turns":4.0},{"damage":0.0,"enemies":"2 Louse","floor":4.0,"turns":3.0},{"damage":38.0,"enemies":"Lagavulin","floor":6.0,"turns":6.0},{"damage":0.0,"enemies":"Cultist","floor":7.0,"turns":3.0},{"damage":4.0,"enemies":"3 Sentries","floor":12.0,"turns":4.0},{"damage":21.0,"enemies":"Lagavulin","floor":14.0,"turns":5.0},{"damage":11.0,"enemies":"Slime Boss","floor":16.0,"turns":8.0},{"damage":8.0,"enemies":"3 Byrds","floor":18.0,"turns":5.0},{"damage":0.0,"enemies":"Spheric Guardian","floor":19.0,"turns":3.0},{"damage":24.0,"enemies":"Shelled Parasite and Fungi","floor":21.0,"turns":6.0},{"damage":63.0,"enemies":"Slavers","floor":24.0,"turns":5.0},{"damage":14.0,"enemies":"Centurion and Healer","floor":25.0,"turns":5.0},{"damage":36.0,"enemies":"Book of Stabbing","floor":28.0,"turns":5.0},{"damage":0.0,"enemies":"Gremlin Leader","floor":31.0,"turns":5.0},{"damage":61.0,"enemies":"Collector","floor":33.0,"turns":9.0},{"damage":11.0,"enemies":"3 Shapes","floor":35.0,"turns":4.0},{"damage":4.0,"enemies":"Orb Walker","floor":36.0,"turns":4.0},{"damage":9.0,"enemies":"4 Shapes","floor":37.0,"turns":2.0},{"damage":0.0,"enemies":"3 Darklings","floor":38.0,"turns":3.0},{"damage":42.0,"enemies":"Giant Head","floor":40.0,"turns":8.0},{"damage":16.0,"enemies":"Reptomancer","floor":42.0,"turns":5.0},{"damage":36.0,"enemies":"Spire Growth","floor":44.0,"turns":5.0},{"damage":14.0,"enemies":"Writhing Mass","floor":46.0,"turns":4.0},{"damage":31.0,"enemies":"Time Eater","floor":50.0,"turns":10.0},{"damage":0.0,"enemies":"Shield and Spear","floor":54.0,"turns":5.0},{"damage":96,"enemies":"The Heart","floor":55,"turns":11}],"seed_played":"-6136192848651882852","potions_obtained":[{"floor":0.0,"key":"SneckoOil"},{"floor":0.0,"key":"Fire Potion"},{"floor":0.0,"key":"DuplicationPotion"},{"floor":1.0,"key":"Strength Potion"},{"floor":14.0,"key":"FairyPotion"},{"floor":25.0,"key":"Fruit Juice"},{"floor":33.0,"key":"SneckoOil"},{"floor":35.0,"key":"EssenceOfSteel"},{"floor":42.0,"key":"Weak Potion"},{"floor":44.0,"key":"Dexterity Potion"}],"is_trial":false,"path_per_floor":["M","?","?","M","$","E","M","R","T","R","$","E","$","E","R","B",null,"M","M","$","M","?","R","E","M","T","R","E","$","?","E","R","B",null,"M","M","M","M","$","E","R","E","T","M","R","M","$","?","R","B",null,"R","$","E","B"],"character_chosen":"DEFECT","items_purchased":["Redo","Cables","Conserve Battery","Anchor","Loop","Coolheaded"],"campfire_rested":7,"item_purchase_floors":[11,20,29,47,53,53],"current_hp_per_floor":[73,78,78,78,78,40,40,64,64,64,64,60,60,39,63,52,80,72,72,72,48,48,72,9,58,58,85,49,49,49,49,90,29,90,79,75,66,66,66,24,66,50,50,16,58,44,44,44,44,13,92,92,92,92,0,0],"gold":90,"neow_bonus":"THREE_SMALL_POTIONS","is_daily":false,"chose_seed":false,"campfire_upgraded":2,"win_rate":0.0,"timestamp":1612558148,"path_taken":["M","?","?","M","$","E","M","R","T","R","$","E","?","E","R","BOSS","M","M","$","M","?","R","E","?","T","R","E","$","?","E","R","BOSS","M","M","M","M","$","E","R","E","T","M","R","M","$","?","R","BOSS","R","$","E","BOSS"],"items_purchased_type":["Card","Relic","Card","Relic","Card","Card"],"build_version":"2020-12-22","purchased_purges":3,"victory":false,"max_hp_per_floor":[75,80,80,80,80,80,80,80,80,80,80,80,80,80,80,80,80,80,80,80,80,80,80,80,90,90,90,90,90,90,90,90,90,90,90,90,90,90,90,90,90,90,90,92,92,92,92,92,92,92,92,92,92,92,92,92],"relic_stats":{"Regal Pillow":44,"Centennial Puzzle":[12],"Inserter":[30],"Singing Bowl":2,"counters":[26,137],"Mummified Hand":[51],"CeramicFish":54,"War Paint":["Reinforced Body","Defend_B"],"obtain_stats":[{"Regal Pillow":28,"Inserter":34,"Singing Bowl":42,"SacredBark":17,"CeramicFish":40,"Oddly Smooth Stone":14,"War Paint":26,"Bottled Tornado":54,"Ancient Tea Set":6,"Cables":20,"DataDisk":12,"Bottled Flame":31,"Centennial Puzzle":43,"Anchor":47,"Mummified Hand":24,"Cracked Core":0},{"Regal Pillow":13,"Inserter":15,"Singing Bowl":21,"SacredBark":7,"CeramicFish":20,"Oddly Smooth Stone":6,"War Paint":12,"Bottled Tornado":25,"Ancient Tea Set":3,"Cables":9,"DataDisk":5,"Bottled Flame":14,"Centennial Puzzle":21,"Anchor":23,"Mummified Hand":11,"Cracked Core":0},{"Regal Pillow":62,"Inserter":76,"Singing Bowl":102,"SacredBark":33,"CeramicFish":97,"Oddly Smooth Stone":25,"War Paint":57,"Bottled Tornado":126,"Ancient Tea Set":13,"Cables":41,"DataDisk":20,"Bottled Flame":67,"Centennial Puzzle":102,"Anchor":111,"Mummified Hand":52,"Cracked Core":0}],"Cables":[88,75,13,0,0]},"card_choices":[{"not_picked":["Heatsinks","Hologram"],"picked":"Streamline","floor":1.0},{"not_picked":["Stack","Streamline"],"picked":"Double Energy","floor":4.0},{"not_picked":["Sweeping Beam","Go for the Eyes"],"picked":"FTL","floor":6.0},{"not_picked":["Go for the Eyes","Biased Cognition"],"picked":"Ball Lightning","floor":7.0},{"not_picked":["Steam","Cold Snap"],"picked":"Reinforced Body","floor":12.0},{"not_picked":["Turbo","Hologram"],"picked":"Ball Lightning","floor":14.0},{"not_picked":["Amplify","Rainbow"],"picked":"Buffer","floor":16.0},{"not_picked":["Steam Power","Gash","Storm"],"picked":"SKIP","floor":18.0},{"not_picked":["Gash","Hologram"],"picked":"Consume","floor":19.0},{"not_picked":["Steam","Gash","Compile Driver"],"picked":"SKIP","floor":21.0},{"not_picked":["Hologram","Genetic Algorithm+1"],"picked":"Electrodynamics","floor":24.0},{"not_picked":["Recycle","Hello World+1","Go for the Eyes"],"picked":"SKIP","floor":25.0},{"not_picked":["Steam Power","Sunder","Go for the Eyes+1"],"picked":"SKIP","floor":28.0},{"not_picked":["Force Field","Barrage+1","Cold Snap"],"picked":"SKIP","floor":31.0},{"not_picked":["Meteor Strike","Machine Learning"],"picked":"Seek","floor":33.0},{"not_picked":["Beam Cell+1","Rebound+1"],"picked":"Defragment+1","floor":35.0},{"not_picked":["Sweeping Beam","Blizzard"],"picked":"Tempest","floor":36.0},{"not_picked":["Gash","Steam"],"picked":"Redo+1","floor":37.0},{"not_picked":["Coolheaded","Stack"],"picked":"Sunder+1","floor":38.0},{"not_picked":["Steam","Reprogram+1"],"picked":"Chill+1","floor":40.0},{"not_picked":["Hologram+1","Chaos+1"],"picked":"Echo Form","floor":42.0},{"not_picked":["Streamline+1","Aggregate","Coolheaded+1"],"picked":"Singing Bowl","floor":44.0},{"not_picked":["Turbo","Coolheaded"],"picked":"Leap+1","floor":46.0},{"not_picked":["Go for the Eyes+1","Turbo"],"picked":"Thunder Strike","floor":54.0}],"player_experience":459363,"relics_obtained":[{"floor":6.0,"key":"Ancient Tea Set"},{"floor":12.0,"key":"DataDisk"},{"floor":14.0,"key":"Oddly Smooth Stone"},{"floor":24.0,"key":"Mummified Hand"},{"floor":26.0,"key":"War Paint"},{"floor":28.0,"key":"Regal Pillow"},{"floor":31.0,"key":"Bottled Flame"},{"floor":40.0,"key":"CeramicFish"},{"floor":42.0,"key":"Singing Bowl"},{"floor":43.0,"key":"Centennial Puzzle"},{"floor":54.0,"key":"Bottled Tornado"}],"event_choices":[{"damage_healed":0.0,"max_hp_gain":5.0,"max_hp_loss":0.0,"gold_gain":0.0,"event_name":"Big Fish","player_choice":"Donut","floor":2.0,"gold_loss":0.0,"damage_taken":0.0},{"damage_healed":0.0,"max_hp_gain":0.0,"max_hp_loss":0.0,"gold_gain":63.0,"event_name":"Golden Wing","player_choice":"Gained Gold","floor":3.0,"gold_loss":0.0,"damage_taken":0.0},{"damage_healed":0.0,"max_hp_gain":0.0,"max_hp_loss":0.0,"gold_gain":0.0,"event_name":"Lab","player_choice":"Got Potions","floor":22.0,"gold_loss":0.0,"damage_taken":0.0},{"damage_healed":0.0,"max_hp_gain":0.0,"max_hp_loss":0.0,"gold_gain":0.0,"event_name":"Ghosts","player_choice":"Ignored","floor":30.0,"gold_loss":0.0,"damage_taken":0.0},{"damage_healed":0.0,"max_hp_gain":0.0,"max_hp_loss":0.0,"gold_gain":0.0,"event_name":"Upgrade Shrine","player_choice":"Upgraded","floor":48.0,"gold_loss":0.0,"damage_taken":0.0,"cards_upgraded":["Consume"]}],"is_beta":false,"boss_relics":[{"not_picked":["Sozu","Velvet Choker"],"picked":"SacredBark"},{"not_picked":["Fusion Hammer","Nuclear Battery"],"picked":"Inserter"}],"items_purged_floors":[5,11,39],"is_endless":false,"potions_floor_spawned":[1,14,16,21,25,33,35,42,44],"killed_by":"The Heart","ascension_level":0}}