{"host":"f5gffvlv6a66yqkd","time":1612528782,"event":{"mods":["2.2 Compatiblity","BaseMod","Colored Map","Custom Start","DeckTracker","Keyboard Shortcuts","Minty Spire (QoL Compilation)","Permanent Neow","Quick Restart","Relic Stats","StSLib","SuperFastMode"],"gold_per_floor":[17,35,45,61,75,75,75,92,92,110,110,120,153,164,164,241,241,253,253,269,286,304,304,321,321,321,353,353,353],"floor_reached":28,"language":"KOR","playtime":616,"items_purged":[],"score":596,"play_id":"5650086a-215d-4ad0-8db0-3adc3905a7fd","local_time":"20210205213942","is_ascension_mode":true,"campfire_choices":[{"data":"1","floor":6.0,"key":"LIFT"},{"data":"2","floor":11.0,"key":"LIFT"},{"data":"Heavy Blade","floor":15.0,"key":"SMITH"},{"data":"3","floor":23.0,"key":"LIFT"},{"floor":25.0,"key":"REST"}],"circlet_count":0,"master_deck":["AscendersBane","Strike_R","Strike_R","Strike_R","Strike_R","Defend_R","Defend_R","Defend_R","Defend_R","Bash","Pommel Strike","Anger","Heavy Blade+1","Seeing Red","Spot Weakness","Headbutt","Sword Boomerang","Cleave","Immolate","Shrug It Off","Second Wind","Shrug It Off","Rage"],"relics":["Burning Blood","Girya","White Beast Statue","Turnip","Runic Cube","Pantograph","Letter Opener"],"acts_visited":["Exordium","TheCity"],"potions_floor_usage":[28],"damage_taken":[{"damage":9.0,"enemies":"Jaw Worm","floor":1.0,"turns":6.0},{"damage":1.0,"enemies":"Cultist","floor":2.0,"turns":3.0},{"damage":9.0,"enemies":"Small Slimes","floor":3.0,"turns":4.0},{"damage":8.0,"enemies":"3 Louse","floor":4.0,"turns":2.0},{"damage":13.0,"enemies":"Exordium Thugs","floor":5.0,"turns":3.0},{"damage":18.0,"enemies":"Red Slaver","floor":8.0,"turns":4.0},{"damage":0.0,"enemies":"Large Slime","floor":10.0,"turns":3.0},{"damage":8.0,"enemies":"Exordium Thugs","floor":12.0,"turns":3.0},{"damage":30.0,"enemies":"Lagavulin","floor":13.0,"turns":4.0},{"damage":13.0,"enemies":"Blue Slaver","floor":14.0,"turns":2.0},{"damage":0.0,"enemies":"Slime Boss","floor":16.0,"turns":5.0},{"damage":13.0,"enemies":"3 Byrds","floor":18.0,"turns":2.0},{"damage":17.0,"enemies":"2 Thieves","floor":20.0,"turns":3.0},{"damage":12.0,"enemies":"3 Cultists","floor":21.0,"turns":3.0},{"damage":42.0,"enemies":"Snake Plant","floor":22.0,"turns":3.0},{"damage":13.0,"enemies":"Centurion and Healer","floor":24.0,"turns":5.0},{"damage":40.0,"enemies":"Gremlin Leader","floor":27.0,"turns":6.0},{"damage":22,"enemies":"Shelled Parasite and Fungi","floor":28,"turns":2}],"seed_played":"4381812402657697914","potions_obtained":[{"floor":4.0,"key":"SneckoOil"},{"floor":5.0,"key":"BloodPotion"},{"floor":7.0,"key":"FairyPotion"},{"floor":7.0,"key":"AttackPotion"},{"floor":10.0,"key":"Block Potion"},{"floor":12.0,"key":"LiquidBronze"},{"floor":18.0,"key":"EssenceOfSteel"},{"floor":20.0,"key":"PowerPotion"},{"floor":22.0,"key":"DistilledChaos"},{"floor":24.0,"key":"Regen Potion"},{"floor":27.0,"key":"DuplicationPotion"}],"is_trial":false,"path_per_floor":["M","M","M","M","M","R","?","M","T","M","R","M","E","M","R","B",null,"M","?","M","M","M","R","M","R","T","E","M"],"character_chosen":"IRONCLAD","items_purchased":[],"campfire_rested":1,"item_purchase_floors":[],"current_hp_per_floor":[65,70,67,65,58,58,73,61,61,67,67,65,41,34,34,40,66,59,59,48,42,28,28,21,43,43,24,2,2],"gold":353,"neow_bonus":"ONE_RARE_RELIC","is_daily":false,"chose_seed":false,"campfire_upgraded":1,"win_rate":0.0,"timestamp":1612528782,"path_taken":["M","M","M","M","M","R","?","?","T","M","R","M","E","M","R","BOSS","M","?","M","M","M","R","M","R","T","E","M"],"items_purchased_type":[],"build_version":"2020-12-22","purchased_purges":0,"victory":false,"max_hp_per_floor":[75,75,75,75,75,75,75,75,75,75,75,75,75,75,75,75,75,75,75,75,75,75,75,75,75,75,75,75,75],"relic_stats":{"counters":[18,63],"Pantograph":0,"Turnip":[2],"Letter Opener":[0],"obtain_stats":[{"Girya":0,"Pantograph":26,"Turnip":13,"Letter Opener":27,"Burning Blood":0,"White Beast Statue":9,"Runic Cube":17},{"Girya":0,"Pantograph":16,"Turnip":9,"Letter Opener":17,"Burning Blood":0,"White Beast Statue":6,"Runic Cube":11},{"Girya":0,"Pantograph":55,"Turnip":32,"Letter Opener":61,"Burning Blood":0,"White Beast Statue":22,"Runic Cube":39}],"Burning Blood":102,"Runic Cube":[27]},"card_choices":[{"not_picked":["Iron Wave","Armaments"],"picked":"Pommel Strike","floor":1.0},{"not_picked":["Dual Wield","Intimidate"],"picked":"Anger","floor":2.0},{"not_picked":["Flex","Burning Pact"],"picked":"Heavy Blade","floor":3.0},{"not_picked":["Anger","Dark Embrace"],"picked":"Seeing Red","floor":4.0},{"not_picked":["Burning Pact","Sentinel","Dropkick"],"picked":"SKIP","floor":5.0},{"not_picked":["Rage","Searing Blow"],"picked":"Spot Weakness","floor":8.0},{"not_picked":["Twin Strike","Havoc"],"picked":"Headbutt","floor":10.0},{"not_picked":["Twin Strike","Feel No Pain"],"picked":"Sword Boomerang","floor":12.0},{"not_picked":["Warcry","Fire Breathing","Uppercut"],"picked":"SKIP","floor":13.0},{"not_picked":["Wild Strike","Cleave","Sentinel"],"picked":"SKIP","floor":14.0},{"not_picked":["Wild Strike","Sentinel"],"picked":"Cleave","floor":14.0},{"not_picked":["Demon Form","Fiend Fire"],"picked":"Immolate","floor":16.0},{"not_picked":["Iron Wave","Perfected Strike"],"picked":"Shrug It Off","floor":18.0},{"not_picked":["Disarm","Iron Wave","Clash"],"picked":"SKIP","floor":20.0},{"not_picked":["Corruption","Dropkick"],"picked":"Second Wind","floor":21.0},{"not_picked":["Dropkick","Armaments"],"picked":"Shrug It Off","floor":22.0},{"not_picked":["Searing Blow+1","Armaments","Dropkick"],"picked":"SKIP","floor":24.0},{"not_picked":["Headbutt","Warcry"],"picked":"Rage","floor":27.0}],"player_experience":1654834,"relics_obtained":[{"floor":9.0,"key":"White Beast Statue"},{"floor":13.0,"key":"Turnip"},{"floor":26.0,"key":"Pantograph"},{"floor":27.0,"key":"Letter Opener"}],"event_choices":[{"damage_healed":0.0,"max_hp_gain":0.0,"max_hp_loss":0.0,"gold_gain":0.0,"event_name":"Lab","player_choice":"Got Potions","floor":7.0,"gold_loss":0.0,"damage_taken":0.0},{"cards_removed":["Strike_R"],"damage_healed":0.0,"max_hp_gain":0.0,"max_hp_loss":0.0,"gold_gain":0.0,"event_name":"Purifier","player_choice":"Purged","floor":19.0,"gold_loss":0.0,"damage_taken":0.0}],"is_beta":false,"boss_relics":[{"not_picked":["Sozu","Cursed Key"],"picked":"Runic Cube"}],"items_purged_floors":[],"is_endless":false,"potions_floor_spawned":[4,5,8,10,12,13,14,16,18,20,21,22,24,27],"killed_by":"Shelled Parasite and Fungi","ascension_level":20}}