{"host":"d52brwsy6af8zvaq","time":1612502137,"event":{"mods":["AchievementEnabler","BaseMod","Bestiary","Highlight Path","Minty Spire (QoL Compilation)","Quick Restart","Relic Stats","ojb\u0027s Better Paths Mod"],"gold_per_floor":[117,37,52,52,64,91,108,30,99,119,144,157,182,67,67,142,142,157,170,170,185,197,231,231,231,231],"floor_reached":25,"language":"ENG","playtime":1297,"items_purged":["Strike_B"],"score":590,"play_id":"ac789514-194e-456d-a191-dce9248a7627","local_time":"20210204221537","is_ascension_mode":true,"campfire_choices":[{"floor":15.0,"key":"REST"},{"floor":24,"key":"REST"}],"circlet_count":0,"master_deck":["AscendersBane","Defend_B","Defend_B","Defend_B","Defend_B","Zap+1","Dualcast","Ball Lightning","Coolheaded","Stack","Undo","White Noise","BootSequence","Auto Shields","Streamline","Conserve Battery","Defragment+1","Buffer+1","Barrage+1","Go for the Eyes+1","Blizzard+1","Steam Power+1","Genetic Algorithm","Beam Cell","Conserve Battery+1"],"relics":["Cracked Core","Ice Cream","Pen Nib","Mummified Hand","Blue Candle","Frozen Egg 2","Astrolabe","CeramicFish"],"acts_visited":["Exordium","TheCity"],"potions_floor_usage":[23],"damage_taken":[{"damage":2.0,"enemies":"2 Louse","floor":1.0,"turns":3.0},{"damage":1.0,"enemies":"Cultist","floor":3.0,"turns":3.0},{"damage":11.0,"enemies":"Small Slimes","floor":5.0,"turns":4.0},{"damage":6.0,"enemies":"Lagavulin","floor":6.0,"turns":7.0},{"damage":9.0,"enemies":"Exordium Wildlife","floor":7.0,"turns":3.0},{"damage":34.0,"enemies":"Gremlin Gang","floor":10.0,"turns":4.0},{"damage":4.0,"enemies":"3 Sentries","floor":11.0,"turns":8.0},{"damage":0.0,"enemies":"Large Slime","floor":12.0,"turns":4.0},{"damage":3.0,"enemies":"Gremlin Nob","floor":13.0,"turns":3.0},{"damage":0,"enemies":"The Guardian","floor":16,"turns":13},{"damage":14,"enemies":"3 Byrds","floor":18,"turns":5},{"damage":0,"enemies":"Spheric Guardian","floor":19,"turns":7},{"damage":9,"enemies":"Snake Plant","floor":21,"turns":6},{"damage":4,"enemies":"Centurion and Healer","floor":22,"turns":8},{"damage":18,"enemies":"Slavers","floor":23,"turns":5},{"damage":47,"enemies":"Gremlin Leader","floor":25,"turns":5}],"seed_played":"9037897148070796572","potions_obtained":[{"floor":3.0,"key":"BlessingOfTheForge"},{"floor":6.0,"key":"LiquidBronze"},{"floor":7.0,"key":"PowerPotion"},{"floor":12.0,"key":"DuplicationPotion"},{"floor":13.0,"key":"Energy Potion"},{"floor":23,"key":"Explosive Potion"}],"is_trial":false,"path_per_floor":["M","?","M","?","M","E","M","$","T","M","E","M","E","$","R","B",null,"M","M","?","M","M","E","R","E"],"character_chosen":"DEFECT","items_purchased":["BootSequence","Defragment+1"],"campfire_rested":2,"item_purchase_floors":[8,14],"current_hp_per_floor":[69,69,68,68,57,51,42,42,42,8,4,4,1,1,24,24,65,51,51,51,42,38,20,43,0,0],"gold":231,"neow_bonus":"TEN_PERCENT_HP_BONUS","is_daily":false,"chose_seed":false,"campfire_upgraded":0,"win_rate":0.0,"timestamp":1612502137,"path_taken":["M","?","?","?","M","E","M","$","T","M","E","M","E","?","R","BOSS","M","?","?","M","M","E","R","E"],"items_purchased_type":["Card","Card"],"build_version":"2020-12-22","purchased_purges":1,"victory":false,"max_hp_per_floor":[78,78,78,78,78,78,78,78,78,78,78,78,78,78,78,78,78,78,78,78,78,78,78,78,78,78],"relic_stats":{"counters":[16,88],"Mummified Hand":[25],"Blue Candle":[0],"Astrolabe":["Barrage","Go for the Eyes","Blizzard"],"CeramicFish":0,"Pen Nib":[9],"obtain_stats":[{"Ice Cream":2,"Mummified Hand":9,"Blue Candle":11,"Astrolabe":17,"CeramicFish":23,"Pen Nib":6,"Frozen Egg 2":13,"Cracked Core":0},{"Ice Cream":1,"Mummified Hand":5,"Blue Candle":7,"Astrolabe":10,"CeramicFish":15,"Pen Nib":4,"Frozen Egg 2":9,"Cracked Core":0},{"Ice Cream":3,"Mummified Hand":20,"Blue Candle":32,"Astrolabe":52,"CeramicFish":83,"Pen Nib":17,"Frozen Egg 2":39,"Cracked Core":0}]},"card_choices":[{"not_picked":["Coolheaded","Sweeping Beam"],"picked":"Ball Lightning","floor":1.0},{"not_picked":["Tempest","Go for the Eyes"],"picked":"Coolheaded","floor":3.0},{"not_picked":["Hologram","Recycle"],"picked":"Stack","floor":5.0},{"not_picked":["Steam Power","Sweeping Beam"],"picked":"Undo","floor":6.0},{"not_picked":["Force Field","Redo"],"picked":"White Noise","floor":7.0},{"not_picked":["Fission","Compile Driver"],"picked":"Auto Shields","floor":10.0},{"not_picked":["Skim","Coolheaded"],"picked":"Streamline","floor":11.0},{"not_picked":["Leap","Gash","Double Energy"],"picked":"SKIP","floor":12.0},{"not_picked":["Leap","Gash","Double Energy"],"picked":"SKIP","floor":12.0},{"not_picked":["Compile Driver","Heatsinks+1"],"picked":"Conserve Battery","floor":13.0},{"not_picked":["Seek","Machine Learning+1"],"picked":"Buffer+1","floor":16},{"not_picked":["Hologram","Rebound"],"picked":"Steam Power+1","floor":18},{"not_picked":["Rip and Tear","Barrage"],"picked":"Genetic Algorithm","floor":19},{"not_picked":["Stack","Streamline"],"picked":"Beam Cell","floor":21},{"not_picked":["Cold Snap","Beam Cell"],"picked":"Conserve Battery+1","floor":22},{"not_picked":["Auto Shields","Go for the Eyes","Hologram"],"picked":"SKIP","floor":23}],"player_experience":2148823,"relics_obtained":[{"floor":6.0,"key":"Pen Nib"},{"floor":9.0,"key":"Mummified Hand"},{"floor":11.0,"key":"Blue Candle"},{"floor":13.0,"key":"Frozen Egg 2"},{"floor":23,"key":"CeramicFish"}],"event_choices":[{"damage_healed":0.0,"max_hp_gain":0.0,"max_hp_loss":0.0,"gold_gain":0.0,"event_name":"WeMeetAgain","player_choice":"Paid Gold","floor":2.0,"gold_loss":80.0,"damage_taken":0.0,"relics_obtained":["Ice Cream"]},{"damage_healed":0.0,"max_hp_gain":0.0,"max_hp_loss":0.0,"gold_gain":0.0,"event_name":"Living Wall","player_choice":"Grow","floor":4.0,"gold_loss":0.0,"damage_taken":0.0,"cards_upgraded":["Zap"]},{"damage_healed":0,"gold_gain":0,"player_choice":"Ignored","damage_taken":0,"max_hp_gain":0,"max_hp_loss":0,"event_name":"The Mausoleum","floor":20,"gold_loss":0}],"is_beta":false,"boss_relics":[{"not_picked":["Runic Pyramid","FrozenCore"],"picked":"Astrolabe"}],"items_purged_floors":[14],"is_endless":false,"potions_floor_spawned":[3,6,7,12,13,18,23],"killed_by":"Gremlin Leader","ascension_level":20}}