{"host":"x1wt4ryasj4hxyw3","time":1612506425,"event":{"mods":["Act Like it!","BaseMod","CapriCore","CavMod","Gensokyo","GungeonMod","Lobotomy","LobotomyExtend","Minty Spire (QoL Compilation)","Prisma Mod","Quick Restart","Remilia（蕾米莉亚）","RumiaBox-露米娅的神秘盒子","StSLib","The Administrix","The Alterego","The Immortal","Youmu（魂魄妖梦）","Yuyuko","【功能Mod】混沌之环修复补丁"],"gold_per_floor":[110,110,128,28,47,47,79,95,121,136,136,136,136,153,153,153,153],"floor_reached":16,"language":"ZHS","playtime":1560,"items_purged":[],"score":102,"play_id":"82660958-7f6a-425f-9609-a4586dd08041","local_time":"20210205142705","is_ascension_mode":false,"campfire_choices":[{"data":"alterego_mod:Nekomimi","floor":6.0,"key":"SMITH"},{"floor":15.0,"key":"REST"}],"circlet_count":0,"master_deck":["alterego_mod:Strike","alterego_mod:Strike","alterego_mod:Strike","alterego_mod:Strike","alterego_mod:Defend","alterego_mod:Defend","alterego_mod:Impale","alterego_mod:BigMeatyClaws","alterego_mod:BrynhildrsRune","alterego_mod:ChallengeComplete","FairyFestival","alterego_mod:Nekomimi+1","alterego_mod:IndependentAction","Alriune","alterego_mod:DiscoLights","QueenBee","alterego_mod:Cycle","BigBird","alterego_mod:GachaTicket","Pain","alterego_mod:TrashNCrash"],"relics":["alterego_mod:MasochisticConstitution","CogitoBucket","LetterFromLob","Gensokyo:OccultBall","DemoMod:Bottle","Orichalcum","Potion Belt","TreeSap","Bag of Marbles","Gensokyo:LunaticRedEyes"],"acts_visited":["Exordium"],"potions_floor_usage":[16,16],"damage_taken":[{"damage":11.0,"enemies":"Gensokyo:2_Kodama","floor":1.0,"turns":8.0},{"damage":0.0,"enemies":"Gensokyo:3_Fairies","floor":3.0,"turns":7.0},{"damage":5.0,"enemies":"Gensokyo:Gryphon","floor":5.0,"turns":7.0},{"damage":29.0,"enemies":"Gensokyo:Cirno","floor":7.0,"turns":8.0},{"damage":1.0,"enemies":"Gensokyo:VengefulSpirit","floor":8.0,"turns":5.0},{"damage":23.0,"enemies":"Gensokyo:Kitsune","floor":10.0,"turns":4.0},{"damage":3.0,"enemies":"Gensokyo:LivingMonolith","floor":14.0,"turns":3.0},{"damage":49,"enemies":"Gensokyo:Yukari","floor":16,"turns":17}],"seed_played":"-2795511839874478390","potions_obtained":[{"floor":1.0,"key":"DuplicationPotion"},{"floor":7.0,"key":"Energy Potion"},{"floor":8.0,"key":"Energy Potion"},{"floor":10.0,"key":"Strength Potion"}],"is_trial":false,"path_per_floor":["M","?","M","?","M","R","E","M","T","M","?","?","?","M","R","B"],"character_chosen":"The_Alterego","items_purchased":[],"campfire_rested":1,"item_purchase_floors":[],"current_hp_per_floor":[67,67,67,67,72,72,54,66,66,51,36,36,36,34,56,61,61],"gold":153,"neow_bonus":"","is_daily":false,"chose_seed":false,"campfire_upgraded":1,"win_rate":0.0,"timestamp":1612506425,"path_taken":["M","?","M","?","M","R","E","M","T","?","?","?","?","M","R","BOSS"],"items_purchased_type":[],"build_version":"2020-12-22","purchased_purges":0,"victory":false,"max_hp_per_floor":[71,71,71,71,72,72,73,74,74,75,75,75,75,76,76,61,61],"card_choices":[{"not_picked":["RedShoes","LaLuna","QueenOfHatred"],"picked":"Singing Bowl","floor":1.0},{"not_picked":["Porccubus","OSAHOGD"],"picked":"SnowQueen","floor":1.0},{"not_picked":["alterego_mod:GoddessCore","alterego_mod:Rip"],"picked":"alterego_mod:ChallengeComplete","floor":1.0},{"not_picked":["MeatLantern","MHz","VoidDream"],"picked":"Singing Bowl","floor":3.0},{"not_picked":["Scarecrow","LittleHelper"],"picked":"FairyFestival","floor":3.0},{"not_picked":["alterego_mod:Undulate","alterego_mod:Antipathy"],"picked":"alterego_mod:Nekomimi","floor":3.0},{"not_picked":["alterego_mod:Exercise","alterego_mod:Schoolgirl"],"picked":"alterego_mod:IndependentAction","floor":5.0},{"not_picked":["Bloodbath","BeautyBeast"],"picked":"Alriune","floor":7.0},{"not_picked":["alterego_mod:DustData","alterego_mod:BusterCard"],"picked":"alterego_mod:DiscoLights","floor":7.0},{"not_picked":["CherryBlossoms","LittlePrince"],"picked":"QueenBee","floor":8.0},{"not_picked":["alterego_mod:RocketPunch","alterego_mod:Crossover"],"picked":"alterego_mod:Cycle","floor":8.0},{"not_picked":["Variant","ShyLook"],"picked":"BigBird","floor":10.0},{"not_picked":["alterego_mod:Table","alterego_mod:DeftHands"],"picked":"alterego_mod:GachaTicket","floor":10.0},{"not_picked":["SpiderBud","Bloodbath","OSAHOGD"],"picked":"Singing Bowl","floor":14.0},{"not_picked":["alterego_mod:DestructionOfProperty","alterego_mod:DiscoLights"],"picked":"alterego_mod:TrashNCrash","floor":14.0}],"player_experience":172265,"relics_obtained":[{"floor":1.0,"key":"LetterFromLob"},{"floor":7.0,"key":"Orichalcum"},{"floor":9.0,"key":"Potion Belt"}],"event_choices":[],"is_beta":false,"boss_relics":[],"items_purged_floors":[],"is_endless":false,"potions_floor_spawned":[1,7,8,10],"killed_by":"Gensokyo:Yukari","ascension_level":0}}