{"host":"pjdqnqhvehufa25w","time":1612533470,"event":{"mods":["BaseMod","Downfall","Highlight Path","Marisa£®ÏF”Í°°ƒß¿Ì…≥£©","Minty Spire (QoL Compilation)","StSLib"],"gold_per_floor":[113,124,144,158,172,172,201,201,225,225,312,340,366,450,462,569,581,612,94,94,113,123,123,152,152,152,152,166,200,200,220,220,319,319,332,343,343,353,33,33,60,60,85,112,124,142,153,166,166,166],"floor_reached":51,"language":"ZHS","playtime":3589,"items_purged":["Strike_MRS","Defend_MRS"],"score":813,"play_id":"b77ee842-e519-497c-ada9-412031854bcf","local_time":"20210205215750","is_ascension_mode":true,"campfire_choices":[{"data":"ShootingEcho","floor":6.0,"key":"SMITH"},{"floor":10.0,"key":"DIG"},{"floor":15.0,"key":"DIG"},{"floor":23.0,"key":"DIG"},{"floor":25.0,"key":"DIG"},{"floor":30.0,"key":"DIG"},{"floor":32.0,"key":"DIG"},{"data":"SuperNova","floor":40.0,"key":"SMITH"},{"floor":42,"key":"REST"},{"floor":49,"key":"DIG"}],"circlet_count":0,"master_deck":["Strike_MRS","Defend_MRS","Defend_MRS","MasterSpark","UpSweep","GasGiant","ShootingEcho+1","PowerUp","MysteriousBeam","MysteriousBeam","6A+1","OpenUniverse+1","UnstableBomb+1","WitchLeyline+1","PowerUp","EscapeVelocity+1","StarBarrage+1","Parasite","Parasite","ShootingEcho+1","ShootingEcho+1","SuperNova+1","ShootingEcho","MysteriousBeam","MysteriousBeam+1"],"relics":["MiniHakkero","Thread and Needle","Shovel","Akabeko","Potion Belt","MawBank","Art of War","Astrolabe","HandDrill","Torii","TungstenRod","Bird Faced Urn","Blood Vial","Ornamental Fan","HandmadeGrimoire","ShroomBag","Ice Cream","Sozu","Nunchaku","Smiling Mask","Dream Catcher","Unceasing Top","Whetstone"],"acts_visited":["Exordium","TheCity","TheBeyond"],"potions_floor_usage":[41],"damage_taken":[{"damage":0.0,"enemies":"Small Slimes","floor":1.0,"turns":3.0},{"damage":0.0,"enemies":"Cultist","floor":2.0,"turns":3.0},{"damage":0.0,"enemies":"Jaw Worm","floor":3.0,"turns":3.0},{"damage":7.0,"enemies":"Exordium Wildlife","floor":4.0,"turns":5.0},{"damage":4.0,"enemies":"Exordium Thugs","floor":5.0,"turns":4.0},{"damage":6.0,"enemies":"3 Sentries","floor":7.0,"turns":7.0},{"damage":0.0,"enemies":"Lots of Slimes","floor":12.0,"turns":4.0},{"damage":0.0,"enemies":"Blue Slaver","floor":13.0,"turns":2.0},{"damage":24.0,"enemies":"The Guardian","floor":16.0,"turns":9.0},{"damage":0.0,"enemies":"Chosen","floor":18.0,"turns":3.0},{"damage":0.0,"enemies":"2 Thieves","floor":21.0,"turns":2.0},{"damage":8.0,"enemies":"Snake Plant","floor":22.0,"turns":2.0},{"damage":12.0,"enemies":"Slavers","floor":24.0,"turns":6.0},{"damage":0.0,"enemies":"Shelled Parasite and Fungi","floor":28.0,"turns":3.0},{"damage":12.0,"enemies":"Gremlin Leader","floor":29.0,"turns":6.0},{"damage":0.0,"enemies":"Centurion and Healer","floor":31.0,"turns":3.0},{"damage":9.0,"enemies":"Champ","floor":33.0,"turns":5.0},{"damage":0.0,"enemies":"Orb Walker","floor":35.0,"turns":2.0},{"damage":0.0,"enemies":"3 Darklings","floor":36.0,"turns":5.0},{"damage":33.0,"enemies":"Writhing Mass","floor":38.0,"turns":3.0},{"damage":21,"enemies":"Reptomancer","floor":41,"turns":3},{"damage":10,"enemies":"Nemesis","floor":44,"turns":5},{"damage":12,"enemies":"Maw","floor":45,"turns":5},{"damage":0,"enemies":"Spire Growth","floor":46,"turns":4},{"damage":0,"enemies":"3 Darklings","floor":47,"turns":3},{"damage":8,"enemies":"Sphere and 2 Shapes","floor":48,"turns":3},{"damage":29,"enemies":"Awakened One","floor":50,"turns":6}],"seed_played":"2753815990205145388","potions_obtained":[{"floor":3.0,"key":"Block Potion"},{"floor":7.0,"key":"ShroomBrew"},{"floor":12.0,"key":"Guardian:BlockOnCardUsePotion"},{"floor":16.0,"key":"Fire Potion"},{"floor":18.0,"key":"Strength Potion"},{"floor":21.0,"key":"FearPotion"},{"floor":28.0,"key":"CultistPotion"},{"floor":29.0,"key":"Block Potion"}],"is_trial":false,"path_per_floor":["M","M","M","M","M","R","E","?","T","R","?","M","M","?","R","B",null,"M","$","?","M","M","R","E","R","T","?","M","E","R","M","R","B",null,"M","M","?","M","$","R","E","R","T","E","M","M","M","M","R","B",null],"character_chosen":"MARISA","items_purchased":["HandDrill","Torii","Nunchaku","SuperNova"],"campfire_rested":1,"item_purchase_floors":[19,19,39,39],"current_hp_per_floor":[68,68,68,61,57,57,51,39,39,39,33,33,33,33,33,9,68,68,68,68,68,60,60,48,48,48,48,50,42,42,48,48,47,68,68,68,68,35,35,35,24,44,44,46,48,58,64,60,60,41],"gold":166,"neow_bonus":"ONE_RARE_RELIC","is_daily":false,"chose_seed":false,"campfire_upgraded":2,"win_rate":0.0,"timestamp":1612533470,"path_taken":["M","M","M","M","M","R","E","?","T","R","?","?","M","?","R","BOSS","M","$","?","M","M","R","E","R","T","?","M","E","R","M","R","BOSS","M","M","?","M","$","R","E","R","T","E","M","M","M","?","R","BOSS"],"items_purchased_type":["Relic","Relic","Relic","Card"],"build_version":"2020-12-22","purchased_purges":2,"victory":true,"max_hp_per_floor":[68,68,68,68,68,68,68,68,68,68,68,68,68,68,68,68,68,68,68,68,68,68,68,68,68,68,68,68,68,68,68,68,68,68,68,68,68,68,68,68,68,68,68,68,68,68,68,68,68,68],"card_choices":[{"not_picked":["MysteriousBeam","IllusionStar"],"picked":"GasGiant","floor":1.0},{"not_picked":["TreasureHunter","PowerUp"],"picked":"ShootingEcho","floor":2.0},{"not_picked":["ChargingUp","DeepEcoloBomb"],"picked":"PowerUp","floor":3.0},{"not_picked":["EarthLightRay","DarkMatter","ChargingUp"],"picked":"SKIP","floor":4.0},{"not_picked":["IllusionStar","6A"],"picked":"MysteriousBeam","floor":5.0},{"not_picked":["FinalSpark","ShootTheMoon","EventHorizon"],"picked":"SKIP","floor":7.0},{"not_picked":["AsteroidBelt","GrandCross","FairyDestructionRay"],"picked":"SKIP","floor":12.0},{"not_picked":["ShootTheMoon","Occultation"],"picked":"MysteriousBeam","floor":13.0},{"not_picked":["OneTimeOff","IllusionStar+1"],"picked":"WitchLeyline","floor":18.0},{"not_picked":["IllusionStar+1","ManaRampage"],"picked":"PowerUp","floor":21.0},{"not_picked":["LuminesStrike","AlicesGift","MilkyWay+1"],"picked":"SKIP","floor":22.0},{"not_picked":["SporeBomb","OrrerysSun"],"picked":"EscapeVelocity","floor":24.0},{"not_picked":["NonDirectionalLaser","AlicesGift"],"picked":"StarBarrage+1","floor":28.0},{"not_picked":["EnergyFlow","DarkMatter+1","RefractionSpark+1"],"picked":"SKIP","floor":29.0},{"not_picked":["IllusionStar","DC","Acceleration"],"picked":"SKIP","floor":31.0},{"not_picked":["Orbital+1","GasGiant"],"picked":"ShootingEcho+1","floor":35.0},{"not_picked":["RefractionSpark","GrandCross"],"picked":"ShootingEcho+1","floor":36.0},{"not_picked":["LuminesStrike+1","DarkSpark+1","IllusionStar"],"picked":"SKIP","floor":38.0},{"not_picked":["Robbery+1","DeepEcoloBomb+1","6A+1"],"picked":"SKIP","floor":41},{"not_picked":["AsteroidBelt","GravityBeat","MagicChant"],"picked":"SKIP","floor":44},{"not_picked":["SatelliteIllusion","AsteroidBelt"],"picked":"ShootingEcho","floor":45},{"not_picked":["WitchOfGreed+1","Acceleration+1","DoubleSpark+1"],"picked":"SKIP","floor":46},{"not_picked":["WitchOfGreed+1","Occultation+1"],"picked":"MysteriousBeam","floor":47},{"not_picked":["UnstableBomb+1","FairyDestructionRay+1"],"picked":"MysteriousBeam","floor":48}],"player_experience":85612,"relics_obtained":[{"floor":7.0,"key":"Shovel"},{"floor":9.0,"key":"Potion Belt"},{"floor":10.0,"key":"MawBank"},{"floor":15.0,"key":"Art of War"},{"floor":23.0,"key":"TungstenRod"},{"floor":24.0,"key":"Bird Faced Urn"},{"floor":25.0,"key":"Blood Vial"},{"floor":26.0,"key":"Ornamental Fan"},{"floor":29.0,"key":"HandmadeGrimoire"},{"floor":30.0,"key":"ShroomBag"},{"floor":32.0,"key":"Ice Cream"},{"floor":41,"key":"Smiling Mask"},{"floor":43,"key":"Dream Catcher"},{"floor":44,"key":"Unceasing Top"},{"floor":49,"key":"Whetstone"}],"event_choices":[{"damage_healed":0.0,"max_hp_gain":0.0,"max_hp_loss":0.0,"gold_gain":0.0,"event_name":"Scrap Ooze","player_choice":"Success","floor":8.0,"gold_loss":0.0,"damage_taken":12.0,"relics_obtained":["Akabeko"]},{"damage_healed":0.0,"max_hp_gain":0.0,"max_hp_loss":0.0,"gold_gain":75.0,"event_name":"FaceTrader","player_choice":"Touch","floor":11.0,"gold_loss":0.0,"damage_taken":6.0},{"damage_healed":0.0,"max_hp_gain":0.0,"max_hp_loss":0.0,"gold_gain":72.0,"event_name":"Golden Wing","player_choice":"Gained Gold","floor":14.0,"gold_loss":0.0,"damage_taken":0.0},{"damage_healed":0.0,"max_hp_gain":0.0,"max_hp_loss":0.0,"gold_gain":0.0,"event_name":"Vampires","player_choice":"Ignored","floor":20.0,"gold_loss":0.0,"damage_taken":0.0},{"damage_healed":0.0,"max_hp_gain":0.0,"max_hp_loss":0.0,"gold_gain":0.0,"event_name":"Upgrade Shrine","player_choice":"Upgraded","floor":27.0,"gold_loss":0.0,"damage_taken":0.0,"cards_upgraded":["EscapeVelocity"]},{"damage_healed":0.0,"max_hp_gain":0.0,"max_hp_loss":0.0,"gold_gain":0.0,"event_name":"Match and Keep!","player_choice":"0 cards matched","floor":37.0,"gold_loss":0.0,"damage_taken":0.0,"cards_obtained":[]}],"is_beta":false,"boss_relics":[{"not_picked":["Tiny House","Busted Crown"],"picked":"Astrolabe"},{"not_picked":["bronze:MakeshiftBattery","Fusion Hammer"],"picked":"Sozu"}],"items_purged_floors":[19,39],"is_endless":false,"potions_floor_spawned":[3,7,12,16,18,21,28,29,36,44,45,48],"ascension_level":1}}