{"host":"Ringo","time":1612527539,"event":{"mods":["BaseMod","Colored Map","Conspire","Dota2Spire","Hubris","Minty Spire (QoL Compilation)","Replay The Spire","StSLib","The Construct","[IsaacMod]ÒÔÈö¼âËþ","¡¾ÒÅÎï¿¨ÅÆ¡¿REMEMod"],"gold_per_floor":[111,125,136,154,154,189,219,254,332,364,380,408,449,90,90,164,164,184,12,27,53,67,96,127,160,240,240,268,300,335,351,351,422,422,442,460,487,505,512,540,48,81,81,112,132,163,196,230,230,230,20],"floor_reached":52,"language":"ZHS","playtime":1949,"items_purged":["construct:SweepLaser"],"score":3671,"play_id":"6603a2fc-a156-4ae6-910c-7619f3a3bc2f","local_time":"20210205201858","daily_mods":["SealedDeck","Vintage","Heirloom","Time Dilation","Flight","DeadlyEvents","Elite Swarm","Lethality","Binary"],"is_ascension_mode":true,"campfire_choices":[{"data":"construct:ForceCore","floor":15,"key":"SMITH"},{"data":"Replay:BasicMightCard","floor":27,"key":"SMITH"},{"data":"construct:OmegaCannon","floor":32,"key":"SMITH"},{"floor":49,"key":"REST"}],"circlet_count":0,"master_deck":["AscendersBane","construct:Reinforce","construct:QuickAttack+1","construct:ScopeCore","construct:Reinforce","construct:OneWayMirror","construct:SyphonStrike+1","construct:OmegaCannon+1","construct:LaserCore","construct:ForceCore+1","construct:SaveState+1","Replay:BasicMightCard+1","construct:Missile+1","construct:ReactiveShield+1","Pot Of Greed+1","Pot Of Greed+1","construct:PanicFire+1","Sadistic Nature+1"],"relics":["construct:Cogwheel","construct:Challenge1","Busted Crown","HushsDoor","REME_ComplimentaryCards","replay:Trail_Library","Thread and Needle","TuHaoJin","Replay:Accelerometer","Dota2Spire:DrumOfEndurance","conspire:DeflatedDodgeball","REME_HourglassOfDeath","ReplayTheSpireMod:TigerMarble","InkBottle","Toxic Egg 2","D6","SalivaCoin","Dota2Spire:PowerTreads","Dota2Spire:PhaseBoots","Replay:Wax Seal","Lee\u0027s Waffle","MagicMushroom","GuppysCollar","GuppysTail","MagicMushroom","hubris:SlimyHat","BookOfRevelations","Lantern","Pantograph","Frozen Egg 2","Onion Ring","conspire:Dentures","hubris:SphereOfDissonance","hubris:MysteriousPyramids","Akabeko","Grinning Jar","Tiny Chest","Fusion Hammer","GuppysPaw","Boot","Dota2Spire:MantaStyle","GnawedLeaf","ReplayTheSpireMod:Lightbulb","hubris:Spice","HowToJump","Whetstone","Iron Hammer"],"acts_visited":["Exordium","TheCity","TheBeyond"],"potions_floor_usage":[6,16,22,30,33,40,51,51],"damage_taken":[{"damage":3,"enemies":"conspire:RoseBush","floor":1,"turns":2},{"damage":0,"enemies":"Small Slimes","floor":2,"turns":2},{"damage":0,"enemies":"Cultist","floor":3,"turns":1},{"damage":0,"enemies":"Lots of Slimes","floor":4,"turns":3},{"damage":0,"enemies":"Lagavulin","floor":6,"turns":3},{"damage":0,"enemies":"Gremlin Nob","floor":7,"turns":3},{"damage":1,"enemies":"3 Sentries","floor":8,"turns":4},{"damage":0,"enemies":"Gremlin Nob","floor":10,"turns":2},{"damage":0,"enemies":"Exordium Wildlife","floor":11,"turns":1},{"damage":0,"enemies":"Replay:BlueRogue","floor":12,"turns":3},{"damage":9,"enemies":"3 Sentries","floor":13,"turns":6},{"damage":0,"enemies":"Hexaghost","floor":16,"turns":2},{"damage":0,"enemies":"2 Thieves","floor":18,"turns":1},{"damage":0,"enemies":"Shell Parasite","floor":20,"turns":1},{"damage":0,"enemies":"Sentry and Sphere","floor":21,"turns":3},{"damage":0,"enemies":"conspire:HollyBat","floor":22,"turns":3},{"damage":0,"enemies":"Replay:Snechameleon","floor":23,"turns":1},{"damage":0,"enemies":"REME_1_Revenger","floor":24,"turns":1},{"damage":0,"enemies":"conspire:Head Lice","floor":25,"turns":2},{"damage":0,"enemies":"conspire:SneckoGhost","floor":28,"turns":1},{"damage":0,"enemies":"Book of Stabbing","floor":29,"turns":1},{"damage":0,"enemies":"Slavers","floor":30,"turns":2},{"damage":0,"enemies":"Centurion and Healer","floor":31,"turns":1},{"damage":0,"enemies":"Collector","floor":33,"turns":1},{"damage":0,"enemies":"Orb Walker","floor":35,"turns":1},{"damage":0,"enemies":"3 Darklings","floor":36,"turns":1},{"damage":0,"enemies":"conspire:MimicChest","floor":37,"turns":1},{"damage":0,"enemies":"Maw","floor":38,"turns":1},{"damage":0,"enemies":"R_Hoarder","floor":40,"turns":1},{"damage":0,"enemies":"Nemesis","floor":42,"turns":1},{"damage":0,"enemies":"R_Hoarder","floor":44,"turns":1},{"damage":0,"enemies":"Sphere and 2 Shapes","floor":45,"turns":1},{"damage":0,"enemies":"Reptomancer","floor":46,"turns":1},{"damage":0,"enemies":"R_Hoarder","floor":47,"turns":1},{"damage":0,"enemies":"Reptomancer","floor":48,"turns":1},{"damage":0,"enemies":"Awakened One","floor":50,"turns":2},{"damage":0,"enemies":"Time Eater","floor":51,"turns":2}],"seed_played":"-2642985160858762422","potions_obtained":[{"floor":1,"key":"Dota2Spire:HealingSalve"},{"floor":2,"key":"Dexterity Potion"},{"floor":10,"key":"CultistPotion"},{"floor":18,"key":"Regen Potion"},{"floor":22,"key":"BlessingOfTheForge"},{"floor":31,"key":"BlessingOfTheForge"},{"floor":33,"key":"Elixir"},{"floor":40,"key":"SteroidPotion"}],"is_trial":true,"path_per_floor":["M","M","M","M","?","E","E","E","T","E","M","E","E","$","R","B",null,"M","$","M","M","M","E","E","E","T","R","E","E","E","M","R","B",null,"M","M","?","M","?","E","$","E","T","E","M","E","E","E","R","B","B",null],"character_chosen":"THE_CONSTRUCT_MOD","items_purchased":["Replay:Wax Seal","Lee\u0027s Waffle","construct:Missile+1","GuppysCollar","GuppysTail","BookOfRevelations","GuppysPaw","construct:PanicFire+1","Sadistic Nature+1","hubris:Spice","HowToJump"],"campfire_rested":1,"item_purchase_floors":[14,14,14,17,17,19,34,34,34,41,41],"current_hp_per_floor":[69,69,69,69,45,51,51,50,50,50,50,54,45,87,87,87,78,78,78,78,78,78,78,78,78,78,78,78,78,78,78,78,78,59,59,59,59,59,56,64,72,67,59,59,51,43,43,35,35,35,32],"gold":20,"neow_bonus":"","is_daily":false,"chose_seed":false,"campfire_upgraded":3,"win_rate":0.0,"timestamp":1612527538,"path_taken":["M","M","M","M","?","E","E","E","T","E","M","E","?","$","R","BOSS","M","?","M","M","M","E","E","E","T","R","E","E","E","M","R","BOSS","M","M","?","M","?","E","$","E","T","E","M","E","?","E","R","BOSS","BOSS"],"items_purchased_type":["Relic","Relic","Card","Relic","Relic","Relic","Relic","Card","Card","Relic","Relic"],"build_version":"2020-12-18","purchased_purges":1,"victory":true,"max_hp_per_floor":[80,80,80,80,80,80,80,80,80,80,80,80,80,87,87,87,78,78,78,78,78,78,78,78,78,78,78,78,78,78,78,78,78,59,59,59,59,59,59,67,75,67,59,59,51,43,43,35,35,35,32],"card_choices":[],"player_experience":633404,"relics_obtained":[{"floor":1,"key":"Replay:Accelerometer"},{"floor":2,"key":"Dota2Spire:DrumOfEndurance"},{"floor":3,"key":"Diplopia"},{"floor":4,"key":"conspire:DeflatedDodgeball"},{"floor":6,"key":"REME_HourglassOfDeath"},{"floor":7,"key":"ReplayTheSpireMod:TigerMarble"},{"floor":8,"key":"InkBottle"},{"floor":9,"key":"Toxic Egg 2"},{"floor":10,"key":"D6"},{"floor":11,"key":"SalivaCoin"},{"floor":12,"key":"Dota2Spire:PowerTreads"},{"floor":13,"key":"Dota2Spire:PhaseBoots"},{"floor":18,"key":"hubris:SlimyHat"},{"floor":20,"key":"Lantern"},{"floor":22,"key":"Pantograph"},{"floor":23,"key":"Frozen Egg 2"},{"floor":24,"key":"Onion Ring"},{"floor":25,"key":"conspire:Dentures"},{"floor":26,"key":"hubris:SphereOfDissonance"},{"floor":28,"key":"hubris:MysteriousPyramids"},{"floor":29,"key":"Akabeko"},{"floor":30,"key":"Grinning Jar"},{"floor":31,"key":"Tiny Chest"},{"floor":35,"key":"Boot"},{"floor":36,"key":"Dota2Spire:MantaStyle"},{"floor":37,"key":"GnawedLeaf"},{"floor":38,"key":"ReplayTheSpireMod:Lightbulb"},{"floor":40,"key":"hubris:Spice"},{"floor":42,"key":"hubris:Spice"},{"floor":43,"key":"hubris:Spice"},{"floor":44,"key":"Whetstone"},{"floor":45,"key":"hubris:Spice"},{"floor":46,"key":"hubris:Spice"},{"floor":47,"key":"Iron Hammer"},{"floor":48,"key":"hubris:Spice"}],"event_choices":[{"damage_healed":0,"gold_gain":0,"player_choice":"Entered Light","damage_taken":24,"max_hp_gain":0,"max_hp_loss":0,"event_name":"Shining Light","floor":5,"gold_loss":0,"cards_upgraded":["construct:SaveState","construct:SyphonStrike"]},{"damage_healed":0,"gold_gain":0,"player_choice":"Leave","damage_taken":0,"max_hp_gain":0,"max_hp_loss":0,"event_name":"conspire:Investor","floor":39,"gold_loss":0}],"is_beta":true,"boss_relics":[{"not_picked":["REME_DuelDisc","Painkiller Herb"],"picked":"MagicMushroom"},{"not_picked":[]},{"not_picked":["hubris:RunicObelisk","Kintsugi"],"picked":"Fusion Hammer"},{"not_picked":[]}],"items_purged_floors":[14],"is_endless":false,"potions_floor_spawned":[1,2,3,10,13,18,21,22,24,28,31,33,37,40,44,45],"ascension_level":20}}