{"host":"59jh88lrys5rvd4j","time":1612498657,"event":{"mods":["2.2 Compatiblity","A Magickal Journey","Aspiration","Astrologer","BaseMod","Beaked The Cultist","Conspire","Energized Spire","Gremlin Mod","Infinite Spire","Kalas","Magitek Elite","Minty Spire (QoL Compilation)","Reliquary","StSLib","The Cursed","The Necromancer"],"gold_per_floor":[110,130,169,179,179,179,153,153,232,232,259,259,259,293,293,390,340,351,401,401,326,326,326,326],"floor_reached":23,"language":"ENG","playtime":1202,"items_purged":["Strike_P"],"score":243,"play_id":"f220f7fb-ebcf-40ad-9d5f-cb670670534c","local_time":"20210204231737","daily_mods":["Heirloom","Time Dilation","Flight"],"is_ascension_mode":false,"campfire_choices":[{"floor":6,"key":"REST"},{"floor":10,"key":"REST"},{"data":"infinitespire:Collect","floor":13,"key":"SMITH"},{"data":"Study","floor":15,"key":"SMITH"}],"circlet_count":0,"master_deck":["Strike_P","Strike_P","Strike_P","Defend_P","Defend_P","Defend_P","Defend_P","Eruption","Vigilance","WindmillStrike","Evaluate","SandsOfTime","infinitespire:Collect+1","FlyingSleeves","FollowUp+1","Study+1","Alpha","MentalFortress","Evaluate+1","InnerPeace+1","infinitespire:Menacing"],"relics":["PureWater","reliquary:Solitaire","aspiration:EmptySkull","Ornamental Fan","Matryoshka","Smiling Mask","aspiration:AnachronicSnailShell","energizedSpire:HugeHouse","Tiny House","reliquary:MudwinsCradle"],"acts_visited":["Exordium","TheCity"],"potions_floor_usage":[18,22,22],"damage_taken":[{"damage":0,"enemies":"Small Slimes","floor":1,"turns":2},{"damage":0,"enemies":"Jaw Worm","floor":2,"turns":1},{"damage":25,"enemies":"conspire:MimicChest","floor":3,"turns":4},{"damage":3,"enemies":"conspire:RoseBush","floor":4,"turns":3},{"damage":0,"enemies":"Gremlin Nob","floor":11,"turns":2},{"damage":8,"enemies":"3 Sentries","floor":14,"turns":3},{"damage":12,"enemies":"Hexaghost","floor":16,"turns":6},{"damage":44,"enemies":"3 Byrds","floor":18,"turns":4},{"damage":12,"enemies":"conspire:FuzzyDice","floor":23,"turns":3}],"seed_played":"-6266870238842658769","potions_obtained":[{"floor":2,"key":"Swift Potion"},{"floor":14,"key":"Weak Potion"},{"floor":19,"key":"EntropicBrew"}],"is_trial":true,"path_per_floor":["M","M","?","M","?","R","$","?","T","R","E","?","R","E","R","B",null,"M","AVR","?","?","?","M"],"character_chosen":"WATCHER","items_purchased":["FlyingSleeves"],"campfire_rested":2,"item_purchase_floors":[7],"current_hp_per_floor":[72,72,47,44,26,47,47,47,47,68,68,73,73,65,65,53,72,28,33,19,19,12,0,0],"gold":326,"neow_bonus":"","is_daily":false,"chose_seed":false,"campfire_upgraded":2,"win_rate":0.0,"timestamp":1612498657,"path_taken":["M","M","?","M","?","R","$","?","T","R","E","?","R","E","R","BOSS","M","AVR","?","?","?","M"],"items_purchased_type":["Card"],"build_version":"2020-12-22","purchased_purges":1,"victory":false,"max_hp_per_floor":[72,72,72,72,72,72,72,72,72,72,72,77,77,77,77,77,72,72,77,82,82,87,87,87],"card_choices":[{"not_picked":["WheelKick","BowlingBash"],"picked":"FlurryOfBlows","floor":1},{"not_picked":["BowlingBash","Halt"],"picked":"WindmillStrike","floor":2},{"not_picked":["MasterReality","Adaptation"],"picked":"Evaluate","floor":3},{"not_picked":["BowlingBash","Halt"],"picked":"SandsOfTime","floor":4},{"not_picked":["infinitespire:UltimateForm","infinitespire:FinalStrike"],"picked":"infinitespire:Collect","floor":5},{"not_picked":["ThirdEye","Nirvana"],"picked":"FollowUp","floor":11},{"not_picked":["Crescendo","FlyingSleeves"],"picked":"Study","floor":14},{"not_picked":["Ragnarok","Brilliance"],"picked":"Alpha","floor":16},{"not_picked":["EmptyFist","PathToVictory"],"picked":"Evaluate+1","floor":18},{"not_picked":["SignatureMove","WaveOfTheHand+1"],"picked":"InnerPeace+1","floor":19}],"player_experience":504718,"relics_obtained":[{"floor":3,"key":"aspiration:EmptySkull"},{"floor":8,"key":"Ornamental Fan"},{"floor":9,"key":"Matryoshka"},{"floor":11,"key":"Smiling Mask"},{"floor":14,"key":"aspiration:AnachronicSnailShell"}],"event_choices":[{"damage_healed":0,"gold_gain":0,"player_choice":"Donut","damage_taken":0,"max_hp_gain":5,"max_hp_loss":0,"event_name":"Big Fish","floor":12,"gold_loss":0},{"damage_healed":0,"gold_gain":0,"player_choice":"Shed Blood","damage_taken":19,"max_hp_gain":5,"max_hp_loss":0,"event_name":"Forgotten Altar","floor":20,"gold_loss":0},{"cards_removed":["Strike_P"],"damage_healed":0,"gold_gain":0,"player_choice":"Gave Gold","damage_taken":0,"max_hp_gain":0,"max_hp_loss":0,"event_name":"Beggar","floor":21,"gold_loss":75},{"damage_healed":0,"gold_gain":0,"player_choice":"POTION ","damage_taken":12,"max_hp_gain":0,"max_hp_loss":0,"event_name":"Knowing Skull","floor":22,"potions_obtained":["Fruit Juice"],"gold_loss":0,"cards_obtained":[]}],"is_beta":false,"boss_relics":[{"not_picked":["beaked:SacredDeck","reliquary:Ember"],"picked":"energizedSpire:HugeHouse"}],"items_purged_floors":[19],"is_endless":false,"potions_floor_spawned":[2,14],"killed_by":"conspire:FuzzyDice","ascension_level":0}}