{"host":"188xoqjicp18t4sg","time":1612498181,"event":{"mods":["BaseMod","Highlight Path","Minty Spire (QoL Compilation)","Quick Restart","Shop Mod"],"gold_per_floor":[112,129,129,144,144,144,69,69,92,92,92,110,110,131,131,131,131],"floor_reached":16,"language":"ZHS","playtime":480,"items_purged":["Defend_P"],"score":158,"play_id":"079ae420-4cd9-4114-9e98-f9f58a73c697","local_time":"20210205120941","is_ascension_mode":true,"campfire_choices":[{"data":"Eruption","floor":6,"key":"SMITH"},{"data":"Halt","floor":8,"key":"SMITH"},{"data":"Vigilance","floor":13,"key":"SMITH"},{"floor":15,"key":"REST"}],"circlet_count":0,"master_deck":["AscendersBane","Strike_P","Strike_P","Strike_P","Strike_P","Defend_P","Defend_P","Eruption+1","Vigilance+1","Halt+1","EmptyBody","Pain","Injury","FlurryOfBlows"],"relics":["Cursed Key","Golden Idol","Toy Ornithopter","Question Card"],"acts_visited":["Exordium"],"potions_floor_usage":[],"damage_taken":[{"damage":0,"enemies":"2 Louse","floor":1,"turns":2},{"damage":3,"enemies":"Jaw Worm","floor":2,"turns":5},{"damage":0,"enemies":"Small Slimes","floor":4,"turns":2},{"damage":4,"enemies":"Red Slaver","floor":12,"turns":3},{"damage":1,"enemies":"3 Louse","floor":14,"turns":3},{"damage":32,"enemies":"Hexaghost","floor":16,"turns":8}],"seed_played":"-8138281641947234298","potions_obtained":[{"floor":4,"key":"Fire Potion"},{"floor":14,"key":"Ancient Potion"}],"is_trial":false,"path_per_floor":["M","M","?","M","?","R","$","R","T","T","?","M","R","M","R","B"],"character_chosen":"WATCHER","items_purchased":[],"campfire_rested":1,"item_purchase_floors":[],"current_hp_per_floor":[61,58,58,58,35,35,35,35,35,35,25,21,21,20,40,8,8],"gold":131,"neow_bonus":"BOSS_RELIC","is_daily":false,"chose_seed":false,"campfire_upgraded":3,"win_rate":0.0,"timestamp":1612498181,"path_taken":["M","M","?","M","?","R","$","R","T","?","?","?","R","M","R","BOSS"],"items_purchased_type":[],"build_version":"2020-12-22","purchased_purges":1,"victory":false,"max_hp_per_floor":[68,68,68,68,68,68,68,68,68,68,68,68,68,68,68,68,68],"card_choices":[{"not_picked":["Crescendo","WaveOfTheHand"],"picked":"Halt","floor":1},{"not_picked":["CarveReality","TalkToTheHand","ClearTheMind"],"picked":"SKIP","floor":2},{"not_picked":["InnerPeace","Protect"],"picked":"EmptyBody","floor":4},{"not_picked":["Establishment","Crescendo","CutThroughFate","Swivel"],"picked":"SKIP","floor":12},{"not_picked":["FlyingSleeves","EmptyFist","Halt"],"picked":"FlurryOfBlows","floor":14}],"player_experience":211222,"relics_obtained":[{"floor":9,"key":"Toy Ornithopter"},{"floor":10,"key":"Question Card"}],"event_choices":[{"cards_removed":["Defend_P"],"damage_healed":0,"gold_gain":0,"player_choice":"Forget","damage_taken":0,"max_hp_gain":0,"max_hp_loss":0,"event_name":"Living Wall","floor":3,"gold_loss":0},{"damage_healed":0,"gold_gain":0,"player_choice":"Take Damage","damage_taken":23,"relics_obtained":["Golden Idol"],"max_hp_gain":0,"max_hp_loss":0,"event_name":"Golden Idol","floor":5,"gold_loss":0},{"damage_healed":0,"gold_gain":0,"player_choice":"Damaged","damage_taken":10,"max_hp_gain":0,"max_hp_loss":0,"event_name":"Wheel of Change","floor":11,"gold_loss":0}],"is_beta":false,"boss_relics":[],"items_purged_floors":[7],"is_endless":false,"potions_floor_spawned":[4,14],"killed_by":"Hexaghost","ascension_level":15}}