{"host":"l4p18zw33fr8bdc3","time":1612499294,"event":{"mods":["AchievementEnabler","BaseMod","Bestiary","Block Reminder","Colored Map","Colored Powertips","Curses Come First","Minty Spire (QoL Compilation)","Quick Restart","Rare Cards Sparkle","StSLib"],"gold_per_floor":[112,122,142,160,40,40,70,90,90,90,116,134,134,134,134,229,229,239,239,258,40,58,72,88,114,114,128,157,157,168,181,181,286,286,306,324,78,96,107,107,136,136,136,149,160,160,177,177,177,177,177,177,3,31,31,31],"floor_reached":55,"language":"ENG","playtime":4045,"items_purged":["Strike_R","Strike_R","Strike_R"],"score":904,"play_id":"79889270-df31-4988-9788-22405309e577","local_time":"20210204232814","is_ascension_mode":true,"campfire_choices":[{"data":"Armaments","floor":6,"key":"SMITH"},{"floor":10,"key":"REST"},{"data":"Dual Wield","floor":13,"key":"SMITH"},{"data":"Inflame","floor":15,"key":"SMITH"},{"data":"Immolate","floor":29,"key":"SMITH"},{"floor":32,"key":"REST"},{"floor":40,"key":"REST"},{"data":"Demon Form","floor":42,"key":"SMITH"},{"data":"Limit Break","floor":46,"key":"SMITH"},{"floor":49,"key":"RECALL"},{"data":"Heavy Blade","floor":52,"key":"SMITH"}],"circlet_count":0,"master_deck":["Strike_R","Strike_R","Defend_R","Defend_R","Defend_R","Defend_R","Bash","Armaments+1","Heavy Blade+1","True Grit","Shrug It Off","Inflame+1","Dual Wield+1","Clothesline","Immolate+1","Shrug It Off","Barricade","Whirlwind+1","Carnage","Demon Form","Carnage","Dropkick+1","Demon Form+1","Carnage+1","Uppercut+1","Disarm","Limit Break+1","Heavy Blade+1","Heavy Blade+1"],"relics":["Snecko Eye","Odd Mushroom","TungstenRod","Paper Frog","Gambling Chip","Cursed Key","HandDrill","Red Skull","Juzu Bracelet","Empty Cage","Bag of Marbles","Meat on the Bone","Boot"],"acts_visited":["Exordium","TheCity","TheBeyond","TheEnding"],"potions_floor_usage":[35,50,54,54,55,55],"damage_taken":[{"damage":0,"enemies":"Cultist","floor":1,"turns":3},{"damage":3,"enemies":"2 Louse","floor":2,"turns":2},{"damage":10,"enemies":"Small Slimes","floor":3,"turns":2},{"damage":6,"enemies":"Looter","floor":4,"turns":2},{"damage":21,"enemies":"The Mushroom Lair","floor":7,"turns":5},{"damage":13,"enemies":"Gremlin Gang","floor":8,"turns":5},{"damage":0,"enemies":"Lagavulin","floor":11,"turns":4},{"damage":0,"enemies":"Large Slime","floor":12,"turns":2},{"damage":23,"enemies":"The Guardian","floor":16,"turns":7},{"damage":0,"enemies":"Spheric Guardian","floor":18,"turns":1},{"damage":0,"enemies":"3 Byrds","floor":20,"turns":2},{"damage":0,"enemies":"Centurion and Healer","floor":22,"turns":2},{"damage":15,"enemies":"Snake Plant","floor":23,"turns":4},{"damage":5,"enemies":"Chosen and Byrds","floor":24,"turns":3},{"damage":0,"enemies":"Gremlin Leader","floor":25,"turns":2},{"damage":0,"enemies":"Sentry and Sphere","floor":27,"turns":2},{"damage":1,"enemies":"Book of Stabbing","floor":28,"turns":3},{"damage":0,"enemies":"Snecko","floor":30,"turns":3},{"damage":10,"enemies":"Cultist and Chosen","floor":31,"turns":3},{"damage":0,"enemies":"Champ","floor":33,"turns":4},{"damage":15,"enemies":"3 Darklings","floor":35,"turns":3},{"damage":13,"enemies":"3 Shapes","floor":36,"turns":5},{"damage":0,"enemies":"Writhing Mass","floor":38,"turns":1},{"damage":20,"enemies":"Spire Growth","floor":39,"turns":3},{"damage":8,"enemies":"Giant Head","floor":41,"turns":4},{"damage":15,"enemies":"Maw","floor":44,"turns":3},{"damage":5,"enemies":"4 Shapes","floor":45,"turns":3},{"damage":6,"enemies":"Writhing Mass","floor":47,"turns":3},{"damage":35,"enemies":"Awakened One","floor":50,"turns":8},{"damage":15,"enemies":"Shield and Spear","floor":54,"turns":4},{"damage":62,"enemies":"The Heart","floor":55,"turns":6}],"seed_played":"-9025148005619297183","potions_obtained":[{"floor":2,"key":"PowerPotion"},{"floor":4,"key":"BloodPotion"},{"floor":8,"key":"ColorlessPotion"},{"floor":16,"key":"LiquidMemories"},{"floor":25,"key":"DuplicationPotion"},{"floor":36,"key":"SpeedPotion"},{"floor":54,"key":"Weak Potion"}],"is_trial":false,"path_per_floor":["M","M","M","M","$","R","?","M","T","R","E","M","R","?","R","B",null,"M","?","M","$","M","M","M","E","T","M","E","R","M","M","R","B",null,"M","M","$","M","M","R","E","R","T","M","M","R","M","?","R","B",null,"R","$","E","B"],"character_chosen":"IRONCLAD","items_purchased":["Shrug It Off","Inflame","HandDrill","Bag of Marbles","Weak Potion"],"campfire_rested":3,"item_purchase_floors":[5,5,21,37,53],"current_hp_per_floor":[80,77,67,61,61,61,40,27,27,51,51,51,51,46,46,23,80,80,80,80,80,80,65,60,60,60,60,59,59,59,49,73,73,77,62,49,49,49,29,52,44,44,44,41,48,48,42,42,42,34,77,77,77,62,0,0],"gold":31,"neow_bonus":"BOSS_RELIC","is_daily":false,"chose_seed":false,"campfire_upgraded":7,"win_rate":0.0,"timestamp":1612499294,"path_taken":["M","M","M","M","?","R","?","M","T","R","E","M","R","?","R","BOSS","M","?","M","$","M","M","M","E","T","?","E","R","M","M","R","BOSS","M","M","$","M","M","R","E","R","T","M","M","R","M","?","R","BOSS","R","$","E","BOSS"],"items_purchased_type":["Card","Card","Relic","Relic","Potion"],"build_version":"2020-12-22","purchased_purges":3,"victory":false,"max_hp_per_floor":[80,80,80,80,80,80,80,80,80,80,80,80,80,80,80,80,80,80,80,80,80,80,80,80,80,80,80,80,80,80,80,80,80,77,77,77,77,77,77,77,77,77,77,77,77,77,77,77,77,77,77,77,77,77,77,77],"card_choices":[{"not_picked":["Perfected Strike","Rampage"],"picked":"Armaments","floor":1},{"not_picked":["Anger","Flex"],"picked":"Perfected Strike","floor":2},{"not_picked":["Warcry","Sentinel"],"picked":"Heavy Blade","floor":3},{"not_picked":["Iron Wave","Wild Strike"],"picked":"True Grit","floor":4},{"not_picked":["Ghostly Armor","Iron Wave"],"picked":"Dual Wield","floor":7},{"not_picked":["Perfected Strike","Heavy Blade"],"picked":"Clothesline","floor":8},{"not_picked":["Shockwave","Rampage"],"picked":"Immolate","floor":11},{"not_picked":["True Grit","Warcry"],"picked":"Shrug It Off","floor":12},{"not_picked":["Fiend Fire","Juggernaut"],"picked":"Barricade","floor":16},{"not_picked":["Wild Strike","Clash"],"picked":"Whirlwind+1","floor":18},{"not_picked":["Havoc","Second Wind+1"],"picked":"Carnage","floor":20},{"not_picked":["Anger","Perfected Strike","Twin Strike"],"picked":"SKIP","floor":22},{"not_picked":["Dark Embrace","Cleave+1"],"picked":"Demon Form","floor":23},{"not_picked":["Armaments","Clash"],"picked":"Carnage","floor":24},{"not_picked":["Rampage+1","Rage","Thunderclap"],"picked":"SKIP","floor":25},{"not_picked":["Clothesline","Searing Blow+1","Anger"],"picked":"SKIP","floor":27},{"not_picked":["Shrug It Off","Searing Blow","Sword Boomerang"],"picked":"SKIP","floor":28},{"not_picked":["Clothesline","Ghostly Armor","Rage"],"picked":"SKIP","floor":30},{"not_picked":["Whirlwind","Perfected Strike"],"picked":"Dropkick+1","floor":31},{"not_picked":["Barricade","Feed"],"picked":"Demon Form","floor":33},{"not_picked":["Headbutt","Thunderclap+1"],"picked":"Carnage+1","floor":35},{"not_picked":["Havoc+1","Iron Wave+1","Body Slam+1"],"picked":"SKIP","floor":36},{"not_picked":["Body Slam+1","Cleave","Rupture"],"picked":"SKIP","floor":38},{"not_picked":["Perfected Strike","Armaments+1"],"picked":"Uppercut+1","floor":39},{"not_picked":["Clothesline","Anger","Body Slam"],"picked":"SKIP","floor":41},{"not_picked":["Inflame+1","Clash"],"picked":"Disarm","floor":44},{"not_picked":["True Grit","Twin Strike+1"],"picked":"Limit Break","floor":45},{"not_picked":["Sever Soul+1","Twin Strike+1"],"picked":"Heavy Blade+1","floor":47},{"not_picked":["Iron Wave","Uppercut"],"picked":"Heavy Blade+1","floor":54}],"player_experience":236558,"relics_obtained":[{"floor":7,"key":"Odd Mushroom"},{"floor":9,"key":"TungstenRod"},{"floor":11,"key":"Paper Frog"},{"floor":25,"key":"Red Skull"},{"floor":28,"key":"Juzu Bracelet"},{"floor":41,"key":"Meat on the Bone"},{"floor":54,"key":"Boot"}],"event_choices":[{"damage_healed":0,"gold_gain":0,"player_choice":"Fought Mushrooms","damage_taken":0,"max_hp_gain":0,"max_hp_loss":0,"event_name":"Mushrooms","floor":7,"gold_loss":0},{"damage_healed":0,"gold_gain":0,"player_choice":"Success","damage_taken":7,"relics_obtained":["Gambling Chip"],"max_hp_gain":0,"max_hp_loss":0,"event_name":"Scrap Ooze","floor":14,"gold_loss":0},{"damage_healed":0,"gold_gain":0,"player_choice":"Got Potions","damage_taken":0,"max_hp_gain":0,"max_hp_loss":0,"event_name":"Lab","floor":19,"gold_loss":0},{"damage_healed":0,"gold_gain":0,"player_choice":"Memory 1","damage_taken":0,"max_hp_gain":0,"max_hp_loss":0,"event_name":"SensoryStone","floor":48,"gold_loss":0}],"is_beta":false,"boss_relics":[{"not_picked":["Runic Dome","Philosopher\u0027s Stone"],"picked":"Cursed Key"},{"not_picked":["SacredBark","Sozu"],"picked":"Empty Cage"}],"items_purged_floors":[21,37,53],"is_endless":false,"potions_floor_spawned":[2,4,8,16,20,22,25,27,28,31,33,36,41,44,54],"killed_by":"The Heart","ascension_level":2}}