{"host":"awrw1gk2acwismlg","time":1612567574,"event":{"mods":["ATMod(°¢èªMod)","Arknights","BaseMod","Bestiary","Challenge The Spire","Clockwork Mod","Conspire","Downfall","Energized Spire","Hermit","Jedi Mod","Marked Mod","Minty Spire (QoL Compilation)","Morshu Shopkeeper","Nova Terra(ÅµÍÞ¡¤Ì©À­)","Quarter Circle Forward PUNCH!","Reliquary","Remilia_Scarlet Moed£¨ÀÙÃ×ÀòÑÇ¡¤Ë¹¿¨À×ÌØ£©3.3.5","Replay The Spire","Robot Space Explorer","Shop Mod","Small Relic Pack","Spicy Shops","StSLib","The Cursed","Warlord Emblem","Wide Potions","Yakumo Yukari mod","¡¾ÒÅÎï¿¨ÅÆ¡¿REMEMod","óô»ðÖ¸ÄÏ"],"gold_per_floor":[99,99,99,99,24,24,24,50,50,50,50],"floor_reached":10,"language":"ZHS","playtime":825,"items_purged":["Defend_G"],"score":63,"play_id":"f553bece-725c-4349-83b1-973558842f87","local_time":"20210206072614","is_ascension_mode":true,"campfire_choices":[{"data":"AT_RobotInSpace","floor":1,"key":"SMITH"}],"circlet_count":0,"master_deck":["conspire:GhostlyStrike","conspire:GhostlyStrike","conspire:GhostlyStrike","conspire:GhostlyDefend","Survivor","Neutralize","Master of Strategy","Prepared","Acrobatics","Backstab","relicPack:TruthCard","ats:Calcification","ats:Ambush","TheCursedMod:StunningStrike"],"relics":["Ring of the Snake","AT_ATBox","REME_ComplimentaryCards","downfall:HeartsMalice","relicPack:EdsArm","PreservedInsect","ats:Originium","conspire:DeflatedDodgeball"],"acts_visited":["Exordium"],"potions_floor_usage":[],"damage_taken":[{"damage":0,"enemies":"Jaw Worm","floor":2,"turns":1},{"damage":0,"enemies":"2 Louse","floor":4,"turns":1},{"damage":0,"enemies":"downfall:FleeingMerchant","floor":5,"turns":1},{"damage":3,"enemies":"Gremlin Nob","floor":8,"turns":4},{"damage":42,"enemies":"Lagavulin","floor":10,"turns":22}],"seed_played":"-6988354192559754175","potions_obtained":[{"floor":8,"key":"DuplicationPotion"}],"is_trial":false,"path_per_floor":["R","M","?","M","$","?","T","E","?","E"],"character_chosen":"THE_SILENT","items_purchased":[],"campfire_rested":0,"item_purchase_floors":[],"current_hp_per_floor":[70,70,70,70,70,65,65,62,62,33,33],"gold":50,"neow_bonus":"THREE_ENEMY_KILL","is_daily":false,"chose_seed":false,"campfire_upgraded":1,"win_rate":0.0,"timestamp":1612567574,"path_taken":["R","M","?","M","$","?","T","E","?","E"],"items_purchased_type":[],"build_version":"2020-12-22","purchased_purges":1,"victory":false,"max_hp_per_floor":[70,70,70,70,70,65,65,65,65,65,65],"card_choices":[{"not_picked":["AT_TwilightShroud","Dagger Spray"],"picked":"Prepared","floor":2},{"not_picked":["Deflect","Tactician"],"picked":"Acrobatics","floor":4},{"not_picked":["Sucker Punch","Bane"],"picked":"Backstab","floor":5},{"not_picked":["Caltrops","PiercingWail","Blade Dance"],"picked":"SKIP","floor":8}],"player_experience":58043,"relics_obtained":[{"floor":7,"key":"PreservedInsect"},{"floor":8,"key":"ats:Originium"},{"floor":8,"key":"conspire:DeflatedDodgeball"}],"event_choices":[{"damage_healed":0,"gold_gain":0,"player_choice":"Agree","damage_taken":0,"max_hp_gain":0,"max_hp_loss":0,"event_name":"conspire:LoneGhost","floor":9,"gold_loss":0}],"is_beta":false,"boss_relics":[],"items_purged_floors":[5],"is_endless":false,"potions_floor_spawned":[8],"killed_by":"Lagavulin","ascension_level":1}}