{"host":"jx3f6ezc0g3s9edc","time":1612490253,"event":{"mods":["AchievementEnabler","BaseMod","Bestiary","Colored Map","Highlight Path","Minty Spire (QoL Compilation)","StSLib"],"gold_per_floor":[117,168,188,203,219,219,250,261,286,304,304,334,334,131,131,235,235,247,266,279,25,42,42,42,42,94,129,147,163,163,191,191,291,291,311,14,30,53,64,91,91,91,171,171,190,190,222,233,233,233,233],"floor_reached":50,"language":"ENG","playtime":3574,"items_purged":["Strike_G"],"score":779,"play_id":"94670f2a-957f-45d9-bad7-83f098ff51ab","local_time":"20210204205733","is_ascension_mode":false,"campfire_choices":[{"data":"Deadly Poison","floor":6.0,"key":"SMITH"},{"floor":11.0,"key":"REST"},{"data":"Blade Dance","floor":13.0,"key":"SMITH"},{"data":"Catalyst","floor":15.0,"key":"SMITH"},{"data":"Envenom","floor":24.0,"key":"SMITH"},{"data":"Deadly Poison","floor":30.0,"key":"SMITH"},{"floor":32.0,"key":"RECALL"},{"data":"Bouncing Flask","floor":41,"key":"SMITH"},{"data":"Dagger Spray","floor":46,"key":"SMITH"},{"data":"Acrobatics","floor":49,"key":"SMITH"}],"circlet_count":0,"master_deck":["Strike_G","Strike_G","Strike_G","Defend_G","Defend_G","Defend_G","Defend_G","Survivor+1","Neutralize","Dramatic Entrance","Deadly Poison+1","Flying Knee","Poisoned Stab","Bouncing Flask+1","Dagger Spray+1","Bane","Blade Dance+1","Flechettes","Catalyst+1","Madness","Envenom+1","Dodge and Roll","Expertise","Acrobatics+1","Ghostly","Ghostly","Ghostly","Ghostly","Ghostly","Blur+1","Deadly Poison+1","Acrobatics+1","Distraction","Blade Dance+1","Decay"],"relics":["Ring of the Snake","Regal Pillow","Tiny Chest","Orichalcum","Boot","Busted Crown","Eternal Feather","Snake Skull","Oddly Smooth Stone","Art of War","Philosopher\u0027s Stone","TwistedFunnel","Bag of Marbles","War Paint","HornCleat","Anchor"],"acts_visited":["Exordium","TheCity","TheBeyond"],"potions_floor_usage":[50],"damage_taken":[{"damage":1.0,"enemies":"Cultist","floor":1.0,"turns":4.0},{"damage":0.0,"enemies":"2 Louse","floor":3.0,"turns":2.0},{"damage":0.0,"enemies":"Jaw Worm","floor":4.0,"turns":3.0},{"damage":1.0,"enemies":"Gremlin Gang","floor":5.0,"turns":3.0},{"damage":30.0,"enemies":"Lagavulin","floor":7.0,"turns":4.0},{"damage":12.0,"enemies":"Exordium Thugs","floor":8.0,"turns":3.0},{"damage":1.0,"enemies":"3 Louse","floor":10.0,"turns":2.0},{"damage":0.0,"enemies":"Gremlin Nob","floor":12.0,"turns":2.0},{"damage":24.0,"enemies":"The Guardian","floor":16.0,"turns":8.0},{"damage":0.0,"enemies":"Spheric Guardian","floor":18.0,"turns":3.0},{"damage":13.0,"enemies":"2 Thieves","floor":19.0,"turns":3.0},{"damage":32.0,"enemies":"Sentry and Sphere","floor":20.0,"turns":6.0},{"damage":26.0,"enemies":"Shelled Parasite and Fungi","floor":22.0,"turns":4.0},{"damage":0.0,"enemies":"Book of Stabbing","floor":27.0,"turns":6.0},{"damage":0.0,"enemies":"Snake Plant","floor":28.0,"turns":3.0},{"damage":1.0,"enemies":"Sentry and Sphere","floor":29.0,"turns":6.0},{"damage":0.0,"enemies":"Gremlin Leader","floor":31.0,"turns":5.0},{"damage":0.0,"enemies":"Automaton","floor":33.0,"turns":6.0},{"damage":0.0,"enemies":"3 Darklings","floor":35.0,"turns":3.0},{"damage":0.0,"enemies":"Orb Walker","floor":37.0,"turns":3.0},{"damage":0.0,"enemies":"Sphere and 2 Shapes","floor":39.0,"turns":5.0},{"damage":8,"enemies":"Giant Head","floor":40,"turns":7},{"damage":0,"enemies":"Writhing Mass","floor":45,"turns":4},{"damage":0,"enemies":"Reptomancer","floor":47,"turns":5},{"damage":0,"enemies":"Maw","floor":48,"turns":6},{"damage":47,"enemies":"Donu and Deca","floor":50,"turns":11}],"seed_played":"70753978716657706","potions_obtained":[{"floor":4.0,"key":"Energy Potion"},{"floor":5.0,"key":"SkillPotion"},{"floor":7.0,"key":"DuplicationPotion"},{"floor":8.0,"key":"SpeedPotion"},{"floor":12.0,"key":"Fire Potion"},{"floor":16.0,"key":"Fruit Juice"},{"floor":22.0,"key":"BlessingOfTheForge"},{"floor":27.0,"key":"Strength Potion"},{"floor":28.0,"key":"AttackPotion"},{"floor":33.0,"key":"GamblersBrew"},{"floor":39.0,"key":"Explosive Potion"},{"floor":48,"key":"Dexterity Potion"}],"is_trial":false,"path_per_floor":["M","T","M","M","M","R","E","M","T","M","R","E","R","$","R","B",null,"M","M","M","$","M","?","R","?","T","E","M","M","R","E","R","B",null,"M","$","M","T","M","E","R","$","T","?","M","R","E","M","R","B"],"character_chosen":"THE_SILENT","items_purchased":["Catalyst","Madness","Eternal Feather","TwistedFunnel","Bag of Marbles"],"campfire_rested":1,"item_purchase_floors":[14,14,21,36,36],"current_hp_per_floor":[69,69,69,69,68,68,38,26,26,25,61,61,61,61,61,37,75,75,62,30,30,4,4,22,22,22,22,22,21,37,37,37,37,37,37,37,37,37,37,29,37,37,37,37,37,37,37,37,37,0,0],"gold":233,"neow_bonus":"RANDOM_COLORLESS","is_daily":false,"chose_seed":false,"campfire_upgraded":8,"win_rate":0.0,"timestamp":1612490253,"path_taken":["M","?","?","M","M","R","E","M","T","M","R","E","R","?","R","BOSS","M","M","M","$","M","?","R","?","T","E","M","M","R","E","R","BOSS","M","$","M","?","M","E","R","$","T","?","?","R","E","M","R","BOSS"],"items_purchased_type":["Card","Card","Relic","Relic","Relic"],"build_version":"2020-12-22","purchased_purges":1,"victory":false,"max_hp_per_floor":[70,70,70,70,70,70,70,70,70,70,70,70,70,70,70,70,75,75,75,75,75,75,37,37,37,37,37,37,37,37,37,37,37,37,37,37,37,37,37,37,37,37,37,37,37,37,37,37,37,37,37],"card_choices":[{"not_picked":["Panacea","Trip"],"picked":"Dramatic Entrance","floor":0.0},{"not_picked":["Caltrops","Leg Sweep"],"picked":"Deadly Poison","floor":1.0},{"not_picked":["Poisoned Stab","Sucker Punch"],"picked":"Flying Knee","floor":3.0},{"not_picked":["Underhanded Strike","Accuracy"],"picked":"Poisoned Stab","floor":4.0},{"not_picked":["Quick Slash","Cloak And Dagger"],"picked":"Bouncing Flask","floor":5.0},{"not_picked":["Accuracy","Bouncing Flask"],"picked":"Dagger Spray","floor":7.0},{"not_picked":["All Out Attack","Grand Finale"],"picked":"Bane","floor":8.0},{"not_picked":["Dodge and Roll","All Out Attack"],"picked":"Blade Dance","floor":10.0},{"not_picked":["Acrobatics","Calculated Gamble"],"picked":"Flechettes","floor":12.0},{"not_picked":["Adrenaline","After Image"],"picked":"Envenom","floor":16.0},{"not_picked":[],"picked":"Dodge and Roll","floor":18.0},{"not_picked":[],"picked":"Expertise","floor":19.0},{"not_picked":["Cloak And Dagger"],"picked":"SKIP","floor":20.0},{"not_picked":[],"picked":"Acrobatics+1","floor":22.0},{"not_picked":["Grand Finale"],"picked":"SKIP","floor":27.0},{"not_picked":["Deflect+1"],"picked":"SKIP","floor":28.0},{"not_picked":[],"picked":"Acrobatics","floor":29.0},{"not_picked":["All Out Attack"],"picked":"SKIP","floor":31.0},{"not_picked":[],"picked":"Distraction","floor":35.0},{"not_picked":["Dodge and Roll"],"picked":"SKIP","floor":37.0},{"not_picked":["Outmaneuver+1"],"picked":"SKIP","floor":39.0},{"not_picked":[],"picked":"Blade Dance+1","floor":40},{"not_picked":["Flying Knee+1"],"picked":"SKIP","floor":45},{"not_picked":["Underhanded Strike+1"],"picked":"SKIP","floor":47},{"not_picked":["Deflect+1"],"picked":"SKIP","floor":48}],"player_experience":820263,"relics_obtained":[{"floor":2.0,"key":"Regal Pillow"},{"floor":7.0,"key":"Tiny Chest"},{"floor":9.0,"key":"Orichalcum"},{"floor":12.0,"key":"Boot"},{"floor":26.0,"key":"Snake Skull"},{"floor":27.0,"key":"Oddly Smooth Stone"},{"floor":31.0,"key":"Art of War"},{"floor":40,"key":"War Paint"},{"floor":43,"key":"HornCleat"},{"floor":47,"key":"Anchor"}],"event_choices":[{"damage_healed":0.0,"max_hp_gain":0.0,"max_hp_loss":38.0,"gold_gain":0.0,"event_name":"Ghosts","player_choice":"Became a Ghost","floor":23.0,"gold_loss":0.0,"damage_taken":0.0,"cards_obtained":["Ghostly","Ghostly","Ghostly","Ghostly","Ghostly"]},{"damage_healed":0.0,"max_hp_gain":0.0,"max_hp_loss":0.0,"gold_gain":0.0,"cards_transformed":["Strike_G","Defend_G"],"event_name":"Drug Dealer","player_choice":"Became Test Subject","floor":25.0,"gold_loss":0.0,"damage_taken":0.0,"cards_obtained":["Blur","Deadly Poison"]},{"damage_healed":0,"gold_gain":0,"player_choice":"Cursed","damage_taken":0,"max_hp_gain":0,"max_hp_loss":0,"event_name":"Wheel of Change","floor":44,"gold_loss":0,"cards_obtained":["Decay"]}],"is_beta":false,"boss_relics":[{"not_picked":["Ectoplasm","Runic Dome"],"picked":"Busted Crown"},{"not_picked":["Fusion Hammer","WristBlade"],"picked":"Philosopher\u0027s Stone"}],"items_purged_floors":[14],"is_endless":false,"potions_floor_spawned":[4,5,7,8,12,16,22,27,28,33,35,39,48],"killed_by":"Donu and Deca","ascension_level":0}}