{"host":"6p0attdrtjqaih7v","time":1612534941,"event":{"mods":["2.2 Compatiblity","AchievementEnabler","Bard","BaseMod","Better Skull","Better Third Choice","Colored Powertips","Hermit","Highlight Path","Key Reminder","Minty Spire (QoL Compilation)","Permanent Neow","Quick Restart","Random Character Button","Relic Stats","Reliquary","Replay The Spire","Robot Space Explorer","StSLib","The Witch"],"gold_per_floor":[114,114,127,127,138,167,167,193,261,275,285,305,305,336,336,336,336],"floor_reached":16,"language":"ENG","playtime":550,"items_purged":[],"score":165,"play_id":"6161fd7b-7191-47e0-b618-100c9f4fcd11","local_time":"20210205092221","is_ascension_mode":true,"campfire_choices":[{"data":"SummonRatFamiliar","floor":7,"key":"SMITH"},{"floor":13,"key":"REST"},{"data":"Bewitch","floor":15,"key":"SMITH"}],"circlet_count":0,"master_deck":["Strike_Witch","Strike_Witch","Strike_Witch","Strike_Witch+1","Defend_Witch","Defend_Witch+1","Defend_Witch","Defend_Witch","Hexguard","ZombieSpit+1","IllOmen+1","Bewitch+1","Demonfyre","SummonRatFamiliar+1","Schadenfreude","MagicFang","MagicFang","Demonfyre","Schadenfreude"],"relics":["BlackCat","reliquary:QuartzCube","Dream Catcher","reliquary:Buckler","reliquary:TridentHead","Kunai"],"acts_visited":["Exordium"],"potions_floor_usage":[6,6,6,8,12,14],"damage_taken":[{"damage":0,"enemies":"Small Slimes","floor":1,"turns":3},{"damage":4,"enemies":"Jaw Worm","floor":3,"turns":3},{"damage":0,"enemies":"2 Louse","floor":5,"turns":2},{"damage":17,"enemies":"Gremlin Nob","floor":6,"turns":3},{"damage":17,"enemies":"3 Sentries","floor":8,"turns":6},{"damage":3,"enemies":"Looter","floor":10,"turns":3},{"damage":0,"enemies":"Lots of Slimes","floor":11,"turns":4},{"damage":0,"enemies":"Large Slime","floor":12,"turns":3},{"damage":6,"enemies":"Gremlin Nob","floor":14,"turns":3},{"damage":33,"enemies":"Slime Boss","floor":16,"turns":3}],"seed_played":"-7433758963264603629","potions_obtained":[{"floor":5,"key":"EntropicBrew"},{"floor":8,"key":"SteroidPotion"},{"floor":12,"key":"Strength Potion"},{"floor":14,"key":"LiquidBronze"}],"is_trial":false,"path_per_floor":["M","?","M","?","M","E","R","E","T","M","M","M","R","E","R","B"],"character_chosen":"WITCH","items_purchased":[],"campfire_rested":1,"item_purchase_floors":[],"current_hp_per_floor":[60,60,56,50,50,33,33,16,16,13,13,13,33,27,27,0,0],"gold":336,"neow_bonus":"UPGRADE_CARD","is_daily":false,"chose_seed":false,"campfire_upgraded":2,"win_rate":0.0,"timestamp":1612534941,"path_taken":["M","?","M","?","M","E","R","E","T","M","M","M","R","E","R","BOSS"],"items_purchased_type":[],"build_version":"2020-12-22","purchased_purges":0,"victory":false,"max_hp_per_floor":[67,67,67,67,67,67,67,67,67,67,67,67,67,67,67,67,67],"relic_stats":{"Dream Catcher":1,"counters":[10,33],"Kunai":[1],"obtain_stats":[{"reliquary:TridentHead":9,"Dream Catcher":4,"reliquary:Buckler":8,"Kunai":14,"reliquary:QuartzCube":4,"BlackCat":0},{"reliquary:TridentHead":5,"Dream Catcher":2,"reliquary:Buckler":5,"Kunai":9,"reliquary:QuartzCube":2,"BlackCat":0},{"reliquary:TridentHead":17,"Dream Catcher":6,"reliquary:Buckler":17,"Kunai":30,"reliquary:QuartzCube":6,"BlackCat":0}]},"card_choices":[{"not_picked":["WickedThoughts","BleedOut"],"picked":"IllOmen","floor":1},{"not_picked":["Pillage","BleedOut"],"picked":"Bewitch","floor":3},{"not_picked":["Shrooms","RoilingBarrier"],"picked":"Demonfyre","floor":5},{"not_picked":["Atonement","BlackBolt"],"picked":"SummonRatFamiliar","floor":6},{"not_picked":["GnarledBody","SaltCircle"],"picked":"Schadenfreude","floor":8},{"not_picked":["Atonement","SummonRatFamiliar"],"picked":"MagicFang","floor":10},{"not_picked":["RiteOfWinter","Broomstick","Atonement"],"picked":"SKIP","floor":11},{"not_picked":["SaltCircle","WretchedNails"],"picked":"MagicFang","floor":12},{"not_picked":["DireShriek","SaltCircle"],"picked":"Demonfyre","floor":13},{"not_picked":["RoilingBarrier","LivingBomb"],"picked":"Schadenfreude","floor":14}],"player_experience":1009405,"relics_obtained":[{"floor":8,"key":"reliquary:Buckler"},{"floor":9,"key":"reliquary:TridentHead"},{"floor":14,"key":"Kunai"}],"event_choices":[{"damage_healed":0,"gold_gain":1,"player_choice":"Relic Relic ","damage_taken":6,"max_hp_gain":0,"max_hp_loss":0,"event_name":"betterThird:BetterScrap","floor":4,"gold_loss":0,"cards_obtained":["Setup"]}],"is_beta":false,"boss_relics":[],"items_purged_floors":[],"is_endless":false,"potions_floor_spawned":[5,8,12,14],"killed_by":"Slime Boss","ascension_level":7}}