{"host":"eaiphzh066bwqdh7","time":1612548703,"event":{"mods":["BaseMod","Better Note","Halation","Hubris","Minty Spire (QoL Compilation)","Reliquary","Replay The Spire","StSLib"],"gold_per_floor":[109,109,109,109,135,147,189,201,239,266,296,308,320,345,357,471,533,561,573,598,276,276,276],"floor_reached":22,"language":"ENG","playtime":585,"items_purged":["Parasite"],"score":237,"play_id":"ba5f708e-bc25-42d2-8421-43aca27c502c","local_time":"20210205131143","is_ascension_mode":true,"campfire_choices":[{"floor":6,"key":"REST"},{"floor":13,"key":"REST"},{"floor":15,"key":"REST"}],"circlet_count":0,"master_deck":["Strike_P+1","Strike_P+1","Strike_P","Defend_P","Defend_P","Eruption","Vigilance","Conclude","Evaluate","BattleHymn","PathToVictory","Study+1","LessonLearned","PathToVictory","DevaForm","ForeignInfluence","Worship","Ghostly","Ghostly","Ghostly","Ghostly","Ghostly"],"relics":["PureWater","MawBank","Juzu Bracelet","hubris:TenFootPole","Tiny House","White Beast Statue"],"acts_visited":["Exordium","TheCity"],"potions_floor_usage":[11,16,16,18],"damage_taken":[{"damage":16,"enemies":"2 Louse","floor":1,"turns":2},{"damage":0,"enemies":"Small Slimes","floor":5,"turns":2},{"damage":40,"enemies":"Gremlin Nob","floor":7,"turns":3},{"damage":0,"enemies":"Cultist","floor":10,"turns":2},{"damage":14,"enemies":"Lots of Slimes","floor":11,"turns":3},{"damage":14,"enemies":"Large Slime","floor":14,"turns":5},{"damage":32,"enemies":"Hexaghost","floor":16,"turns":8},{"damage":38,"enemies":"Shell Parasite","floor":18,"turns":4},{"damage":25,"enemies":"Spheric Guardian","floor":20,"turns":6},{"damage":13,"enemies":"Cultist and Chosen","floor":22,"turns":4}],"seed_played":"3552057567326813369","potions_obtained":[{"floor":7,"key":"SpeedPotion"},{"floor":10,"key":"FearPotion"},{"floor":11,"key":"Explosive Potion"},{"floor":17,"key":"ColorlessPotion"}],"is_trial":false,"path_per_floor":["M","?","?","?","M","R","E","?","T","M","M","?","R","M","R","B",null,"M","?","M","$","M"],"character_chosen":"WATCHER","items_purchased":["White Beast Statue"],"campfire_rested":3,"item_purchase_floors":[21],"current_hp_per_floor":[35,35,35,35,35,56,16,16,16,16,2,20,41,27,48,16,77,39,38,13,13,0,0],"gold":276,"neow_bonus":"TRANSFORM_TWO_CARDS","is_daily":false,"chose_seed":false,"campfire_upgraded":0,"win_rate":0.0,"timestamp":1612548703,"path_taken":["M","?","?","?","M","R","E","?","T","M","M","?","R","M","R","BOSS","M","?","M","$","M"],"items_purchased_type":["Relic"],"build_version":"2020-12-22","purchased_purges":1,"victory":false,"max_hp_per_floor":[72,72,72,72,72,72,72,72,72,72,72,72,72,72,72,72,77,77,38,38,35,35,35],"card_choices":[{"not_picked":["ClearTheMind","Perseverance"],"picked":"BattleHymn","floor":1},{"not_picked":["Halt","Perseverance"],"picked":"Study","floor":5},{"not_picked":["LikeWater","Replay:Anticipation","CutThroughFate"],"picked":"SKIP","floor":7},{"not_picked":["Evaluate","WheelKick"],"picked":"LessonLearned","floor":10},{"not_picked":["Adaptation","SashWhip"],"picked":"PathToVictory","floor":11},{"not_picked":["Perseverance","ThirdEye","Replay:Anticipation"],"picked":"SKIP","floor":14},{"not_picked":["Replay:AllIn","Establishment"],"picked":"DevaForm","floor":16},{"not_picked":["SandsOfTime","Replay:Cycle"],"picked":"ForeignInfluence","floor":17},{"not_picked":["EmptyBody","Pray"],"picked":"Worship","floor":18},{"not_picked":["Replay:AtTheReady","WheelKick","Replay:Vibes"],"picked":"SKIP","floor":20}],"player_experience":262658,"relics_obtained":[{"floor":4,"key":"MawBank"},{"floor":7,"key":"Juzu Bracelet"},{"floor":9,"key":"hubris:TenFootPole"}],"event_choices":[{"cards_removed":["Strike_P"],"damage_healed":0,"gold_gain":0,"player_choice":"Forget","damage_taken":0,"max_hp_gain":0,"max_hp_loss":0,"event_name":"Living Wall","floor":2,"gold_loss":0},{"damage_healed":0,"gold_gain":0,"player_choice":"Relic","damage_taken":0,"max_hp_gain":0,"max_hp_loss":0,"event_name":"Wheel of Change","floor":4,"gold_loss":0},{"damage_healed":0,"gold_gain":0,"player_choice":"Upgraded","damage_taken":0,"max_hp_gain":0,"max_hp_loss":0,"event_name":"Upgrade Shrine","floor":8,"gold_loss":0,"cards_upgraded":["Study"]},{"damage_healed":18,"gold_gain":0,"player_choice":"Healed and dodged fight","damage_taken":0,"max_hp_gain":0,"max_hp_loss":0,"event_name":"Mushrooms","floor":12,"gold_loss":0,"cards_obtained":["Parasite"]},{"damage_healed":0,"gold_gain":0,"player_choice":"Became a Ghost","damage_taken":0,"max_hp_gain":0,"max_hp_loss":39,"event_name":"Ghosts","floor":19,"gold_loss":0,"cards_obtained":["Ghostly","Ghostly","Ghostly","Ghostly","Ghostly"]}],"is_beta":false,"boss_relics":[{"not_picked":["ReplayTheSpireMod:DimensionalGlitch","halation:CatFaceCupcake"],"picked":"Tiny House"}],"items_purged_floors":[21],"is_endless":false,"potions_floor_spawned":[7,10,11],"killed_by":"Cultist and Chosen","ascension_level":3}}