{"host":"3geh3yhkfzzmefye","time":1612532785,"event":{"mods":["Astrologer","BaseMod","Beaked The Cultist","Conspire","Downfall","Friendly Minions","Hubris","Koishi","Minty Spire (QoL Compilation)","Replay The Spire","StSLib","The Administrix","The Construct","The Cursed"],"gold_per_floor":[99,116,132,132,150,150,150,169,169,181,181,201,201,216,233,335,335,335,354,371,391,2,2,51,75,96,96,96,96,116,141,160,266,266,266,289,309,331,350,350,359,380,380,401,430,430,430,430,430],"floor_reached":47,"language":"ENG","playtime":5806,"items_purged":[],"score":456,"play_id":"da6e48e3-d873-4211-b9ab-068a8defb978","local_time":"20210205144625","is_ascension_mode":false,"campfire_choices":[{"data":"bronze:Replicate","floor":1,"key":"SMITH"},{"data":"bronze:InfiniteLoop","floor":6,"key":"SMITH"},{"data":"bronze:HardenedForm","floor":9,"key":"SMITH"},{"data":"bronze:OilSpill","floor":11,"key":"SMITH"},{"floor":13,"key":"REST"},{"data":"bronze:RecursiveStrike","floor":18,"key":"SMITH"},{"data":"bronze:Virus","floor":23,"key":"SMITH"},{"floor":27,"key":"REST"},{"data":"bronze:InfiniteBeams","floor":29,"key":"SMITH"},{"data":"bronze:CleanCode","floor":35,"key":"SMITH"},{"floor":40,"key":"REST"},{"floor":46,"key":"REST"}],"circlet_count":0,"master_deck":["bronze:Strike","bronze:Strike","bronze:Strike","bronze:Defend","bronze:Defend","bronze:Defend","bronze:Defend","bronze:Replicate+1","bronze:Goto","bronze:CutThrough","bronze:OilSpill+1","bronze:InfiniteLoop+1","bronze:HardenedForm+1","bronze:Deprecate","bronze:FollowUp","bronze:Flail","bronze:CloningBeam","bronze:Branch","bronze:RecursiveStrike+1","bronze:OilSpill","bronze:InfiniteBeams+1","bronze:Return","bronze:Overload","bronze:Virus+1","bronze:Format","bronze:DelayedGuard","bronze:CloningBeam","bronze:DelayedSlice+1","bronze:InfiniteBeams+1","bronze:FineTuning","bronze:ClassDefault","bronze:BronzeArmor","bronze:CleanCode+1","bronze:FineTuning+1","bronze:Return","bronze:Return","bronze:BronzeOrb+1","Regret","bronze:Optimize+1","bronze:Separator","Parasite","bronze:Boost"],"relics":["bronze:BronzeCore","champ:DeflectingBracers","bronze:MakeshiftBattery","CeramicFish","Cursed Key","Replay:WaspNest"],"acts_visited":["Exordium","TheCity","TheBeyond"],"potions_floor_usage":[15,16,16,16,19,31,33,38,39,44,44,47],"damage_taken":[{"damage":0,"enemies":"conspire:RoseBush","floor":2,"turns":3},{"damage":1,"enemies":"Cultist","floor":3,"turns":3},{"damage":6,"enemies":"Jaw Worm","floor":5,"turns":2},{"damage":4,"enemies":"conspire:2 RoseBushes","floor":8,"turns":5},{"damage":14,"enemies":"Gremlin Gang","floor":10,"turns":4},{"damage":16,"enemies":"3 Louse","floor":12,"turns":2},{"damage":2,"enemies":"Exordium Wildlife","floor":14,"turns":3},{"damage":5,"enemies":"Lots of Slimes","floor":15,"turns":3},{"damage":12,"enemies":"SI_SHIV_ARCHETYPE","floor":16,"turns":4},{"damage":0,"enemies":"3 Byrds","floor":19,"turns":2},{"damage":17,"enemies":"conspire:FuzzyDice","floor":20,"turns":4},{"damage":13,"enemies":"3 Cultists","floor":21,"turns":4},{"damage":0,"enemies":"downfall:FleeingMerchant","floor":22,"turns":4},{"damage":21,"enemies":"Snake Plant","floor":25,"turns":2},{"damage":0,"enemies":"Snecko","floor":26,"turns":4},{"damage":6,"enemies":"Cultist and Chosen","floor":30,"turns":4},{"damage":7,"enemies":"Chosen and Byrds","floor":31,"turns":4},{"damage":4,"enemies":"conspire:HollyBat","floor":32,"turns":8},{"damage":47,"enemies":"WA_ARCHETYPE_CALM","floor":33,"turns":7},{"damage":0,"enemies":"3 Shapes","floor":36,"turns":2},{"damage":8,"enemies":"Orb Walker","floor":37,"turns":3},{"damage":21,"enemies":"Jaw Worm Horde","floor":38,"turns":3},{"damage":15,"enemies":"Transient","floor":39,"turns":5},{"damage":24,"enemies":"3 Darklings","floor":42,"turns":3},{"damage":25,"enemies":"Maw","floor":44,"turns":6},{"damage":1,"enemies":"Writhing Mass","floor":45,"turns":5},{"damage":29,"enemies":"beaked:SuperParasite","floor":47,"turns":4}],"seed_played":"7939311648511487762","potions_obtained":[{"floor":3,"key":"PowerPotion"},{"floor":12,"key":"Adrenaline Potion"},{"floor":14,"key":"Strength Potion"},{"floor":15,"key":"Strength Potion"},{"floor":16,"key":"SkillPotion"},{"floor":19,"key":"SpeedPotion"},{"floor":20,"key":"SpeedPotion"},{"floor":26,"key":"Weak Potion"},{"floor":30,"key":"champ:CounterPotion"},{"floor":31,"key":"Swift Potion"},{"floor":33,"key":"FearPotion"},{"floor":36,"key":"Weak Potion"},{"floor":38,"key":"Dexterity Potion"},{"floor":39,"key":"Energy Potion"},{"floor":42,"key":"Milkshake"}],"is_trial":false,"path_per_floor":["R","M","M","?","M","R","T","M","R","M","R","M","R","M","M","B",null,"R","M","M","M","$","R","T","M","M","R","?","R","M","M","M","B",null,"R","M","M","M","M","R","T","M","?","M","M","R","E"],"character_chosen":"THE_AUTOMATON","items_purchased":["bronze:Virus","bronze:Format","bronze:DelayedGuard","bronze:CloningBeam"],"campfire_rested":4,"item_purchase_floors":[22,22,22,22],"current_hp_per_floor":[77,77,76,76,70,70,70,66,66,52,52,36,59,57,52,40,77,77,77,60,47,47,47,47,26,26,49,74,74,68,61,57,10,77,77,77,69,48,33,56,56,32,32,7,6,29,0,0,0],"gold":430,"neow_bonus":"TEN_PERCENT_HP_BONUS","is_daily":false,"chose_seed":false,"campfire_upgraded":8,"win_rate":0.0,"timestamp":1612532785,"path_taken":["R","M","M","?","M","R","T","M","R","M","R","?","R","M","M","BOSS","R","M","M","M","$","R","T","M","?","R","?","R","M","M","M","BOSS","R","M","?","?","M","R","T","M","?","M","M","R","E"],"items_purchased_type":["Card","Card","Card","Card"],"build_version":"2020-12-22","purchased_purges":0,"victory":false,"max_hp_per_floor":[77,77,77,77,77,77,77,77,77,77,77,77,77,77,77,77,77,77,77,77,77,77,77,77,77,77,77,77,77,77,77,77,77,77,77,77,77,77,77,77,77,77,77,77,77,77,77,77,77],"card_choices":[{"not_picked":["bronze:BuggyMess","bronze:Turbo"],"picked":"bronze:CutThrough","floor":2},{"not_picked":["bronze:BuggyMess","bronze:DelayedGuard"],"picked":"bronze:OilSpill","floor":3},{"not_picked":["bronze:ChosenStrike","bronze:DelayedSlice"],"picked":"bronze:HardenedForm","floor":5},{"not_picked":["bronze:BitShift","bronze:Frontload"],"picked":"bronze:Deprecate","floor":8},{"not_picked":["bronze:BugBarrage","bronze:Backtrace"],"picked":"bronze:FollowUp","floor":10},{"not_picked":["bronze:Backtrace","bronze:Turbo"],"picked":"bronze:Flail","floor":12},{"not_picked":["bronze:DarkDash","bronze:BugBarrage"],"picked":"bronze:CloningBeam","floor":14},{"not_picked":["bronze:FindAndReplace","bronze:Turbo"],"picked":"bronze:Branch","floor":15},{"not_picked":["bronze:FindAndReplace","bronze:Break"],"picked":"bronze:RecursiveStrike","floor":16},{"not_picked":["bronze:Flail","bronze:Optimize+1"],"picked":"bronze:OilSpill","floor":19},{"not_picked":["bronze:Separator","bronze:Shield+1"],"picked":"bronze:InfiniteBeams+1","floor":20},{"not_picked":["bronze:BugBarrage","bronze:Turbo"],"picked":"bronze:Return","floor":21},{"not_picked":["bronze:Deprecate","bronze:WhirlingStrike"],"picked":"bronze:Overload","floor":22},{"not_picked":["bronze:Turbo","bronze:FindAndReplace"],"picked":"bronze:DelayedSlice+1","floor":25},{"not_picked":["bronze:OilSpill","bronze:DelayedSlice+1"],"picked":"bronze:InfiniteBeams","floor":26},{"not_picked":["bronze:WhirlingStrike","bronze:Deprecate"],"picked":"bronze:FineTuning","floor":30},{"not_picked":["bronze:DelayedSlice+1","bronze:BugBarrage+1"],"picked":"bronze:ClassDefault","floor":31},{"not_picked":["bronze:BuggyMess","bronze:Break"],"picked":"bronze:BronzeArmor","floor":32},{"not_picked":["bronze:ThunderWave","bronze:BurnOut"],"picked":"bronze:CleanCode","floor":33},{"not_picked":["bronze:Deprecate+1","bronze:Philosophize"],"picked":"bronze:FineTuning+1","floor":36},{"not_picked":["bronze:Deprecate+1","bronze:Shield"],"picked":"bronze:Return","floor":37},{"not_picked":["bronze:NullPointer","bronze:Turbo"],"picked":"bronze:Return","floor":38},{"not_picked":["bronze:Shield","bronze:Invalidate+1"],"picked":"bronze:BronzeOrb+1","floor":39},{"not_picked":["bronze:FindAndReplace","bronze:Iterate"],"picked":"bronze:Optimize+1","floor":42},{"not_picked":["bronze:CutThrough","bronze:BitShift+1"],"picked":"bronze:Separator","floor":44},{"not_picked":["bronze:FindAndReplace","bronze:Frontload"],"picked":"bronze:Boost","floor":45}],"player_experience":5786805,"relics_obtained":[{"floor":7,"key":"champ:DeflectingBracers"},{"floor":24,"key":"CeramicFish"},{"floor":41,"key":"Replay:WaspNest"}],"event_choices":[{"damage_healed":25,"gold_gain":0,"player_choice":"Heal","damage_taken":0,"max_hp_gain":0,"max_hp_loss":0,"event_name":"The Library","floor":28,"gold_loss":0},{"damage_healed":0,"gold_gain":0,"player_choice":"Leave","damage_taken":0,"max_hp_gain":0,"max_hp_loss":0,"event_name":"conspire:Investor","floor":43,"gold_loss":0}],"is_beta":false,"boss_relics":[{"not_picked":["Calling Bell","beaked:MawFillet"],"picked":"bronze:MakeshiftBattery"},{"not_picked":["ReplayTheSpireMod:DimensionalGlitch","Tiny House"],"picked":"Cursed Key"}],"items_purged_floors":[],"is_endless":false,"potions_floor_spawned":[3,12,14,15,16,19,20,26,30,31,33,36,38,39,42],"killed_by":"beaked:SuperParasite","ascension_level":0}}