{"host":"d8cz15m779bv9isj","time":1612546910,"event":{"mods":["Aspiration","BaseMod","Colored Map","Colored Powertips","DeckTracker","Highlight Path","Hubris","Infinite Spire","Minty Spire (QoL Compilation)","Quick Restart","Random Character Button","Relic Sorter","Replay The Spire","StSLib","SuperFastMode","Synergy Search","The Cursed","The Disciple","The Jungle","The Runesmith"],"gold_per_floor":[119,119,73,73,100,100,133,133,157,167,117,137,148,179,179,282,282,302,25,25,25,41,67,67,102,102,132,132,132,132],"floor_reached":29,"language":"ENG","playtime":913,"items_purged":["Strike_R"],"score":406,"play_id":"167535c0-f7cb-4c7e-ba45-7fba846d426c","local_time":"20210205184150","is_ascension_mode":true,"campfire_choices":[{"data":"Bash","floor":6,"key":"SMITH"},{"data":"Pommel Strike","floor":8,"key":"SMITH"},{"data":"Flex","floor":15,"key":"SMITH"},{"data":"Tempo","floor":24,"key":"SMITH"}],"circlet_count":0,"master_deck":["Strike_R","Strike_R","Strike_R","Defend_R","Defend_R","Defend_R","Defend_R","Bash+1","Heavy Blade+1","Pommel Strike+1","Spot Weakness","Pommel Strike","Flex+1","Warcry","Reaper","ReplayTheSpireMod:LeadingStrike+1","Flex","Shame","Acrobatics","Allegro+1","Runesmith:Reinforce+1","Backflip"],"relics":["Burning Blood","theJungle:SneckoAutograph","aspiration:Nostalgia","Sizzling Blood","aspiration:HiddenCompartment","hubris:TinFlute","ReplayTheSpireMod:Spearhead","Bird Faced Urn","Philosopher\u0027s Stone","PrismaticShard","hubris:CrystalStatue","infinitespire:Broken Mirror","Bag of Preparation","Replay:Rubber Ducky","hubris:FunFungus","Replay:Bottled Eggs","Mark of Pain"],"acts_visited":["Exordium","Exordium"],"potions_floor_usage":[16,16,23,29],"damage_taken":[{"damage":12,"enemies":"Jaw Worm","floor":1,"turns":3},{"damage":0,"enemies":"3 Sentries","floor":7,"turns":1},{"damage":3,"enemies":"2 Louse","floor":10,"turns":2},{"damage":4,"enemies":"Small Slimes","floor":12,"turns":3},{"damage":16,"enemies":"Blue Slaver","floor":13,"turns":3},{"damage":40,"enemies":"Lagavulin","floor":14,"turns":4},{"damage":22,"enemies":"The Guardian","floor":16,"turns":6},{"damage":49,"enemies":"theJungle:5_Spyders","floor":18,"turns":7},{"damage":11,"enemies":"Shell Parasite","floor":22,"turns":3},{"damage":10,"enemies":"theJungle:Cassacara","floor":23,"turns":5},{"damage":79,"enemies":"theJungle:MamaSnecko","floor":25,"turns":5},{"damage":44,"enemies":"theJungle:2_Phrogs","floor":27,"turns":7},{"damage":24,"enemies":"Nightmare","floor":29,"turns":3}],"seed_played":"1626699327431813107","potions_obtained":[{"floor":1,"key":"FearPotion"},{"floor":7,"key":"SpeedPotion"},{"floor":22,"key":"DuplicationPotion"},{"floor":27,"key":"SneckoOil"}],"is_trial":false,"path_per_floor":["M","?","$","?","T","R","E","R","T","M","?","M","M","E","R","B",null,"M","$","?","T","M","E","R","E","T","E","AVR","NM"],"character_chosen":"IRONCLAD","items_purchased":["Heavy Blade","PrismaticShard","Flex"],"campfire_rested":0,"item_purchase_floors":[3,19,19],"current_hp_per_floor":[74,54,54,54,54,54,64,64,64,71,71,77,71,41,41,29,70,40,40,40,40,55,84,84,15,15,13,13,0,0],"gold":132,"neow_bonus":"NOSTALGIA","is_daily":false,"chose_seed":false,"campfire_upgraded":4,"win_rate":0.0,"timestamp":1612546910,"path_taken":["M","?","$","?","?","R","E","R","T","M","?","M","M","E","R","BOSS","M","$","?","?","M","E","R","E","T","E","AVR","NM"],"items_purchased_type":["Card","Relic","Card"],"build_version":"2020-12-22","purchased_purges":1,"victory":false,"max_hp_per_floor":[84,84,84,84,84,84,84,84,84,84,84,84,84,84,84,84,84,84,84,84,84,84,84,84,84,84,84,84,84,84],"card_choices":[{"not_picked":["Blood for Blood","Thunderclap","Wild Strike"],"picked":"SKIP","floor":1},{"not_picked":["hubris:Rewind","infinitespire:NeuralNetwork"],"picked":"infinitespire:SealOfDarkness+","floor":2},{"not_picked":["Reckless Charge","Clothesline"],"picked":"Pommel Strike","floor":7},{"not_picked":["Seeing Red","Body Slam"],"picked":"Spot Weakness","floor":10},{"not_picked":["Anger","Armaments"],"picked":"Pommel Strike","floor":12},{"not_picked":["Spot Weakness","Reaper"],"picked":"Flex","floor":13},{"not_picked":["Infernal Blade","Pommel Strike"],"picked":"Warcry","floor":14},{"not_picked":["Feed","Impervious"],"picked":"Reaper","floor":16},{"not_picked":["Power Through","Dual Wield"],"picked":"ReplayTheSpireMod:LeadingStrike+1","floor":18},{"not_picked":["Body Slam","Echoward"],"picked":"Acrobatics","floor":22},{"not_picked":["Hologram","Clash"],"picked":"Tempo","floor":23},{"not_picked":["Armaments","Night Terror"],"picked":"Runesmith:Reinforce+1","floor":25},{"not_picked":["WaveOfTheHand+1","HandsUpB"],"picked":"Backflip","floor":27}],"player_experience":230204,"relics_obtained":[{"floor":5,"key":"aspiration:HiddenCompartment"},{"floor":7,"key":"hubris:TinFlute"},{"floor":9,"key":"ReplayTheSpireMod:Spearhead"},{"floor":14,"key":"Bird Faced Urn"},{"floor":21,"key":"hubris:CrystalStatue"},{"floor":23,"key":"infinitespire:Broken Mirror"},{"floor":25,"key":"Bag of Preparation"},{"floor":26,"key":"Replay:Rubber Ducky"},{"floor":27,"key":"hubris:FunFungus"}],"event_choices":[{"damage_healed":0,"gold_gain":0,"player_choice":"Grow","damage_taken":0,"max_hp_gain":0,"max_hp_loss":0,"event_name":"Living Wall","floor":4,"gold_loss":0,"cards_upgraded":["Heavy Blade"]},{"cards_removed":["Strike_R"],"damage_healed":0,"gold_gain":0,"player_choice":"Card Removal","damage_taken":0,"max_hp_gain":0,"max_hp_loss":0,"event_name":"The Cleric","floor":11,"gold_loss":50}],"is_beta":false,"boss_relics":[{"not_picked":["Tiny House","Snecko Eye"],"picked":"Philosopher\u0027s Stone"}],"items_purged_floors":[19],"is_endless":false,"potions_floor_spawned":[1,7,22,27],"killed_by":"Nightmare","ascension_level":6}}