{"host":"gf8hyl7jhl0is674","time":1612493893,"event":{"mods":["2.2 Compatiblity","Act Like it!","Aspiration","BaseMod","CapriCore","Chen","Colored Map","Gensokyo","Hallownest","Jorbs\u0027s Wanderer Trilogy","Koishi","Marisa????????","Minty Spire (QoL Compilation)","Onozuka Komachi Mod","Permanent Neow","Reimu??????","StSLib","The Administrix","The Blue Laboratory","The Immortal","The Jungle","The Servant 0.9.4","Waifu the Spire","Yakumo Yukari mod"],"gold_per_floor":[111,123,123,123,123,123,48,48,48,83,97,97,97,126,126,223,223,241,71,85,104,118,118,153,170,170,170,180,205,218,218,218,218,218],"floor_reached":33,"language":"ENG","playtime":6107,"items_purged":["Koishi:BasicDefend","Eviscerate"],"score":315,"play_id":"382ab7e5-4f16-4af8-890c-fead39fcec17","local_time":"20210204195813","is_ascension_mode":false,"campfire_choices":[{"data":"Koishi:EmbersOfLove","floor":6,"key":"SMITH"},{"data":"Koishi:Provoke","floor":8,"key":"SMITH"},{"data":"Riddle With Holes","floor":13,"key":"SMITH"},{"data":"Koishi:PhantomBarrier","floor":15,"key":"SMITH"},{"data":"Koishi:Ego","floor":23,"key":"SMITH"},{"floor":32,"key":"REST"}],"circlet_count":0,"master_deck":["Koishi:BasicStrike","Koishi:BasicStrike","Koishi:BasicDefend","Koishi:BasicDefend","Koishi:Provoke+1","Koishi:EmbersOfLove+1","Koishi:Jaunt","Koishi:DreadfulBlow","Riddle With Holes+1","Distraction","Koishi:PhantomBarrier+1","Koishi:Ego+1","Koishi:MassHysteria+1","Koishi:ReleaseOfTheId","Koishi:Whimsy+1","Koishi:Prune","Koishi:Prune","Koishi:EmbryosDream"],"relics":["Koishi:ImaginaryFriend","aspiration:DSix","Gensokyo:Mercy","Strawberry","Bag of Preparation","Turnip","Black Star","Matryoshka","Tiny Chest","aspiration:HiddenCompartment","RuthlessExorcism:ReiMu","Mastiff:ReiMu"],"acts_visited":["Gensokyo:Gensokyo","Gensokyo:Gensokyo"],"potions_floor_usage":[1,10,18,24,31,31,31],"damage_taken":[{"damage":0,"enemies":"Gensokyo:Python","floor":1,"turns":3},{"damage":0,"enemies":"Gensokyo:3_Fairies","floor":2,"turns":5},{"damage":6,"enemies":"Gensokyo:Mamizou","floor":10,"turns":10},{"damage":0,"enemies":"Gensokyo:Gryphon","floor":11,"turns":3},{"damage":39,"enemies":"Gensokyo:Cirno","floor":14,"turns":9},{"damage":11,"enemies":"Gensokyo:Yukari","floor":16,"turns":15},{"damage":0,"enemies":"theJungle:GiantWrat","floor":18,"turns":10},{"damage":3,"enemies":"theJungle:Flameango_and_Byrd","floor":20,"turns":6},{"damage":19,"enemies":"theJungle:2_Flameangoes","floor":21,"turns":9},{"damage":3,"enemies":"theJungle:Snecko_Cultist_And_Trap","floor":22,"turns":7},{"damage":18,"enemies":"theJungle:MamaSnecko","floor":24,"turns":8},{"damage":8,"enemies":"theJungle:SlimyTreeVines","floor":25,"turns":6},{"damage":13,"enemies":"theJungle:2_Flameangoes","floor":28,"turns":6},{"damage":16,"enemies":"theJungle:2_Phrogs","floor":29,"turns":9},{"damage":10,"enemies":"theJungle:Snecko_Cultist_And_Trap","floor":30,"turns":6},{"damage":0,"enemies":"theJungle:MamaSnecko","floor":31,"turns":3},{"damage":25,"enemies":"theJungle:QueenSpyder","floor":33,"turns":16}],"seed_played":"-905879640155482254","potions_obtained":[{"floor":1,"key":"EntropicBrew"},{"floor":16,"key":"Dexterity Potion"},{"floor":18,"key":"blueLaboratory:BottleOfRum"},{"floor":20,"key":"GamblersBrew"},{"floor":28,"key":"blueLaboratory:TrueEctoplasm"},{"floor":30,"key":"EssenceOfSteel"}],"is_trial":false,"path_per_floor":["M","M","?","?","?","R","$","R","T","E","M","?","R","E","R","B",null,"M","$","M","M","M","R","E","M","T","?","M","E","M","E","R","B"],"character_chosen":"KOISHI","items_purchased":["Koishi:ReleaseOfTheId"],"campfire_rested":1,"item_purchase_floors":[19],"current_hp_per_floor":[60,60,60,57,57,57,57,57,57,51,53,53,53,14,14,3,67,67,67,65,48,45,45,30,24,24,33,23,11,2,2,22,0,0],"gold":218,"neow_bonus":"DSIX","is_daily":false,"chose_seed":false,"campfire_upgraded":5,"win_rate":0.0,"timestamp":1612493893,"path_taken":["M","M","?","?","?","R","?","R","T","E","M","?","R","E","R","BOSS","M","$","?","M","M","R","E","M","T","?","M","E","M","E","R","BOSS"],"items_purchased_type":["Card"],"build_version":"2020-12-22","purchased_purges":2,"victory":false,"max_hp_per_floor":[60,60,60,67,67,67,67,67,67,67,67,67,67,67,67,67,67,67,67,67,67,67,67,67,67,67,67,67,67,67,67,67,67,67],"card_choices":[{"not_picked":["Koishi:BloodcurdlingScream","Koishi:ReflexRadar"],"picked":"Koishi:EmbersOfLove","floor":1},{"not_picked":["Koishi:GhostParty","Koishi:JumpScare"],"picked":"Koishi:Jaunt","floor":2},{"not_picked":["Koishi:Jaunt","Koishi:DanmakuParanoia"],"picked":"Koishi:DreadfulBlow","floor":10},{"not_picked":["Koishi:MindStellarRelief","Koishi:FleetingPhantom","Koishi:GhostParty"],"picked":"SKIP","floor":11},{"not_picked":["Koishi:MindStellarRelief","Koishi:HeartfeltFancy"],"picked":"Koishi:PhantomBarrier","floor":14},{"not_picked":["Koishi:RollingInRichesHeart","Koishi:RuptureMind"],"picked":"Koishi:Ego","floor":16},{"not_picked":["Koishi:StingingMind","Koishi:HeartfeltFancy+1"],"picked":"Koishi:MassHysteria+1","floor":18},{"not_picked":["Koishi:DNAsFlaw+1","Koishi:EmbryosDream+1","Koishi:ReflexRadar+1"],"picked":"SKIP","floor":20},{"not_picked":["Koishi:ReflexRadar","Koishi:PhantomStrike"],"picked":"Koishi:Whimsy+1","floor":21},{"not_picked":["Koishi:DreadfulBlow+1","Koishi:VengefulSpirit+1"],"picked":"Koishi:Prune","floor":22},{"not_picked":["Koishi:SubterraneanRose+1","Koishi:TerrifyingSpectre"],"picked":"Koishi:Prune","floor":24},{"not_picked":["Koishi:HeartfeltFancy","Koishi:DNAsFlaw","Koishi:ApparitionsStalkTheNight"],"picked":"SKIP","floor":25},{"not_picked":["Koishi:Prune","Koishi:JumpScare+1","Koishi:PhilosophyOfTheDespised+1"],"picked":"SKIP","floor":28},{"not_picked":["Koishi:ReleaseOfTheId","Koishi:FidgetySnatcher","Koishi:SubconsciousSweep"],"picked":"SKIP","floor":29},{"not_picked":["Koishi:FormlessExistence","Koishi:Jaunt"],"picked":"Koishi:EmbryosDream","floor":30}],"player_experience":426592,"relics_obtained":[{"floor":10,"key":"Bag of Preparation"},{"floor":14,"key":"Turnip"},{"floor":24,"key":"Matryoshka"},{"floor":24,"key":"Tiny Chest"},{"floor":26,"key":"aspiration:HiddenCompartment"},{"floor":29,"key":"RuthlessExorcism:ReiMu"},{"floor":29,"key":"Mastiff:ReiMu"}],"event_choices":[],"is_beta":false,"boss_relics":[{"not_picked":["SacredBark","aspiration:DefectSkillbook"],"picked":"Black Star"}],"items_purged_floors":[7,19],"is_endless":false,"potions_floor_spawned":[1,16,18,20,21,28,30],"killed_by":"theJungle:QueenSpyder","ascension_level":0}}