{"host":"6pfj0wha12yu6wq3","time":1612506054,"event":{"mods":["AchievementEnabler","BaseMod","Colored Map","Colored Powertips","Curses Come First","DeckTracker","Minty Spire (QoL Compilation)","RNG Fix","Relic Sorter","Relic Stats","StSLib","UnlockEverythingMod","ojb\u0027s Better Paths Mod","ojb\u0027s Info Mod"],"gold_per_floor":[362,362,327,341,365,400,400,434,458,489,489,518,528,545,545,619,619,639,288,288,203,216,216,242,31,31,65,65,83,112,127,127,199,199,214,224,124,124,138,168,168,193,193,193,220,220,231,249,249,249,249,249,249,30,57,57],"floor_reached":57,"language":"ENG","playtime":4428,"items_purged":["Strike_G","Strike_G","Strike_G"],"score":3777,"play_id":"dc0dc627-39ad-4f6b-8dd3-a6953e9b7bbb","local_time":"20210205012054","is_ascension_mode":true,"campfire_choices":[{"data":"Blade Dance","floor":7.0,"key":"SMITH"},{"data":"Cloak And Dagger","floor":11.0,"key":"SMITH"},{"data":"Calculated Gamble","floor":15.0,"key":"SMITH"},{"data":"RitualDagger","floor":23.0,"key":"SMITH"},{"data":"Burst","floor":32,"key":"SMITH"},{"floor":44,"key":"RECALL"},{"data":"1","floor":49,"key":"LIFT"},{"data":"2","floor":53,"key":"LIFT"}],"circlet_count":0,"master_deck":["AscendersBane","Strike_G","Strike_G","Defend_G","Defend_G","Defend_G","Defend_G","Defend_G","Survivor","Neutralize","Dash","Blade Dance+1","Finisher","Cloak And Dagger+1","Terror","Infinite Blades","Calculated Gamble+1","Burst+1","Blade Dance","RitualDagger+1","Terror+1","Backstab","Necronomicurse","Dash","Backflip","Blade Dance","After Image","Accuracy","Acrobatics+1","Decay","Reflex+1","Acrobatics+1","Tactician+1"],"relics":["Ring of the Snake","Happy Flower","PreservedInsect","Kunai","Darkstone Periapt","Blood Vial","Potion Belt","The Courier","Coffee Dripper","Centennial Puzzle","Meat on the Bone","Boot","Bag of Preparation","Lizard Tail","Necronomicon","Pantograph","Runic Pyramid","Question Card","Matryoshka","Girya","Blue Candle","Eternal Feather","Ginger","Sundial","Pear"],"acts_visited":["Exordium","TheCity","TheBeyond","TheEnding"],"potions_floor_usage":[33,55,56,56,56,56,56,56,56],"damage_taken":[{"damage":8.0,"enemies":"Cultist","floor":1.0,"turns":6.0},{"damage":4.0,"enemies":"2 Louse","floor":4.0,"turns":4.0},{"damage":12.0,"enemies":"3 Sentries","floor":6.0,"turns":10.0},{"damage":12.0,"enemies":"Lagavulin","floor":8.0,"turns":7.0},{"damage":7.0,"enemies":"Gremlin Nob","floor":10.0,"turns":3.0},{"damage":3.0,"enemies":"3 Sentries","floor":12.0,"turns":10.0},{"damage":0.0,"enemies":"Jaw Worm","floor":13.0,"turns":2.0},{"damage":0.0,"enemies":"2 Fungi Beasts","floor":14.0,"turns":3.0},{"damage":0.0,"enemies":"The Guardian","floor":16.0,"turns":12.0},{"damage":9.0,"enemies":"Shell Parasite","floor":18.0,"turns":4.0},{"damage":7.0,"enemies":"2 Thieves","floor":22.0,"turns":4.0},{"damage":14.0,"enemies":"Gremlin Leader","floor":24.0,"turns":4.0},{"damage":2,"enemies":"Slavers","floor":27,"turns":3},{"damage":0,"enemies":"Centurion and Healer","floor":29,"turns":2},{"damage":3,"enemies":"Gremlin Leader","floor":30,"turns":4},{"damage":0,"enemies":"3 Cultists","floor":31,"turns":3},{"damage":45,"enemies":"Automaton","floor":33,"turns":10},{"damage":14,"enemies":"3 Darklings","floor":35,"turns":7},{"damage":0,"enemies":"Orb Walker","floor":36,"turns":3},{"damage":0,"enemies":"Maw","floor":39,"turns":7},{"damage":0,"enemies":"Giant Head","floor":40,"turns":6},{"damage":3,"enemies":"Nemesis","floor":42,"turns":3},{"damage":1,"enemies":"Giant Head","floor":45,"turns":6},{"damage":2,"enemies":"Sphere and 2 Shapes","floor":47,"turns":3},{"damage":7,"enemies":"Writhing Mass","floor":48,"turns":9},{"damage":8,"enemies":"Awakened One","floor":50,"turns":15},{"damage":9,"enemies":"Donu and Deca","floor":51,"turns":9},{"damage":0,"enemies":"Shield and Spear","floor":55,"turns":3},{"damage":30,"enemies":"The Heart","floor":56,"turns":8}],"seed_played":"-2079211328606185706","potions_obtained":[{"floor":1.0,"key":"SteroidPotion"},{"floor":6.0,"key":"SneckoOil"},{"floor":12.0,"key":"Weak Potion"},{"floor":14.0,"key":"Ancient Potion"},{"floor":16.0,"key":"EssenceOfSteel"},{"floor":27,"key":"Dexterity Potion"},{"floor":29,"key":"Explosive Potion"},{"floor":30,"key":"GhostInAJar"},{"floor":35,"key":"SpeedPotion"},{"floor":36,"key":"AttackPotion"},{"floor":47,"key":"EntropicBrew"},{"floor":55,"key":"Explosive Potion"}],"is_trial":false,"path_per_floor":["M","?","?","M","T","E","R","E","T","E","R","E","M","M","R","B",null,"M","$","?","?","M","R","E","$","T","E","?","M","E","M","R","B",null,"M","M","$","T","M","E","?","E","T","R","E","?","M","M","R","B","B",null,"R","$","E","B",null],"character_chosen":"THE_SILENT","items_purchased":["Blade Dance","Centennial Puzzle","Happy Flower","Bag of Preparation","Sundial"],"campfire_rested":0,"item_purchase_floors":[19,19,19,25,54],"current_hp_per_floor":[36,36,52,48,48,36,36,24,24,19,19,18,20,22,22,24,56,49,49,43,43,38,38,38,38,38,38,23,37,48,50,50,39,64,52,54,54,54,56,58,64,63,63,78,77,77,76,71,78,70,69,76,78,78,88,58],"gold":57,"neow_bonus":"TWO_FIFTY_GOLD","is_daily":false,"chose_seed":false,"campfire_upgraded":5,"win_rate":0.0,"timestamp":1612506054,"path_taken":["M","?","?","M","?","E","R","E","T","E","R","E","M","M","R","BOSS","M","$","?","?","?","R","E","$","T","E","?","M","E","M","R","BOSS","M","?","$","?","M","E","?","E","T","R","E","?","M","M","R","BOSS","BOSS","R","$","E","BOSS"],"items_purchased_type":["Card","Relic","Relic","Relic","Relic"],"build_version":"2020-12-22","purchased_purges":3,"victory":true,"max_hp_per_floor":[66,66,66,66,66,66,66,66,66,66,66,66,66,66,66,66,66,66,66,66,66,66,66,66,66,66,66,72,72,72,72,72,72,72,72,72,72,72,72,72,78,78,78,78,78,78,78,78,78,78,78,78,78,78,88,88],"relic_stats":{"Darkstone Periapt":12,"Happy Flower":[36],"counters":[29,170],"Blue Candle":[7],"Eternal Feather":24,"PreservedInsect":648,"Bag of Preparation":[34],"Ginger":[8],"Boot":[109],"Question Card":7,"Blood Vial":37,"Centennial Puzzle":[38],"Lizard Tail":0,"Sundial":[0],"Pantograph":30,"Necronomicon":[39],"Kunai":[163],"obtain_stats":[{"Darkstone Periapt":8,"Bag of Preparation":25,"Ginger":45,"Boot":24,"Blood Vial":9,"Centennial Puzzle":19,"Lizard Tail":27,"Matryoshka":40,"Sundial":54,"Pantograph":30,"Necronomicon":28,"Kunai":6,"Ring of the Snake":0,"Runic Pyramid":34,"Potion Belt":10,"Girya":42,"Pear":55,"Happy Flower":19,"Blue Candle":43,"Eternal Feather":43,"PreservedInsect":5,"The Courier":12,"Question Card":38,"Coffee Dripper":17,"Meat on the Bone":21},{"Darkstone Periapt":4,"Bag of Preparation":12,"Ginger":23,"Boot":12,"Blood Vial":4,"Centennial Puzzle":10,"Lizard Tail":13,"Matryoshka":21,"Sundial":27,"Pantograph":15,"Necronomicon":13,"Kunai":3,"Ring of the Snake":0,"Runic Pyramid":17,"Potion Belt":5,"Girya":22,"Pear":28,"Happy Flower":10,"Blue Candle":22,"Eternal Feather":22,"PreservedInsect":2,"The Courier":6,"Question Card":19,"Coffee Dripper":9,"Meat on the Bone":10},{"Darkstone Periapt":27,"Bag of Preparation":69,"Ginger":123,"Boot":69,"Blood Vial":27,"Centennial Puzzle":61,"Lizard Tail":72,"Matryoshka":114,"Sundial":159,"Pantograph":78,"Necronomicon":72,"Kunai":20,"Ring of the Snake":0,"Runic Pyramid":91,"Potion Belt":30,"Girya":117,"Pear":162,"Happy Flower":61,"Blue Candle":117,"Eternal Feather":117,"PreservedInsect":10,"The Courier":40,"Question Card":101,"Coffee Dripper":57,"Meat on the Bone":61}],"Ring of the Snake":[58],"Meat on the Bone":48},"card_choices":[{"not_picked":["Tactician","Deflect"],"picked":"Dash","floor":1.0},{"not_picked":["Setup","Deadly Poison"],"picked":"Blade Dance","floor":4.0},{"not_picked":["Outmaneuver","Leg Sweep"],"picked":"Finisher","floor":6.0},{"not_picked":["Noxious Fumes","Poisoned Stab"],"picked":"Cloak And Dagger","floor":8.0},{"not_picked":["Backflip","Noxious Fumes"],"picked":"Terror","floor":10.0},{"not_picked":["Slice","Bane"],"picked":"Infinite Blades","floor":12.0},{"not_picked":["Sucker Punch","Setup","Slice"],"picked":"SKIP","floor":13.0},{"not_picked":["Predator","Poisoned Stab"],"picked":"Calculated Gamble","floor":14.0},{"not_picked":["Storm of Steel","Unload"],"picked":"Burst","floor":16.0},{"not_picked":["Distraction","Flying Knee","Quick Slash"],"picked":"SKIP","floor":18.0},{"not_picked":["Dagger Spray","Noxious Fumes","Poisoned Stab"],"picked":"SKIP","floor":22.0},{"not_picked":["Sucker Punch","Bouncing Flask"],"picked":"Terror+1","floor":24.0},{"not_picked":["Slice","Well Laid Plans"],"picked":"Backstab","floor":27},{"not_picked":["Distraction+1","Slice"],"picked":"Dash","floor":29},{"not_picked":["All Out Attack","Blade Dance"],"picked":"Backflip","floor":30},{"not_picked":["Bane","All Out Attack"],"picked":"Blade Dance","floor":31},{"not_picked":["Corpse Explosion","Adrenaline"],"picked":"After Image","floor":33},{"not_picked":["Slice","Underhanded Strike","Skewer"],"picked":"SKIP","floor":35},{"not_picked":["Dagger Spray","Quick Slash+1","Poisoned Stab+1"],"picked":"SKIP","floor":36},{"not_picked":["Dagger Spray","Acrobatics","Burst"],"picked":"Accuracy","floor":39},{"not_picked":["Flying Knee","Deadly Poison","Terror+1"],"picked":"Acrobatics+1","floor":40},{"not_picked":["Masterful Stab+1","Distraction+1","Dodge and Roll","Terror"],"picked":"SKIP","floor":42},{"not_picked":["Masterful Stab+1","Distraction+1","Dodge and Roll","Terror"],"picked":"SKIP","floor":42},{"not_picked":["Underhanded Strike","Acrobatics","Deadly Poison"],"picked":"Reflex+1","floor":45},{"not_picked":["Deflect","Prepared","Dodge and Roll"],"picked":"Acrobatics+1","floor":47},{"not_picked":["Infinite Blades","Caltrops","Poisoned Stab","Predator"],"picked":"SKIP","floor":48},{"not_picked":["Escape Plan","Poisoned Stab","Terror"],"picked":"Tactician+1","floor":55}],"player_experience":641663,"relics_obtained":[{"floor":5.0,"key":"PreservedInsect"},{"floor":6.0,"key":"Kunai"},{"floor":8.0,"key":"Darkstone Periapt"},{"floor":9.0,"key":"Blood Vial"},{"floor":10.0,"key":"Potion Belt"},{"floor":12.0,"key":"The Courier"},{"floor":24.0,"key":"Boot"},{"floor":27,"key":"Lizard Tail"},{"floor":28,"key":"Necronomicon"},{"floor":30,"key":"Pantograph"},{"floor":38,"key":"Question Card"},{"floor":40,"key":"Matryoshka"},{"floor":42,"key":"Girya"},{"floor":43,"key":"Blue Candle"},{"floor":43,"key":"Eternal Feather"},{"floor":45,"key":"Ginger"},{"floor":55,"key":"Pear"}],"event_choices":[{"damage_healed":0.0,"max_hp_gain":0.0,"max_hp_loss":0.0,"gold_gain":0.0,"event_name":"Liars Game","player_choice":"Ignored","floor":2.0,"gold_loss":0.0,"damage_taken":0.0},{"damage_healed":16.0,"max_hp_gain":0.0,"max_hp_loss":0.0,"gold_gain":0.0,"event_name":"The Cleric","player_choice":"Healed","floor":3.0,"gold_loss":35.0,"damage_taken":0.0},{"damage_healed":0.0,"max_hp_gain":0.0,"max_hp_loss":0.0,"gold_gain":0.0,"event_name":"Nest","player_choice":"Joined the Cult","floor":20.0,"gold_loss":0.0,"damage_taken":6.0,"cards_obtained":["RitualDagger"]},{"damage_healed":0.0,"max_hp_gain":0.0,"max_hp_loss":0.0,"gold_gain":0.0,"event_name":"Addict","player_choice":"Obtained Relic","floor":21.0,"gold_loss":85.0,"damage_taken":0.0,"relics_obtained":["Meat on the Bone"]},{"damage_healed":0,"gold_gain":0,"player_choice":"Obtained Book","damage_taken":21,"max_hp_gain":0,"max_hp_loss":0,"event_name":"Cursed Tome","floor":28,"gold_loss":0},{"damage_healed":0,"gold_gain":0,"player_choice":"Cursed","damage_taken":0,"max_hp_gain":0,"max_hp_loss":0,"event_name":"Wheel of Change","floor":41,"gold_loss":0,"cards_obtained":["Decay"]},{"damage_healed":0,"gold_gain":0,"player_choice":"Ignored","damage_taken":0,"max_hp_gain":0,"max_hp_loss":0,"event_name":"SecretPortal","floor":46,"gold_loss":0}],"is_beta":false,"boss_relics":[{"not_picked":["Runic Dome","Black Star"],"picked":"Coffee Dripper"},{"not_picked":["Cursed Key","Busted Crown"],"picked":"Runic Pyramid"}],"items_purged_floors":[19,25,37],"is_endless":false,"potions_floor_spawned":[1,6,12,14,16,27,29,30,31,35,36,42,47,55],"ascension_level":20}}