{"host":"k919bq8mkuzdqhzi","time":1612562010,"event":{"mods":["AchievementEnabler","BaseMod","Colored Map","Colored Powertips","DeckTracker","Minty Spire (QoL Compilation)","Relic Sorter","SuperFastMode"],"gold_per_floor":[117,4,4,4,16,16,16,16,16,32,46,46,56,88,88,185,185,198,198,198,183,202,202,30,30,30,49,63,63,63,76,76,172,172,188,202,202,202],"floor_reached":37,"language":"ENG","playtime":3872,"items_purged":["Strike_B","Defend_B"],"score":396,"play_id":"33b4887a-d893-41ca-a2e6-9d6057a5f2d8","local_time":"20210205165330","is_ascension_mode":false,"campfire_choices":[{"data":"Redo","floor":6,"key":"SMITH"},{"data":"Fission","floor":8,"key":"SMITH"},{"data":"Dualcast","floor":12,"key":"SMITH"},{"data":"Zap","floor":15,"key":"SMITH"},{"data":"Consume","floor":23,"key":"SMITH"},{"data":"Auto Shields","floor":25,"key":"SMITH"},{"floor":30,"key":"REST"},{"data":"Glacier","floor":32,"key":"SMITH"}],"circlet_count":0,"master_deck":["Defend_B","Defend_B","Defend_B","Zap+1","Dualcast+1","Fission+1","Gash","Glacier+1","Redo+1","Conserve Battery","Beam Cell","Auto Shields+1","Scrape","Echo Form+1","Streamline","Bite","Bite","Bite","Bite","Bite","Capacitor","Steam+1","Consume+1","Genetic Algorithm","Cold Snap+1","Leap+1","Darkness+1","Reboot","Blizzard","Coolheaded+1","Parasite"],"relics":["Cracked Core","Sundial","Ornamental Fan","WingedGreaves","Inserter","TungstenRod","Busted Crown"],"acts_visited":["Exordium","TheCity","TheBeyond"],"potions_floor_usage":[16,16,33,36],"damage_taken":[{"damage":2,"enemies":"Small Slimes","floor":1,"turns":3},{"damage":0,"enemies":"2 Louse","floor":5,"turns":3},{"damage":0,"enemies":"Cultist","floor":10,"turns":3},{"damage":0,"enemies":"2 Fungi Beasts","floor":11,"turns":4},{"damage":1,"enemies":"Blue Slaver","floor":13,"turns":3},{"damage":6,"enemies":"3 Sentries","floor":14,"turns":13},{"damage":16,"enemies":"The Guardian","floor":16,"turns":15},{"damage":11,"enemies":"Spheric Guardian","floor":18,"turns":4},{"damage":19,"enemies":"2 Thieves","floor":21,"turns":5},{"damage":10,"enemies":"Shelled Parasite and Fungi","floor":22,"turns":8},{"damage":13,"enemies":"Centurion and Healer","floor":27,"turns":9},{"damage":27,"enemies":"Sentry and Sphere","floor":28,"turns":6},{"damage":9,"enemies":"3 Cultists","floor":31,"turns":8},{"damage":24,"enemies":"Champ","floor":33,"turns":12},{"damage":8,"enemies":"Orb Walker","floor":35,"turns":5},{"damage":25,"enemies":"3 Shapes","floor":36,"turns":4},{"damage":39,"enemies":"Writhing Mass","floor":37,"turns":5}],"seed_played":"2595858182842573956","potions_obtained":[{"floor":10,"key":"PowerPotion"},{"floor":14,"key":"Explosive Potion"},{"floor":22,"key":"BlessingOfTheForge"},{"floor":27,"key":"LiquidBronze"},{"floor":33,"key":"Strength Potion"},{"floor":35,"key":"Dexterity Potion"}],"is_trial":false,"path_per_floor":["M","$","?","?","M","R","?","R","T","M","M","R","M","E","R","B",null,"M","?","?","M","M","R","$","R","T","M","M","?","R","M","R","B",null,"M","M","M"],"character_chosen":"DEFECT","items_purchased":["Glacier","Genetic Algorithm"],"campfire_rested":1,"item_purchase_floors":[2,24],"current_hp_per_floor":[73,73,61,61,61,61,61,61,61,61,61,61,60,54,54,38,75,64,52,52,39,47,47,47,47,47,52,29,29,44,43,43,37,52,46,29,0,0],"gold":202,"neow_bonus":"ONE_RANDOM_RARE_CARD","is_daily":false,"chose_seed":false,"campfire_upgraded":7,"win_rate":0.0,"timestamp":1612562010,"path_taken":["M","$","?","?","M","R","?","R","T","M","?","R","M","E","R","BOSS","M","?","?","M","M","R","$","R","T","M","?","?","R","M","R","BOSS","M","M","M"],"items_purchased_type":["Card","Card"],"build_version":"2020-12-22","purchased_purges":2,"victory":false,"max_hp_per_floor":[75,75,75,75,75,75,75,75,75,75,75,75,75,75,75,75,75,75,52,52,52,52,52,52,52,52,52,52,52,52,52,52,52,52,52,52,52,52],"card_choices":[{"not_picked":["Hologram","Heatsinks"],"picked":"Gash","floor":1},{"not_picked":["Compile Driver","Streamline"],"picked":"Redo","floor":5},{"not_picked":["Doom and Gloom","Rebound"],"picked":"Conserve Battery","floor":10},{"not_picked":["Coolheaded","Hologram"],"picked":"Beam Cell","floor":11},{"not_picked":["Force Field","Steam"],"picked":"Auto Shields","floor":13},{"not_picked":["Conserve Battery","Force Field"],"picked":"Scrape","floor":14},{"not_picked":["Thunder Strike","Buffer"],"picked":"Echo Form","floor":16},{"not_picked":["Heatsinks+1","Rebound"],"picked":"Streamline","floor":18},{"not_picked":["Streamline+1","Sweeping Beam"],"picked":"Steam+1","floor":21},{"not_picked":["Rip and Tear","Sweeping Beam"],"picked":"Consume","floor":22},{"not_picked":["Beam Cell","Heatsinks"],"picked":"Cold Snap+1","floor":27},{"not_picked":["Compile Driver+1","Force Field+1"],"picked":"Leap+1","floor":28},{"not_picked":["Chaos","Lockon"],"picked":"Darkness+1","floor":31},{"not_picked":["Rainbow","Fission"],"picked":"Reboot","floor":33},{"not_picked":[],"picked":"Blizzard","floor":35},{"not_picked":[],"picked":"Coolheaded+1","floor":36}],"player_experience":109057,"relics_obtained":[{"floor":9,"key":"Ornamental Fan"},{"floor":14,"key":"WingedGreaves"},{"floor":26,"key":"TungstenRod"}],"event_choices":[{"damage_healed":0,"gold_gain":0,"player_choice":"Success","damage_taken":12,"relics_obtained":["Sundial"],"max_hp_gain":0,"max_hp_loss":0,"event_name":"Scrap Ooze","floor":3,"gold_loss":0},{"damage_healed":0,"gold_gain":0,"player_choice":"Ignored","damage_taken":0,"max_hp_gain":0,"max_hp_loss":0,"event_name":"Liars Game","floor":4,"gold_loss":0},{"damage_healed":0,"gold_gain":0,"player_choice":"Ignored","damage_taken":0,"max_hp_gain":0,"max_hp_loss":0,"event_name":"NoteForYourself","floor":7,"gold_loss":0},{"damage_healed":0,"gold_gain":0,"player_choice":"Became a vampire","damage_taken":0,"max_hp_gain":0,"max_hp_loss":23,"event_name":"Vampires","floor":19,"gold_loss":0,"cards_obtained":["Bite","Bite","Bite","Bite","Bite"]},{"damage_healed":0,"gold_gain":0,"player_choice":"1 cards matched","damage_taken":0,"max_hp_gain":0,"max_hp_loss":0,"event_name":"Match and Keep!","floor":20,"gold_loss":0,"cards_obtained":["Capacitor"]},{"damage_healed":0,"gold_gain":0,"player_choice":"Upgraded","damage_taken":0,"max_hp_gain":0,"max_hp_loss":0,"event_name":"Upgrade Shrine","floor":29,"gold_loss":0,"cards_upgraded":["Echo Form"]}],"is_beta":false,"boss_relics":[{"not_picked":["SlaversCollar","Cursed Key"],"picked":"Inserter"},{"not_picked":["Pandora\u0027s Box","Tiny House"],"picked":"Busted Crown"}],"items_purged_floors":[2,24],"is_endless":false,"potions_floor_spawned":[10,14,22,27,33,35],"killed_by":"Writhing Mass","ascension_level":0}}