{"host":"u6f15rvcj4nca0wu","time":1612554105,"event":{"mods":["BaseMod","Bestiary","Colored Map","Highlight Path","Minty Spire (Améliorations d\u0027érgonomie)","Relic Stats"],"gold_per_floor":[109,34,46,64,64,64,85,95,95,122,150,178,190,222,234,350,362,389,418,430,442,454,466,493,505,544,556,568,595,619,650,662,771,783,805,817,846,858,488,518,518,535,535,555,182,196,196,216,216,216],"floor_reached":51,"language":"FRA","playtime":14532,"items_purged":["Defend_P","Strike_P","Strike_P"],"score":675,"play_id":"1f4ce2f5-4595-430e-b76f-1a6b55e49aa9","local_time":"20210205204145","is_ascension_mode":false,"campfire_choices":[{"data":"PathToVictory","floor":6.0,"key":"SMITH"},{"data":"Collect","floor":13.0,"key":"SMITH"},{"floor":15.0,"key":"REST"},{"data":"ClearTheMind","floor":23.0,"key":"SMITH"},{"data":"Eruption","floor":25.0,"key":"SMITH"},{"data":"Prostrate","floor":27.0,"key":"SMITH"},{"floor":32.0,"key":"REST"},{"floor":41.0,"key":"REST"},{"data":"Establishment","floor":47.0,"key":"SMITH"},{"floor":49.0,"key":"REST"}],"circlet_count":0,"master_deck":["Strike_P","Defend_P","Eruption+1","Vigilance","Sanctity","PathToVictory+1","Conclude","ClearTheMind+1","Collect+1","Consecrate","Prostrate+1","BattleHymn","EmptyBody","Devotion","EmptyFist","LikeWater+1","FearNoEvil+1","EmptyBody","PathToVictory+1","DeceiveReality","Judgement","WreathOfFlame+1","CutThroughFate+1","CrushJoints+1","ReachHeaven+1","Crescendo+1","Protect","Evaluate+1","Sanctity+1","Establishment+1","PathToVictory+1"],"relics":["PureWater","NeowsBlessing","Odd Mushroom","MawBank","Black Star","Toy Ornithopter","MutagenicStrength","Astrolabe","Pantograph","Sling","Mummified Hand","GoldenEye","Sundial","Lee\u0027s Waffle"],"acts_visited":["Exordium","TheCity","TheBeyond"],"potions_floor_usage":[50,50,50],"damage_taken":[{"damage":0.0,"enemies":"2 Louse","floor":1.0,"turns":1.0},{"damage":0.0,"enemies":"Jaw Worm","floor":3.0,"turns":1.0},{"damage":0.0,"enemies":"Small Slimes","floor":4.0,"turns":1.0},{"damage":8.0,"enemies":"The Mushroom Lair","floor":7.0,"turns":4.0},{"damage":2.0,"enemies":"2 Fungi Beasts","floor":8.0,"turns":3.0},{"damage":5.0,"enemies":"3 Louse","floor":10.0,"turns":4.0},{"damage":8.0,"enemies":"Exordium Wildlife","floor":11.0,"turns":3.0},{"damage":8.0,"enemies":"Exordium Thugs","floor":12.0,"turns":4.0},{"damage":10.0,"enemies":"Looter","floor":14.0,"turns":2.0},{"damage":23.0,"enemies":"Hexaghost","floor":16.0,"turns":9.0},{"damage":17.0,"enemies":"2 Thieves","floor":18.0,"turns":5.0},{"damage":10.0,"enemies":"3 Byrds","floor":19.0,"turns":5.0},{"damage":12.0,"enemies":"Sentry and Sphere","floor":24.0,"turns":5.0},{"damage":22.0,"enemies":"Snake Plant","floor":29.0,"turns":5.0},{"damage":9.0,"enemies":"3 Cultists","floor":30.0,"turns":5.0},{"damage":16.0,"enemies":"Centurion and Healer","floor":31.0,"turns":5.0},{"damage":36.0,"enemies":"Champ","floor":33.0,"turns":10.0},{"damage":24.0,"enemies":"3 Darklings","floor":35.0,"turns":6.0},{"damage":9.0,"enemies":"3 Shapes","floor":37.0,"turns":5.0},{"damage":10.0,"enemies":"Nemesis","floor":40.0,"turns":3.0},{"damage":15.0,"enemies":"Spire Growth","floor":42.0,"turns":4.0},{"damage":11.0,"enemies":"Jaw Worm Horde","floor":44.0,"turns":4.0},{"damage":10.0,"enemies":"Maw","floor":46.0,"turns":6.0},{"damage":25.0,"enemies":"3 Darklings","floor":48.0,"turns":5.0},{"damage":99,"enemies":"Donu and Deca","floor":50,"turns":10}],"seed_played":"-4782879812145347327","potions_obtained":[{"floor":3.0,"key":"Energy Potion"},{"floor":4.0,"key":"SkillPotion"},{"floor":8.0,"key":"Weak Potion"},{"floor":14.0,"key":"ColorlessPotion"},{"floor":19.0,"key":"Block Potion"},{"floor":30.0,"key":"Fruit Juice"},{"floor":31.0,"key":"LiquidMemories"},{"floor":33.0,"key":"BottledMiracle"},{"floor":37.0,"key":"Fire Potion"},{"floor":42.0,"key":"Regen Potion"},{"floor":48.0,"key":"PowerPotion"}],"is_trial":false,"path_per_floor":["M","$","M","M","?","R","?","M","T","M","M","M","R","M","R","B",null,"M","M","$","?","?","R","M","R","T","R","?","M","M","M","R","B",null,"M","?","M","T","$","E","R","M","T","M","$","M","R","M","R","B",null],"character_chosen":"WATCHER","items_purchased":["Protect","Sling","Ambrosia","Lee\u0027s Waffle","FearPotion","SkillPotion"],"campfire_rested":4,"item_purchase_floors":[39,39,39,45,45,45],"current_hp_per_floor":[72,72,72,72,77,77,69,67,67,62,54,46,46,36,59,36,77,60,50,50,36,63,63,51,51,51,51,51,29,20,14,40,9,87,63,63,54,54,54,54,80,70,70,59,94,89,89,64,92,25],"gold":216,"neow_bonus":"THREE_ENEMY_KILL","is_daily":false,"chose_seed":false,"campfire_upgraded":6,"win_rate":0.0,"timestamp":1612554105,"path_taken":["M","$","M","M","?","R","?","M","T","M","M","M","R","M","R","BOSS","M","M","$","?","?","R","M","R","T","R","?","M","M","M","R","BOSS","M","?","M","?","$","E","R","M","T","M","$","M","R","M","R","BOSS"],"items_purchased_type":["Card","Relic","Potion","Relic","Potion","Potion"],"build_version":"2020-12-13","purchased_purges":3,"victory":true,"max_hp_per_floor":[72,72,72,72,77,77,77,77,77,77,77,77,77,77,77,77,77,77,77,77,82,82,82,82,82,82,82,82,82,82,87,87,87,87,87,87,87,87,87,87,87,87,87,87,94,94,94,94,94,94],"relic_stats":{"Lee\u0027s Waffle":35,"counters":[25,115],"Mummified Hand":[12],"Sundial":[2],"Astrolabe":["WreathOfFlame","CutThroughFate","CrushJoints"],"Pantograph":2,"Black Star":1,"MawBank":360,"GoldenEye":[6],"obtain_stats":[{"Lee\u0027s Waffle":45,"NeowsBlessing":0,"Astrolabe":34,"Odd Mushroom":7,"MawBank":9,"Sling":39,"GoldenEye":40,"Mummified Hand":40,"Sundial":43,"MutagenicStrength":28,"Pantograph":38,"Black Star":17,"PureWater":0,"Toy Ornithopter":26},{"Lee\u0027s Waffle":22,"NeowsBlessing":0,"Astrolabe":17,"Odd Mushroom":4,"MawBank":5,"Sling":19,"GoldenEye":20,"Mummified Hand":20,"Sundial":21,"MutagenicStrength":13,"Pantograph":19,"Black Star":10,"PureWater":0,"Toy Ornithopter":13},{"Lee\u0027s Waffle":94,"NeowsBlessing":0,"Astrolabe":72,"Odd Mushroom":7,"MawBank":10,"Sling":83,"GoldenEye":86,"Mummified Hand":86,"Sundial":90,"MutagenicStrength":47,"Pantograph":83,"Black Star":32,"PureWater":0,"Toy Ornithopter":47}],"Toy Ornithopter":45},"card_choices":[{"not_picked":["FlurryOfBlows","ThirdEye"],"picked":"Sanctity","floor":1.0},{"not_picked":["Protect","Halt"],"picked":"PathToVictory","floor":3.0},{"not_picked":["CutThroughFate","CrushJoints"],"picked":"Conclude","floor":4.0},{"not_picked":["WaveOfTheHand","SandsOfTime"],"picked":"ClearTheMind","floor":7.0},{"not_picked":["Evaluate","FlurryOfBlows"],"picked":"Collect","floor":8.0},{"not_picked":["Meditate","SashWhip"],"picked":"Consecrate","floor":10.0},{"not_picked":["EmptyBody","Collect"],"picked":"Prostrate","floor":11.0},{"not_picked":["Crescendo","Scrawl"],"picked":"BattleHymn","floor":12.0},{"not_picked":["Protect","CarveReality"],"picked":"EmptyBody","floor":14.0},{"not_picked":["Brilliance","Ragnarok"],"picked":"Devotion","floor":16.0},{"not_picked":["Sanctity","Nirvana"],"picked":"EmptyFist","floor":18.0},{"not_picked":["FlyingSleeves","EmptyFist"],"picked":"LikeWater+1","floor":19.0},{"not_picked":["SandsOfTime","Prostrate"],"picked":"FearNoEvil+1","floor":24.0},{"not_picked":["Halt","WindmillStrike"],"picked":"EmptyBody","floor":29.0},{"not_picked":["Tantrum+1","Evaluate"],"picked":"PathToVictory+1","floor":30.0},{"not_picked":["Prostrate","Protect"],"picked":"DeceiveReality","floor":31.0},{"not_picked":["LessonLearned","Scrawl"],"picked":"Judgement","floor":33.0},{"not_picked":["EmptyFist+1","FlyingSleeves+1"],"picked":"ReachHeaven+1","floor":35.0},{"not_picked":["FlurryOfBlows","CutThroughFate"],"picked":"Crescendo+1","floor":37.0},{"not_picked":["WreathOfFlame","FollowUp"],"picked":"Evaluate+1","floor":40.0},{"not_picked":["Consecrate","Meditate","Study"],"picked":"SKIP","floor":42.0},{"not_picked":["EmptyBody","FollowUp"],"picked":"Sanctity+1","floor":44.0},{"not_picked":["CutThroughFate","Nirvana+1"],"picked":"Establishment","floor":46.0},{"not_picked":["Halt","FlyingSleeves"],"picked":"PathToVictory+1","floor":48.0}],"player_experience":185599,"relics_obtained":[{"floor":7.0,"key":"Odd Mushroom"},{"floor":9.0,"key":"MawBank"},{"floor":26.0,"key":"Toy Ornithopter"},{"floor":38.0,"key":"Pantograph"},{"floor":40.0,"key":"Mummified Hand"},{"floor":40.0,"key":"GoldenEye"},{"floor":43.0,"key":"Sundial"}],"event_choices":[{"damage_healed":0.0,"max_hp_gain":5.0,"max_hp_loss":0.0,"gold_gain":0.0,"event_name":"Big Fish","player_choice":"Donut","floor":5.0,"gold_loss":0.0,"damage_taken":0.0},{"damage_healed":0.0,"max_hp_gain":0.0,"max_hp_loss":0.0,"gold_gain":0.0,"event_name":"Mushrooms","player_choice":"Fought Mushrooms","floor":7.0,"gold_loss":0.0,"damage_taken":0.0},{"damage_healed":0.0,"max_hp_gain":5.0,"max_hp_loss":0.0,"gold_gain":0.0,"event_name":"Forgotten Altar","player_choice":"Shed Blood","floor":21.0,"gold_loss":0.0,"damage_taken":19.0},{"damage_healed":27.0,"max_hp_gain":0.0,"max_hp_loss":0.0,"gold_gain":0.0,"event_name":"The Library","player_choice":"Heal","floor":22.0,"gold_loss":0.0,"damage_taken":0.0},{"damage_healed":0.0,"max_hp_gain":0.0,"max_hp_loss":0.0,"gold_gain":0.0,"event_name":"Drug Dealer","player_choice":"Inject Mutagens","floor":28.0,"gold_loss":0.0,"damage_taken":0.0,"relics_obtained":["MutagenicStrength"]},{"damage_healed":0.0,"max_hp_gain":0.0,"max_hp_loss":0.0,"gold_gain":0.0,"event_name":"Tomb of Lord Red Mask","player_choice":"Ignored","floor":36.0,"gold_loss":0.0,"damage_taken":0.0}],"is_beta":false,"boss_relics":[{"not_picked":["Sozu","Philosopher\u0027s Stone"],"picked":"Black Star"},{"not_picked":["Snecko Eye","Calling Bell"],"picked":"Astrolabe"}],"items_purged_floors":[2,39,45],"is_endless":false,"potions_floor_spawned":[3,4,8,14,19,30,31,33,37,42,48],"ascension_level":0}}