{"host":"hf2f7r8j0okuuwnk","time":1612563359,"event":{"mods":["Bard","BaseMod","Conspire","Energized Spire","Hubris","Mad Scientist","Minty Spire (QoL Compilation)","Replay The Spire","StSLib","The Blackbeard","The Cursed","The Hayseed","The Jungle","The Mystic","The Showman"],"gold_per_floor":[117,132,152,9,20,54,54,70,70,104,104,131,0,10,10,115,115,127,51,45,65,65,65,65,65],"floor_reached":24,"language":"DEU","playtime":1659,"items_purged":[],"score":229,"play_id":"90764eca-a2fc-4c8e-9416-8134c00bd7ca","local_time":"20210205231559","is_ascension_mode":true,"campfire_choices":[{"floor":7,"key":"REST"},{"floor":11,"key":"REST"},{"floor":15,"key":"REST"},{"data":"Crystallizer","floor":23,"key":"SMITH"},{"data":"Storm","floor":23,"key":"SMITH"}],"circlet_count":0,"master_deck":["Strike_B","Strike_B","Strike_B","Strike_B","Defend_B","Defend_B","Defend_B","Defend_B","Zap","Dualcast","FIFO Queue","Defragment","Crystallizer+1","Compile Driver","Machine Learning","Buffer","Storm+1","ReplayTheSpireMod:Brewmster","conspire:Banana","Finesse","Stack","Mirror Shield","Barrage+1","Panic Button+1","Cold Snap"],"relics":["Cracked Core","Anchor","Sling","conspire:Boomerang","Replay:Arrowhead","Regal Pillow","ReplayTheSpireMod:ShopPack","Replay:Wax Seal","hubris:BottledHeart"],"acts_visited":["Exordium","TheCity"],"potions_floor_usage":[10,10,16,16,16,16,16,20,20,24,24],"damage_taken":[{"damage":2,"enemies":"Jaw Worm","floor":1,"turns":4},{"damage":5,"enemies":"Small Slimes","floor":2,"turns":3},{"damage":0,"enemies":"Cultist","floor":3,"turns":3},{"damage":0,"enemies":"Exordium Thugs","floor":5,"turns":4},{"damage":30,"enemies":"Gremlin Nob","floor":6,"turns":4},{"damage":9,"enemies":"Blue Slaver","floor":8,"turns":4},{"damage":31,"enemies":"Lagavulin","floor":10,"turns":5},{"damage":26,"enemies":"Gremlin Nob","floor":12,"turns":5},{"damage":9,"enemies":"2 Fungi Beasts","floor":14,"turns":4},{"damage":32,"enemies":"The Guardian","floor":16,"turns":10},{"damage":7,"enemies":"Spheric Guardian","floor":18,"turns":6},{"damage":18,"enemies":"2 Thieves","floor":20,"turns":5},{"damage":34,"enemies":"Cultist and Chosen","floor":21,"turns":7},{"damage":8,"enemies":"Slavers","floor":24,"turns":5}],"seed_played":"-415792167478710405","potions_obtained":[{"floor":3,"key":"Elixir"},{"floor":6,"key":"PotionOfCapacity"},{"floor":8,"key":"Explosive Potion"},{"floor":14,"key":"Elixir"},{"floor":16,"key":"Block Potion"},{"floor":18,"key":"ColorlessPotion"},{"floor":20,"key":"Elixir"},{"floor":21,"key":"SkillPotion"}],"is_trial":false,"path_per_floor":["M","M","M","$","M","E","R","M","T","E","R","E","$","M","R","B",null,"M","$","M","M","?","R","E"],"character_chosen":"DEFECT","items_purchased":["Sling","ReplayTheSpireMod:ShopPack","Replay:Wax Seal"],"campfire_rested":3,"item_purchase_floors":[4,13,19],"current_hp_per_floor":[73,68,68,68,68,38,60,51,51,20,42,16,16,8,45,14,77,71,71,54,21,1,1,0,0],"gold":65,"neow_bonus":"RANDOM_COMMON_RELIC","is_daily":false,"chose_seed":false,"campfire_upgraded":2,"win_rate":0.0,"timestamp":1612563359,"path_taken":["M","M","M","$","M","E","R","M","T","E","R","E","$","M","R","BOSS","M","$","M","M","?","R","E"],"items_purchased_type":["Relic","Relic","Relic"],"build_version":"2020-12-22","purchased_purges":0,"victory":false,"max_hp_per_floor":[75,75,75,75,75,75,75,75,75,75,75,75,75,76,76,77,77,78,78,79,80,1,1,1,1],"card_choices":[{"not_picked":["Conserve Battery","Barrage"],"picked":"FIFO Queue","floor":1},{"not_picked":["Glacier","Go for the Eyes"],"picked":"Defragment","floor":2},{"not_picked":["Time Bomb","FTL","ReplayTheSpireMod:System Scan"],"picked":"SKIP","floor":3},{"not_picked":["ReplayTheSpireMod:GoodbyeWorld","Compile Driver"],"picked":"Crystallizer","floor":5},{"not_picked":["Turbo","ReplayTheSpireMod:Reroute Power"],"picked":"Compile Driver","floor":6},{"not_picked":["Leap","Compile Driver"],"picked":"Machine Learning","floor":8},{"not_picked":["ReplayTheSpireMod:System Scan","Compile Driver"],"picked":"Buffer","floor":10},{"not_picked":["ReplayTheSpireMod:System Scan","Barrage"],"picked":"Storm","floor":12},{"not_picked":["The Bomb","HandOfGreed"],"picked":"ReplayTheSpireMod:Brewmster","floor":13},{"not_picked":["Impatience","Enlightenment"],"picked":"conspire:Banana","floor":13},{"not_picked":["Chrysalis","Flash of Steel"],"picked":"Finesse","floor":13},{"not_picked":["Gash","Leap"],"picked":"Stack","floor":14},{"not_picked":["All For One","Multi-Cast"],"picked":"Mirror Shield","floor":16},{"not_picked":["Aggregate","Hello World+1"],"picked":"Barrage+1","floor":18},{"not_picked":["Beam Cell","Go for the Eyes+1"],"picked":"Panic Button+1","floor":20},{"not_picked":["Compile Driver","Rip and Tear"],"picked":"Cold Snap","floor":21}],"player_experience":304079,"relics_obtained":[{"floor":6,"key":"conspire:Boomerang"},{"floor":10,"key":"Replay:Arrowhead"},{"floor":12,"key":"Regal Pillow"}],"event_choices":[],"is_beta":false,"boss_relics":[{"not_picked":["Honey Jar","hubris:RunicObelisk","Coffee Dripper"]}],"items_purged_floors":[],"is_endless":false,"potions_floor_spawned":[3,6,8,14,16,18,20,21],"killed_by":"Slavers","ascension_level":1}}