{"host":"w4b7hmige5bnqipq","time":1612494375,"event":{"mods":["2.2 Compatiblity","BaseMod","Colored Map","DeckTracker","Keyboard Shortcuts","Minty Spire (QoL Compilation)","Permanent Neow","Rare Cards Sparkle","SuperFastMode","everything is the same but u backflip on backflip","slay the spire mod where everything is the same but ironclad has a cowboy hat"],"gold_per_floor":[110,185,195,37,37,64,79,114,141,141,316,350,350,51,51,127,127,140,140,114,213,224,257,257,292,292,292,318,298,308,321,321,400,400,412,352,101,115,166,192,192,217,217,217,92,92,120,120,120,120,120,120,39,65,65],"floor_reached":56,"language":"KOR","playtime":3551,"items_purged":["Doubt","Zap","Writhe"],"score":2012,"play_id":"f320d7a2-53ea-43d0-8f28-3bcbe4a7dcaf","local_time":"20210205120615","is_ascension_mode":true,"campfire_choices":[{"data":"Blizzard","floor":10.0,"key":"SMITH"},{"data":"Glacier","floor":13.0,"key":"SMITH"},{"data":"Defragment","floor":15.0,"key":"SMITH"},{"floor":24.0,"key":"REST"},{"data":"Coolheaded","floor":27.0,"key":"SMITH"},{"data":"Glacier","floor":32.0,"key":"SMITH"},{"data":"Blizzard","floor":41.0,"key":"SMITH"},{"floor":44.0,"key":"RECALL"},{"data":"Coolheaded","floor":46.0,"key":"SMITH"},{"floor":49.0,"key":"REST"},{"data":"Biased Cognition","floor":52.0,"key":"SMITH"}],"circlet_count":0,"master_deck":["AscendersBane","Defend_B","Defend_B","Defend_B","Defend_B","Dualcast","Chill","Glacier+1","Blizzard+1","Streamline","Darkness","Rebound","Capacitor","Defragment+1","Amplify","FTL","Core Surge","Coolheaded+1","Biased Cognition+1","Reinforced Body+1","Coolheaded+1","Reboot","Doom and Gloom","Skim+1","Blizzard+1","Machine Learning+1","Panacea"],"relics":["Inserter","Bag of Marbles","Boot","Centennial Puzzle","Blue Candle","ClockworkSouvenir","SlaversCollar","Lantern","Letter Opener","Meat on the Bone","Strawberry","Cursed Key","OrangePellets","Girya","Frozen Egg 2","Cables","Orichalcum","Ginger"],"acts_visited":["Exordium","TheCity","TheBeyond","TheEnding"],"potions_floor_usage":[54],"damage_taken":[{"damage":15.0,"enemies":"Small Slimes","floor":1.0,"turns":4.0},{"damage":6.0,"enemies":"2 Louse","floor":3.0,"turns":2.0},{"damage":5.0,"enemies":"Lagavulin","floor":6.0,"turns":10.0},{"damage":0.0,"enemies":"Cultist","floor":7.0,"turns":4.0},{"damage":17.0,"enemies":"3 Sentries","floor":8.0,"turns":10.0},{"damage":4.0,"enemies":"Lagavulin","floor":12.0,"turns":9.0},{"damage":19.0,"enemies":"The Guardian","floor":16.0,"turns":12.0},{"damage":0.0,"enemies":"Spheric Guardian","floor":18.0,"turns":9.0},{"damage":10.0,"enemies":"Shell Parasite","floor":22.0,"turns":10.0},{"damage":31.0,"enemies":"Slavers","floor":23.0,"turns":6.0},{"damage":14.0,"enemies":"Book of Stabbing","floor":25.0,"turns":9.0},{"damage":13.0,"enemies":"Slavers","floor":28.0,"turns":7.0},{"damage":1.0,"enemies":"Snecko","floor":30.0,"turns":6.0},{"damage":2.0,"enemies":"Centurion and Healer","floor":31.0,"turns":8.0},{"damage":0.0,"enemies":"Automaton","floor":33.0,"turns":13.0},{"damage":1.0,"enemies":"3 Darklings","floor":35.0,"turns":5.0},{"damage":1.0,"enemies":"Orb Walker","floor":38.0,"turns":5.0},{"damage":23.0,"enemies":"2 Orb Walkers","floor":39.0,"turns":6.0},{"damage":2.0,"enemies":"Reptomancer","floor":40.0,"turns":7.0},{"damage":8.0,"enemies":"Nemesis","floor":42.0,"turns":9.0},{"damage":12.0,"enemies":"Giant Head","floor":47.0,"turns":9.0},{"damage":27.0,"enemies":"Awakened One","floor":50.0,"turns":14.0},{"damage":20,"enemies":"Shield and Spear","floor":54,"turns":8},{"damage":29,"enemies":"The Heart","floor":55,"turns":13}],"seed_played":"8890449954932447263","potions_obtained":[{"floor":1.0,"key":"SkillPotion"},{"floor":7.0,"key":"PotionOfCapacity"},{"floor":12.0,"key":"EntropicBrew"},{"floor":28.0,"key":"Dexterity Potion"},{"floor":29.0,"key":"PowerPotion"},{"floor":39.0,"key":"Regen Potion"}],"is_trial":false,"path_per_floor":["M","?","M","$","?","E","M","E","T","R","?","E","R","$","R","B",null,"M","?","$","?","M","E","R","E","T","R","E","?","M","M","R","B",null,"M","?","$","M","?","E","R","E","T","R","$","R","E","?","R","B",null,"R","$","E","B",null],"character_chosen":"DEFECT","items_purchased":["Blizzard","Glacier","Defragment","ClockworkSouvenir","Coolheaded","OrangePellets","Panacea"],"campfire_rested":2,"item_purchase_floors":[4,4,14,14,20,37,53],"current_hp_per_floor":[53,42,36,36,61,56,56,39,39,39,39,35,35,35,35,16,60,60,60,60,60,50,19,41,27,27,27,33,33,44,42,42,42,72,71,71,71,70,47,45,45,49,49,49,49,49,49,49,73,46,73,73,73,68,51],"gold":65,"neow_bonus":"BOSS_RELIC","is_daily":false,"chose_seed":false,"campfire_upgraded":8,"win_rate":0.0,"timestamp":1612494375,"path_taken":["M","?","M","$","?","E","M","E","T","R","?","E","R","$","R","BOSS","M","?","$","?","M","E","R","E","T","R","E","?","?","M","R","BOSS","M","?","?","?","?","E","R","E","T","R","$","R","E","?","R","BOSS","R","$","E","BOSS"],"items_purchased_type":["Card","Card","Card","Relic","Card","Relic","Card"],"build_version":"2020-12-22","purchased_purges":3,"victory":true,"max_hp_per_floor":[75,75,75,75,75,75,75,75,75,75,75,75,75,75,75,75,75,75,75,75,75,75,75,75,75,75,75,82,82,82,82,82,82,82,82,82,82,82,82,82,82,82,82,82,82,82,82,82,82,82,82,82,82,82,82],"card_choices":[{"not_picked":["Cold Snap","Redo"],"picked":"Chill","floor":1.0},{"not_picked":["Gash","Turbo"],"picked":"Glacier","floor":3.0},{"not_picked":["All For One","Reinforced Body"],"picked":"Streamline","floor":6.0},{"not_picked":["Double Energy","Beam Cell"],"picked":"Darkness","floor":7.0},{"not_picked":["Gash","Aggregate"],"picked":"Rebound","floor":8.0},{"not_picked":["Steam","Conserve Battery"],"picked":"Capacitor","floor":12.0},{"not_picked":["Hyperbeam","Rainbow"],"picked":"Amplify","floor":16.0},{"not_picked":["Storm","Streamline","Conserve Battery"],"picked":"SKIP","floor":18.0},{"not_picked":["Sweeping Beam+1","Streamline"],"picked":"Biased Cognition","floor":22.0},{"not_picked":["Cold Snap+1","Streamline+1","Ball Lightning"],"picked":"SKIP","floor":23.0},{"not_picked":["Conserve Battery","Beam Cell"],"picked":"Reinforced Body+1","floor":25.0},{"not_picked":["Gash","Recycle+1","Amplify"],"picked":"SKIP","floor":28.0},{"not_picked":["Stack","Sweeping Beam"],"picked":"Coolheaded","floor":30.0},{"not_picked":["Steam Power","Steam","Storm"],"picked":"SKIP","floor":31.0},{"not_picked":["Barrage","Streamline+1","Sweeping Beam"],"picked":"SKIP","floor":35.0},{"not_picked":["Barrage","Streamline+1","Sweeping Beam"],"picked":"SKIP","floor":35.0},{"not_picked":["Rebound+1","Streamline"],"picked":"Skim+1","floor":38.0},{"not_picked":["Barrage","White Noise+1"],"picked":"Blizzard","floor":40.0},{"not_picked":["Loop+1","Steam"],"picked":"Machine Learning+1","floor":42.0},{"not_picked":["Cold Snap+1","Steam","Storm+1"],"picked":"SKIP","floor":47.0},{"not_picked":["Storm+1","Beam Cell","Darkness"],"picked":"SKIP","floor":54}],"player_experience":706675,"relics_obtained":[{"floor":6.0,"key":"Bag of Marbles"},{"floor":8.0,"key":"Boot"},{"floor":9.0,"key":"Centennial Puzzle"},{"floor":12.0,"key":"Blue Candle"},{"floor":23.0,"key":"Lantern"},{"floor":25.0,"key":"Letter Opener"},{"floor":26.0,"key":"Meat on the Bone"},{"floor":28.0,"key":"Strawberry"},{"floor":39.0,"key":"Girya"},{"floor":40.0,"key":"Frozen Egg 2"},{"floor":42.0,"key":"Cables"},{"floor":47.0,"key":"Orichalcum"},{"floor":54,"key":"Ginger"}],"event_choices":[{"damage_healed":0.0,"max_hp_gain":0.0,"max_hp_loss":0.0,"gold_gain":75.0,"event_name":"World of Goop","player_choice":"Gather Gold","floor":2.0,"gold_loss":0.0,"damage_taken":11.0},{"damage_healed":25.0,"max_hp_gain":0.0,"max_hp_loss":0.0,"gold_gain":0.0,"event_name":"Big Fish","player_choice":"Banana","floor":5.0,"gold_loss":0.0,"damage_taken":0.0},{"damage_healed":0.0,"max_hp_gain":0.0,"max_hp_loss":0.0,"gold_gain":175.0,"event_name":"Liars Game","player_choice":"AGREE","floor":11.0,"gold_loss":0.0,"damage_taken":0.0,"cards_obtained":["Doubt"]},{"damage_healed":0.0,"max_hp_gain":0.0,"max_hp_loss":0.0,"gold_gain":0.0,"cards_transformed":["Strike_B","Strike_B"],"event_name":"Drug Dealer","player_choice":"Became Test Subject","floor":19.0,"gold_loss":0.0,"damage_taken":0.0,"cards_obtained":["FTL","Core Surge"]},{"damage_healed":0.0,"max_hp_gain":0.0,"max_hp_loss":0.0,"gold_gain":99.0,"event_name":"Nest","player_choice":"Stole From Cult","floor":21.0,"gold_loss":0.0,"damage_taken":0.0},{"damage_healed":0.0,"max_hp_gain":0.0,"max_hp_loss":0.0,"gold_gain":0.0,"event_name":"The Woman in Blue","player_choice":"Bought 1 Potion","floor":29.0,"gold_loss":0.0,"damage_taken":0.0},{"damage_healed":0.0,"max_hp_gain":0.0,"max_hp_loss":0.0,"gold_gain":0.0,"cards_transformed":["Strike_B","Strike_B"],"event_name":"Designer","player_choice":"Transformed Cards","floor":36.0,"gold_loss":60.0,"damage_taken":0.0,"cards_obtained":["Reboot","Doom and Gloom"]},{"damage_healed":0.0,"max_hp_gain":0.0,"max_hp_loss":0.0,"gold_gain":0.0,"event_name":"Mysterious Sphere","player_choice":"Fight","floor":39.0,"gold_loss":0.0,"damage_taken":0.0},{"cards_removed":["Glacier"],"damage_healed":0.0,"max_hp_gain":0.0,"max_hp_loss":0.0,"gold_gain":0.0,"event_name":"Falling","player_choice":"Removed Skill","floor":48.0,"gold_loss":0.0,"damage_taken":0.0}],"is_beta":false,"boss_relics":[{"not_picked":["Busted Crown","Pandora\u0027s Box"],"picked":"SlaversCollar"},{"not_picked":["Nuclear Battery","Fusion Hammer"],"picked":"Cursed Key"}],"items_purged_floors":[14,37,45],"is_endless":false,"potions_floor_spawned":[1,7,12,22,28,33,35,39],"ascension_level":13}}