{"host":"po0gzr6h085cygwo","time":1612509179,"event":{"mods":["AchievementEnabler","BaseMod","Colored Map","KOR Keyword Fix","Minty Spire (QoL Compilation)","Rare Cards Sparkle","Replay The Spire","StSLib","SuperFastMode"],"gold_per_floor":[112,62,72,72,72,106,106,139,139,139,28,43,77,92,92,92,92],"floor_reached":16,"language":"KOR","playtime":960,"items_purged":["Defend_P"],"score":150,"play_id":"1dae30d4-6803-4228-9cca-9e7c34cf61d7","local_time":"20210205161259","is_ascension_mode":true,"campfire_choices":[{"data":"Judgement","floor":7.0,"key":"SMITH"},{"data":"ForeignInfluence","floor":10.0,"key":"SMITH"},{"data":"Eruption","floor":15.0,"key":"SMITH"}],"circlet_count":0,"master_deck":["Strike_P","Strike_P","Defend_P","Defend_P","Eruption+1","Vigilance","ForeignInfluence+1","Steam","Judgement+1","Replay:ManipulateFuture+1","Replay:ManipulateFuture+1","TalkToTheHand","Pot Of Greed","Pot Of Greed","Crescendo","Worship"],"relics":["PureWater","NeowsBlessing","Shuriken","Golden Egg","MealTicket","Grinning Jar"],"acts_visited":["Exordium"],"potions_floor_usage":[],"damage_taken":[{"damage":0.0,"enemies":"Jaw Worm","floor":1.0,"turns":1.0},{"damage":0.0,"enemies":"Small Slimes","floor":3.0,"turns":2.0},{"damage":0.0,"enemies":"Lagavulin","floor":6.0,"turns":1.0},{"damage":3.0,"enemies":"Replay:BlueRogue","floor":8.0,"turns":6.0},{"damage":0.0,"enemies":"2 Louse","floor":12.0,"turns":2.0},{"damage":13.0,"enemies":"3 Sentries","floor":13.0,"turns":5.0},{"damage":0.0,"enemies":"2 Fungi Beasts","floor":14.0,"turns":2.0},{"damage":22,"enemies":"The Guardian","floor":16,"turns":6}],"seed_played":"-104891964470333158","potions_obtained":[{"floor":1.0,"key":"Block Potion"},{"floor":6.0,"key":"Block Potion"},{"floor":8.0,"key":"ColorlessPotion"}],"is_trial":false,"path_per_floor":["M","?","M","?","?","E","R","E","T","R","$","M","E","M","R","B"],"character_chosen":"WATCHER","items_purchased":["Replay:ManipulateFuture"],"campfire_rested":0,"item_purchase_floors":[11],"current_hp_per_floor":[72,72,72,72,72,72,72,69,69,69,72,72,59,59,59,37,37],"gold":92,"neow_bonus":"THREE_ENEMY_KILL","is_daily":false,"chose_seed":false,"campfire_upgraded":3,"win_rate":0.0,"timestamp":1612509179,"path_taken":["M","?","M","?","?","E","R","E","T","R","$","M","E","?","R","BOSS"],"items_purchased_type":["Card"],"build_version":"2020-12-22","purchased_purges":1,"victory":false,"max_hp_per_floor":[72,72,72,72,72,72,72,72,72,72,72,72,72,72,72,72,72],"card_choices":[{"not_picked":["Replay:DivineShield","ReachHeaven","LikeWater"],"picked":"SKIP","floor":1.0},{"not_picked":["JustLucky","FollowUp","CrushJoints"],"picked":"SKIP","floor":3.0},{"not_picked":["Conclude","Protect"],"picked":"Judgement","floor":6.0},{"not_picked":["Replay:Cycle","Replay:DivineShield","EmptyBody"],"picked":"SKIP","floor":8.0},{"not_picked":["Replay:ManipulateFuture","InnerPeace"],"picked":"TalkToTheHand","floor":12.0},{"not_picked":["Swivel","DeceiveReality"],"picked":"Crescendo","floor":13.0},{"not_picked":["FlyingSleeves","Replay:ManipulateFuture"],"picked":"Worship","floor":14.0}],"player_experience":90922,"relics_obtained":[{"floor":6.0,"key":"Shuriken"},{"floor":8.0,"key":"Golden Egg"},{"floor":9.0,"key":"MealTicket"},{"floor":13.0,"key":"Grinning Jar"}],"event_choices":[{"cards_removed":["Strike_P"],"damage_healed":0.0,"max_hp_gain":0.0,"max_hp_loss":0.0,"gold_gain":0.0,"event_name":"The Cleric","player_choice":"Card Removal","floor":2.0,"gold_loss":50.0,"damage_taken":0.0}],"is_beta":false,"boss_relics":[],"items_purged_floors":[11],"is_endless":false,"potions_floor_spawned":[1,6,8,12],"killed_by":"The Guardian","ascension_level":1}}