{"host":"0k696jvpnlqjk4gh","time":1612566667,"event":{"mods":["AchievementEnabler","BaseMod","Colored Map","Colored Powertips","Minty Spire (QoL Compilation)","Quick Restart"],"gold_per_floor":[116,126,301,177,277,307,322,333,333,344,68,68,81,100,100,201,201,220,135,135,135,135,135,165,183,264,264,275,275,275,275],"floor_reached":30,"language":"ENG","playtime":2911,"items_purged":["Doubt"],"score":300,"play_id":"0f287026-5564-4bbb-b65e-378a1982ff1c","local_time":"20210205231107","is_ascension_mode":true,"campfire_choices":[{"floor":15,"key":"REST"},{"data":"Defragment","floor":23,"key":"SMITH"}],"circlet_count":0,"master_deck":["Strike_B","Strike_B","Strike_B","Strike_B","Defend_B","Defend_B","Defend_B","Defend_B","Zap","Dualcast","CurseOfTheBell","Ball Lightning","Gash","Go for the Eyes","Go for the Eyes","Defragment+1","Sunder+1","Conserve Battery","Loop+1","Go for the Eyes","Creative AI+1","Redo+1"],"relics":["Calling Bell","Lantern","Shuriken","TungstenRod","Bird Faced Urn","Calipers","Frozen Egg 2","Nuclear Battery","Darkstone Periapt","MutagenicStrength","Ancient Tea Set","Nloth\u0027s Gift"],"acts_visited":["Exordium","TheCity"],"potions_floor_usage":[2,14,16,25,28],"damage_taken":[{"damage":17,"enemies":"Jaw Worm","floor":1,"turns":4},{"damage":0,"enemies":"Cultist","floor":2,"turns":4},{"damage":39,"enemies":"Gremlin Nob","floor":6,"turns":5},{"damage":0,"enemies":"2 Louse","floor":7,"turns":2},{"damage":9,"enemies":"Looter","floor":8,"turns":4},{"damage":11,"enemies":"Lots of Slimes","floor":10,"turns":4},{"damage":0,"enemies":"Large Slime","floor":13,"turns":3},{"damage":11,"enemies":"Exordium Wildlife","floor":14,"turns":2},{"damage":6,"enemies":"Hexaghost","floor":16,"turns":9},{"damage":18,"enemies":"3 Byrds","floor":18,"turns":4},{"damage":37,"enemies":"Book of Stabbing","floor":24,"turns":5},{"damage":17,"enemies":"2 Thieves","floor":25,"turns":4},{"damage":27,"enemies":"Sentry and Sphere","floor":28,"turns":5},{"damage":24,"enemies":"Snake Plant","floor":30,"turns":2}],"seed_played":"7946923230098411566","potions_obtained":[{"floor":1,"key":"Regen Potion"},{"floor":8,"key":"FearPotion"},{"floor":13,"key":"AttackPotion"},{"floor":16,"key":"Swift Potion"},{"floor":24,"key":"EssenceOfSteel"},{"floor":25,"key":"Block Potion"}],"is_trial":false,"path_per_floor":["M","M","?","$","?","E","M","M","T","M","$","?","M","M","R","B",null,"M","?","$","?","$","R","E","M","T","?","M","?","M"],"character_chosen":"DEFECT","items_purchased":["Go for the Eyes","Frozen Egg 2","Loop+1"],"campfire_rested":1,"item_purchase_floors":[4,11,11],"current_hp_per_floor":[58,70,70,70,70,31,31,24,24,15,15,15,15,8,30,28,75,61,61,61,61,61,61,38,33,33,33,16,16,0,0],"gold":275,"neow_bonus":"BOSS_RELIC","is_daily":false,"chose_seed":false,"campfire_upgraded":1,"win_rate":0.0,"timestamp":1612566667,"path_taken":["M","M","?","$","?","E","?","M","T","?","$","?","M","M","R","BOSS","M","?","$","?","$","R","E","M","T","?","?","?","M"],"items_purchased_type":["Card","Relic","Card"],"build_version":"2020-12-22","purchased_purges":1,"victory":false,"max_hp_per_floor":[75,75,75,75,75,75,75,75,75,75,75,75,75,75,75,75,75,75,75,75,75,75,75,75,75,75,75,75,75,75,75],"card_choices":[{"not_picked":["Rebound","Turbo"],"picked":"Ball Lightning","floor":1},{"not_picked":["Streamline","Storm"],"picked":"Gash","floor":2},{"not_picked":["Auto Shields","Hyperbeam"],"picked":"Go for the Eyes","floor":6},{"not_picked":["Cold Snap","Rip and Tear"],"picked":"Defragment","floor":7},{"not_picked":["Darkness","Streamline"],"picked":"Sunder","floor":8},{"not_picked":["Ball Lightning","Coolheaded"],"picked":"Conserve Battery","floor":10},{"not_picked":["Rebound","Steam","Coolheaded"],"picked":"SKIP","floor":13},{"not_picked":["Blizzard","Compile Driver"],"picked":"Go for the Eyes","floor":14},{"not_picked":["All For One","Thunder Strike"],"picked":"Creative AI+1","floor":16},{"not_picked":["Genetic Algorithm","Rip and Tear","Streamline"],"picked":"SKIP","floor":18},{"not_picked":["Chill","FTL"],"picked":"Redo+1","floor":24},{"not_picked":["Ball Lightning","Capacitor+1","Streamline"],"picked":"SKIP","floor":25},{"not_picked":["Beam Cell+1","Barrage","Compile Driver+1"],"picked":"SKIP","floor":28}],"player_experience":181493,"relics_obtained":[{"floor":0,"key":"Lantern"},{"floor":0,"key":"Shuriken"},{"floor":0,"key":"TungstenRod"},{"floor":6,"key":"Bird Faced Urn"},{"floor":9,"key":"Calipers"},{"floor":24,"key":"Ancient Tea Set"},{"floor":26,"key":"White Beast Statue"}],"event_choices":[{"damage_healed":0,"gold_gain":175,"player_choice":"AGREE","damage_taken":0,"max_hp_gain":0,"max_hp_loss":0,"event_name":"Liars Game","floor":3,"gold_loss":0,"cards_obtained":["Doubt"]},{"damage_healed":0,"gold_gain":100,"player_choice":"Pray","damage_taken":0,"max_hp_gain":0,"max_hp_loss":0,"event_name":"Golden Shrine","floor":5,"gold_loss":0},{"damage_healed":0,"gold_gain":0,"player_choice":"Forge","damage_taken":0,"max_hp_gain":0,"max_hp_loss":0,"event_name":"Accursed Blacksmith","floor":12,"gold_loss":0,"cards_upgraded":["Sunder"]},{"damage_healed":0,"gold_gain":0,"player_choice":"Obtained Relic","damage_taken":0,"relics_obtained":["Darkstone Periapt"],"max_hp_gain":0,"max_hp_loss":0,"event_name":"Addict","floor":19,"gold_loss":85},{"damage_healed":0,"gold_gain":0,"player_choice":"Inject Mutagens","damage_taken":0,"relics_obtained":["MutagenicStrength"],"max_hp_gain":0,"max_hp_loss":0,"event_name":"Drug Dealer","floor":21,"gold_loss":0},{"damage_healed":0,"gold_gain":0,"player_choice":"Traded Relic","damage_taken":0,"relics_obtained":["Nloth\u0027s Gift"],"max_hp_gain":0,"max_hp_loss":0,"event_name":"N\u0027loth","floor":27,"relics_lost":["White Beast Statue"],"gold_loss":0},{"damage_healed":0,"gold_gain":0,"player_choice":"Ignored","damage_taken":0,"max_hp_gain":0,"max_hp_loss":0,"event_name":"Ghosts","floor":29,"gold_loss":0}],"is_beta":false,"boss_relics":[{"not_picked":["Ectoplasm","Pandora\u0027s Box"],"picked":"Nuclear Battery"}],"items_purged_floors":[4],"is_endless":false,"potions_floor_spawned":[1,8,13,16,24,25],"killed_by":"Snake Plant","ascension_level":4}}