{"host":"1te4apcktyw9778t","time":1612554527,"event":{"mods":["BaseMod","Colored Powertips","Minty Spire (QoL Compilation)","Relic Stats"],"gold_per_floor":[112,122,137,137,152,165,195,215,266,266,282,298,328,342,342,443,443,461,83,102,120,20,20,20,120,120,149,149,177,177,197,197,302,302,314,314,364,88,106,141,141,175,175,175,212,212,212,92,92,92,92,92,30,55,55,55],"floor_reached":55,"language":"ENG","playtime":8246,"items_purged":["Defend_P","Strike_P","Injury","Clumsy"],"score":1252,"play_id":"599c2c25-21eb-43e8-bc61-48dffc4f5c6e","local_time":"20210205144847","is_ascension_mode":true,"campfire_choices":[{"data":"TalkToTheHand","floor":10.0,"key":"SMITH"},{"data":"LikeWater","floor":15.0,"key":"SMITH"},{"data":"Strike_P","floor":23.0,"key":"PURGE"},{"data":"Strike_P","floor":28.0,"key":"PURGE"},{"data":"Strike_P","floor":30.0,"key":"PURGE"},{"data":"LikeWater","floor":32.0,"key":"SMITH"},{"data":"LikeWater","floor":41.0,"key":"SMITH"},{"data":"Devotion","floor":44.0,"key":"SMITH"},{"floor":49.0,"key":"RECALL"},{"data":"SpiritShield","floor":52.0,"key":"SMITH"}],"circlet_count":0,"master_deck":["Defend_P","Defend_P","Defend_P","Eruption+1","Vigilance","CrushJoints","CarveReality","LikeWater+1","TalkToTheHand+1","FlyingSleeves","Devotion+1","Protect","ClearTheMind","FlurryOfBlows","LikeWater+1","Wireheading","SpiritShield+1","InnerPeace","SignatureMove+1","PathToVictory","Ghostly","Ghostly","Ghostly","Ghostly","Ghostly","LikeWater+1","MentalFortress+1","EmptyBody","Omniscience","CutThroughFate+1","Scrawl","WaveOfTheHand","EmptyBody+1","ThirdEye+1","PathToVictory+1"],"relics":["PureWater","Oddly Smooth Stone","Toy Ornithopter","Boot","Pantograph","Cursed Key","Peace Pipe","Turnip","The Courier","MealTicket","Snecko Eye","CaptainsWheel","Happy Flower","Dead Branch","CeramicFish","Ice Cream"],"acts_visited":["Exordium","TheCity","TheBeyond","TheEnding"],"potions_floor_usage":[55,55],"damage_taken":[{"damage":0.0,"enemies":"Jaw Worm","floor":1.0,"turns":4.0},{"damage":0.0,"enemies":"Cultist","floor":2.0,"turns":2.0},{"damage":3.0,"enemies":"2 Louse","floor":3.0,"turns":2.0},{"damage":5.0,"enemies":"Looter","floor":5.0,"turns":3.0},{"damage":0.0,"enemies":"Blue Slaver","floor":6.0,"turns":4.0},{"damage":10.0,"enemies":"3 Sentries","floor":7.0,"turns":8.0},{"damage":0.0,"enemies":"Exordium Wildlife","floor":8.0,"turns":2.0},{"damage":0.0,"enemies":"Looter","floor":11.0,"turns":1.0},{"damage":0.0,"enemies":"Large Slime","floor":12.0,"turns":4.0},{"damage":0.0,"enemies":"Gremlin Nob","floor":13.0,"turns":2.0},{"damage":5.0,"enemies":"Red Slaver","floor":14.0,"turns":4.0},{"damage":16.0,"enemies":"The Guardian","floor":16.0,"turns":11.0},{"damage":0.0,"enemies":"Chosen","floor":18.0,"turns":5.0},{"damage":13.0,"enemies":"2 Thieves","floor":20.0,"turns":4.0},{"damage":22.0,"enemies":"3 Cultists","floor":21.0,"turns":6.0},{"damage":2.0,"enemies":"Gremlin Leader","floor":27.0,"turns":7.0},{"damage":0.0,"enemies":"Book of Stabbing","floor":29.0,"turns":8.0},{"damage":5.0,"enemies":"Sentry and Sphere","floor":31.0,"turns":6.0},{"damage":3.0,"enemies":"Collector","floor":33.0,"turns":9.0},{"damage":1.0,"enemies":"3 Darklings","floor":35.0,"turns":4.0},{"damage":0.0,"enemies":"2 Orb Walkers","floor":37.0,"turns":5.0},{"damage":2.0,"enemies":"3 Shapes","floor":39.0,"turns":7.0},{"damage":0.0,"enemies":"Nemesis","floor":40.0,"turns":9.0},{"damage":8.0,"enemies":"Reptomancer","floor":42.0,"turns":11.0},{"damage":0.0,"enemies":"Nemesis","floor":45.0,"turns":9.0},{"damage":17.0,"enemies":"Donu and Deca","floor":50.0,"turns":11.0},{"damage":0,"enemies":"Shield and Spear","floor":54,"turns":5},{"damage":46,"enemies":"The Heart","floor":55,"turns":9}],"seed_played":"6217297109626366035","potions_obtained":[{"floor":1.0,"key":"Energy Potion"},{"floor":3.0,"key":"Explosive Potion"},{"floor":5.0,"key":"SteroidPotion"},{"floor":6.0,"key":"Strength Potion"},{"floor":13.0,"key":"SpeedPotion"},{"floor":18.0,"key":"SkillPotion"},{"floor":21.0,"key":"SpeedPotion"},{"floor":33.0,"key":"SmokeBomb"},{"floor":40.0,"key":"SkillPotion"},{"floor":45.0,"key":"DistilledChaos"}],"is_trial":false,"path_per_floor":["M","M","M","?","M","M","E","M","T","R","M","M","E","M","R","B",null,"M","$","M","M","$","R","?","?","T","E","R","E","R","M","R","B",null,"M","T","?","$","M","E","R","E","T","R","E","?","T","$","R","B",null,"R","$","E","B"],"character_chosen":"WATCHER","items_purchased":["Peace Pipe","Scrawl","WaveOfTheHand","Ancient Potion"],"campfire_rested":0,"item_purchase_floors":[19,38,38,53],"current_hp_per_floor":[65,65,62,62,57,57,47,47,47,47,47,47,52,47,47,56,68,68,68,59,37,37,37,36,36,36,34,34,36,36,31,31,33,35,34,34,34,36,34,34,34,28,28,28,28,28,28,36,36,21,32,32,36,36,0,0],"gold":55,"neow_bonus":"RANDOM_COMMON_RELIC","is_daily":false,"chose_seed":false,"campfire_upgraded":6,"win_rate":0.0,"timestamp":1612554527,"path_taken":["M","M","M","?","M","M","E","M","T","R","M","M","E","M","R","BOSS","M","$","M","M","$","R","?","?","T","E","R","E","R","M","R","BOSS","M","?","?","$","M","E","R","E","T","R","E","?","?","?","R","BOSS","R","$","E","BOSS"],"items_purchased_type":["Relic","Card","Card","Potion"],"build_version":"2020-12-22","purchased_purges":4,"victory":false,"max_hp_per_floor":[72,72,72,72,72,72,72,72,72,72,72,72,72,72,72,72,72,72,72,72,72,72,72,36,36,36,36,36,36,36,36,36,36,36,36,36,36,36,36,36,36,36,36,36,36,36,36,36,36,36,36,36,36,36,36,36],"relic_stats":{"Happy Flower":[15],"counters":[28,162],"Dead Branch":[63],"CeramicFish":9,"Boot":[123],"Cursed Key":2,"Peace Pipe":6,"Pantograph":30,"Snecko Eye":[118,104,128,121],"MealTicket":14,"Turnip":[10],"obtain_stats":[{"Ice Cream":54,"Happy Flower":40,"Dead Branch":42,"CeramicFish":45,"Oddly Smooth Stone":0,"The Courier":27,"Boot":9,"Cursed Key":17,"Peace Pipe":19,"CaptainsWheel":37,"Pantograph":13,"Snecko Eye":34,"MealTicket":29,"Turnip":26,"PureWater":0,"Toy Ornithopter":7},{"Ice Cream":27,"Happy Flower":23,"Dead Branch":24,"CeramicFish":25,"Oddly Smooth Stone":0,"The Courier":16,"Boot":7,"Cursed Key":12,"Peace Pipe":13,"CaptainsWheel":21,"Pantograph":10,"Snecko Eye":19,"MealTicket":17,"Turnip":15,"PureWater":0,"Toy Ornithopter":6},{"Ice Cream":153,"Happy Flower":117,"Dead Branch":128,"CeramicFish":137,"Oddly Smooth Stone":0,"The Courier":69,"Boot":25,"Cursed Key":47,"Peace Pipe":52,"CaptainsWheel":101,"Pantograph":32,"Snecko Eye":92,"MealTicket":77,"Turnip":62,"PureWater":0,"Toy Ornithopter":23}],"Toy Ornithopter":20},"card_choices":[{"not_picked":["Adaptation","Protect"],"picked":"CrushJoints","floor":1.0},{"not_picked":["DeceiveReality","Prostrate"],"picked":"CarveReality","floor":2.0},{"not_picked":["CrushJoints","Evaluate"],"picked":"LikeWater","floor":3.0},{"not_picked":["Nirvana","BattleHymn"],"picked":"TalkToTheHand","floor":5.0},{"not_picked":["BowlingBash","Evaluate"],"picked":"FlyingSleeves","floor":6.0},{"not_picked":["Protect","Crescendo"],"picked":"Devotion","floor":7.0},{"not_picked":["EmptyBody","FollowUp"],"picked":"Protect","floor":8.0},{"not_picked":["Evaluate","SashWhip"],"picked":"ClearTheMind","floor":11.0},{"not_picked":["EmptyFist","BowlingBash"],"picked":"FlurryOfBlows","floor":12.0},{"not_picked":["Fasting2","Study"],"picked":"LikeWater","floor":13.0},{"not_picked":["CrushJoints","Evaluate"],"picked":"Wireheading","floor":14.0},{"not_picked":["MasterReality","Brilliance"],"picked":"SpiritShield","floor":16.0},{"not_picked":["FollowUp+1","CrushJoints+1"],"picked":"InnerPeace","floor":18.0},{"not_picked":["JustLucky+1","CutThroughFate"],"picked":"SignatureMove+1","floor":20.0},{"not_picked":["FlurryOfBlows","CrushJoints"],"picked":"PathToVictory","floor":21.0},{"not_picked":["Swivel","Conclude"],"picked":"LikeWater","floor":27.0},{"not_picked":["DeceiveReality","Judgement"],"picked":"MentalFortress+1","floor":29.0},{"not_picked":["Prostrate","Halt"],"picked":"EmptyBody","floor":31.0},{"not_picked":["LessonLearned","Blasphemy"],"picked":"Omniscience","floor":33.0},{"not_picked":["PathToVictory+1","Indignation+1"],"picked":"CutThroughFate+1","floor":35.0},{"not_picked":["EmptyFist","FollowUp"],"picked":"EmptyBody+1","floor":39.0},{"not_picked":["LikeWater+1","FearNoEvil+1"],"picked":"ThirdEye+1","floor":40.0},{"not_picked":["Conclude","Perseverance+1","CarveReality"],"picked":"SKIP","floor":42.0},{"not_picked":["Evaluate","EmptyBody+1"],"picked":"PathToVictory+1","floor":45.0},{"not_picked":["BattleHymn","JustLucky+1","Perseverance+1"],"picked":"SKIP","floor":54}],"player_experience":1089516,"relics_obtained":[{"floor":7.0,"key":"Toy Ornithopter"},{"floor":9.0,"key":"Boot"},{"floor":13.0,"key":"Pantograph"},{"floor":26.0,"key":"Turnip"},{"floor":27.0,"key":"The Courier"},{"floor":29.0,"key":"MealTicket"},{"floor":37.0,"key":"CaptainsWheel"},{"floor":40.0,"key":"Happy Flower"},{"floor":42.0,"key":"Dead Branch"},{"floor":45.0,"key":"CeramicFish"},{"floor":54,"key":"Ice Cream"}],"event_choices":[{"damage_healed":0.0,"max_hp_gain":0.0,"max_hp_loss":0.0,"gold_gain":0.0,"event_name":"Accursed Blacksmith","player_choice":"Forge","floor":4.0,"gold_loss":0.0,"damage_taken":0.0,"cards_upgraded":["Eruption"]},{"damage_healed":0.0,"max_hp_gain":0.0,"max_hp_loss":36.0,"gold_gain":0.0,"event_name":"Ghosts","player_choice":"Became a Ghost","floor":24.0,"gold_loss":0.0,"damage_taken":0.0,"cards_obtained":["Ghostly","Ghostly","Ghostly","Ghostly","Ghostly"]},{"damage_healed":0.0,"max_hp_gain":0.0,"max_hp_loss":0.0,"gold_gain":100.0,"event_name":"Golden Shrine","player_choice":"Pray","floor":25.0,"gold_loss":0.0,"damage_taken":0.0},{"damage_healed":0.0,"max_hp_gain":0.0,"max_hp_loss":0.0,"gold_gain":0.0,"event_name":"Mysterious Sphere","player_choice":"Fight","floor":37.0,"gold_loss":0.0,"damage_taken":0.0},{"damage_healed":0.0,"max_hp_gain":0.0,"max_hp_loss":0.0,"gold_gain":0.0,"event_name":"Tomb of Lord Red Mask","player_choice":"Ignored","floor":46.0,"gold_loss":0.0,"damage_taken":0.0}],"is_beta":false,"boss_relics":[{"not_picked":["Runic Dome","Tiny House"],"picked":"Cursed Key"},{"not_picked":["Busted Crown","Philosopher\u0027s Stone"],"picked":"Snecko Eye"}],"items_purged_floors":[19,22,38,48],"is_endless":false,"potions_floor_spawned":[1,3,5,6,13,18,21,33,37,40,45],"killed_by":"The Heart","ascension_level":6}}