{"host":"takgv9cv6xf64vhq","time":1612522812,"event":{"mods":["BaseMod","Colored Powertips","Conspire","Decade(王小明)","Downfall","Energized Spire","Hermit","Hubris","LagranYue(拉格朗・月)","Marisa（F雨　魔理沙）","Minty Spire (QoL Compilation)","Replay The Spire","StSLib","The Cursed","The Hierophant","The Jungle","The Servant 0.9.4","TheHeartMod"],"gold_per_floor":[367,29,29,44,44,73,73,98,123,123,155,175,8,21,21,98,98,109,120,1,15,15,15,47,47,71,83,102,102,102,122,122,195,195,210,226,236,286,297,330,406,406,406],"floor_reached":42,"language":"ZHS","playtime":4190,"items_purged":["Strike_G"],"score":1036,"play_id":"88e3210c-6b4a-4965-b75d-5a8993ed9a4f","local_time":"20210205190012","is_ascension_mode":true,"campfire_choices":[{"data":"Skewer","floor":7.0,"key":"SMITH"},{"data":"Noxious Fumes","floor":10.0,"key":"SMITH"},{"data":"Backflip","floor":23.0,"key":"SMITH"},{"data":"Catalyst","floor":25.0,"key":"SMITH"},{"data":"Survivor","floor":29.0,"key":"SMITH"},{"data":"Terror","floor":32.0,"key":"SMITH"}],"circlet_count":0,"master_deck":["AscendersBane","Strike_G","Strike_G","Defend_G","Defend_G","Defend_G","Defend_G","Defend_G","Survivor+1","Neutralize+1","Skewer+1","Noxious Fumes+1","Caltrops","Glass Knife+1","Terror+1","Bane","Noxious Fumes","Catalyst+1","Die Die Die+1","Acrobatics","Sneak Up","Dodge and Roll+1","Backflip+1","Crippling Poison+1","Ghostly","Ghostly","Ghostly","Backflip+1","After Image+1","Acrobatics","PiercingWail"],"relics":["Ring of the Snake","ReplayFunnel","bronze:DonusWashers","Durian","Golden Egg","Strawberry","conspire:DeflatedDodgeball","Sling","conspire:SpecialSausage","Tiny Chest","Sozu","Anchor","Chameleon Ring"],"acts_visited":["Exordium","TheCity","TheBeyond"],"potions_floor_usage":[],"damage_taken":[{"damage":1.0,"enemies":"Small Slimes","floor":1.0,"turns":4.0},{"damage":0.0,"enemies":"Cultist","floor":4.0,"turns":3.0},{"damage":21.0,"enemies":"Lagavulin","floor":6.0,"turns":7.0},{"damage":14.0,"enemies":"3 Sentries","floor":8.0,"turns":8.0},{"damage":0.0,"enemies":"Gremlin Nob","floor":11.0,"turns":2.0},{"damage":0.0,"enemies":"conspire:RoseBush","floor":12.0,"turns":4.0},{"damage":2.0,"enemies":"Exordium Wildlife","floor":14.0,"turns":4.0},{"damage":6.0,"enemies":"The Guardian","floor":16.0,"turns":10.0},{"damage":4.0,"enemies":"conspire:FuzzyDice","floor":18.0,"turns":6.0},{"damage":1.0,"enemies":"Spheric Guardian","floor":19.0,"turns":3.0},{"damage":8.0,"enemies":"Centurion and Healer","floor":21.0,"turns":7.0},{"damage":10.0,"enemies":"Gremlin Leader","floor":24.0,"turns":6.0},{"damage":9.0,"enemies":"Snake Plant","floor":27.0,"turns":6.0},{"damage":10.0,"enemies":"Snecko","floor":28.0,"turns":8.0},{"damage":4.0,"enemies":"Shelled Parasite and Fungi","floor":31.0,"turns":7.0},{"damage":15.0,"enemies":"Champ","floor":33.0,"turns":9.0},{"damage":0.0,"enemies":"3 Darklings","floor":35.0,"turns":3.0},{"damage":0.0,"enemies":"Orb Walker","floor":36.0,"turns":4.0},{"damage":0.0,"enemies":"4 Shapes","floor":37.0,"turns":6.0},{"damage":0.0,"enemies":"3 Darklings","floor":39.0,"turns":5.0},{"damage":26,"enemies":"Nemesis","floor":40,"turns":9},{"damage":6,"enemies":"Spire Growth","floor":42,"turns":2}],"seed_played":"-3550392325770633170","potions_obtained":[{"floor":1.0,"key":"Poison Potion"},{"floor":6.0,"key":"SpeedPotion"},{"floor":8.0,"key":"Strength Potion"},{"floor":18.0,"key":"champ:CounterPotion"},{"floor":27.0,"key":"bronze:BurnAndBuffPotion"},{"floor":28.0,"key":"Weak Potion"},{"floor":31.0,"key":"SteroidPotion"}],"is_trial":false,"path_per_floor":["M","$","?","M","?","E","R","E","T","R","E","M","$","M","R","B",null,"M","M","$","M","?","R","E","R","T","M","M","R","?","M","R","B",null,"M","M","M","?","M","E","T","M"],"character_chosen":"THE_SILENT","items_purchased":["ReplayFunnel","bronze:DonusWashers","Sling","Dodge and Roll+1"],"campfire_rested":0,"item_purchase_floors":[2,2,13,20],"current_hp_per_floor":[43,43,43,43,43,27,27,13,20,20,20,20,20,18,18,12,62,58,57,57,49,49,49,39,39,39,30,20,20,20,16,16,1,30,30,30,30,30,30,4,4,0,0],"gold":406,"neow_bonus":"TWO_FIFTY_GOLD","is_daily":false,"chose_seed":false,"campfire_upgraded":6,"win_rate":0.0,"timestamp":1612522812,"path_taken":["M","$","?","?","?","E","R","E","T","R","E","M","$","M","R","BOSS","M","M","$","M","?","R","E","R","T","?","M","R","?","M","R","BOSS","M","M","M","?","M","E","?","?"],"items_purchased_type":["Relic","Relic","Relic","Card"],"build_version":"2020-12-22","purchased_purges":1,"victory":false,"max_hp_per_floor":[66,66,66,66,66,71,71,71,78,78,78,78,78,78,78,78,78,78,78,78,78,78,78,78,78,78,78,78,78,39,39,39,39,39,39,39,39,39,39,39,39,39,39],"card_choices":[{"not_picked":["PiercingWail","Well Laid Plans"],"picked":"Skewer","floor":1.0},{"not_picked":["Prepared","Endless Agony","Poisoned Stab"],"picked":"SKIP","floor":4.0},{"not_picked":["hubris:SlightOfHand","ReplayTheSpireMod:Tripwire"],"picked":"Caltrops","floor":6.0},{"not_picked":["Sucker Punch","hubris:Counter"],"picked":"Glass Knife","floor":8.0},{"not_picked":["hubris:Counter","Predator"],"picked":"Terror","floor":11.0},{"not_picked":["Flying Knee","Hidden Blade"],"picked":"Bane","floor":12.0},{"not_picked":["Slice","Deadly Poison"],"picked":"Noxious Fumes","floor":14.0},{"not_picked":["Unload","Storm of Steel"],"picked":"Die Die Die","floor":16.0},{"not_picked":["Well Laid Plans","Prepared"],"picked":"Acrobatics","floor":18.0},{"not_picked":["Prepared","Backflip"],"picked":"Sneak Up","floor":19.0},{"not_picked":["Bane","Endless Agony"],"picked":"Backflip","floor":21.0},{"not_picked":["A Thousand Cuts","Malaise"],"picked":"Crippling Poison+1","floor":24.0},{"not_picked":["Acrobatics","Dagger Spray","Flying Knee"],"picked":"SKIP","floor":27.0},{"not_picked":["Flying Knee","Quick Slash","Caltrops"],"picked":"SKIP","floor":28.0},{"not_picked":["Dagger Throw","Poisoned Stab"],"picked":"Backflip+1","floor":31.0},{"not_picked":["Venomology","Wraith Form v2"],"picked":"After Image","floor":33.0},{"not_picked":["Deadly Poison+1","Flying Knee","Eviscerate"],"picked":"SKIP","floor":35.0},{"not_picked":["Slice","Quick Slash"],"picked":"Acrobatics","floor":36.0},{"not_picked":["Toxin Wave","Concentrate"],"picked":"PiercingWail","floor":37.0},{"not_picked":["Poisoned Stab+1","Slice+1","Outmaneuver+1"],"picked":"SKIP","floor":39.0},{"not_picked":["All Out Attack","Masterful Stab","Eviscerate"],"picked":"SKIP","floor":40}],"player_experience":432172,"relics_obtained":[{"floor":6.0,"key":"Durian"},{"floor":8.0,"key":"Golden Egg"},{"floor":9.0,"key":"Strawberry"},{"floor":11.0,"key":"conspire:DeflatedDodgeball"},{"floor":24.0,"key":"Tiny Chest"},{"floor":40,"key":"Anchor"},{"floor":41,"key":"Chameleon Ring"}],"event_choices":[{"damage_healed":0.0,"max_hp_gain":0.0,"max_hp_loss":0.0,"gold_gain":0.0,"event_name":"Upgrade Shrine","player_choice":"Upgraded","floor":3.0,"gold_loss":0.0,"damage_taken":0.0,"cards_upgraded":["Neutralize"]},{"cards_removed":["Strike_G"],"damage_healed":0.0,"max_hp_gain":0.0,"max_hp_loss":0.0,"gold_gain":0.0,"event_name":"Bonfire Elementals","player_choice":"Offered Basic","floor":22.0,"gold_loss":0.0,"damage_taken":0.0},{"damage_healed":0.0,"max_hp_gain":0.0,"max_hp_loss":39.0,"gold_gain":0.0,"event_name":"Ghosts","player_choice":"Became a Ghost","floor":30.0,"gold_loss":0.0,"damage_taken":0.0,"cards_obtained":["Ghostly","Ghostly","Ghostly"]},{"damage_healed":0.0,"max_hp_gain":0.0,"max_hp_loss":0.0,"gold_gain":50.0,"event_name":"Golden Shrine","player_choice":"Pray","floor":38.0,"gold_loss":0.0,"damage_taken":0.0}],"is_beta":false,"boss_relics":[{"not_picked":["hubris:VirtuousBlindfold","conspire:SeveredTorchhead"],"picked":"conspire:SpecialSausage"},{"not_picked":["conspire:RunicOctahedron","hubris:CrackedHourglass"],"picked":"Sozu"}],"items_purged_floors":[20],"is_endless":false,"potions_floor_spawned":[1,6,8,18,27,28,31,36,37,39],"killed_by":"Spire Growth","ascension_level":20}}