{"host":"tgr1xoidyjfo4u0n","time":1612531930,"event":{"mods":["Act Like it!","Alarm Clock","BaseMod","CapriCore","Colored Powertips","GifTheSpireLib","Highlight Path","Minty Spire (QoL Compilation)","StSLib"],"gold_per_floor":[111,126,139,158,177,212,212,224,303,303,316,316,14,24,24,120,120,140,140,154,154,154,154,164,190,237,237,263,263,94,129,129,232,232,247,259,259,273,288,288,299,310,310,310,322,354,354,229,229,229,229,229,35,60,60],"floor_reached":56,"language":"ZHS","playtime":3868,"items_purged":["Strike_P","Strike_P","BowlingBash+1"],"score":1576,"play_id":"8b66728e-d27e-4ff9-b799-7cfb046756e8","local_time":"20210205213210","is_ascension_mode":true,"campfire_choices":[{"data":"BowlingBash","floor":7.0,"key":"SMITH"},{"data":"CrushJoints","floor":10.0,"key":"SMITH"},{"data":"Eruption","floor":15.0,"key":"SMITH"},{"data":"EmptyMind","floor":23.0,"key":"SMITH"},{"data":"ThirdEye","floor":27.0,"key":"SMITH"},{"floor":29.0,"key":"DIG"},{"data":"Strike_P","floor":32.0,"key":"PURGE"},{"data":"Conclude","floor":40.0,"key":"PURGE"},{"floor":44.0,"key":"RECALL"},{"data":"Defend_P","floor":49.0,"key":"PURGE"},{"floor":52.0,"key":"DIG"}],"circlet_count":0,"master_deck":["Defend_P","Defend_P","Eruption+1","Vigilance","FearNoEvil","ThirdEye+1","CrushJoints+1","Sanctity","EmptyMind+1","Tantrum","DevaForm","FlurryOfBlows","CutThroughFate+1","MentalFortress+1","WaveOfTheHand","TalkToTheHand","FlurryOfBlows","DeusExMachina","Protect+1","WheelKick+1","Study+1","Meditate+1","ConjureBlade","ClearTheMind+1"],"relics":["HolyWater","Oddly Smooth Stone","Eternal Feather","Bag of Preparation","Pen Nib","Shovel","Potion Belt","Peace Pipe","Coffee Dripper","Bronze Scales","CaptainsWheel","Ornamental Fan","Pear"],"acts_visited":["Exordium","TheCity","TheBeyond","TheEnding"],"potions_floor_usage":[55,55,55],"damage_taken":[{"damage":0.0,"enemies":"2 Louse","floor":1.0,"turns":2.0},{"damage":0.0,"enemies":"Cultist","floor":2.0,"turns":2.0},{"damage":0.0,"enemies":"Jaw Worm","floor":3.0,"turns":4.0},{"damage":1.0,"enemies":"Red Slaver","floor":4.0,"turns":6.0},{"damage":4.0,"enemies":"Looter","floor":5.0,"turns":2.0},{"damage":21.0,"enemies":"Gremlin Nob","floor":6.0,"turns":4.0},{"damage":0.0,"enemies":"3 Louse","floor":8.0,"turns":3.0},{"damage":10.0,"enemies":"Large Slime","floor":11.0,"turns":4.0},{"damage":0.0,"enemies":"Gremlin Gang","floor":14.0,"turns":2.0},{"damage":0.0,"enemies":"Slime Boss","floor":16.0,"turns":4.0},{"damage":0.0,"enemies":"Spheric Guardian","floor":18.0,"turns":1.0},{"damage":0.0,"enemies":"Chosen","floor":20.0,"turns":1.0},{"damage":5.0,"enemies":"Shelled Parasite and Fungi","floor":24.0,"turns":3.0},{"damage":0.0,"enemies":"Slavers","floor":25.0,"turns":2.0},{"damage":0.0,"enemies":"Gremlin Leader","floor":28.0,"turns":3.0},{"damage":7.0,"enemies":"Slavers","floor":31.0,"turns":3.0},{"damage":5.0,"enemies":"Collector","floor":33.0,"turns":4.0},{"damage":0.0,"enemies":"Orb Walker","floor":35.0,"turns":3.0},{"damage":0.0,"enemies":"3 Darklings","floor":36.0,"turns":2.0},{"damage":0.0,"enemies":"Transient","floor":38.0,"turns":5.0},{"damage":15.0,"enemies":"Sphere and 2 Shapes","floor":39.0,"turns":3.0},{"damage":0.0,"enemies":"Writhing Mass","floor":41.0,"turns":3.0},{"damage":0.0,"enemies":"Jaw Worm Horde","floor":42.0,"turns":3.0},{"damage":5.0,"enemies":"Maw","floor":45.0,"turns":5.0},{"damage":14.0,"enemies":"Nemesis","floor":46.0,"turns":5.0},{"damage":40.0,"enemies":"Time Eater","floor":50.0,"turns":8.0},{"damage":15.0,"enemies":"Shield and Spear","floor":54.0,"turns":5.0},{"damage":50,"enemies":"The Heart","floor":55,"turns":7}],"seed_played":"279560495844781578","potions_obtained":[{"floor":1.0,"key":"PowerPotion"},{"floor":4.0,"key":"BottledMiracle"},{"floor":6.0,"key":"AttackPotion"},{"floor":14.0,"key":"Strength Potion"},{"floor":25.0,"key":"SteroidPotion"},{"floor":28.0,"key":"Block Potion"},{"floor":31.0,"key":"StancePotion"},{"floor":33.0,"key":"DistilledChaos"},{"floor":42.0,"key":"Weak Potion"},{"floor":45.0,"key":"Strength Potion"}],"is_trial":false,"path_per_floor":["M","M","M","M","M","E","R","M","T","R","M","?","$","M","R","B",null,"M","?","M","?","?","R","M","E","T","R","E","R","$","E","R","B",null,"M","M","?","M","M","R","M","M","T","R","M","E","?","$","R","B",null,"R","$","E","B",null],"character_chosen":"WATCHER","items_purchased":["Bag of Preparation","EmptyMind","TalkToTheHand","ConjureBlade","Swift Potion"],"campfire_rested":0,"item_purchase_floors":[13,13,30,53,53],"current_hp_per_floor":[79,79,79,78,74,53,53,53,53,62,52,52,52,52,61,61,75,75,75,75,75,75,79,74,74,74,79,79,79,79,72,79,74,78,78,78,78,78,63,75,75,75,75,79,74,60,60,60,72,32,67,79,79,74,24],"gold":60,"neow_bonus":"TEN_PERCENT_HP_BONUS","is_daily":false,"chose_seed":false,"campfire_upgraded":5,"win_rate":0.0,"timestamp":1612531930,"path_taken":["M","M","M","M","M","E","R","M","T","R","M","?","$","?","R","BOSS","M","?","?","?","?","R","M","E","T","R","E","R","$","E","R","BOSS","M","M","?","?","M","R","M","M","T","R","M","E","?","$","R","BOSS","R","$","E","BOSS"],"items_purchased_type":["Relic","Card","Card","Card","Potion"],"build_version":"2020-12-22","purchased_purges":3,"victory":true,"max_hp_per_floor":[79,79,79,79,79,79,79,79,79,79,79,79,79,79,79,79,79,79,79,79,79,79,79,79,79,79,79,79,79,79,79,79,79,79,79,79,79,79,79,79,79,79,79,79,79,79,79,79,79,79,79,79,79,89,89],"card_choices":[{"not_picked":["Weave","Prostrate"],"picked":"FearNoEvil","floor":1.0},{"not_picked":["Weave","FlyingSleeves"],"picked":"ThirdEye","floor":2.0},{"not_picked":["PathToVictory","Wireheading","EmptyBody"],"picked":"SKIP","floor":3.0},{"not_picked":["FlyingSleeves","Consecrate"],"picked":"CrushJoints","floor":4.0},{"not_picked":["Indignation","Meditate"],"picked":"Conclude","floor":5.0},{"not_picked":["Perseverance","Collect"],"picked":"BowlingBash","floor":6.0},{"not_picked":["FearNoEvil","PathToVictory","FlyingSleeves"],"picked":"SKIP","floor":8.0},{"not_picked":["EmptyBody","Protect"],"picked":"Sanctity","floor":11.0},{"not_picked":["EmptyFist","FlyingSleeves"],"picked":"Tantrum","floor":14.0},{"not_picked":["Establishment","Brilliance"],"picked":"DevaForm","floor":16.0},{"not_picked":["PathToVictory+1","Crescendo"],"picked":"FlurryOfBlows","floor":18.0},{"not_picked":["FlurryOfBlows","EmptyFist+1"],"picked":"CutThroughFate+1","floor":20.0},{"not_picked":["Halt","CutThroughFate"],"picked":"MentalFortress+1","floor":24.0},{"not_picked":["ThirdEye","Prostrate","CrushJoints"],"picked":"SKIP","floor":25.0},{"not_picked":["FlurryOfBlows+1","Blasphemy"],"picked":"WaveOfTheHand","floor":28.0},{"not_picked":["Indignation","SignatureMove+1"],"picked":"FlurryOfBlows","floor":31.0},{"not_picked":["Omniscience","Scrawl"],"picked":"DeusExMachina","floor":33.0},{"not_picked":["CutThroughFate","Wireheading+1","LikeWater+1"],"picked":"SKIP","floor":35.0},{"not_picked":["SignatureMove","Crescendo+1","Protect+1"],"picked":"SKIP","floor":36.0},{"not_picked":["SignatureMove","Crescendo+1"],"picked":"Protect+1","floor":36.0},{"not_picked":["FlyingSleeves","Evaluate","FlurryOfBlows"],"picked":"SKIP","floor":38.0},{"not_picked":["Consecrate+1","WreathOfFlame"],"picked":"WheelKick+1","floor":39.0},{"not_picked":["EmptyBody","PathToVictory+1","Protect+1"],"picked":"SKIP","floor":41.0},{"not_picked":["EmptyBody","PathToVictory+1","Protect+1"],"picked":"SKIP","floor":41.0},{"not_picked":["JustLucky","Evaluate"],"picked":"Study+1","floor":42.0},{"not_picked":["SignatureMove+1","Alpha","FlurryOfBlows+1"],"picked":"SKIP","floor":45.0},{"not_picked":["WreathOfFlame+1","EmptyFist"],"picked":"Meditate+1","floor":46.0},{"not_picked":["EmptyFist","ForeignInfluence"],"picked":"ClearTheMind+1","floor":54.0}],"player_experience":430376,"relics_obtained":[{"floor":6.0,"key":"Oddly Smooth Stone"},{"floor":9.0,"key":"Eternal Feather"},{"floor":25.0,"key":"Pen Nib"},{"floor":28.0,"key":"Shovel"},{"floor":29.0,"key":"Potion Belt"},{"floor":31.0,"key":"Peace Pipe"},{"floor":43.0,"key":"Bronze Scales"},{"floor":46.0,"key":"CaptainsWheel"},{"floor":52.0,"key":"Ornamental Fan"},{"floor":54.0,"key":"Pear"}],"event_choices":[{"cards_removed":["Defend_P"],"damage_healed":0.0,"max_hp_gain":0.0,"max_hp_loss":0.0,"gold_gain":0.0,"event_name":"NoteForYourself","player_choice":"Took Card","floor":12.0,"gold_loss":0.0,"damage_taken":0.0,"cards_obtained":["Strike_G"]},{"cards_removed":["Strike_G"],"damage_healed":0.0,"max_hp_gain":0.0,"max_hp_loss":0.0,"gold_gain":0.0,"event_name":"Wheel of Change","player_choice":"Card Removal","floor":19.0,"gold_loss":0.0,"damage_taken":0.0},{"cards_removed":["Strike_P"],"damage_healed":0.0,"max_hp_gain":0.0,"max_hp_loss":0.0,"gold_gain":0.0,"event_name":"Back to Basics","player_choice":"Elegance","floor":21.0,"gold_loss":0.0,"damage_taken":0.0},{"damage_healed":0.0,"max_hp_gain":0.0,"max_hp_loss":0.0,"gold_gain":0.0,"event_name":"Vampires","player_choice":"Ignored","floor":22.0,"gold_loss":0.0,"damage_taken":0.0},{"damage_healed":0.0,"max_hp_gain":0.0,"max_hp_loss":0.0,"gold_gain":0.0,"event_name":"Match and Keep!","player_choice":"0 cards matched","floor":37.0,"gold_loss":0.0,"damage_taken":0.0,"cards_obtained":[]},{"damage_healed":0.0,"max_hp_gain":0.0,"max_hp_loss":0.0,"gold_gain":0.0,"event_name":"Tomb of Lord Red Mask","player_choice":"Ignored","floor":47.0,"gold_loss":0.0,"damage_taken":0.0}],"is_beta":false,"boss_relics":[{"not_picked":["Ectoplasm","Tiny House"],"picked":"HolyWater"},{"not_picked":["Cursed Key","SacredBark"],"picked":"Coffee Dripper"}],"items_purged_floors":[13,30,48],"is_endless":false,"potions_floor_spawned":[1,4,6,11,14,16,20,25,28,31,33,38,42,45],"ascension_level":5}}