{"host":"92108ef2q9tm8rod","time":1612538319,"event":{"mods":["BaseMod","Defuse TimeMaze Blight","Minty Spire (QoL Compilation)","StSLib","The Jungle"],"gold_per_floor":[109,109,127,143,162,162,194,194,243,243,253,264,282,311,311,410,410,428,446,462,306,149,182,182,207,207,235,253,253,282,316,316,412,412,425,425,441,28,28,28,28,38,38,53,53,83,83,96,96,96],"floor_reached":51,"language":"ENG","playtime":2501,"items_purged":["Bane"],"score":1212,"play_id":"5ffaf4c5-72f1-4190-9c8e-af690828b7ed","local_time":"20210205151839","daily_mods":["SealedDeck","Colorless Cards","Heirloom","Flight"],"is_ascension_mode":false,"campfire_choices":[{"data":"Catalyst","floor":6,"key":"SMITH"},{"data":"Deep Breath","floor":8,"key":"SMITH"},{"data":"Blind","floor":10,"key":"SMITH"},{"data":"Good Instincts","floor":15,"key":"SMITH"},{"data":"Finesse","floor":24,"key":"SMITH"},{"data":"Blur","floor":29,"key":"SMITH"},{"data":"Deflect","floor":32,"key":"SMITH"},{"data":"Adrenaline","floor":40,"key":"SMITH"},{"data":"Adrenaline","floor":41,"key":"SMITH"},{"data":"Deflect","floor":45,"key":"SMITH"},{"data":"Noxious Fumes","floor":47,"key":"SMITH"},{"data":"Deadly Poison","floor":49,"key":"SMITH"}],"circlet_count":0,"master_deck":["Flechettes+1","Deep Breath+1","Backflip","Deflect+1","Blind+1","Deflect+1","Deadly Poison+1","Escape Plan","Catalyst+1","Good Instincts+1","Finesse+1","Flash of Steel+1","Noxious Fumes+1","Blur+1","Adrenaline+1","Adrenaline+1"],"relics":["Ring of the Snake","Gambling Chip","Gremlin Horn","Bronze Scales","Regal Pillow","Busted Crown","TwistedFunnel","Ancient Tea Set","MealTicket","Meat on the Bone","Paper Crane","PreservedInsect","Bottled Flame","SacredBark","Mummified Hand","DollysMirror","HornCleat","Orichalcum"],"acts_visited":["Exordium","Exordium","TheBeyond"],"potions_floor_usage":[7,20,30,33,33,50,50,50],"damage_taken":[{"damage":0,"enemies":"Jaw Worm","floor":1,"turns":2},{"damage":0,"enemies":"2 Louse","floor":3,"turns":1},{"damage":0,"enemies":"Small Slimes","floor":4,"turns":2},{"damage":0,"enemies":"Gremlin Gang","floor":5,"turns":3},{"damage":0,"enemies":"Gremlin Nob","floor":7,"turns":2},{"damage":0,"enemies":"Large Slime","floor":11,"turns":1},{"damage":0,"enemies":"Blue Slaver","floor":12,"turns":1},{"damage":0,"enemies":"Looter","floor":13,"turns":1},{"damage":0,"enemies":"3 Sentries","floor":14,"turns":4},{"damage":0,"enemies":"Slime Boss","floor":16,"turns":7},{"damage":0,"enemies":"theJungle:MUSHROOMGANG","floor":18,"turns":1},{"damage":0,"enemies":"theJungle:GiantWrat","floor":19,"turns":1},{"damage":5,"enemies":"theJungle:2_Flameangoes","floor":20,"turns":5},{"damage":0,"enemies":"theJungle:Cassacara","floor":23,"turns":2},{"damage":0,"enemies":"theJungle:2_Phrogs","floor":25,"turns":1},{"damage":0,"enemies":"theJungle:Cassacara","floor":27,"turns":3},{"damage":0,"enemies":"theJungle:Snecko_Cultist_And_Trap","floor":28,"turns":4},{"damage":0,"enemies":"theJungle:2_Phrogs","floor":30,"turns":3},{"damage":0,"enemies":"theJungle:MamaSnecko","floor":31,"turns":2},{"damage":0,"enemies":"theJungle:QueenSpyder","floor":33,"turns":4},{"damage":0,"enemies":"3 Darklings","floor":35,"turns":3},{"damage":0,"enemies":"3 Shapes","floor":37,"turns":1},{"damage":0,"enemies":"Jaw Worm Horde","floor":42,"turns":1},{"damage":0,"enemies":"Maw","floor":44,"turns":5},{"damage":0,"enemies":"Reptomancer","floor":46,"turns":2},{"damage":0,"enemies":"4 Shapes","floor":48,"turns":2},{"damage":0,"enemies":"Awakened One","floor":50,"turns":7}],"seed_played":"3959636467695806995","potions_obtained":[{"floor":1,"key":"SkillPotion"},{"floor":3,"key":"Block Potion"},{"floor":7,"key":"Weak Potion"},{"floor":14,"key":"FairyPotion"},{"floor":16,"key":"DuplicationPotion"},{"floor":27,"key":"FearPotion"},{"floor":30,"key":"PowerPotion"},{"floor":31,"key":"Energy Potion"},{"floor":33,"key":"SkillPotion"},{"floor":35,"key":"Swift Potion"}],"is_trial":true,"path_per_floor":["M","?","M","M","M","R","E","R","T","R","M","M","M","E","R","B",null,"M","M","M","$","$","E","R","E","T","E","M","R","E","E","R","B",null,"M","?","M","$","$","R","R","M","T","M","R","E","R","M","R","B",null],"character_chosen":"THE_SILENT","items_purchased":["Noxious Fumes","TwistedFunnel","Mummified Hand","DollysMirror"],"campfire_rested":0,"item_purchase_floors":[21,22,38,38],"current_hp_per_floor":[70,70,70,70,70,70,70,70,70,70,70,70,70,70,70,70,70,70,70,65,65,65,65,65,65,65,65,65,65,65,65,65,65,70,70,70,70,70,70,70,70,70,70,70,70,70,70,70,70,70],"gold":96,"neow_bonus":"","is_daily":false,"chose_seed":false,"campfire_upgraded":12,"win_rate":0.0,"timestamp":1612538319,"path_taken":["M","?","M","M","M","R","E","R","T","R","M","M","M","E","R","BOSS","M","M","M","$","$","E","R","E","T","E","M","R","E","E","R","BOSS","M","?","M","$","$","R","R","M","T","M","R","E","R","M","R","BOSS"],"items_purchased_type":["Card","Relic","Relic","Relic"],"build_version":"2020-12-22","purchased_purges":1,"victory":true,"max_hp_per_floor":[70,70,70,70,70,70,70,70,70,70,70,70,70,70,70,70,70,70,70,70,70,70,70,70,70,70,70,70,70,70,70,70,70,70,70,70,70,70,70,70,70,70,70,70,70,70,70,70,70,70],"card_choices":[{"not_picked":["Prepared","Discovery","Dagger Throw"],"picked":"SKIP","floor":1},{"not_picked":["Poisoned Stab","Outmaneuver","Tools of the Trade"],"picked":"SKIP","floor":3},{"not_picked":["Dagger Spray","PiercingWail","Dagger Throw"],"picked":"SKIP","floor":4},{"not_picked":["PanicButton","Deflect","Cloak And Dagger"],"picked":"SKIP","floor":5},{"not_picked":["Quick Slash","Glass Knife","Flying Knee"],"picked":"SKIP","floor":7},{"not_picked":["Cloak And Dagger","Catalyst"],"picked":"Good Instincts","floor":11},{"not_picked":["Slice","Cloak And Dagger"],"picked":"Finesse","floor":12},{"not_picked":["Deadly Poison","Quick Slash","Jack Of All Trades"],"picked":"SKIP","floor":13},{"not_picked":["Bane","Reflex","Prepared"],"picked":"SKIP","floor":14},{"not_picked":[],"picked":"Flash of Steel+1","floor":18},{"not_picked":["Catalyst"],"picked":"SKIP","floor":19},{"not_picked":["Masterful Stab"],"picked":"SKIP","floor":20},{"not_picked":["Crippling Poison"],"picked":"SKIP","floor":23},{"not_picked":["Enlightenment+1"],"picked":"SKIP","floor":25},{"not_picked":[],"picked":"Blur","floor":27},{"not_picked":["Choke"],"picked":"SKIP","floor":28},{"not_picked":["Dagger Spray"],"picked":"SKIP","floor":30},{"not_picked":["Backflip"],"picked":"SKIP","floor":31},{"not_picked":[],"picked":"Adrenaline","floor":33},{"not_picked":["Mind Blast+1"],"picked":"SKIP","floor":35},{"not_picked":["Dodge and Roll"],"picked":"SKIP","floor":37},{"not_picked":["Reflex"],"picked":"SKIP","floor":42},{"not_picked":["Crippling Poison"],"picked":"SKIP","floor":44},{"not_picked":["Acrobatics"],"picked":"SKIP","floor":46},{"not_picked":["Prepared"],"picked":"SKIP","floor":48}],"player_experience":3394032,"relics_obtained":[{"floor":7,"key":"Gremlin Horn"},{"floor":9,"key":"Bronze Scales"},{"floor":14,"key":"Regal Pillow"},{"floor":23,"key":"Ancient Tea Set"},{"floor":25,"key":"MealTicket"},{"floor":26,"key":"Meat on the Bone"},{"floor":27,"key":"Paper Crane"},{"floor":30,"key":"PreservedInsect"},{"floor":31,"key":"Bottled Flame"},{"floor":43,"key":"HornCleat"},{"floor":46,"key":"Orichalcum"}],"event_choices":[{"damage_healed":0,"gold_gain":0,"player_choice":"Grow","damage_taken":0,"max_hp_gain":0,"max_hp_loss":0,"event_name":"Living Wall","floor":2,"gold_loss":0,"cards_upgraded":["Flechettes"]},{"damage_healed":0,"gold_gain":0,"player_choice":"Ignored","damage_taken":0,"max_hp_gain":0,"max_hp_loss":0,"event_name":"Mysterious Sphere","floor":36,"gold_loss":0}],"is_beta":false,"boss_relics":[{"not_picked":["SlaversCollar","HoveringKite"],"picked":"Busted Crown"},{"not_picked":["WristBlade","Sozu"],"picked":"SacredBark"}],"items_purged_floors":[21],"is_endless":false,"potions_floor_spawned":[1,3,7,14,16,18,27,30,31,33,35,42,44,48],"ascension_level":0}}