{"host":"2g68u5ewu4bp0ui7","time":1612548501,"event":{"mods":["AchievementEnabler","BaseMod","Best Route Mod","Block Reminder","Colored Map","Colored Powertips","Highlight Path","Minty Spire (QoL Compilation)","Quick Restart","Shop Mod","SuperFastMode","everything is the same but u backflip on backflip","slay the spire mod where everything is the same but ironclad has a cowboy hat"],"gold_per_floor":[111,186,186,84,84,111,123,141,141,169,169,184,184,184,184,282,282,282,282],"floor_reached":18,"language":"ENG","playtime":451,"items_purged":["Defend_R"],"score":168,"play_id":"5051b2c7-fa81-4df3-a296-2e14e7f184ad","local_time":"20210205200821","is_ascension_mode":false,"campfire_choices":[{"floor":11,"key":"REST"},{"floor":15,"key":"REST"}],"circlet_count":0,"master_deck":["Strike_R","Strike_R","Strike_R","Defend_R","Defend_R","Defend_R","Bash","Clothesline","Iron Wave","Iron Wave","Body Slam","Shockwave","Barricade"],"relics":["Burning Blood","Charon\u0027s Ashes","Molten Egg 2","PreservedInsect","Runic Pyramid"],"acts_visited":["Exordium","TheCity"],"potions_floor_usage":[16],"damage_taken":[{"damage":6,"enemies":"2 Louse","floor":1,"turns":3},{"damage":41,"enemies":"Lagavulin","floor":6,"turns":10},{"damage":4,"enemies":"Small Slimes","floor":7,"turns":4},{"damage":3,"enemies":"Jaw Worm","floor":8,"turns":4},{"damage":19,"enemies":"Gremlin Nob","floor":10,"turns":5},{"damage":0,"enemies":"Gremlin Gang","floor":12,"turns":6},{"damage":63,"enemies":"Slime Boss","floor":16,"turns":13},{"damage":21,"enemies":"Spheric Guardian","floor":18,"turns":5}],"seed_played":"2463547848440268742","potions_obtained":[{"floor":6,"key":"DuplicationPotion"},{"floor":7,"key":"FairyPotion"},{"floor":16,"key":"Block Potion"}],"is_trial":false,"path_per_floor":["M","?","?","$","$","E","M","M","T","E","R","M","?","?","R","B",null,"M"],"character_chosen":"IRONCLAD","items_purchased":["Iron Wave"],"campfire_rested":2,"item_purchase_floors":[4],"current_hp_per_floor":[80,69,69,69,69,34,36,39,39,26,50,56,56,49,73,16,80,59,59],"gold":282,"neow_bonus":"THREE_CARDS","is_daily":false,"chose_seed":false,"campfire_upgraded":0,"win_rate":0.0,"timestamp":1612548501,"path_taken":["M","?","?","?","$","E","?","M","T","E","R","?","?","?","R","BOSS","M"],"items_purchased_type":["Card"],"build_version":"2020-12-22","purchased_purges":1,"victory":false,"max_hp_per_floor":[80,80,80,80,80,80,80,80,80,80,80,80,80,80,80,80,80,80,80],"card_choices":[{"not_picked":["Pommel Strike","Havoc"],"picked":"Clothesline","floor":0},{"not_picked":["Heavy Blade","Pommel Strike"],"picked":"Iron Wave","floor":1},{"not_picked":["Sever Soul","Dropkick"],"picked":"Body Slam","floor":6},{"not_picked":["Clothesline","Second Wind","Anger"],"picked":"SKIP","floor":7},{"not_picked":["Heavy Blade","Infernal Blade"],"picked":"Shockwave","floor":8},{"not_picked":["Fire Breathing","Anger+1","Battle Trance"],"picked":"SKIP","floor":10},{"not_picked":["Entrench","Dual Wield","Searing Blow+1"],"picked":"SKIP","floor":12},{"not_picked":["Double Tap","Juggernaut"],"picked":"Barricade","floor":16}],"player_experience":76804,"relics_obtained":[{"floor":6,"key":"Charon\u0027s Ashes"},{"floor":9,"key":"Molten Egg 2"},{"floor":10,"key":"PreservedInsect"}],"event_choices":[{"damage_healed":0,"gold_gain":75,"player_choice":"Gather Gold","damage_taken":11,"max_hp_gain":0,"max_hp_loss":0,"event_name":"World of Goop","floor":2,"gold_loss":0},{"cards_removed":["Strike_R"],"damage_healed":0,"gold_gain":0,"player_choice":"Forget","damage_taken":0,"max_hp_gain":0,"max_hp_loss":0,"event_name":"Living Wall","floor":3,"gold_loss":0},{"damage_healed":0,"gold_gain":0,"player_choice":"Ignored","damage_taken":0,"max_hp_gain":0,"max_hp_loss":0,"event_name":"Shining Light","floor":13,"gold_loss":0},{"cards_removed":["Strike_R"],"damage_healed":0,"gold_gain":0,"player_choice":"Card Removal","damage_taken":7,"max_hp_gain":0,"max_hp_loss":0,"event_name":"Golden Wing","floor":14,"gold_loss":0}],"is_beta":false,"boss_relics":[{"not_picked":["Snecko Eye","Pandora\u0027s Box"],"picked":"Runic Pyramid"}],"items_purged_floors":[4],"is_endless":false,"potions_floor_spawned":[6,7,16],"killed_by":"Spheric Guardian","ascension_level":0}}