{"host":"ml2ro5l6hu6y0pll","time":1612556446,"event":{"mods":["AchievementEnabler","BaseMod","Colored Map","Colored Powertips","Custom Start","Downfall","Googly Eyes","Minty Spire (QoL Compilation)","Quick Restart","Rare Cards Sparkle","Relic Stats","StSLib","everything is the same but u backflip on backflip"],"gold_per_floor":[99,115,129,147,297,297,321,221,237,267,252,252,270,270,290,395,395,395,411,424,217,217,234,234,334,319,350,369,169,160,190,207,312,312,312,328,347,372,372,372,397,101,118,138,63,63,74,74,88,88,88,88,88,88],"floor_reached":52,"language":"ENG","playtime":7011,"items_purged":[],"score":719,"play_id":"48d699cc-554b-4171-b5e4-97239ea4a46d","local_time":"20210205202046","is_ascension_mode":false,"campfire_choices":[{"floor":1,"key":"RECALL"},{"data":"bronze:Boost","floor":8,"key":"SMITH"},{"data":"bronze:BronzeOrb","floor":12,"key":"SMITH"},{"data":"bronze:HardenedForm","floor":18,"key":"SMITH"},{"floor":29,"key":"REST"},{"data":"bronze:Optimize","floor":35,"key":"SMITH"},{"data":"bronze:GetLatest","floor":40,"key":"SMITH"},{"data":"bronze:Assembly","floor":46,"key":"SMITH"}],"circlet_count":0,"master_deck":["bronze:Replicate","bronze:Goto","bronze:Repair","bronze:Boost+1","bronze:Iterate","downfall:Icky","bronze:BronzeOrb+1","bronze:Verify","bronze:WhirlingStrike","bronze:Optimize+1","bronze:HardenedForm+1","bronze:FollowUp","bronze:GetLatest+1","bronze:Iterate","bronze:Shield","bronze:ForLoop","bronze:BurnOut","bronze:FollowUp","bronze:Virus","bronze:DelayedSlice+1","bronze:ChosenStrike","expansioncontent:DashGenerateEvil","bronze:DelayedGuard","bronze:FineTuning+1","expansioncontent:QuickStudy","bronze:BronzeOrb","bronze:Turbo","bronze:Assembly+1"],"relics":["bronze:BronzeCore","Potion Belt","downfall:HeartBlessingRed","Toy Ornithopter","Pandora\u0027s Box","Mercury Hourglass","Bronze Scales","downfall:HeartBlessingGreen","downfall:HeartBlessingBlue","Lee\u0027s Waffle","Du-Vu Doll","Busted Crown","Bag of Preparation","Boot","Centennial Puzzle","Orrery"],"acts_visited":["Exordium","TheCity","TheBeyond","TheEnding"],"potions_floor_usage":[10,16,16,30,30,33,43,47,50,50,50,50],"damage_taken":[{"damage":2,"enemies":"2 Louse","floor":2,"turns":3},{"damage":3,"enemies":"Small Slimes","floor":3,"turns":6},{"damage":3,"enemies":"Cultist","floor":4,"turns":5},{"damage":0,"enemies":"Red Slaver","floor":9,"turns":3},{"damage":9,"enemies":"3 Sentries","floor":10,"turns":6},{"damage":0,"enemies":"downfall:FleeingMerchant","floor":11,"turns":4},{"damage":3,"enemies":"Exordium Thugs","floor":13,"turns":6},{"damage":4,"enemies":"Large Slime","floor":15,"turns":5},{"damage":15,"enemies":"SI_SHIV_ARCHETYPE","floor":16,"turns":6},{"damage":3,"enemies":"3 Byrds","floor":19,"turns":5},{"damage":37,"enemies":"Snecko","floor":20,"turns":6},{"damage":3,"enemies":"downfall:FleeingMerchant","floor":21,"turns":4},{"damage":0,"enemies":"Centurion and Healer","floor":23,"turns":4},{"damage":10,"enemies":"downfall:FleeingMerchant","floor":26,"turns":4},{"damage":19,"enemies":"Gremlin Leader","floor":27,"turns":7},{"damage":7,"enemies":"Cultist and Chosen","floor":28,"turns":5},{"damage":20,"enemies":"downfall:FleeingMerchant","floor":30,"turns":3},{"damage":0,"enemies":"Slavers","floor":31,"turns":3},{"damage":4,"enemies":"Snake Plant","floor":32,"turns":3},{"damage":13,"enemies":"WA_ARCHETYPE_CALM","floor":33,"turns":8},{"damage":0,"enemies":"3 Shapes","floor":36,"turns":2},{"damage":0,"enemies":"Orb Walker","floor":37,"turns":2},{"damage":0,"enemies":"Transient","floor":43,"turns":5},{"damage":0,"enemies":"Spire Growth","floor":44,"turns":3},{"damage":0,"enemies":"4 Shapes","floor":47,"turns":4},{"damage":0,"enemies":"Transient","floor":49,"turns":5},{"damage":69,"enemies":"IC_BLOCK_ARCHETYPE","floor":50,"turns":9},{"damage":124,"enemies":"downfall:CharBossMerchant","floor":52,"turns":6}],"seed_played":"2551218798445383200","potions_obtained":[{"floor":2,"key":"hexamod:SoulburnPotion"},{"floor":3,"key":"hexamod:SoulburnPotion"},{"floor":10,"key":"EntropicBrew"},{"floor":13,"key":"Strength Potion"},{"floor":31,"key":"bronze:BuildAFunctionPotion"},{"floor":32,"key":"EssenceOfSteel"},{"floor":36,"key":"Explosive Potion"},{"floor":47,"key":"bronze:BurnAndBuffPotion"},{"floor":49,"key":"bronze:FreeFunctionsPotion"}],"is_trial":false,"path_per_floor":["R","M","M","M","?","?","T","R","M","E","$","R","M","?","M","B",null,"R","M","M","$","T","M","T","?","$","E","M","R","$","E","M","B",null,"R","M","M","?","?","R","T","$","M","M","$","R","M","$","M","B",null,"E"],"character_chosen":"THE_AUTOMATON","items_purchased":["expansioncontent:DashGenerateEvil","Lee\u0027s Waffle","expansioncontent:QuickStudy","bronze:BronzeOrb","Centennial Puzzle","Orrery","bronze:Assembly"],"campfire_rested":1,"item_purchase_floors":[21,30,30,30,42,42,45],"current_hp_per_floor":[77,75,77,74,74,74,74,74,77,69,76,76,73,73,76,62,77,77,74,40,47,47,54,54,54,44,32,25,61,94,94,90,94,94,94,94,94,94,94,94,94,94,94,94,94,94,94,94,94,55,94,0,0,0],"gold":88,"neow_bonus":"TEN_PERCENT_HP_BONUS","is_daily":false,"chose_seed":false,"campfire_upgraded":6,"win_rate":0.0,"timestamp":1612556446,"path_taken":["R","M","M","M","?","?","T","R","M","E","$","R","M","?","M","BOSS","R","M","?","?","?","M","T","?","$","E","?","R","$","E","M","BOSS","R","M","M","?","?","R","T","$","M","?","$","R","M","$","M","BOSS","E"],"items_purchased_type":["Card","Relic","Card","Card","Relic","Relic","Card"],"build_version":"2020-12-22","purchased_purges":0,"victory":false,"max_hp_per_floor":[77,77,77,77,77,77,77,77,77,77,77,77,77,77,77,77,77,77,77,77,77,77,77,77,77,77,77,77,87,94,94,94,94,94,94,94,94,94,94,94,94,94,94,94,94,94,94,94,94,94,94,94,94,94],"relic_stats":{"Lee\u0027s Waffle":36,"Centennial Puzzle":[6],"Busted Crown":22,"counters":[28,132],"Bronze Scales":[125],"Pandora\u0027s Box":["bronze:FollowUp","bronze:GetLatest","bronze:Iterate","bronze:Shield","bronze:ForLoop","bronze:BurnOut","bronze:FollowUp","bronze:Virus"],"Bag of Preparation":[12],"Boot":[24],"obtain_stats":[{"Potion Belt":7,"Lee\u0027s Waffle":30,"bronze:BronzeCore":0,"downfall:HeartBlessingRed":8,"downfall:HeartBlessingGreen":29,"Bag of Preparation":38,"Boot":41,"Mercury Hourglass":22,"Du-Vu Doll":31,"Centennial Puzzle":42,"Busted Crown":34,"downfall:HeartBlessingBlue":29,"Bronze Scales":27,"Orrery":42,"Pandora\u0027s Box":17,"Toy Ornithopter":10},{"Potion Belt":3,"Lee\u0027s Waffle":17,"bronze:BronzeCore":0,"downfall:HeartBlessingRed":3,"downfall:HeartBlessingGreen":16,"Bag of Preparation":22,"Boot":22,"Mercury Hourglass":12,"Du-Vu Doll":18,"Centennial Puzzle":22,"Busted Crown":20,"downfall:HeartBlessingBlue":16,"Bronze Scales":15,"Orrery":22,"Pandora\u0027s Box":9,"Toy Ornithopter":5},{"Potion Belt":14,"Lee\u0027s Waffle":82,"bronze:BronzeCore":0,"downfall:HeartBlessingRed":14,"downfall:HeartBlessingGreen":79,"Bag of Preparation":100,"Boot":100,"Mercury Hourglass":59,"Du-Vu Doll":85,"Centennial Puzzle":100,"Busted Crown":96,"downfall:HeartBlessingBlue":79,"Bronze Scales":74,"Orrery":100,"Pandora\u0027s Box":44,"Toy Ornithopter":23}],"Toy Ornithopter":35,"Mercury Hourglass":[239]},"card_choices":[{"not_picked":["bronze:WildBeam","bronze:Flail"],"picked":"bronze:Repair","floor":2},{"not_picked":["bronze:Philosophize","bronze:OilSpill"],"picked":"bronze:Boost","floor":3},{"not_picked":["bronze:Shell","bronze:Overheat"],"picked":"bronze:Iterate","floor":4},{"not_picked":["bronze:ForLoop","bronze:Repulsor","bronze:Safeguard"],"picked":"SKIP","floor":9},{"not_picked":["bronze:Optimize","bronze:Safeguard"],"picked":"bronze:BronzeOrb","floor":10},{"not_picked":["bronze:Overheat","bronze:FollowUp"],"picked":"bronze:Verify","floor":11},{"not_picked":["bronze:Turbo","bronze:OilSpill"],"picked":"bronze:WhirlingStrike","floor":13},{"not_picked":["bronze:Shell","bronze:Fortify"],"picked":"bronze:Optimize","floor":15},{"not_picked":["bronze:Verify","bronze:BurnOut"],"picked":"bronze:HardenedForm","floor":16},{"not_picked":["bronze:BugBarrage","bronze:Frontload+1","bronze:Repair"],"picked":"SKIP","floor":19},{"not_picked":["bronze:ForceShield","bronze:MaxOutput"],"picked":"bronze:DelayedSlice+1","floor":20},{"not_picked":["bronze:Safeguard","bronze:CloningBeam+1"],"picked":"bronze:ChosenStrike","floor":21},{"not_picked":["bronze:NullPointer","bronze:BuggyMess","bronze:CutThrough"],"picked":"SKIP","floor":23},{"not_picked":["bronze:Turbo","bronze:DarkDash"],"picked":"bronze:DelayedGuard","floor":26},{"not_picked":["bronze:BitShift","bronze:OilSpill"],"picked":"bronze:FineTuning+1","floor":27},{"not_picked":["bronze:Branch","bronze:Repair","bronze:BuggyMess"],"picked":"SKIP","floor":28},{"not_picked":["bronze:BuggyMess","bronze:Iterate","bronze:Overheat+1"],"picked":"SKIP","floor":30},{"not_picked":["bronze:ForceShield+1","bronze:Branch","bronze:OilSpill+1"],"picked":"SKIP","floor":31},{"not_picked":["bronze:BugBarrage+1","bronze:ChildClass","bronze:RecursiveStrike"],"picked":"SKIP","floor":32},{"not_picked":["bronze:Return"],"picked":"SKIP","floor":36},{"not_picked":["bronze:FollowUp"],"picked":"SKIP","floor":37},{"not_picked":[],"picked":"bronze:Turbo","floor":42},{"not_picked":["bronze:WhirlingStrike"],"picked":"SKIP","floor":43},{"not_picked":["bronze:Overload"],"picked":"SKIP","floor":44},{"not_picked":["bronze:Overload+1"],"picked":"SKIP","floor":47},{"not_picked":["bronze:CutThrough+1"],"picked":"SKIP","floor":49}],"player_experience":973528,"relics_obtained":[{"floor":7,"key":"Potion Belt"},{"floor":10,"key":"Toy Ornithopter"},{"floor":22,"key":"Mercury Hourglass"},{"floor":27,"key":"Bronze Scales"},{"floor":31,"key":"Du-Vu Doll"},{"floor":38,"key":"Bag of Preparation"},{"floor":41,"key":"Boot"}],"event_choices":[{"damage_healed":0,"gold_gain":0,"player_choice":"Ignored","damage_taken":0,"max_hp_gain":0,"max_hp_loss":0,"event_name":"NoteForYourself","floor":39,"gold_loss":0}],"is_beta":false,"boss_relics":[{"not_picked":["Astrolabe","bronze:MakeshiftBattery"],"picked":"Pandora\u0027s Box"},{"not_picked":["SacredBark","bronze:PlatinumCore"],"picked":"Busted Crown"}],"items_purged_floors":[],"is_endless":false,"potions_floor_spawned":[2,3,10,13,16,20,23,31,32,36,47,49],"killed_by":"downfall:CharBossMerchant","ascension_level":0}}