{"host":"eaiphzh066bwqdh7","time":1612490229,"event":{"mods":["BaseMod","Better Note","Halation","Hubris","Minty Spire (QoL Compilation)","Reliquary","Replay The Spire","StSLib"],"gold_per_floor":[116,127,127,228,245,245,255,255,255,255,255,32,32,49,49,154,154,168,168,183,183,183,183,217,217,217,217,244,256,256,256,256],"floor_reached":31,"language":"ENG","playtime":1118,"items_purged":["Defend_P"],"score":300,"play_id":"0293572c-b9fe-45a2-9c19-5db6e31f4178","local_time":"20210204205709","is_ascension_mode":true,"campfire_choices":[{"floor":6,"key":"REST"},{"floor":11,"key":"REST"},{"floor":13,"key":"REST"},{"floor":15,"key":"REST"},{"floor":23,"key":"REST"},{"floor":25,"key":"REST"},{"floor":27,"key":"REST"},{"floor":30,"key":"REST"}],"circlet_count":0,"master_deck":["Strike_P","Strike_P","Strike_P","Strike_P","Defend_P","Defend_P","Defend_P","Eruption","Vigilance","Chrysalis+1","Study","Pray","Prostrate","Judgement","Prostrate","Worship+1","Parasite","Study","BattleHymn"],"relics":["PureWater","reliquary:QuartzCube","halation:PinkSoulGem","ClockworkSouvenir","Cursed Key","halation:EternalFortune","hubris:Icosahedron","hubris:DeckOfHolding","hubris:TinFlute","Ornamental Fan"],"acts_visited":["Exordium","TheCity"],"potions_floor_usage":[16,31,31],"damage_taken":[{"damage":10,"enemies":"Small Slimes","floor":1,"turns":5},{"damage":1,"enemies":"2 Louse","floor":2,"turns":3},{"damage":9,"enemies":"Jaw Worm","floor":5,"turns":4},{"damage":36,"enemies":"Lots of Slimes","floor":7,"turns":7},{"damage":19,"enemies":"Exordium Wildlife","floor":14,"turns":5},{"damage":39,"enemies":"Hexaghost","floor":16,"turns":7},{"damage":13,"enemies":"2 Thieves","floor":18,"turns":2},{"damage":22,"enemies":"3 Byrds","floor":20,"turns":4},{"damage":47,"enemies":"Gremlin Leader","floor":24,"turns":8},{"damage":46,"enemies":"Slavers","floor":28,"turns":11},{"damage":11,"enemies":"Snake Plant","floor":29,"turns":2},{"damage":31,"enemies":"Gremlin Leader","floor":31,"turns":2}],"seed_played":"7512978839610586851","potions_obtained":[{"floor":2,"key":"Swift Potion"},{"floor":28,"key":"Venom Potion"},{"floor":29,"key":"EssenceOfSteel"}],"is_trial":false,"path_per_floor":["M","M","?","?","M","R","M","?","T","?","R","$","R","M","R","B",null,"M","?","M","?","?","R","E","R","T","R","E","M","R","E"],"character_chosen":"WATCHER","items_purchased":["ClockworkSouvenir"],"campfire_rested":8,"item_purchase_floors":[12],"current_hp_per_floor":[62,61,61,33,24,45,9,33,33,33,54,54,72,53,72,33,72,59,59,37,40,40,62,15,37,37,59,13,2,24,0,0],"gold":256,"neow_bonus":"RANDOM_COLORLESS_2","is_daily":false,"chose_seed":false,"campfire_upgraded":0,"win_rate":0.0,"timestamp":1612490229,"path_taken":["M","M","?","?","?","R","M","?","T","?","R","?","R","M","R","BOSS","M","?","M","?","?","R","E","R","T","R","E","M","R","E"],"items_purchased_type":["Relic"],"build_version":"2020-12-22","purchased_purges":1,"victory":false,"max_hp_per_floor":[72,72,72,72,72,72,72,72,72,72,72,72,72,72,72,72,72,72,72,72,75,75,75,75,75,75,75,75,75,75,75,75],"card_choices":[{"not_picked":["Thinking Ahead","Apotheosis"],"picked":"Chrysalis","floor":0},{"not_picked":["SashWhip","CrushJoints","Halt"],"picked":"SKIP","floor":1},{"not_picked":["Evaluate","FlurryOfBlows","Consecrate"],"picked":"SKIP","floor":2},{"not_picked":["FlurryOfBlows","Collect"],"picked":"Study","floor":4},{"not_picked":["EmptyFist","BowlingBash"],"picked":"Pray","floor":4},{"not_picked":["Perseverance","EmptyFist","EmptyBody"],"picked":"SKIP","floor":5},{"not_picked":["Replay:Anticipation","EmptyBody"],"picked":"Prostrate","floor":7},{"not_picked":["Crescendo","Replay:DivineShield","Replay:BluntJabs"],"picked":"SKIP","floor":14},{"not_picked":["Vault","Blasphemy"],"picked":"Judgement","floor":16},{"not_picked":["Replay:Battleflow","ClearTheMind"],"picked":"Prostrate","floor":18},{"not_picked":["ClearTheMind","Replay:AtTheReady","Replay:ManipulateFuture+1"],"picked":"SKIP","floor":20},{"not_picked":["ClearTheMind","EmptyBody"],"picked":"Worship+1","floor":24},{"not_picked":["Tantrum","FlyingSleeves+1"],"picked":"Study","floor":28},{"not_picked":["Swivel","Conclude+1"],"picked":"BattleHymn","floor":29}],"player_experience":254232,"relics_obtained":[{"floor":9,"key":"reliquary:QuartzCube"},{"floor":24,"key":"hubris:DeckOfHolding"},{"floor":26,"key":"hubris:TinFlute"},{"floor":28,"key":"Ornamental Fan"}],"event_choices":[{"cards_removed":["Hallucinations"],"damage_healed":0,"gold_gain":0,"player_choice":"Forget","damage_taken":0,"max_hp_gain":0,"max_hp_loss":0,"event_name":"Living Wall","floor":3,"gold_loss":0},{"damage_healed":24,"gold_gain":0,"player_choice":"Banana","damage_taken":0,"max_hp_gain":0,"max_hp_loss":0,"event_name":"Big Fish","floor":8,"gold_loss":0}],"is_beta":false,"boss_relics":[{"not_picked":["reliquary:Ember","Abe\u0027s Treasure"],"picked":"Cursed Key"}],"items_purged_floors":[12],"is_endless":false,"potions_floor_spawned":[2,28,29],"killed_by":"Gremlin Leader","ascension_level":3}}