{"host":"08yfhu6uhosdn245","time":1612546189,"event":{"mods":["2.2 Compatiblity","BaseMod","Bestiary","Colored Map","Colored Powertips","Curses Come First","Highlight Path","Minty Spire (QoL Compilation)","Quick Restart","Relic Stats","StSLib"],"gold_per_floor":[110,110,128,58,75,102,102,3,3,48,27,27,60,71,71,172,172,184,34,54,66,97,128,128,155,180,180,191,223,109,109,109,211,211,228,228,503,503,115,115,141,141,141,174,174,206,206,220,220,220],"floor_reached":51,"language":"ENG","playtime":3860,"items_purged":["Defend_P","Regret"],"score":984,"play_id":"21be37e3-f0a8-439a-b9d9-212d9de90e7d","local_time":"20210205122949","is_ascension_mode":true,"campfire_choices":[{"floor":7.0,"key":"REST"},{"data":"Ragnarok","floor":12.0,"key":"SMITH"},{"data":"Eruption","floor":15.0,"key":"SMITH"},{"data":"Fasting2","floor":24.0,"key":"SMITH"},{"data":"SandsOfTime","floor":27.0,"key":"SMITH"},{"data":"Evaluate","floor":32.0,"key":"SMITH"},{"data":"BattleHymn","floor":40.0,"key":"SMITH"},{"floor":47.0,"key":"REST"},{"data":"SpiritShield","floor":49.0,"key":"SMITH"}],"circlet_count":0,"master_deck":["Strike_P","Strike_P+1","Defend_P","Defend_P","Eruption+1","Vigilance+1","EmptyFist+1","Evaluate+1","Ragnarok+1","Collect","SandsOfTime+1","Consecrate+1","TalkToTheHand+1","FlurryOfBlows+1","DevaForm","DevaForm","Fasting2+1","BattleHymn+1","Swivel+1","LessonLearned+1","Worship","CrushJoints+1","SandsOfTime+1","Study+1","ConjureBlade","Protect+1","Writhe","SpiritShield+1","Fasting2+1","Protect+1"],"relics":["PureWater","Turnip","Shuriken","Molten Egg 2","Potion Belt","Sundial","Snecko Eye","DollysMirror","Red Mask","Juzu Bracelet","Frozen Egg 2","Centennial Puzzle","SacredBark","Oddly Smooth Stone","CaptainsWheel","TeardropLocket","MealTicket","Smiling Mask","Lantern"],"acts_visited":["Exordium","TheCity","TheBeyond"],"potions_floor_usage":[50,50,50],"damage_taken":[{"damage":0.0,"enemies":"Cultist","floor":1.0,"turns":2.0},{"damage":7.0,"enemies":"Jaw Worm","floor":3.0,"turns":5.0},{"damage":0.0,"enemies":"Small Slimes","floor":5.0,"turns":2.0},{"damage":42.0,"enemies":"Lagavulin","floor":6.0,"turns":9.0},{"damage":0.0,"enemies":"Gremlin Nob","floor":13.0,"turns":2.0},{"damage":4.0,"enemies":"Exordium Thugs","floor":14.0,"turns":3.0},{"damage":11.0,"enemies":"The Guardian","floor":16.0,"turns":8.0},{"damage":9.0,"enemies":"Shell Parasite","floor":18.0,"turns":3.0},{"damage":0.0,"enemies":"Spheric Guardian","floor":20.0,"turns":1.0},{"damage":4.0,"enemies":"Cultist and Chosen","floor":21.0,"turns":3.0},{"damage":0.0,"enemies":"Masked Bandits","floor":22.0,"turns":2.0},{"damage":0.0,"enemies":"Slavers","floor":23.0,"turns":3.0},{"damage":0.0,"enemies":"Gremlin Leader","floor":25.0,"turns":4.0},{"damage":0.0,"enemies":"Snake Plant","floor":28.0,"turns":2.0},{"damage":7.0,"enemies":"Slavers","floor":29.0,"turns":3.0},{"damage":4.0,"enemies":"Champ","floor":33.0,"turns":5.0},{"damage":16.0,"enemies":"3 Darklings","floor":35.0,"turns":4.0},{"damage":19.0,"enemies":"Nemesis","floor":41.0,"turns":7.0},{"damage":19.0,"enemies":"Reptomancer","floor":44.0,"turns":4.0},{"damage":24.0,"enemies":"Nemesis","floor":46.0,"turns":8.0},{"damage":12.0,"enemies":"Orb Walker","floor":48.0,"turns":5.0},{"damage":2,"enemies":"Awakened One","floor":50,"turns":8}],"seed_played":"1264420911619692050","potions_obtained":[{"floor":6.0,"key":"Strength Potion"},{"floor":14.0,"key":"Weak Potion"},{"floor":16.0,"key":"DistilledChaos"},{"floor":18.0,"key":"PowerPotion"},{"floor":20.0,"key":"StancePotion"},{"floor":22.0,"key":"Strength Potion"},{"floor":25.0,"key":"SpeedPotion"},{"floor":35.0,"key":"CultistPotion"},{"floor":44.0,"key":"LiquidBronze"},{"floor":46.0,"key":"AttackPotion"}],"is_trial":false,"path_per_floor":["M","?","M","$","M","E","R","$","T","T","?","R","E","M","R","B",null,"M","$","M","M","?","E","R","E","T","R","M","E","$","?","R","B",null,"M","T","?","?","$","R","E","?","T","E","?","E","R","M","R","B",null],"character_chosen":"WATCHER","items_purchased":["Ragnarok","Consecrate","DollysMirror","SandsOfTime+1","Study+1","CaptainsWheel"],"campfire_rested":2,"item_purchase_floors":[4,8,19,30,30,39],"current_hp_per_floor":[51,51,44,44,44,2,23,23,23,23,23,23,23,19,19,8,72,63,63,63,59,59,59,59,59,59,59,59,52,52,52,52,48,72,56,56,56,56,56,56,37,55,55,36,36,12,33,21,21,19],"gold":220,"neow_bonus":"ONE_RARE_RELIC","is_daily":false,"chose_seed":false,"campfire_upgraded":7,"win_rate":0.0,"timestamp":1612546189,"path_taken":["M","?","M","?","M","E","R","$","T","?","?","R","E","M","R","BOSS","M","$","M","M","?","E","R","E","T","R","M","E","$","?","R","BOSS","M","?","?","?","$","R","E","?","T","E","?","E","R","M","R","BOSS"],"items_purchased_type":["Card","Card","Relic","Card","Card","Relic"],"build_version":"2020-12-22","purchased_purges":2,"victory":true,"max_hp_per_floor":[72,72,72,72,72,72,72,72,72,72,72,72,72,72,72,72,72,72,72,72,72,72,72,72,72,72,72,72,72,72,72,72,72,72,72,72,72,72,72,72,72,72,72,72,72,72,72,72,72,72],"relic_stats":{"Centennial Puzzle":[21],"counters":[22,93],"Shuriken":[32],"Sundial":[10],"Snecko Eye":[107,97,129,82],"MealTicket":0,"Turnip":[3],"Juzu Bracelet":2,"Smiling Mask":0,"obtain_stats":[{"Potion Belt":10,"Lantern":46,"SacredBark":34,"Oddly Smooth Stone":36,"Juzu Bracelet":23,"TeardropLocket":41,"Frozen Egg 2":25,"Smiling Mask":44,"Centennial Puzzle":29,"CaptainsWheel":39,"Shuriken":6,"Sundial":13,"DollysMirror":19,"Snecko Eye":17,"Molten Egg 2":9,"MealTicket":43,"Turnip":0,"Red Mask":22,"PureWater":0},{"Potion Belt":4,"Lantern":20,"SacredBark":16,"Oddly Smooth Stone":17,"Juzu Bracelet":12,"TeardropLocket":18,"Frozen Egg 2":13,"Smiling Mask":19,"Centennial Puzzle":15,"CaptainsWheel":17,"Shuriken":4,"Sundial":5,"DollysMirror":8,"Snecko Eye":7,"Molten Egg 2":4,"MealTicket":18,"Turnip":0,"Red Mask":11,"PureWater":0},{"Potion Belt":18,"Lantern":80,"SacredBark":57,"Oddly Smooth Stone":61,"Juzu Bracelet":43,"TeardropLocket":68,"Frozen Egg 2":47,"Smiling Mask":72,"Centennial Puzzle":52,"CaptainsWheel":61,"Shuriken":18,"Sundial":20,"DollysMirror":34,"Snecko Eye":31,"Molten Egg 2":18,"MealTicket":68,"Turnip":0,"Red Mask":40,"PureWater":0}]},"card_choices":[{"not_picked":["Protect","Adaptation"],"picked":"EmptyFist","floor":1.0},{"not_picked":["Consecrate","Vengeance"],"picked":"Evaluate","floor":3.0},{"not_picked":["Study","Crescendo"],"picked":"Collect","floor":5.0},{"not_picked":["SignatureMove","Wish"],"picked":"SandsOfTime","floor":6.0},{"not_picked":["SandsOfTime+1","SashWhip+1"],"picked":"TalkToTheHand+1","floor":13.0},{"not_picked":["BowlingBash+1","EmptyFist+1"],"picked":"FlurryOfBlows+1","floor":14.0},{"not_picked":["Scrawl","MasterReality"],"picked":"DevaForm","floor":16.0},{"not_picked":["Consecrate+1","EmptyMind","Crescendo+1"],"picked":"SKIP","floor":18.0},{"not_picked":["ForeignInfluence","CutThroughFate+1"],"picked":"Fasting2","floor":20.0},{"not_picked":["PathToVictory","Fasting2"],"picked":"BattleHymn","floor":21.0},{"not_picked":["BowlingBash+1","FollowUp+1"],"picked":"Swivel+1","floor":22.0},{"not_picked":["DevaForm","EmptyFist+1"],"picked":"LessonLearned+1","floor":23.0},{"not_picked":["CrushJoints+1","Consecrate+1"],"picked":"Worship","floor":25.0},{"not_picked":["ReachHeaven+1","Crescendo","InnerPeace"],"picked":"SKIP","floor":28.0},{"not_picked":["PathToVictory+1","FlurryOfBlows+1"],"picked":"CrushJoints+1","floor":29.0},{"not_picked":["Blasphemy","Devotion+1"],"picked":"ConjureBlade","floor":33.0},{"not_picked":["BowlingBash+1","ClearTheMind"],"picked":"Protect+1","floor":35.0},{"not_picked":["EmptyMind+1","Crescendo","Pray"],"picked":"SKIP","floor":41.0},{"not_picked":["MasterReality+1","CutThroughFate+1"],"picked":"SpiritShield","floor":44.0},{"not_picked":["FollowUp+1","Prostrate"],"picked":"Protect+1","floor":46.0},{"not_picked":["Prostrate+1","CutThroughFate+1","FlurryOfBlows+1"],"picked":"SKIP","floor":48.0}],"player_experience":356173,"relics_obtained":[{"floor":6.0,"key":"Shuriken"},{"floor":9.0,"key":"Molten Egg 2"},{"floor":10.0,"key":"Potion Belt"},{"floor":13.0,"key":"Sundial"},{"floor":22.0,"key":"Red Mask"},{"floor":23.0,"key":"Juzu Bracelet"},{"floor":25.0,"key":"Frozen Egg 2"},{"floor":29.0,"key":"Centennial Puzzle"},{"floor":36.0,"key":"Oddly Smooth Stone"},{"floor":41.0,"key":"TeardropLocket"},{"floor":43.0,"key":"MealTicket"},{"floor":44.0,"key":"Smiling Mask"},{"floor":46.0,"key":"Lantern"}],"event_choices":[{"cards_removed":["Strike_P"],"damage_healed":0.0,"max_hp_gain":0.0,"max_hp_loss":0.0,"gold_gain":0.0,"event_name":"Purifier","player_choice":"Purged","floor":2.0,"gold_loss":0.0,"damage_taken":0.0},{"damage_healed":0.0,"max_hp_gain":0.0,"max_hp_loss":0.0,"gold_gain":0.0,"event_name":"World of Goop","player_choice":"Left Gold","floor":11.0,"gold_loss":21.0,"damage_taken":0.0},{"damage_healed":0.0,"max_hp_gain":0.0,"max_hp_loss":0.0,"gold_gain":0.0,"event_name":"Masked Bandits","player_choice":"Fought Bandits","floor":22.0,"gold_loss":0.0,"damage_taken":0.0},{"cards_removed":["Strike_P"],"damage_healed":0.0,"max_hp_gain":0.0,"max_hp_loss":0.0,"gold_gain":0.0,"event_name":"Purifier","player_choice":"Purged","floor":31.0,"gold_loss":0.0,"damage_taken":0.0},{"damage_healed":0.0,"max_hp_gain":0.0,"max_hp_loss":0.0,"gold_gain":275.0,"event_name":"Golden Shrine","player_choice":"Desecrate","floor":37.0,"gold_loss":0.0,"damage_taken":0.0,"cards_obtained":["Regret"]},{"cards_removed":["Defend_P"],"damage_healed":0.0,"max_hp_gain":0.0,"max_hp_loss":0.0,"gold_gain":0.0,"event_name":"Falling","player_choice":"Removed Skill","floor":38.0,"gold_loss":0.0,"damage_taken":0.0},{"damage_healed":18.0,"max_hp_gain":0.0,"max_hp_loss":0.0,"gold_gain":0.0,"event_name":"Winding Halls","player_choice":"Writhe","floor":42.0,"gold_loss":0.0,"damage_taken":0.0,"cards_obtained":["Writhe"]},{"damage_healed":0.0,"max_hp_gain":0.0,"max_hp_loss":0.0,"gold_gain":0.0,"event_name":"Duplicator","player_choice":"Copied","floor":45.0,"gold_loss":0.0,"damage_taken":0.0,"cards_obtained":["Fasting2"]}],"is_beta":false,"boss_relics":[{"not_picked":["Velvet Choker","Sozu"],"picked":"Snecko Eye"},{"not_picked":["VioletLotus","Runic Pyramid"],"picked":"SacredBark"}],"items_purged_floors":[8,39],"is_endless":false,"potions_floor_spawned":[6,14,16,18,20,22,25,35,44,46],"ascension_level":4}}