{"host":"ml2ro5l6hu6y0pll","time":1612484286,"event":{"mods":["AchievementEnabler","BaseMod","Colored Map","Colored Powertips","Custom Start","Googly Eyes","Minty Spire (QoL Compilation)","Quick Restart","Rare Cards Sparkle","Relic Stats","StSLib","everything is the same but u backflip on backflip"],"gold_per_floor":[111,121,121,139,152,191,191,229,256,295,295,310,345,365,365,460,460,479,148,148,189,189,189,230,154,178,212,224,249,297,333,345,450,462,498,524,536,881,911,923,955,993,1005,1017,273,291,317,329,329,329,329],"floor_reached":50,"language":"ENG","playtime":2878,"items_purged":[],"score":1605,"play_id":"2941aad3-25f4-4516-b553-297bbc642548","local_time":"20210205001806","is_ascension_mode":true,"campfire_choices":[{"data":"ForeignInfluence","floor":7,"key":"SMITH"},{"data":"Conclude","floor":11,"key":"SMITH"},{"data":"Vault","floor":15,"key":"SMITH"},{"data":"Wallop","floor":23,"key":"SMITH"},{"data":"Prostrate","floor":32,"key":"SMITH"},{"data":"ReachHeaven","floor":40,"key":"SMITH"},{"floor":49,"key":"RECALL"}],"circlet_count":0,"master_deck":["MentalFortress+1","Judgement+1","ForeignInfluence+1","Crescendo+1","EmptyBody+1","LessonLearned+1","Vigilance+1","Prostrate+1","ReachHeaven+1","Conclude+1","FlyingSleeves+1","EmptyFist+1","Eruption+1","CutThroughFate+1","FlurryOfBlows+1","Tantrum+1","Consecrate+1","CutThroughFate+1","Vault+1","Omniscience+1","EmptyMind+1","Wallop+1","Meditate+1","DevaForm+1","ClearTheMind+1","Master of Strategy+1","Wallop+1"],"relics":["PureWater","TeardropLocket","VioletLotus","Ice Cream","StrikeDummy","Bronze Scales","Oddly Smooth Stone","Orichalcum","Incense Burner","Coffee Dripper","Lantern","Lee\u0027s Waffle","Red Mask","Nilry\u0027s Codex","Happy Flower","Ancient Tea Set","MawBank","MutagenicStrength","War Paint","Sozu","Regal Pillow","Bottled Flame","Toxic Egg 2","Mummified Hand"],"acts_visited":["Exordium","TheCity","TheBeyond"],"potions_floor_usage":[8,18],"damage_taken":[{"damage":0,"enemies":"Small Slimes","floor":1,"turns":1},{"damage":8,"enemies":"Jaw Worm","floor":2,"turns":3},{"damage":0,"enemies":"2 Louse","floor":4,"turns":2},{"damage":0,"enemies":"Looter","floor":5,"turns":1},{"damage":0,"enemies":"Gremlin Nob","floor":6,"turns":2},{"damage":12,"enemies":"Lagavulin","floor":8,"turns":3},{"damage":5,"enemies":"3 Sentries","floor":10,"turns":5},{"damage":0,"enemies":"3 Louse","floor":12,"turns":1},{"damage":0,"enemies":"Gremlin Nob","floor":13,"turns":2},{"damage":0,"enemies":"2 Fungi Beasts","floor":14,"turns":1},{"damage":0,"enemies":"The Guardian","floor":16,"turns":6},{"damage":0,"enemies":"Chosen","floor":18,"turns":2},{"damage":0,"enemies":"Masked Bandits","floor":21,"turns":3},{"damage":0,"enemies":"Slavers","floor":24,"turns":3},{"damage":0,"enemies":"Gremlin Leader","floor":27,"turns":5},{"damage":0,"enemies":"3 Byrds","floor":29,"turns":3},{"damage":21,"enemies":"Book of Stabbing","floor":30,"turns":4},{"damage":0,"enemies":"Sentry and Sphere","floor":31,"turns":2},{"damage":2,"enemies":"Champ","floor":33,"turns":7},{"damage":0,"enemies":"3 Shapes","floor":35,"turns":5},{"damage":0,"enemies":"3 Darklings","floor":36,"turns":4},{"damage":0,"enemies":"Maw","floor":39,"turns":6},{"damage":0,"enemies":"Jaw Worm Horde","floor":41,"turns":3},{"damage":0,"enemies":"Giant Head","floor":42,"turns":6},{"damage":0,"enemies":"Transient","floor":46,"turns":6},{"damage":0,"enemies":"Reptomancer","floor":47,"turns":3},{"damage":10,"enemies":"4 Shapes","floor":48,"turns":8},{"damage":67,"enemies":"Time Eater","floor":50,"turns":9}],"seed_played":"-2361620410111056443","potions_obtained":[{"floor":1,"key":"FearPotion"},{"floor":2,"key":"Swift Potion"},{"floor":4,"key":"Ambrosia"},{"floor":12,"key":"SpeedPotion"},{"floor":18,"key":"FearPotion"}],"is_trial":true,"path_per_floor":["M","M","?","M","M","E","R","E","T","E","R","M","E","M","R","B",null,"M","$","?","?","?","R","E","$","T","E","?","M","E","M","R","B",null,"M","M","?","?","M","R","M","E","T","?","$","M","E","M","R","B"],"character_chosen":"WATCHER","items_purchased":["Lantern","Lee\u0027s Waffle","Meditate","Toxic Egg 2","Mummified Hand","Master of Strategy+1"],"campfire_rested":0,"item_purchase_floors":[19,19,25,45,45,45],"current_hp_per_floor":[61,53,53,53,53,53,53,41,41,36,36,36,36,36,36,36,56,56,69,69,69,48,48,48,48,48,48,48,48,27,27,27,25,58,58,58,58,58,58,58,58,58,58,58,58,58,58,48,48,0,0],"gold":329,"neow_bonus":"","is_daily":false,"chose_seed":false,"campfire_upgraded":6,"win_rate":0.0,"timestamp":1612484286,"path_taken":["M","M","?","M","M","E","R","E","T","E","R","M","E","M","R","BOSS","M","$","?","?","?","R","E","?","T","E","?","M","E","M","R","BOSS","M","M","?","?","M","R","M","E","T","?","$","?","E","M","R","BOSS"],"items_purchased_type":["Relic","Relic","Card","Relic","Relic","Card"],"build_version":"2020-12-22","purchased_purges":0,"victory":false,"max_hp_per_floor":[68,68,62,62,62,62,62,62,62,62,62,62,62,62,62,62,62,62,69,69,69,69,69,69,69,69,69,69,69,69,69,69,69,69,69,69,69,69,69,69,69,69,69,69,69,69,69,69,69,69,69],"relic_stats":{"Sozu":3,"Lee\u0027s Waffle":13,"Regal Pillow":0,"Happy Flower":[23],"counters":[28,106],"Mummified Hand":[14],"Bronze Scales":[192],"VioletLotus":[51],"Orichalcum":[102],"War Paint":["Omniscience","Meditate"],"MawBank":216,"obtain_stats":[{"Ice Cream":0,"Lantern":19,"Regal Pillow":42,"Nilry\u0027s Codex":22,"Incense Burner":13,"TeardropLocket":0,"Ancient Tea Set":26,"Sozu":34,"Mummified Hand":45,"VioletLotus":0,"Red Mask":21,"Toxic Egg 2":45,"Lee\u0027s Waffle":19,"Happy Flower":24,"Golden Idol":3,"Oddly Smooth Stone":9,"Orichalcum":10,"War Paint":30,"MawBank":27,"Bottled Flame":43,"Bronze Scales":8,"MutagenicStrength":28,"Coffee Dripper":17,"PureWater":0,"StrikeDummy":6},{"Ice Cream":0,"Lantern":12,"Regal Pillow":24,"Nilry\u0027s Codex":13,"Incense Burner":9,"TeardropLocket":0,"Ancient Tea Set":14,"Sozu":19,"Mummified Hand":24,"VioletLotus":0,"Red Mask":13,"Toxic Egg 2":24,"Lee\u0027s Waffle":12,"Happy Flower":14,"Golden Idol":2,"Oddly Smooth Stone":6,"Orichalcum":7,"War Paint":17,"MawBank":15,"Bottled Flame":24,"Bronze Scales":6,"MutagenicStrength":15,"Coffee Dripper":11,"PureWater":0,"StrikeDummy":5},{"Ice Cream":0,"Lantern":29,"Regal Pillow":80,"Nilry\u0027s Codex":32,"Incense Burner":20,"TeardropLocket":0,"Ancient Tea Set":35,"Sozu":56,"Mummified Hand":80,"VioletLotus":0,"Red Mask":32,"Toxic Egg 2":80,"Lee\u0027s Waffle":29,"Happy Flower":35,"Golden Idol":4,"Oddly Smooth Stone":12,"Orichalcum":17,"War Paint":47,"MawBank":40,"Bottled Flame":80,"Bronze Scales":12,"MutagenicStrength":40,"Coffee Dripper":27,"PureWater":0,"StrikeDummy":9}]},"card_choices":[{"not_picked":["Fasting2","EmptyFist","WindmillStrike"],"picked":"SKIP","floor":1},{"not_picked":["SashWhip","FlyingSleeves"],"picked":"Tantrum","floor":2},{"not_picked":["Halt","ThirdEye"],"picked":"Consecrate","floor":4},{"not_picked":["PathToVictory","FollowUp","CrushJoints"],"picked":"SKIP","floor":5},{"not_picked":["Swivel","Nirvana"],"picked":"CutThroughFate","floor":6},{"not_picked":["Prostrate","Halt","Adaptation"],"picked":"SKIP","floor":8},{"not_picked":["ThirdEye","InnerPeace","ReachHeaven"],"picked":"SKIP","floor":10},{"not_picked":["BowlingBash","Prostrate","Protect"],"picked":"SKIP","floor":12},{"not_picked":["CutThroughFate","Protect","Prostrate"],"picked":"SKIP","floor":13},{"not_picked":["Evaluate","ClearTheMind"],"picked":"Vault","floor":14},{"not_picked":["Wish","ConjureBlade"],"picked":"Omniscience","floor":16},{"not_picked":["SignatureMove","SashWhip"],"picked":"EmptyMind","floor":18},{"not_picked":["ClearTheMind","Crescendo"],"picked":"Wallop","floor":21},{"not_picked":["Halt+1","FlurryOfBlows","ThirdEye"],"picked":"SKIP","floor":24},{"not_picked":["Vengeance","Crescendo+1"],"picked":"DevaForm","floor":27},{"not_picked":["FlurryOfBlows","Crescendo","BowlingBash"],"picked":"SKIP","floor":29},{"not_picked":["InnerPeace","Consecrate+1","Alpha"],"picked":"SKIP","floor":30},{"not_picked":["Consecrate","Pray"],"picked":"ClearTheMind+1","floor":31},{"not_picked":["ReachHeaven+1","CrushJoints","Consecrate"],"picked":"SKIP","floor":35},{"not_picked":["CrushJoints+1","ThirdEye+1","SashWhip"],"picked":"SKIP","floor":36},{"not_picked":["Consecrate","ThirdEye+1","JustLucky+1"],"picked":"SKIP","floor":39},{"not_picked":["WreathOfFlame+1","Meditate+1","ThirdEye+1"],"picked":"SKIP","floor":41},{"not_picked":["Swivel","ForeignInfluence","BattleHymn+1"],"picked":"SKIP","floor":42},{"not_picked":["InnerPeace+1","Nirvana","BattleHymn"],"picked":"SKIP","floor":46},{"not_picked":["CrushJoints","FlurryOfBlows+1"],"picked":"Wallop+1","floor":47},{"not_picked":["Evaluate+1","Devotion","PathToVictory+1"],"picked":"SKIP","floor":48}],"player_experience":919549,"relics_obtained":[{"floor":6,"key":"StrikeDummy"},{"floor":8,"key":"Bronze Scales"},{"floor":9,"key":"Oddly Smooth Stone"},{"floor":10,"key":"Orichalcum"},{"floor":13,"key":"Incense Burner"},{"floor":21,"key":"Red Mask"},{"floor":22,"key":"Nilry\u0027s Codex"},{"floor":24,"key":"Happy Flower"},{"floor":26,"key":"Ancient Tea Set"},{"floor":27,"key":"MawBank"},{"floor":30,"key":"War Paint"},{"floor":42,"key":"Regal Pillow"},{"floor":43,"key":"Bottled Flame"}],"event_choices":[{"damage_healed":0,"gold_gain":0,"player_choice":"Lose Max HP","damage_taken":0,"relics_obtained":["Golden Idol"],"max_hp_gain":0,"max_hp_loss":6,"event_name":"Golden Idol","floor":3,"gold_loss":0},{"damage_healed":0,"gold_gain":0,"player_choice":"Ignored","damage_taken":0,"max_hp_gain":0,"max_hp_loss":0,"event_name":"Beggar","floor":20,"gold_loss":0},{"damage_healed":0,"gold_gain":0,"player_choice":"Fought Bandits","damage_taken":0,"max_hp_gain":0,"max_hp_loss":0,"event_name":"Masked Bandits","floor":21,"gold_loss":0},{"damage_healed":0,"gold_gain":0,"player_choice":"Obtained Book","damage_taken":21,"max_hp_gain":0,"max_hp_loss":0,"event_name":"Cursed Tome","floor":22,"gold_loss":0},{"damage_healed":0,"gold_gain":0,"player_choice":"Inject Mutagens","damage_taken":0,"relics_obtained":["MutagenicStrength"],"max_hp_gain":0,"max_hp_loss":0,"event_name":"Drug Dealer","floor":28,"gold_loss":0},{"damage_healed":0,"gold_gain":0,"player_choice":"Memory 1","damage_taken":0,"max_hp_gain":0,"max_hp_loss":0,"event_name":"SensoryStone","floor":37,"gold_loss":0},{"damage_healed":0,"gold_gain":333,"player_choice":"Gave Idol","damage_taken":0,"max_hp_gain":0,"max_hp_loss":0,"event_name":"The Moai Head","floor":38,"relics_lost":["Golden Idol"],"gold_loss":0},{"damage_healed":0,"gold_gain":0,"player_choice":"Ignored","damage_taken":0,"max_hp_gain":0,"max_hp_loss":0,"event_name":"Upgrade Shrine","floor":44,"gold_loss":0}],"is_beta":false,"boss_relics":[{"not_picked":["Astrolabe","VioletLotus"],"picked":"Coffee Dripper"},{"not_picked":["SacredBark","Pandora\u0027s Box"],"picked":"Sozu"}],"items_purged_floors":[],"is_endless":false,"potions_floor_spawned":[1,2,4,12,14,18,21,29,42,46,48],"killed_by":"Time Eater","ascension_level":20}}