{"host":"a1eatafr7pisesky","time":1612511354,"event":{"mods":["AchievementEnabler","BaseMod","Colored Map","Keyboard Shortcuts","Minty Spire (QoL Compilation)","Say the Spire","StSLib","SuperFastMode","everything is the same but u backflip on backflip"],"gold_per_floor":[116,41,41,41,56,89,89,130,130,30,61,61,84,100,100,193,193,193,143,94,94,94,94,94,94,94,94,64,64,64,64,64,64,64,64,64,0,0,0],"floor_reached":38,"language":"KOR","playtime":1081,"items_purged":["Strike_B","Strike_B"],"score":797,"play_id":"2fa28795-d489-40d0-8ed1-bae571303616","local_time":"20210205164914","is_ascension_mode":true,"campfire_choices":[{"data":"Self Repair","floor":7.0,"key":"SMITH"},{"floor":12.0,"key":"REST"},{"data":"Dualcast","floor":15.0,"key":"SMITH"},{"floor":24.0,"key":"REST"},{"data":"Biased Cognition","floor":27.0,"key":"SMITH"},{"data":"Recycle","floor":32.0,"key":"SMITH"}],"circlet_count":0,"master_deck":["AscendersBane","Strike_B+1","Strike_B+1","Defend_B","Defend_B","Defend_B","Defend_B","Zap","Dualcast+1","Chill","Sweeping Beam","Self Repair+1","Cold Snap","Glacier+1","Core Surge","Echo Form","Cold Snap","Barrage","Sunder","Biased Cognition+1","Recycle+1","Biased Cognition","Electrodynamics","Cold Snap+1"],"relics":["Cracked Core","NeowsBlessing","Golden Idol","CaptainsWheel","WingedGreaves","Pear","Pen Nib","Ectoplasm","Question Card","The Courier","Eternal Feather","Gremlin Horn","Anchor","Coffee Dripper","Red Mask"],"acts_visited":["Exordium","TheCity","TheBeyond"],"potions_floor_usage":[],"damage_taken":[{"damage":0.0,"enemies":"2 Louse","floor":1.0,"turns":1.0},{"damage":0.0,"enemies":"Jaw Worm","floor":5.0,"turns":1.0},{"damage":0.0,"enemies":"3 Sentries","floor":6.0,"turns":1.0},{"damage":18.0,"enemies":"Lagavulin","floor":8.0,"turns":7.0},{"damage":28.0,"enemies":"Gremlin Nob","floor":11.0,"turns":5.0},{"damage":0.0,"enemies":"Cultist","floor":13.0,"turns":3.0},{"damage":2.0,"enemies":"2 Fungi Beasts","floor":14.0,"turns":6.0},{"damage":28.0,"enemies":"The Guardian","floor":16.0,"turns":17.0},{"damage":6.0,"enemies":"Spheric Guardian","floor":18.0,"turns":5.0},{"damage":58.0,"enemies":"Slavers","floor":23.0,"turns":7.0},{"damage":34.0,"enemies":"Book of Stabbing","floor":25.0,"turns":8.0},{"damage":29.0,"enemies":"Slavers","floor":31.0,"turns":6.0},{"damage":31,"enemies":"Champ","floor":33,"turns":21},{"damage":20,"enemies":"3 Shapes","floor":35,"turns":4},{"damage":25,"enemies":"3 Darklings","floor":36,"turns":6},{"damage":41,"enemies":"Maw","floor":38,"turns":8}],"seed_played":"5887936185268826518","potions_obtained":[{"floor":8.0,"key":"PotionOfCapacity"},{"floor":13.0,"key":"Fire Potion"},{"floor":16.0,"key":"BlessingOfTheForge"},{"floor":23.0,"key":"Swift Potion"},{"floor":36,"key":"Dexterity Potion"}],"is_trial":false,"path_per_floor":["M","$","?","?","M","E","R","E","T","$","E","R","M","M","R","B",null,"M","?","$","$","?","E","R","E","T","R","$","?","?","E","R","B",null,"M","M","?","M"],"character_chosen":"DEFECT","items_purchased":["Barrage","Recycle"],"campfire_rested":2,"item_purchase_floors":[20,28],"current_hp_per_floor":[64,64,50,33,33,33,33,25,35,35,17,41,51,59,59,41,71,75,75,75,75,75,27,51,37,37,49,49,49,49,30,42,21,66,56,41,41,0,0],"gold":0,"neow_bonus":"THREE_ENEMY_KILL","is_daily":false,"chose_seed":false,"campfire_upgraded":4,"win_rate":0.0,"timestamp":1612511354,"path_taken":["M","$","?","?","M","E","R","E","T","?","E","R","?","M","R","BOSS","M","?","?","$","?","E","R","E","T","R","$","?","?","E","R","BOSS","M","?","?","M"],"items_purchased_type":["Card","Card"],"build_version":"2020-12-22","purchased_purges":2,"victory":false,"max_hp_per_floor":[71,71,71,71,71,71,71,71,81,81,81,81,81,81,81,81,81,81,81,81,81,81,81,81,81,81,81,81,81,81,81,81,81,81,81,81,81,81,81],"card_choices":[{"not_picked":["Conserve Battery","Beam Cell"],"picked":"Chill","floor":1.0},{"not_picked":["Static Discharge","Conserve Battery"],"picked":"Sweeping Beam","floor":5.0},{"not_picked":["Beam Cell","Leap"],"picked":"Self Repair","floor":6.0},{"not_picked":["Stack","Tempest","Steam"],"picked":"SKIP","floor":8.0},{"not_picked":["Recycle","FTL"],"picked":"Cold Snap","floor":11.0},{"not_picked":["Stack","Skim"],"picked":"Glacier","floor":13.0},{"not_picked":["Conserve Battery","Hologram"],"picked":"Core Surge","floor":14.0},{"not_picked":["Multi-Cast","Machine Learning"],"picked":"Echo Form","floor":16.0},{"not_picked":["Chaos","Redo"],"picked":"Cold Snap","floor":18.0},{"not_picked":["Stack+1","Blizzard","Sweeping Beam+1"],"picked":"Sunder","floor":23.0},{"not_picked":["Sunder","Steam","Sweeping Beam"],"picked":"Biased Cognition","floor":25.0},{"not_picked":["Beam Cell","Gash","FTL"],"picked":"Biased Cognition","floor":31.0},{"not_picked":["Multi-Cast","Echo Form","Thunder Strike"],"picked":"Electrodynamics","floor":33},{"not_picked":["Leap","Redo","Reinforced Body","Doom and Gloom"],"picked":"SKIP","floor":35},{"not_picked":["Force Field","Skim","Chill+1"],"picked":"Cold Snap+1","floor":36}],"player_experience":406114,"relics_obtained":[{"floor":6.0,"key":"CaptainsWheel"},{"floor":8.0,"key":"WingedGreaves"},{"floor":9.0,"key":"Pear"},{"floor":11.0,"key":"Pen Nib"},{"floor":23.0,"key":"The Courier"},{"floor":25.0,"key":"Eternal Feather"},{"floor":26.0,"key":"Gremlin Horn"},{"floor":31.0,"key":"Anchor"}],"event_choices":[{"damage_healed":0.0,"max_hp_gain":0.0,"max_hp_loss":0.0,"gold_gain":0.0,"event_name":"Shining Light","player_choice":"Entered Light","floor":3.0,"gold_loss":0.0,"damage_taken":14.0,"cards_upgraded":["Strike_B","Strike_B"]},{"damage_healed":0.0,"max_hp_gain":0.0,"max_hp_loss":0.0,"gold_gain":0.0,"event_name":"Golden Idol","player_choice":"Take Damage","floor":4.0,"gold_loss":0.0,"damage_taken":17.0,"relics_obtained":["Golden Idol"]},{"damage_healed":0.0,"max_hp_gain":0.0,"max_hp_loss":0.0,"gold_gain":0.0,"event_name":"The Joust","player_choice":"Bet on Murderer","floor":19.0,"gold_loss":50.0,"damage_taken":0.0},{"damage_healed":0.0,"max_hp_gain":0.0,"max_hp_loss":0.0,"gold_gain":0.0,"event_name":"The Mausoleum","player_choice":"Opened","floor":22.0,"gold_loss":0.0,"damage_taken":0.0,"relics_obtained":["Question Card"]},{"damage_healed":0.0,"max_hp_gain":0.0,"max_hp_loss":0.0,"gold_gain":99.0,"event_name":"Nest","player_choice":"Stole From Cult","floor":29.0,"gold_loss":0.0,"damage_taken":0.0},{"damage_healed":0.0,"max_hp_gain":0.0,"max_hp_loss":0.0,"gold_gain":0.0,"event_name":"Accursed Blacksmith","player_choice":"Forge","floor":30.0,"gold_loss":0.0,"damage_taken":0.0,"cards_upgraded":["Glacier"]},{"damage_healed":0,"gold_gain":0,"player_choice":"Paid","damage_taken":0,"relics_obtained":["Red Mask"],"max_hp_gain":0,"max_hp_loss":0,"event_name":"Tomb of Lord Red Mask","floor":37,"gold_loss":64}],"is_beta":false,"boss_relics":[{"not_picked":["Velvet Choker","Busted Crown"],"picked":"Ectoplasm"},{"not_picked":["Sozu","Nuclear Battery"],"picked":"Coffee Dripper"}],"items_purged_floors":[2,10],"is_endless":false,"potions_floor_spawned":[8,13,14,16,18,23,36],"killed_by":"Maw","ascension_level":14}}