{"host":"y8hg8nbtd8qkv7tj","time":1612565873,"event":{"mods":["AchievementEnabler","Aspiration","BaseMod","BetterRewards","CapriCore","Colored Map","Friendly Minions","GifTheSpireLib","GungeonMod","Hubris","Lobotomy","LobotomyExtend","Minty Spire (QoL Compilation)","Replay The Spire","StSLib","The Bladedancer"],"gold_per_floor":[117,127,147,164,181,181,191,191,191,191,191,6,6,6,6,105,105,122,122,23,23,34,65,65,65,65,73,95,95,132,173,187,187,305,305,359,359,284,324,424,424,64,121,121,121,121,35,62,97,97,257],"floor_reached":52,"language":"ENG","playtime":3075,"items_purged":["PunishingBird"],"score":1129,"play_id":"1ba9301b-6ca3-4772-9ff1-b643899a186b","local_time":"20210205175753","daily_mods":["Vintage","Time Dilation","Flight","DeadlyEvents","Elite Swarm"],"is_ascension_mode":false,"campfire_choices":[{"floor":6,"key":"REST"},{"floor":8,"key":"REST"},{"floor":11,"key":"REST"},{"floor":33,"key":"REST"},{"floor":46,"key":"REST"},{"floor":50,"key":"REST"}],"circlet_count":0,"master_deck":["ApocalypseBird","LongBird","BigBird","Woodsman","Demon Form","Wraith Form v2","Echo Form","DevaForm+1","DemoMod:GunslingerForm+1","SpecialBullet","SpecialBullet","SpecialBullet","SpecialBullet","SpecialBullet","SpecialBullet","SpecialBullet","SpecialBullet","ControlCode","SecurityCode","TrainingCode","Pot Of Greed","Pot Of Greed","LaLuna","InformationCode","BlueScar","Pinks","Wellcheers","RedEyes","Pot Of Greed+1","Lamp+6","OSAHOGD","DaCapo","DespairKnight","DaCapo","DaCapo+1","TT2Protocol","GoldRush+1","BlueStar","BodiesMountain","Pot Of Greed","SummonCall","DaCapo","Madness","Mercenary","DaCapo"],"relics":["CogitoBucket","LetterFromLob","Matryoshka","Grinning Jar","hubris:MedicalManual","aspiration:SeaSaltIceCream","Sundial","Bag of Marbles","AspirationHeart","DemoMod:ClearGuonStone","Singing Bowl","HornCleat","hubris:Icosahedron","Akabeko","MagicBullet_r","Painkiller Herb","Nunchaku","aspiration:RitualStick","PreservedInsect","Ice Cream","Replay:Bandana","Gremlin Food","Logging_r","AdjustmentMirror","hubris:PeanutButter","StrikeDummy","DemoMod:BlueGuonStone","Twilight","aspiration:PoetsPen","AtMidnight","TreeSap","Peace Pipe","Lantern","Whetstone","hubris:TenFootPole","hubris:Teleporter","DemoMod:ChaffGrenade","ReplayTheSpireMod:TigerMarble","hubris:Potato"],"acts_visited":["Exordium","TheCity","TheBeyond"],"potions_floor_usage":[4,7,32,32,34,52,52,52],"damage_taken":[{"damage":7,"enemies":"2 Louse","floor":1,"turns":2},{"damage":21,"enemies":"Jaw Worm","floor":2,"turns":4},{"damage":16,"enemies":"Small Slimes","floor":3,"turns":3},{"damage":20,"enemies":"Looter","floor":4,"turns":3},{"damage":26,"enemies":"Blue Slaver","floor":5,"turns":3},{"damage":35,"enemies":"3 Louse","floor":7,"turns":6},{"damage":35,"enemies":"Slime Boss","floor":16,"turns":5},{"damage":7,"enemies":"Chosen","floor":18,"turns":4},{"damage":1,"enemies":"Shell Parasite","floor":22,"turns":2},{"damage":5,"enemies":"Replay:Snechameleon","floor":23,"turns":2},{"damage":25,"enemies":"Slavers","floor":27,"turns":4},{"damage":26,"enemies":"Chosen and Byrds","floor":28,"turns":4},{"damage":13,"enemies":"Replay:Snechameleon","floor":30,"turns":3},{"damage":0,"enemies":"Book of Stabbing","floor":31,"turns":2},{"damage":81,"enemies":"2 Fungi Beasts","floor":32,"turns":7},{"damage":0,"enemies":"Champ","floor":34,"turns":3},{"damage":86,"enemies":"Orb Walker","floor":36,"turns":3},{"damage":20,"enemies":"3 Darklings","floor":39,"turns":2},{"damage":18,"enemies":"Giant Head","floor":43,"turns":2},{"damage":47,"enemies":"Spire Growth","floor":48,"turns":2},{"damage":0,"enemies":"R_Hoarder","floor":49,"turns":1},{"damage":0,"enemies":"Awakened One","floor":51,"turns":3},{"damage":0,"enemies":"Malkuth","floor":52,"turns":1},{"damage":20,"enemies":"Netzach","floor":52,"turns":1},{"damage":0,"enemies":"Chesed","floor":52,"turns":2},{"damage":36,"enemies":"Binah","floor":52,"turns":4},{"damage":956,"enemies":"Angela","floor":52,"turns":4}],"seed_played":"8407922190951536636","potions_obtained":[{"floor":3,"key":"SkillPotion"},{"floor":5,"key":"SpeedPotion"},{"floor":22,"key":"Swift Potion"},{"floor":23,"key":"DuplicationPotion"},{"floor":28,"key":"Energy Potion"},{"floor":32,"key":"LiquidMemories"},{"floor":43,"key":"Toxic Potion"},{"floor":48,"key":"Explosive Potion"}],"is_trial":true,"path_per_floor":["M","M","M","M","M","R","M","R","T","?","R","$","R","E","R","B",null,"?","T","T","?","?","E","?","T","T","E","?","T","E","E","?","T","B",null,"?","?","T","?","?","T","T","E","T","T","T","T","?","E","T","B",null],"character_chosen":"Angela","items_purchased":["Akabeko","BlueScar","RedEyes","Lamp+1","Whetstone","hubris:TenFootPole","AttackPotion","Madness"],"campfire_rested":6,"item_purchase_floors":[12,12,20,20,42,42,42,47],"current_hp_per_floor":[70,57,49,37,19,40,33,57,57,57,80,80,80,80,80,55,80,84,84,84,67,78,85,85,85,85,78,71,71,77,95,43,73,87,102,42,42,42,52,52,52,52,57,57,57,90,90,65,86,114,114],"gold":699,"neow_bonus":"","is_daily":false,"chose_seed":false,"campfire_upgraded":0,"win_rate":0.0,"timestamp":1612565873,"path_taken":["M","M","M","M","M","R","M","R","T","?","R","$","R","E","R","BOSS","?","T","T","?","?","E","?","T","T","E","T","E","E","?","T","BOSS","?","?","T","?","?","T","T","E","T","T","T","T","?","?","T","BOSS"],"items_purchased_type":["Relic","Card","Card","Card","Relic","Relic","Potion","Card"],"build_version":"2020-12-22","purchased_purges":1,"victory":true,"max_hp_per_floor":[70,70,70,70,70,70,80,80,80,80,80,80,80,80,80,80,80,84,84,84,84,88,92,92,92,92,92,96,96,96,100,102,102,102,102,106,106,106,110,110,110,110,110,110,110,110,110,114,114,114,114],"card_choices":[{"not_picked":["FairyFestival","ShyLook"],"picked":"LaLuna","floor":3},{"not_picked":["BigBadWolf","VoidDream"],"picked":"PunishingBird","floor":4},{"not_picked":["WallGazer","MeatLantern"],"picked":"LongBird","floor":7},{"not_picked":["Twilight"],"picked":"Pinks","floor":16},{"not_picked":["Porccubus","FairyFestival"],"picked":"Wellcheers","floor":18},{"not_picked":["OldLady","FairyFestival"],"picked":"OSAHOGD","floor":22},{"not_picked":["Twilight"],"picked":"DaCapo","floor":23},{"not_picked":["Mercenary","Freischutz"],"picked":"Woodsman","floor":23},{"not_picked":["Scarecrow","ShyLook"],"picked":"DespairKnight","floor":28},{"not_picked":["Adoration"],"picked":"DaCapo","floor":30},{"not_picked":["ParadiseLost"],"picked":"DaCapo","floor":31},{"not_picked":["MHz","WallGazer"],"picked":"BigBird","floor":31},{"not_picked":["CherryBlossom+1","Diffraction"],"picked":"Singing Bowl","floor":32},{"not_picked":["CENSORED_ego"],"picked":"GoldRush","floor":34},{"not_picked":["QueenOfHatred","HappyTeddy"],"picked":"BlueStar","floor":36},{"not_picked":["BlackArmy","Yin"],"picked":"BodiesMountain","floor":39},{"not_picked":["Twilight"],"picked":"DaCapo","floor":43},{"not_picked":["WallGazer","Alriune"],"picked":"Mercenary","floor":48},{"not_picked":["TheSmile"],"picked":"DaCapo","floor":49}],"player_experience":81087,"relics_obtained":[{"floor":1,"key":"LetterFromLob"},{"floor":1,"key":"Matryoshka"},{"floor":2,"key":"Grinning Jar"},{"floor":3,"key":"hubris:MedicalManual"},{"floor":4,"key":"aspiration:SeaSaltIceCream"},{"floor":5,"key":"Bag of Marbles"},{"floor":7,"key":"DemoMod:ClearGuonStone"},{"floor":9,"key":"Singing Bowl"},{"floor":9,"key":"HornCleat"},{"floor":18,"key":"Nunchaku"},{"floor":22,"key":"PreservedInsect"},{"floor":23,"key":"Ice Cream"},{"floor":26,"key":"Replay:Bandana"},{"floor":26,"key":"Gremlin Food"},{"floor":28,"key":"hubris:PeanutButter"},{"floor":30,"key":"StrikeDummy"},{"floor":31,"key":"DemoMod:BlueGuonStone"},{"floor":32,"key":"Twilight"},{"floor":36,"key":"AtMidnight"},{"floor":36,"key":"Peace Pipe"},{"floor":39,"key":"Lantern"},{"floor":43,"key":"hubris:Teleporter"},{"floor":44,"key":"DemoMod:ChaffGrenade"},{"floor":48,"key":"ReplayTheSpireMod:TigerMarble"},{"floor":49,"key":"hubris:Potato"}],"event_choices":[{"damage_healed":0,"gold_gain":0,"player_choice":"Ignored","damage_taken":0,"max_hp_gain":0,"max_hp_loss":0,"event_name":"Tomb of Lord Red Mask","floor":37,"gold_loss":0},{"damage_healed":0,"gold_gain":100,"player_choice":"Pray","damage_taken":0,"max_hp_gain":0,"max_hp_loss":0,"event_name":"Golden Shrine","floor":40,"gold_loss":0}],"is_beta":false,"boss_relics":[{"not_picked":["Runic Dome","Astrolabe"],"picked":"Painkiller Herb"},{"not_picked":["hubris:TerracottaHorce","Replay:Wanted Poster"],"picked":"aspiration:PoetsPen"}],"items_purged_floors":[38],"is_endless":false,"potions_floor_spawned":[3,5,22,23,28,32,43,48],"ascension_level":0}}