{"host":"shj73c3v1g2nb25k","time":1612563827,"event":{"mods":["AchievementEnabler","Act Like it!","Ascension Reborn","Aspiration","BaseMod","Better Third Choice","BetterRewards","Colored Map","Conspire","Downfall","Energized Spire","Hubris","Koishi","Lobotomy","Mimic Mod","Minty Spire (QoL Compilation)","Pale of the Ancients","Quarter Circle Forward PUNCH!","Replay The Spire","RumiaBox-????????","Shop Mod","StSLib","Treasure Hunter","Wandering Minibosses"],"gold_per_floor":[163,163,187,207,227,227,257,257,290,290,316,35,35,47,47,47,47,143,143,156,156,169,229,229,229,243,270,270,270,297,297,310,310,310,310,310],"floor_reached":35,"language":"ENG","playtime":1117,"items_purged":["TH:Mimic"],"score":410,"play_id":"dd83e321-4aaa-4e19-8531-b2ca8cff5ff9","local_time":"20210205232347","is_ascension_mode":true,"campfire_choices":[{"data":"Zap","floor":6,"key":"SMITH"},{"floor":8,"key":"REST"},{"data":"Echo Form","floor":10,"key":"SMITH"},{"data":"Apotheosis","floor":13,"key":"SMITH"},{"floor":25,"key":"REST"},{"floor":29,"key":"REST"},{"floor":31,"key":"REST"},{"floor":34,"key":"REST"}],"circlet_count":0,"master_deck":["Strike_B","Strike_B","Strike_B","Strike_B","Defend_B","Defend_B","Defend_B","Zap+1","Dualcast","Storm","Gash","Coolheaded","BootSequence","Echo Form+1","Apotheosis+1","FTL","ReplayTheSpireMod:Calculation Training","Fission","ReplayGash","Panic Button","Gash","Hologram+1","Defragment","Capacitor","Leap"],"relics":["Cracked Core","aspiration:Nostalgia","Sizzling Blood","ZombieArmy","Turnip","Replay:Baseball","Bronze Scales","Philosopher\u0027s Stone","Shovel","Blue Candle","aspiration:Lifesprig"],"acts_visited":["Exordium","TheCity"],"potions_floor_usage":[7,18,35],"damage_taken":[{"damage":0,"enemies":"2 Louse","floor":1,"turns":3},{"damage":7,"enemies":"Jaw Worm","floor":4,"turns":2},{"damage":7,"enemies":"Small Slimes","floor":5,"turns":2},{"damage":38,"enemies":"Lagavulin","floor":7,"turns":7},{"damage":2,"enemies":"Exordium Thugs","floor":9,"turns":6},{"damage":8,"enemies":"Exordium Thugs","floor":14,"turns":4},{"damage":21,"enemies":"Hexaghost","floor":18,"turns":7},{"damage":5,"enemies":"2 Thieves","floor":20,"turns":3},{"damage":8,"enemies":"Shell Parasite","floor":22,"turns":3},{"damage":23,"enemies":"Sentry and Sphere","floor":23,"turns":6},{"damage":11,"enemies":"Chosen and Byrds","floor":26,"turns":4},{"damage":23,"enemies":"Gremlin Leader","floor":27,"turns":5},{"damage":18,"enemies":"conspire:SneckoGhost","floor":30,"turns":6},{"damage":30,"enemies":"Snecko","floor":32,"turns":6},{"damage":99,"enemies":"Collector","floor":35,"turns":7}],"seed_played":"-30882744618731667","potions_obtained":[{"floor":4,"key":"SkillPotion"},{"floor":7,"key":"Languid Potion"},{"floor":14,"key":"Elixir"},{"floor":18,"key":"FairyPotion"},{"floor":22,"key":"Elixir"},{"floor":30,"key":"Energy Potion"},{"floor":32,"key":"champ:CounterPotion"}],"is_trial":false,"path_per_floor":["M","?","T","M","M","R","E","R","MIM","R","T","$","R","M","PTL","PTL","R_BF","B",null,"M","?","M","M","?","R","M","E","T","R","E","R","M","$","R","B"],"character_chosen":"DEFECT","items_purchased":["Apotheosis","FTL"],"campfire_rested":5,"item_purchase_floors":[12,12],"current_hp_per_floor":[76,69,69,66,63,63,29,52,54,54,54,54,54,50,50,50,47,30,67,66,66,62,43,43,66,59,40,40,63,49,72,46,46,69,0,0],"gold":310,"neow_bonus":"NOSTALGIA","is_daily":false,"chose_seed":false,"campfire_upgraded":3,"win_rate":0.0,"timestamp":1612563827,"path_taken":["M","?","?","M","M","R","E","R","MIM","R","?","$","R","M","PTL","PTL","R_BF","BOSS","M","?","?","?","?","R","M","E","T","R","E","R","M","$","R","BOSS"],"items_purchased_type":["Card","Card"],"build_version":"2020-12-22","purchased_purges":1,"victory":false,"max_hp_per_floor":[79,79,79,79,79,79,79,79,79,79,79,79,79,79,79,79,79,79,79,79,79,79,79,79,79,79,79,79,79,79,79,79,79,79,79,79],"card_choices":[{"not_picked":["Stack","Steam"],"picked":"Storm","floor":1},{"not_picked":["TH:DeckOfManyThings","TH:Mimic"],"picked":"SKIP","floor":3},{"not_picked":["Coolheaded","ReplayTheSpireMod:System Scan"],"picked":"Gash","floor":4},{"not_picked":["BasicCrystalCard","Genetic Algorithm"],"picked":"Coolheaded","floor":5},{"not_picked":["BasicCrystalCard","Barrage"],"picked":"BootSequence","floor":7},{"not_picked":["TH:EnergyPotion","TH:CursedSword"],"picked":"SKIP","floor":7},{"not_picked":["Rebound","Blizzard"],"picked":"Echo Form","floor":9},{"not_picked":["TH:DeckOfManyThings"],"picked":"TH:Mimic","floor":11},{"not_picked":["Capacitor","Compile Driver"],"picked":"ReplayTheSpireMod:Calculation Training","floor":14},{"not_picked":["hubris:Prefetch","Rainbow"],"picked":"Fission","floor":18},{"not_picked":["Redo","Stack"],"picked":"ReplayGash","floor":20},{"not_picked":["Streamline","Time Bomb"],"picked":"Panic Button","floor":22},{"not_picked":["BootSequence+1","Rebound"],"picked":"Gash","floor":23},{"not_picked":["ReplaySolidLightProjector","Go for the Eyes"],"picked":"Hologram+1","floor":26},{"not_picked":["Steam Power","ReplaySort+1"],"picked":"Defragment","floor":27},{"not_picked":["TH:ElvenBoots","TH:CopperCoins"],"picked":"SKIP","floor":27},{"not_picked":["TH:DeckOfManyThings","TH:BikiniMail"],"picked":"SKIP","floor":28},{"not_picked":["hubris:SpecializedCircuitry","Scrape+1"],"picked":"Capacitor","floor":30},{"not_picked":["TH:ElvenBoots","TH:DeckOfManyThings"],"picked":"SKIP","floor":30},{"not_picked":["Stack","ReplayTheSpireMod:Repulse"],"picked":"Leap","floor":32}],"player_experience":626081,"relics_obtained":[{"floor":3,"key":"ZombieArmy"},{"floor":7,"key":"Turnip"},{"floor":9,"key":"Replay:Baseball"},{"floor":11,"key":"Bronze Scales"},{"floor":27,"key":"Shovel"},{"floor":28,"key":"Blue Candle"},{"floor":30,"key":"aspiration:Lifesprig"}],"event_choices":[{"cards_removed":["Defend_B"],"damage_healed":0,"gold_gain":0,"player_choice":"Card Removal","damage_taken":7,"max_hp_gain":0,"max_hp_loss":0,"event_name":"Golden Wing","floor":2,"gold_loss":0},{"damage_healed":0,"gold_gain":0,"player_choice":"Punched","damage_taken":3,"max_hp_gain":0,"max_hp_loss":0,"event_name":"Designer","floor":17,"gold_loss":0},{"damage_healed":0,"gold_gain":0,"player_choice":"Ignored","damage_taken":0,"max_hp_gain":0,"max_hp_loss":0,"event_name":"NoteForYourself","floor":21,"gold_loss":0},{"damage_healed":0,"gold_gain":0,"player_choice":"Ignored","damage_taken":0,"max_hp_gain":0,"max_hp_loss":0,"event_name":"Vampires","floor":24,"gold_loss":0}],"is_beta":false,"boss_relics":[{"not_picked":["bronze:MakeshiftBattery","energizedSpire:UnstableMolecules"],"picked":"Philosopher\u0027s Stone"}],"items_purged_floors":[12],"is_endless":false,"potions_floor_spawned":[4,7,14,18,22,30,32],"killed_by":"Collector","ascension_level":8}}