{"host":"x1wt4ryasj4hxyw3","time":1612508108,"event":{"mods":["Act Like it!","BaseMod","CapriCore","CavMod","Gensokyo","GungeonMod","Lobotomy","LobotomyExtend","Minty Spire (QoL Compilation)","Prisma Mod","Quick Restart","Remilia£¨ÀÙÃ×ÀòÑÇ£©","RumiaBox-Â¶Ã×æ«µÄÉñÃØºÐ×Ó","StSLib","The Administrix","The Alterego","The Immortal","Youmu£¨»êÆÇÑýÃÎ£©","Yuyuko","¡¾¹¦ÄÜMod¡¿»ìãçÖ®»·ÐÞ¸´²¹¶¡"],"gold_per_floor":[112,129,404,415,429,454,454,468,468,468,482,51,51,68,68,172,172,189,206,9,9,9,9],"floor_reached":22,"language":"ZHS","playtime":1621,"items_purged":[],"score":263,"play_id":"d457e388-15a0-4b1d-bc47-c4ae0aa07289","local_time":"20210205145507","is_ascension_mode":false,"campfire_choices":[{"data":"PrismaMod:IllyaUncommonDefend","floor":7,"key":"SMITH"},{"floor":10,"key":"REST"},{"data":"PrismaMod:IllyaGrailKun","floor":15,"key":"SMITH"}],"circlet_count":0,"master_deck":["PrismaMod:IllyaCommonAttack","PrismaMod:IllyaCommonDefend","PrismaMod:IllyaCommonAttack","PrismaMod:IllyaCommonDefend","PrismaMod:IllyaCommonAttack","PrismaMod:IllyaCommonDefend","PrismaMod:IllyaUncommonAttack","Funeral","BlackArmy","PrismaMod:IllyaFriendMaker","Regret","PrismaMod:IllyaGrailKun+1","Parasite","Parasite","HeroicMonk","PrismaMod:IllyaInstallCaster","Parasite","PrismaMod:IllyaTestament","PrismaMod:IllyaReinForce","PrismaMod:IllyaInstallMoonCancer","PrismaMod:IllyaCarnivalAttack","NothingThere","PrismaMod:IllyaFriendMaker","PrismaMod:IllyaCarnivalOrbs","RedShoes","BigBadWolf","PrismaMod:IllyaMaid+1","PrismaMod:IllyaPartialInstallAssassin","BlueStar","PrismaMod:IllyaCommandSeal","PrismaMod:IllyaPoisonTippedWeapons","PrismaMod:IllyaGrail","PrismaMod:IllyaInstallShielder"],"relics":["PrismaMod:PrismaRuby","CogitoBucket","LetterFromLob","Bag of Marbles","AspirationHeart","Prayer Wheel","Lee\u0027s Waffle","Runic Dome","LuminousBracelet"],"acts_visited":["Exordium","TheCity"],"potions_floor_usage":[6,6,8,16],"damage_taken":[{"damage":1,"enemies":"Cultist","floor":1,"turns":4},{"damage":12,"enemies":"2 Louse","floor":2,"turns":4},{"damage":9,"enemies":"Jaw Worm","floor":4,"turns":4},{"damage":4,"enemies":"3 Louse","floor":5,"turns":4},{"damage":2,"enemies":"3 Sentries","floor":6,"turns":5},{"damage":50,"enemies":"2 Fungi Beasts","floor":8,"turns":4},{"damage":15,"enemies":"Exordium Thugs","floor":11,"turns":7},{"damage":1,"enemies":"Blue Slaver","floor":14,"turns":3},{"damage":93,"enemies":"Slime Boss","floor":16,"turns":10},{"damage":9,"enemies":"Chosen","floor":18,"turns":4},{"damage":40,"enemies":"Spheric Guardian","floor":19,"turns":4},{"damage":128,"enemies":"Centurion and Healer","floor":22,"turns":7}],"seed_played":"-2147668777645332174","potions_obtained":[{"floor":4,"key":"PowerPotion"},{"floor":5,"key":"LiquidBronze"},{"floor":6,"key":"Fire Potion"},{"floor":14,"key":"SteroidPotion"},{"floor":16,"key":"LiquidMemories"},{"floor":19,"key":"LiquidMemories"}],"is_trial":false,"path_per_floor":["M","M","?","M","M","E","R","M","T","R","M","$","?","M","R","B",null,"M","M","$","M","M"],"character_chosen":"ILLYA","items_purchased":["PrismaMod:IllyaInstallMoonCancer","Lee\u0027s Waffle","PrismaMod:IllyaCarnivalAttack","PrismaMod:IllyaGrail","PrismaMod:IllyaInstallShielder","DemoMod:LeadSkinPotion"],"campfire_rested":1,"item_purchase_floors":[12,12,12,20,20,20],"current_hp_per_floor":[74,64,64,57,54,53,53,14,14,39,31,92,97,97,97,13,97,92,78,78,78,0,0],"gold":9,"neow_bonus":"","is_daily":false,"chose_seed":false,"campfire_upgraded":2,"win_rate":0.0,"timestamp":1612508107,"path_taken":["M","?","?","?","M","E","R","M","T","R","M","$","?","M","R","BOSS","M","M","$","M","M"],"items_purchased_type":["Card","Relic","Card","Card","Card","Undefined"],"build_version":"2020-12-22","purchased_purges":0,"victory":false,"max_hp_per_floor":[75,75,75,75,75,75,75,85,85,85,85,92,97,97,97,97,97,97,112,112,112,112,112],"card_choices":[{"not_picked":["OSAHOGD","CrumblingArmor","OldLady"],"picked":"Singing Bowl","floor":1},{"not_picked":["PunishingBird","SpiderBud"],"picked":"Funeral","floor":1},{"not_picked":["PrismaMod:IllyaDualEvoke","PrismaMod:IllyaCheapChannelDefend"],"picked":"PrismaMod:IllyaFeed","floor":1},{"not_picked":["OSAHOGD","OldLady"],"picked":"BlackArmy","floor":2},{"not_picked":["PrismaMod:IllyaAssassinRevenge","PrismaMod:IllyaUberDefendChannel"],"picked":"PrismaMod:IllyaFriendMaker","floor":2},{"not_picked":["ShyLook","Murderer"],"picked":"WhitesApple","floor":4},{"not_picked":["PrismaMod:IllyaMinorZwei","PrismaMod:IllyaEvokeAll"],"picked":"PrismaMod:IllyaGrailKun","floor":4},{"not_picked":["SpiderBud","ShyLook","DreamingCurrent"],"picked":"Singing Bowl","floor":5},{"not_picked":["PrismaMod:IllyaDualEvoke","PrismaMod:IllyaCheapChannelDefend"],"picked":"PrismaMod:IllyaPartialInstallAssassin","floor":5},{"not_picked":["SpiderBud","Laetitia"],"picked":"HeroicMonk","floor":6},{"not_picked":["PrismaMod:IllyaUncommonAttack","PrismaMod:IllyaTestament"],"picked":"PrismaMod:IllyaInstallCaster","floor":6},{"not_picked":["SpiderBud","Bloodbath","MeatLantern"],"picked":"Singing Bowl","floor":8},{"not_picked":["PrismaMod:IllyaMinorRapidFire","PrismaMod:IllyaGun"],"picked":"PrismaMod:IllyaAlice","floor":8},{"not_picked":["Laetitia","BigBird","GreedKing"],"picked":"Singing Bowl","floor":11},{"not_picked":["PrismaMod:IllyaUberPoisonChannel","PrismaMod:IllyaUncommonAOEAttack"],"picked":"PrismaMod:IllyaTestament","floor":11},{"not_picked":["PrismaMod:IllyaMinorZwei","PrismaMod:IllyaCheapDefend"],"picked":"PrismaMod:IllyaReinForce","floor":11},{"not_picked":["SpiderBud","OSAHOGD","BeautyBeast"],"picked":"Singing Bowl","floor":14},{"not_picked":["Scarecrow","MHz"],"picked":"NothingThere","floor":14},{"not_picked":["PrismaMod:IllyaUpgradeOrbs","PrismaMod:IllyaCheapAttack"],"picked":"PrismaMod:IllyaFriendMaker","floor":14},{"not_picked":["PrismaMod:IllyaAlice","PrismaMod:IllyaUberPoisonBlock","PrismaMod:IllyaCheapChannelPoison"],"picked":"SKIP","floor":14},{"not_picked":["PrismaMod:IllyaCarnivalPrismaAstolfo","PrismaMod:IllyaInstallLancer"],"picked":"PrismaMod:IllyaCarnivalOrbs","floor":16},{"not_picked":["ShyLook","LittlePrince"],"picked":"RedShoes","floor":16},{"not_picked":["Bloodbath","WhitesApple","PunishingBird"],"picked":"Singing Bowl","floor":18},{"not_picked":["Rudolta","LittlePrince"],"picked":"BigBadWolf","floor":18},{"not_picked":["PrismaMod:IllyaPoisoningPhantasm","PrismaMod:IllyaCheapChannelDefend+1"],"picked":"PrismaMod:IllyaMaid+1","floor":18},{"not_picked":["PrismaMod:IllyaUncommonAttack","PrismaMod:IllyaFriendMaker"],"picked":"PrismaMod:IllyaPartialInstallAssassin","floor":18},{"not_picked":["WallGazer","SpiderBud","Freischutz"],"picked":"Singing Bowl","floor":19},{"not_picked":["PunishingBird","Bloodbath"],"picked":"BlueStar","floor":19},{"not_picked":["PrismaMod:IllyaBoysLove","PrismaMod:IllyaTestament"],"picked":"PrismaMod:IllyaCommandSeal","floor":19},{"not_picked":["PrismaMod:IllyaUberChannel","PrismaMod:IllyaCheapChannelDefend"],"picked":"PrismaMod:IllyaPoisonTippedWeapons","floor":19}],"player_experience":173833,"relics_obtained":[{"floor":1,"key":"LetterFromLob"},{"floor":6,"key":"Bag of Marbles"},{"floor":9,"key":"Prayer Wheel"}],"event_choices":[{"damage_healed":0,"gold_gain":275,"player_choice":"Desecrate","damage_taken":0,"max_hp_gain":0,"max_hp_loss":0,"event_name":"Golden Shrine","floor":3,"gold_loss":0,"cards_obtained":["Regret"]},{"damage_healed":0,"gold_gain":0,"player_choice":"Donut","damage_taken":0,"max_hp_gain":5,"max_hp_loss":0,"event_name":"Big Fish","floor":13,"gold_loss":0}],"is_beta":false,"boss_relics":[{"not_picked":["AddBug","EasyGame_NEW"],"picked":"Runic Dome"}],"items_purged_floors":[],"is_endless":false,"potions_floor_spawned":[4,5,6,14,16,19],"killed_by":"Centurion and Healer","ascension_level":0}}