{"host":"xp5rvh2jwe2ejyfm","time":1612561893,"event":{"mods":["2.2 Compatiblity","Aspiration","BaseMod","BetterRewards","Colored Powertips","Conspire","Downfall","GifTheSpireLib","Gremlin Mod","Hermit","Hubris","Jorbs\u0027s Wanderer Trilogy","Minty Spire (QoL Compilation)","Quick Restart","Replay The Spire","Robot Space Explorer","Shade Mod","Somnambulant","StSLib","The Bug Knight","The Clintock","The Construct","The Cursed","The Disciple","The Forsaken","The Hierophant","The Necromancer","The Runesmith","The Servant 0.9.4","The Valiant","The Witch","TheFirefly","thorton"],"gold_per_floor":[110,110,128,138,10,22,62,101,125,168,203,241,269,279,279,401,401,412,392,1,38,38,84,84,31,31,59,75,91,91,91],"floor_reached":30,"language":"ENG","playtime":1533,"items_purged":[],"score":434,"play_id":"678fa2fc-8bfa-4211-841a-08b667756d34","local_time":"20210205165133","is_ascension_mode":false,"campfire_choices":[{"floor":24,"key":"REST"}],"circlet_count":0,"master_deck":["Shade:Strike_Shade","Shade:Strike_Shade+1","Shade:Strike_Shade","Shade:Strike_Shade","Shade:Defend_Shade","Shade:Defend_Shade","Shade:Defend_Shade","Shade:Defend_Shade","Shade:AnimateDead","Shade:CarefulCut","Shade:AuraOfUnlife","Shade:AuraOfUnlife","Shade:WallOfFlesh","Shade:FreshBones","Shade:SensePrey","Shade:Asphyxiate","HandOfGreed","Bandage Up","Panacea","Shade:FingerOfDeath+1","Shade:SkeletonHug","Shade:FleshLikeOak","Shade:ClawBack","Shade:DangerousRitual","Shade:Bonestorm","Shade:SkeletonHug","Shade:FingerOfDeath","Shade:Trample","Shade:OminousRitual","Shade:CommandSoldier+1","Shade:FleshToFlesh+1","Shade:FreshBones","Shade:Brains","Shade:SkeletonArmy","Shade:FleshLikeOak","Shade:Bonestorm","Shade:Bonestorm","Shade:ExtraLimbs","Shade:CommandSoldier","Shade:PoundOfFlesh","Shade:AncientSpear","Shade:SkeletonHug"],"relics":["Shade:YorickSkull","Art of War","hubris:OldNail","ReplayTheSpireMod:ShopPack","Winged Necklace","Prayer Wheel","hubris:Zylophone","Durian","SlaversCollar","Vajra","Chemical X","Ornamental Fan","Whetstone"],"acts_visited":["Exordium","TheCity"],"potions_floor_usage":[10,11,18,23,29,30],"damage_taken":[{"damage":6,"enemies":"Cultist","floor":1,"turns":6},{"damage":0,"enemies":"Small Slimes","floor":3,"turns":3},{"damage":0,"enemies":"2 Louse","floor":4,"turns":3},{"damage":0,"enemies":"Blue Slaver","floor":6,"turns":4},{"damage":0,"enemies":"Lots of Slimes","floor":7,"turns":3},{"damage":0,"enemies":"2 Fungi Beasts","floor":8,"turns":3},{"damage":3,"enemies":"Blue Slaver","floor":10,"turns":3},{"damage":18,"enemies":"Lagavulin","floor":11,"turns":5},{"damage":6,"enemies":"3 Sentries","floor":13,"turns":6},{"damage":0,"enemies":"Exordium Wildlife","floor":14,"turns":3},{"damage":14,"enemies":"Slime Boss","floor":16,"turns":7},{"damage":20,"enemies":"2 Thieves","floor":18,"turns":4},{"damage":0,"enemies":"conspire:FuzzyDice","floor":21,"turns":5},{"damage":73,"enemies":"Slavers","floor":23,"turns":6},{"damage":0,"enemies":"conspire:SneckoGhost","floor":27,"turns":6},{"damage":2,"enemies":"Chosen and Byrds","floor":28,"turns":4},{"damage":6,"enemies":"Centurion and Healer","floor":29,"turns":6},{"damage":39,"enemies":"Gremlin Leader","floor":30,"turns":5}],"seed_played":"-43800061855437006","potions_obtained":[{"floor":1,"key":"BlessingOfTheForge"},{"floor":4,"key":"DuplicationPotion"},{"floor":7,"key":"CultistPotion"},{"floor":8,"key":"FairyPotion"},{"floor":14,"key":"SpeedPotion"},{"floor":16,"key":"ColorlessPotion"},{"floor":19,"key":"ColorlessPotion"},{"floor":27,"key":"ColorlessPotion"},{"floor":28,"key":"champ:CounterPotion"},{"floor":29,"key":"Energy Potion"}],"is_trial":false,"path_per_floor":["M","T","M","M","$","M","M","M","T","M","E","?","E","M","R","B",null,"M","?","$","M","?","E","R","$","T","E","M","M","E"],"character_chosen":"SHADE","items_purchased":["Shade:AuraOfUnlife","Art of War","Shade:WallOfFlesh","ReplayTheSpireMod:ShopPack","Vajra","Chemical X","Shade:FreshBones","Shade:Brains","Shade:Bonestorm"],"campfire_rested":1,"item_purchase_floors":[0,0,0,5,20,20,20,20,25],"current_hp_per_floor":[52,52,52,52,52,56,60,64,64,61,47,47,50,54,54,44,70,50,50,50,54,54,10,31,31,31,35,37,35,0,0],"gold":91,"neow_bonus":"","is_daily":false,"chose_seed":false,"campfire_upgraded":0,"win_rate":0.0,"timestamp":1612561893,"path_taken":["M","?","M","M","$","M","M","M","T","M","E","?","E","M","R","BOSS","M","?","$","?","?","E","R","$","T","E","M","M","E"],"items_purchased_type":["Card","Relic","Card","Relic","Relic","Relic","Card","Card","Card"],"build_version":"2020-12-22","purchased_purges":0,"victory":false,"max_hp_per_floor":[65,65,65,65,65,65,65,65,65,65,65,65,70,70,70,70,70,70,70,70,70,70,70,70,70,70,70,70,70,70,70],"card_choices":[{"not_picked":["Shade:LyeBath","Shade:DangerousRitual"],"picked":"Shade:FreshBones","floor":1},{"not_picked":["Shade:CoffinDance","Shade:GraveStillness"],"picked":"Shade:SensePrey","floor":3},{"not_picked":["Shade:Awaken","Shade:Frenzy"],"picked":"Shade:Asphyxiate","floor":4},{"not_picked":["Magnetism","Master of Strategy"],"picked":"HandOfGreed","floor":5},{"not_picked":["ReplayTheSpireMod:Brewmster","ReplayTheSpireMod:Uncanny Aura"],"picked":"Bandage Up","floor":5},{"not_picked":["Flash of Steel","Impatience"],"picked":"Panacea","floor":5},{"not_picked":["Shade:Excise","Shade:SpontaneousRitual"],"picked":"Shade:FingerOfDeath","floor":6},{"not_picked":["Shade:BoneShards","Shade:SpectralStrikes"],"picked":"Shade:SkeletonHug","floor":7},{"not_picked":["Shade:Bite_Shade","Shade:FuneraryJewels"],"picked":"Shade:FleshLikeOak","floor":8},{"not_picked":["Shade:Excise","Shade:AncientSpear"],"picked":"Shade:ClawBack","floor":10},{"not_picked":["Shade:FuneraryJewels","Shade:AncientSpear"],"picked":"Shade:DangerousRitual","floor":11},{"not_picked":["Shade:CoffinDance","Shade:Premonition"],"picked":"Shade:Bonestorm","floor":12},{"not_picked":["Shade:Consume","Shade:Frenzy"],"picked":"Shade:SkeletonHug","floor":13},{"not_picked":["Shade:AuraOfUnlife","Shade:CallWraith"],"picked":"Shade:FingerOfDeath","floor":14},{"not_picked":["Shade:PressTheAttack","Shade:DangerousRitual"],"picked":"Shade:Trample","floor":14},{"not_picked":["Shade:SelfBurial","Shade:LoseControl"],"picked":"Shade:OminousRitual","floor":16},{"not_picked":["Shade:PressTheAttack","Shade:FleshToFlesh"],"picked":"Shade:CommandSoldier+1","floor":18},{"not_picked":["Shade:FuneraryArmor","Shade:SensePrey+1"],"picked":"Shade:FleshToFlesh+1","floor":18},{"not_picked":["Shade:FingerOfDeath","Shade:PoundOfFlesh"],"picked":"Shade:SkeletonArmy","floor":21},{"not_picked":["Shade:CloudOfShrapnel","Shade:FuneraryArmor"],"picked":"Shade:FleshLikeOak","floor":21},{"not_picked":["Shade:LoseControl","Shade:PressTheAttack"],"picked":"Shade:Bonestorm","floor":23},{"not_picked":["Shade:GoDigging","Shade:SoulToxin"],"picked":"Shade:ExtraLimbs","floor":27},{"not_picked":["Shade:CoffinDance","Shade:ExtraLimbs"],"picked":"Shade:CommandSoldier","floor":28},{"not_picked":["Shade:Awaken","Shade:ExtraLimbs+1"],"picked":"Shade:PoundOfFlesh","floor":28},{"not_picked":["Shade:CloudOfShrapnel","Shade:Premonition"],"picked":"Shade:AncientSpear","floor":29},{"not_picked":["Shade:CommandSoldier","Shade:Tombstone"],"picked":"Shade:SkeletonHug","floor":29}],"player_experience":440573,"relics_obtained":[{"floor":2,"key":"hubris:OldNail"},{"floor":9,"key":"Winged Necklace"},{"floor":11,"key":"Prayer Wheel"},{"floor":12,"key":"hubris:Zylophone"},{"floor":13,"key":"Durian"},{"floor":23,"key":"Ornamental Fan"},{"floor":27,"key":"Whetstone"}],"event_choices":[{"damage_healed":0,"gold_gain":0,"player_choice":"Bought 1 Potion","damage_taken":0,"max_hp_gain":0,"max_hp_loss":0,"event_name":"The Woman in Blue","floor":19,"gold_loss":0},{"damage_healed":0,"gold_gain":0,"player_choice":"Ignored","damage_taken":0,"max_hp_gain":0,"max_hp_loss":0,"event_name":"Ghosts","floor":22,"gold_loss":0}],"is_beta":false,"boss_relics":[{"not_picked":["conspire:RoyalGoblet","theForsaken:PaleLantern"],"picked":"SlaversCollar"}],"items_purged_floors":[],"is_endless":false,"potions_floor_spawned":[1,4,7,8,14,16,21,27,28,29],"killed_by":"Gremlin Leader","ascension_level":0}}