{"host":"soyfmymeou4emntr","time":1612565139,"event":{"mods":["BaseMod","BetterRewards","Minty Spire (QoL Compilation)","Relic Sorter","Relic Stats","StSLib"],"gold_per_floor":[213,230,249,266,9,9,9,43,43,43,8,8,8,44,44,140,140,154,178,178,178,191,191,191],"floor_reached":23,"language":"ENG","playtime":2898,"items_purged":[],"score":398,"play_id":"89305fc5-07c2-4152-8d40-7f81a0695f27","local_time":"20210205154539","is_ascension_mode":true,"campfire_choices":[{"data":"Infinite Blades","floor":6.0,"key":"SMITH"},{"data":"Predator","floor":12.0,"key":"SMITH"},{"data":"Wraith Form v2","floor":15.0,"key":"SMITH"}],"circlet_count":0,"master_deck":["AscendersBane","Strike_G+1","Strike_G+1","Strike_G+1","Strike_G+1","Strike_G+1","Defend_G+1","Defend_G+1","Defend_G+1","Defend_G+1","Defend_G+1","Survivor","Neutralize","Infinite Blades+1","Cloak And Dagger","Riddle With Holes","Poisoned Stab","Venomology","Predator+1","Wraith Form v2+1","Adrenaline","Calculated Gamble"],"relics":["Ring of the Snake","Bloody Idol","The Specimen","HornCleat","Paper Crane","Cursed Key"],"acts_visited":["Exordium","TheCity"],"potions_floor_usage":[16,18,18,18,22,23,23,23],"damage_taken":[{"damage":0.0,"enemies":"Cultist","floor":1.0,"turns":4.0},{"damage":0.0,"enemies":"2 Louse","floor":2.0,"turns":4.0},{"damage":0.0,"enemies":"Jaw Worm","floor":3.0,"turns":5.0},{"damage":8.0,"enemies":"Blue Slaver","floor":4.0,"turns":5.0},{"damage":12.0,"enemies":"3 Sentries","floor":8.0,"turns":4.0},{"damage":15.0,"enemies":"Lagavulin","floor":14.0,"turns":5.0},{"damage":27,"enemies":"The Guardian","floor":16,"turns":17},{"damage":6,"enemies":"2 Thieves","floor":18,"turns":4},{"damage":7,"enemies":"Shell Parasite","floor":19,"turns":5},{"damage":32,"enemies":"Sentry and Sphere","floor":22,"turns":7},{"damage":22,"enemies":"Book of Stabbing","floor":23,"turns":4}],"seed_played":"3304289949797919156","potions_obtained":[{"floor":3.0,"key":"SkillPotion"},{"floor":14.0,"key":"Explosive Potion"},{"floor":16,"key":"SkillPotion"},{"floor":18,"key":"GamblersBrew"}],"is_trial":false,"path_per_floor":["M","M","M","M","$","R","?","E","T","$","?","R","$","E","R","B",null,"M","M","?","?","M","E"],"character_chosen":"THE_SILENT","items_purchased":["Venomology","Predator"],"campfire_rested":0,"item_purchase_floors":[5,5],"current_hp_per_floor":[59,59,59,51,51,51,51,39,39,39,54,54,54,39,39,12,48,42,35,35,35,8,0,0],"gold":191,"neow_bonus":"HUNDRED_GOLD","is_daily":false,"chose_seed":false,"campfire_upgraded":3,"win_rate":0.0,"timestamp":1612565139,"path_taken":["M","?","M","M","$","R","?","E","T","$","?","R","?","E","R","BOSS","M","M","?","?","M","E"],"items_purchased_type":["Card","Card"],"build_version":"2020-12-22","purchased_purges":0,"victory":false,"max_hp_per_floor":[66,66,66,66,66,66,60,60,60,60,60,60,60,60,60,60,60,60,60,60,60,60,60,60],"relic_stats":{"counters":[11,64],"Bloody Idol":5,"Cursed Key":0,"obtain_stats":[{"HornCleat":9,"The Specimen":8,"Golden Idol":7,"Bloody Idol":21,"Paper Crane":14,"Cursed Key":17,"Ring of the Snake":0},{"HornCleat":5,"The Specimen":5,"Golden Idol":4,"Bloody Idol":9,"Paper Crane":6,"Cursed Key":7,"Ring of the Snake":0},{"HornCleat":22,"The Specimen":22,"Golden Idol":18,"Bloody Idol":53,"Paper Crane":27,"Cursed Key":44,"Ring of the Snake":0}],"Ring of the Snake":[22]},"card_choices":[{"not_picked":["Outmaneuver","Blur"],"picked":"Infinite Blades","floor":1.0},{"not_picked":["Acrobatics","Deflect"],"picked":"Cloak And Dagger","floor":2.0},{"not_picked":["Outmaneuver","Bane"],"picked":"Riddle With Holes","floor":3.0},{"not_picked":["Prepared","Bane"],"picked":"Poisoned Stab","floor":4.0},{"not_picked":["Choke","Deadly Poison"],"picked":"Wraith Form v2","floor":14.0},{"not_picked":["A Thousand Cuts","Burst"],"picked":"Adrenaline","floor":16},{"not_picked":["Quick Slash","Bane","Dagger Throw"],"picked":"SKIP","floor":18},{"not_picked":["Blur","Prepared","Poisoned Stab"],"picked":"SKIP","floor":19},{"not_picked":["Outmaneuver","Bouncing Flask"],"picked":"Calculated Gamble","floor":22}],"player_experience":3068197,"relics_obtained":[{"floor":8.0,"key":"The Specimen"},{"floor":9.0,"key":"HornCleat"},{"floor":14.0,"key":"Paper Crane"}],"event_choices":[{"damage_healed":0.0,"max_hp_gain":0.0,"max_hp_loss":6.0,"gold_gain":0.0,"event_name":"Golden Idol","player_choice":"Lose Max HP","floor":7.0,"gold_loss":0.0,"damage_taken":0.0,"relics_obtained":["Golden Idol"]},{"damage_healed":15.0,"max_hp_gain":0.0,"max_hp_loss":0.0,"gold_gain":0.0,"event_name":"The Cleric","player_choice":"Healed","floor":11.0,"gold_loss":35.0,"damage_taken":0.0},{"damage_healed":0,"gold_gain":0,"player_choice":"Simplicity","damage_taken":0,"max_hp_gain":0,"max_hp_loss":0,"event_name":"Back to Basics","floor":20,"gold_loss":0,"cards_upgraded":["Strike_G","Strike_G","Strike_G","Strike_G","Strike_G","Defend_G","Defend_G","Defend_G","Defend_G","Defend_G"]},{"damage_healed":0,"gold_gain":0,"player_choice":"Gave Idol","damage_taken":0,"relics_obtained":["Bloody Idol"],"max_hp_gain":0,"max_hp_loss":0,"event_name":"Forgotten Altar","floor":21,"relics_lost":["Golden Idol"],"gold_loss":0}],"is_beta":false,"boss_relics":[{"not_picked":["HoveringKite","Sozu"],"picked":"Cursed Key"}],"items_purged_floors":[],"is_endless":false,"potions_floor_spawned":[3,14,16,18,22],"killed_by":"Book of Stabbing","ascension_level":20}}