{"host":"r91i8wii3z9p67t1","time":1612540655,"event":{"mods":["BaseMod","Googly Eyes","Minty Spire (QoL Compilation)","Relic Stats","StSLib"],"gold_per_floor":[216,234,146,161,111,111,146,146,191,191,207,232,232,232,232,336,336,349,349,15,29,40,65,65,82,108,122,135,135,154,87,87,87,87],"floor_reached":33,"language":"ENG","playtime":2860,"items_purged":["Strike_G"],"score":374,"play_id":"4e158d6c-e170-4ea1-8c71-f1dfed5912a6","local_time":"20210205235735","is_ascension_mode":true,"campfire_choices":[{"data":"Caltrops","floor":6,"key":"SMITH"},{"floor":8,"key":"REST"},{"floor":10,"key":"REST"},{"data":"Malaise","floor":15,"key":"SMITH"},{"data":"Wraith Form v2","floor":24,"key":"SMITH"},{"floor":32,"key":"REST"}],"circlet_count":0,"master_deck":["Strike_G","Strike_G","Defend_G","Defend_G","Defend_G","Defend_G+1","Defend_G","Survivor","Neutralize","PiercingWail+1","Poisoned Stab","Caltrops+1","Deflect","Deadly Poison","Reflex","Cloak And Dagger","Malaise+1","After Image","Predator","RitualDagger","Wraith Form v2+1","Underhanded Strike+1","Writhe","Backflip","Riddle With Holes+1"],"relics":["Ring of the Snake","War Paint","Juzu Bracelet","Paper Crane","Snecko Eye","Molten Egg 2","Strawberry","Vajra","Shuriken"],"acts_visited":["Exordium","TheCity"],"potions_floor_usage":[7,23,33,33,33],"damage_taken":[{"damage":10,"enemies":"Jaw Worm","floor":1,"turns":7},{"damage":0,"enemies":"2 Louse","floor":2,"turns":3},{"damage":0,"enemies":"Small Slimes","floor":4,"turns":4},{"damage":40,"enemies":"3 Sentries","floor":7,"turns":10},{"damage":1,"enemies":"Looter","floor":11,"turns":4},{"damage":24,"enemies":"Lagavulin","floor":12,"turns":8},{"damage":1,"enemies":"The Guardian","floor":16,"turns":12},{"damage":5,"enemies":"Shell Parasite","floor":18,"turns":9},{"damage":4,"enemies":"Chosen","floor":21,"turns":8},{"damage":2,"enemies":"Snecko","floor":22,"turns":6},{"damage":11,"enemies":"Slavers","floor":23,"turns":6},{"damage":0,"enemies":"Snake Plant","floor":25,"turns":4},{"damage":19,"enemies":"Centurion and Healer","floor":27,"turns":12},{"damage":3,"enemies":"Snecko","floor":28,"turns":5},{"damage":14,"enemies":"Chosen and Byrds","floor":30,"turns":9},{"damage":38,"enemies":"Automaton","floor":33,"turns":10}],"seed_played":"-4752209817305793954","potions_obtained":[{"floor":4,"key":"SpeedPotion"},{"floor":11,"key":"Explosive Potion"},{"floor":21,"key":"AttackPotion"},{"floor":22,"key":"Energy Potion"},{"floor":27,"key":"LiquidBronze"}],"is_trial":false,"path_per_floor":["M","M","$","M","?","R","E","R","T","R","M","E","?","?","R","B",null,"M","?","$","M","M","E","R","M","T","M","M","?","M","$","R","B"],"character_chosen":"THE_SILENT","items_purchased":["Caltrops","Deflect","Molten Egg 2","Riddle With Holes+1"],"campfire_rested":3,"item_purchase_floors":[3,3,20,31],"current_hp_per_floor":[53,53,53,53,53,53,13,34,34,55,54,30,35,28,28,27,63,58,52,52,48,46,42,42,42,42,23,20,20,6,6,30,0,0],"gold":87,"neow_bonus":"HUNDRED_GOLD","is_daily":false,"chose_seed":false,"campfire_upgraded":3,"win_rate":0.0,"timestamp":1612540655,"path_taken":["M","M","$","M","?","R","E","R","T","R","M","E","?","?","R","BOSS","M","?","$","M","M","E","R","M","T","M","M","?","M","?","R","BOSS"],"items_purchased_type":["Card","Card","Relic","Card"],"build_version":"2020-12-22","purchased_purges":1,"victory":false,"max_hp_per_floor":[70,70,70,70,70,70,70,70,70,70,70,70,75,75,75,75,75,75,75,75,75,75,82,82,82,82,82,82,82,82,82,82,82,82],"relic_stats":{"counters":[16,117],"Shuriken":[3],"Snecko Eye":[116,128,116,125],"Juzu Bracelet":0,"War Paint":["PiercingWail","Defend_G"],"obtain_stats":[{"Shuriken":29,"Strawberry":23,"Snecko Eye":17,"Vajra":26,"Molten Egg 2":20,"Juzu Bracelet":9,"War Paint":7,"Paper Crane":12,"Ring of the Snake":0},{"Shuriken":14,"Strawberry":11,"Snecko Eye":7,"Vajra":12,"Molten Egg 2":8,"Juzu Bracelet":4,"War Paint":4,"Paper Crane":6,"Ring of the Snake":0},{"Shuriken":98,"Strawberry":77,"Snecko Eye":48,"Vajra":81,"Molten Egg 2":57,"Juzu Bracelet":24,"War Paint":24,"Paper Crane":36,"Ring of the Snake":0}],"Ring of the Snake":[32]},"card_choices":[{"not_picked":["Dodge and Roll","Prepared"],"picked":"PiercingWail","floor":1},{"not_picked":["Prepared","Flechettes"],"picked":"Poisoned Stab","floor":2},{"not_picked":["Deflect","Slice"],"picked":"Deadly Poison","floor":4},{"not_picked":["A Thousand Cuts","Masterful Stab"],"picked":"Reflex","floor":7},{"not_picked":["PiercingWail","Deadly Poison"],"picked":"Cloak And Dagger","floor":11},{"not_picked":["Dash","Flying Knee"],"picked":"Malaise","floor":12},{"not_picked":["Grand Finale","Phantasmal Killer"],"picked":"After Image","floor":16},{"not_picked":["Dagger Spray+1","Slice+1"],"picked":"Predator","floor":18},{"not_picked":["Slice+1","Deflect","Deadly Poison"],"picked":"SKIP","floor":21},{"not_picked":["Backflip","Catalyst"],"picked":"Wraith Form v2","floor":22},{"not_picked":["Deadly Poison+1","Backflip","Flying Knee+1"],"picked":"SKIP","floor":23},{"not_picked":["Quick Slash+1","Outmaneuver","Dagger Throw+1"],"picked":"SKIP","floor":25},{"not_picked":["Concentrate","Sucker Punch+1"],"picked":"Underhanded Strike+1","floor":27},{"not_picked":["Deflect+1","Quick Slash+1","Distraction"],"picked":"SKIP","floor":28},{"not_picked":["Escape Plan+1","Adrenaline"],"picked":"Backflip","floor":30}],"player_experience":997517,"relics_obtained":[{"floor":7,"key":"War Paint"},{"floor":9,"key":"Juzu Bracelet"},{"floor":12,"key":"Paper Crane"},{"floor":23,"key":"Strawberry"},{"floor":26,"key":"Vajra"}],"event_choices":[{"cards_removed":["Strike_G"],"damage_healed":0,"gold_gain":0,"player_choice":"Card Removal","damage_taken":0,"max_hp_gain":0,"max_hp_loss":0,"event_name":"The Cleric","floor":5,"gold_loss":50},{"damage_healed":0,"gold_gain":0,"player_choice":"Donut","damage_taken":0,"max_hp_gain":5,"max_hp_loss":0,"event_name":"Big Fish","floor":13,"gold_loss":0},{"cards_removed":["Strike_G"],"damage_healed":0,"gold_gain":0,"player_choice":"Card Removal","damage_taken":7,"max_hp_gain":0,"max_hp_loss":0,"event_name":"Golden Wing","floor":14,"gold_loss":0},{"damage_healed":0,"gold_gain":0,"player_choice":"Joined the Cult","damage_taken":6,"max_hp_gain":0,"max_hp_loss":0,"event_name":"Nest","floor":19,"gold_loss":0,"cards_obtained":["RitualDagger"]},{"damage_healed":0,"gold_gain":0,"player_choice":"Opened","damage_taken":0,"relics_obtained":["Shuriken"],"max_hp_gain":0,"max_hp_loss":0,"event_name":"The Mausoleum","floor":29,"gold_loss":0,"cards_obtained":["Writhe"]}],"is_beta":false,"boss_relics":[{"not_picked":["Coffee Dripper","Velvet Choker"],"picked":"Snecko Eye"}],"items_purged_floors":[20],"is_endless":false,"potions_floor_spawned":[4,11,21,22,27],"killed_by":"Automaton","ascension_level":7}}