{"host":"liwj66r6jjqhm4vi","time":1612491459,"event":{"mods":["BaseMod","Colored Map","Minty Spire (QoL Compilation)","Replay The Spire","StSLib","Yakumo Yukari mod"],"gold_per_floor":[138,138,138,152,152,152,181,181,208,208,219,55,65,98,98,198,198,217,217,316,336,110,110,124,140,140,175,275,304,352,363,363,459,559,579,579,595,649,362,387,387,387,387,429,454,486,519,519,519,553,553,553,409,448,454],"floor_reached":56,"language":"ENG","playtime":3491,"items_purged":["AT_purpleEX"],"score":1753,"play_id":"6402704a-49d4-46bb-9bad-dd22f885600c","local_time":"20210204211739","is_ascension_mode":false,"campfire_choices":[{"data":"DimensionStaggered_purple","floor":6,"key":"SMITH"},{"data":"Shallow_ocean_purpleEX","floor":8,"key":"SMITH"},{"data":"Observe_purple_2","floor":10,"key":"SMITH"},{"floor":15,"key":"DIG"},{"data":"LoveAcrossDimensions_purple","floor":23,"key":"SMITH"},{"floor":32,"key":"RECALL"},{"data":"Apotheosis","floor":42,"key":"SMITH"},{"data":"RuptureOfTimeAndSpace_purple","floor":49,"key":"SMITH"},{"data":"Nest_LightFlightworm_purple","floor":52,"key":"SMITH"}],"circlet_count":0,"master_deck":["AT_purpleEX+1","AT_purpleEX","AT_purpleEX+1","Defend_purpleEX","Defend_purpleEX","Defend_purpleEX","Observe_purple_1","Observe_purple_2+1","Shallow_ocean_purpleEX+1","DimensionStaggered_purple+1","Human_Monster_Realm_purple","Bait_Toxicbait_purple","Anti_communist_purple","Charmbait_purple","RuptureOfTimeAndSpace_purple+1","Nest_LightFlightworm_purple+1","LoveAcrossDimensions_purple+1","Nest_LightFlightworm_purple","AdvanceAttack_purple","Bait_Toxicbait_purple","MetroBOOM_purple+1","WangLiang_OokamiKakushi_purple","WorldDissolvedintheRealm_purple+1","BarrageBoundary_PipeDream_purple","Bait_HighSpeedFlying_purple","Mirror_FourBoundary_purple+1","Apotheosis+1","Replay:Sssssssssstrike","Violence","DimensionStaggered_purple","Worldmountain_purple+1","OpenedBox_purple+1"],"relics":["Boundary_crack","Memoryfragments_purpleEX","NeowsBlessing","Vajra","Whetstone","Omamori","ReplayTheSpireMod:Ninjato","ChewingGum","Blood Vial","Garlic","Boot","ThegodofHakurei_purpleEX","StoneCalendar","Toy Ornithopter","ReplayTheSpireMod:TigerMarble","Replay:Grab Bag","Replay:Wanted Poster","Cursed Key","Seventeenyearold_girl_Forever","Replay:Mystery Machine","Unceasing Top","Replay:Bandana","Divine Protection","Replay:Towering Pillar of Hats","OrangePellets","Pantograph"],"acts_visited":["Exordium","TheCity","TheBeyond","TheEnding"],"potions_floor_usage":[14,16,28,33,54,55,55],"damage_taken":[{"damage":0,"enemies":"Small Slimes","floor":1,"turns":1},{"damage":0,"enemies":"Jaw Worm","floor":4,"turns":1},{"damage":19,"enemies":"Gremlin Nob","floor":7,"turns":1},{"damage":0,"enemies":"2 Louse","floor":11,"turns":1},{"damage":0,"enemies":"Looter","floor":13,"turns":3},{"damage":20,"enemies":"Replay:BlueRogue","floor":14,"turns":4},{"damage":16,"enemies":"Fading Forest","floor":16,"turns":11},{"damage":0,"enemies":"2 Thieves","floor":18,"turns":3},{"damage":0,"enemies":"3 Byrds","floor":21,"turns":4},{"damage":15,"enemies":"Centurion and Healer","floor":24,"turns":3},{"damage":22,"enemies":"Snake Plant","floor":25,"turns":3},{"damage":12,"enemies":"Replay:Snechameleon","floor":27,"turns":4},{"damage":0,"enemies":"Colosseum Slavers","floor":28,"turns":2},{"damage":0,"enemies":"Colosseum Nobs","floor":28,"turns":4},{"damage":13,"enemies":"Gremlin Leader","floor":29,"turns":3},{"damage":8,"enemies":"Sentry and Sphere","floor":31,"turns":4},{"damage":15,"enemies":"Pondfish","floor":33,"turns":7},{"damage":0,"enemies":"Orb Walker","floor":35,"turns":2},{"damage":0,"enemies":"3 Shapes","floor":37,"turns":1},{"damage":0,"enemies":"Giant Head","floor":40,"turns":3},{"damage":0,"enemies":"Nemesis","floor":44,"turns":3},{"damage":0,"enemies":"Jaw Worm Horde","floor":45,"turns":2},{"damage":0,"enemies":"4 Shapes","floor":46,"turns":3},{"damage":0,"enemies":"Sphere and 2 Shapes","floor":47,"turns":1},{"damage":0,"enemies":"Awakened One","floor":50,"turns":6},{"damage":0,"enemies":"Shield and Spear","floor":54,"turns":5},{"damage":17,"enemies":"The Heart","floor":55,"turns":7}],"seed_played":"-5305675520122883425","potions_obtained":[{"floor":4,"key":"Adrenaline Potion"},{"floor":7,"key":"BlessingOfTheForge"},{"floor":11,"key":"Swift Potion"},{"floor":18,"key":"Elixir"},{"floor":25,"key":"Weak Potion"},{"floor":27,"key":"Energy Potion"},{"floor":31,"key":"PowerPotion"},{"floor":35,"key":"Dexterity Potion"},{"floor":45,"key":"SkillPotion"},{"floor":54,"key":"FearPotion"}],"is_trial":false,"path_per_floor":["M","?","?","M","T","R","E","R","T","R","M","$","M","E","R_BF","B",null,"M","?","?","M","$","R","M","M","T","E","?","E","T","M","R","B",null,"M","?","M","T","$","E","?","R","T","E","M","M","M","?","R_BF","B",null,"R","$","E","B",null],"character_chosen":"Youkari","items_purchased":["Anti_communist_purple","Charmbait_purple","Bait_Toxicbait_purple","Blood Vial","Unceasing Top","OrangePellets"],"campfire_rested":0,"item_purchase_floors":[12,12,22,22,39,53],"current_hp_per_floor":[70,63,63,63,63,63,44,44,44,44,44,44,47,32,32,41,70,70,70,70,70,70,70,56,39,39,32,40,32,32,29,29,23,70,70,66,66,66,66,66,56,56,56,59,65,66,69,69,69,69,69,69,69,69,56],"gold":454,"neow_bonus":"THREE_ENEMY_KILL","is_daily":false,"chose_seed":false,"campfire_upgraded":7,"win_rate":0.0,"timestamp":1612491459,"path_taken":["M","?","?","M","?","R","E","R","T","R","M","$","M","E","R_BF","BOSS","M","?","?","M","$","R","M","M","T","E","?","E","?","M","R","BOSS","M","?","M","?","?","E","?","R","T","E","M","M","?","?","R_BF","BOSS","R","$","E","BOSS"],"items_purchased_type":["Card","Card","Card","Relic","Relic","Relic"],"build_version":"2020-12-22","purchased_purges":1,"victory":true,"max_hp_per_floor":[70,70,70,70,70,70,70,70,70,70,70,70,70,70,70,70,70,70,70,70,70,70,70,70,70,70,70,70,70,70,70,70,70,70,70,66,66,66,66,66,66,66,66,66,66,66,69,69,69,69,69,69,69,69,69],"card_choices":[{"not_picked":["StretchesForeverDream_purple","Boundary_of_Extermination_purpleEX"],"picked":"Shallow_ocean_purpleEX","floor":1},{"not_picked":["Realm_recovery_purpleEX","Charmbait_purple"],"picked":"DimensionStaggered_purple","floor":4},{"not_picked":["MetroBOOM_purple","SharpContractionReality_purple"],"picked":"Human_Monster_Realm_purple","floor":7},{"not_picked":["ButterflyHabitatTemple_purple","Realm_recovery_purpleEX"],"picked":"Bait_Toxicbait_purple","floor":11},{"not_picked":["WingOfChimera_purple","OpenedBox_purple"],"picked":"RuptureOfTimeAndSpace_purple","floor":13},{"not_picked":["Realm_recovery_purpleEX","Mirror_FormAndEmptin_purple"],"picked":"Nest_LightFlightworm_purple","floor":14},{"not_picked":["Know_ledgeAbilityRealm_purple","WasteWire_Metro_purple"],"picked":"LoveAcrossDimensions_purple","floor":16},{"not_picked":["RuleDissolution_purple","Worldmountain_purple"],"picked":"Nest_LightFlightworm_purple","floor":18},{"not_picked":["ExistenceContinue_purple","Line_surface_state_purple"],"picked":"AdvanceAttack_purple","floor":21},{"not_picked":["StateErode_purple","Umbrella_purple","StateDuplicate_purple"],"picked":"SKIP","floor":24},{"not_picked":["ButterflyHabitatTemple_purple","Shallow_ocean_purpleEX"],"picked":"MetroBOOM_purple+1","floor":25},{"not_picked":["RuleDissolution_purple","DimensionStaggered_purple","Extrememeaning_purpleEX"],"picked":"SKIP","floor":27},{"not_picked":["Yakumo_Ran_purple","Realm_recovery_purpleEX+1"],"picked":"WangLiang_OokamiKakushi_purple","floor":28},{"not_picked":["SharpContractionReality_purple","Realm_recovery_purpleEX+1","StretchesForeverDream_purple"],"picked":"SKIP","floor":29},{"not_picked":["MeetDecomposer_purple","Photoelasticity_Doppler_Effect_purple"],"picked":"WorldDissolvedintheRealm_purple+1","floor":31},{"not_picked":["UniverseChoice_purple","WasteWire_Metro_purple"],"picked":"BarrageBoundary_PipeDream_purple","floor":33},{"not_picked":["Mirror_Drifter_purple","Realm_recovery_purpleEX+1"],"picked":"Bait_HighSpeedFlying_purple","floor":35},{"not_picked":["CommonSense_AntiCommonSense_purple","WingOfChimera_purple+1"],"picked":"Mirror_FourBoundary_purple+1","floor":37},{"not_picked":["Line_surface_state_purple+1","Fantasy_PerpetualMotionMachine_purple+1","SfantasyHide_purple+1"],"picked":"SKIP","floor":40},{"not_picked":["HandOfGreed","Magnetism"],"picked":"Apotheosis","floor":41},{"not_picked":["Bandage Up","Jack Of All Trades"],"picked":"Replay:Sssssssssstrike","floor":41},{"not_picked":["Survey Options","Chrysalis"],"picked":"Violence","floor":41},{"not_picked":["Worldmountain_purple+1","Line_surface_state_purple+1"],"picked":"DimensionStaggered_purple","floor":44},{"not_picked":["OpenedBox_purple","StateDuplicate_purple+1"],"picked":"Worldmountain_purple+1","floor":45},{"not_picked":["Line_surface_state_purple+1","MeetDecomposer_purple","Umbrella_purple+1"],"picked":"SKIP","floor":46},{"not_picked":["Realm_recovery_purpleEX","PurpleNeedle_purple"],"picked":"OpenedBox_purple+1","floor":47},{"not_picked":["RuleDissolution_purple","Bait_Toxicbait_purple","MetroBOOM_purple"],"picked":"SKIP","floor":54}],"player_experience":147092,"relics_obtained":[{"floor":7,"key":"Vajra"},{"floor":9,"key":"Whetstone"},{"floor":14,"key":"Omamori"},{"floor":15,"key":"ReplayTheSpireMod:Ninjato"},{"floor":26,"key":"Garlic"},{"floor":27,"key":"Boot"},{"floor":28,"key":"ThegodofHakurei_purpleEX"},{"floor":28,"key":"StoneCalendar"},{"floor":29,"key":"Toy Ornithopter"},{"floor":30,"key":"ReplayTheSpireMod:TigerMarble"},{"floor":38,"key":"Replay:Mystery Machine"},{"floor":40,"key":"Replay:Bandana"},{"floor":43,"key":"Divine Protection"},{"floor":44,"key":"Replay:Towering Pillar of Hats"},{"floor":54,"key":"Pantograph"}],"event_choices":[{"cards_removed":["Defend_purpleEX"],"damage_healed":0,"gold_gain":0,"player_choice":"Card Removal","damage_taken":7,"max_hp_gain":0,"max_hp_loss":0,"event_name":"Golden Wing","floor":2,"gold_loss":0},{"damage_healed":0,"gold_gain":0,"player_choice":"Ignored","damage_taken":0,"max_hp_gain":0,"max_hp_loss":0,"event_name":"Liars Game","floor":3,"gold_loss":0},{"damage_healed":0,"gold_gain":0,"player_choice":"Ignored","damage_taken":0,"max_hp_gain":0,"max_hp_loss":0,"event_name":"Ghosts","floor":19,"gold_loss":0},{"damage_healed":0,"gold_gain":99,"player_choice":"Stole From Cult","damage_taken":0,"max_hp_gain":0,"max_hp_loss":0,"event_name":"Nest","floor":20,"gold_loss":0},{"damage_healed":0,"gold_gain":0,"player_choice":"Fight","damage_taken":0,"max_hp_gain":0,"max_hp_loss":0,"event_name":"Colosseum","floor":28,"gold_loss":0},{"damage_healed":0,"gold_gain":0,"player_choice":"Fought Nobs","damage_taken":0,"max_hp_gain":0,"max_hp_loss":0,"event_name":"Colosseum","floor":28,"gold_loss":0},{"damage_healed":0,"gold_gain":0,"player_choice":"Max HP","damage_taken":0,"max_hp_gain":0,"max_hp_loss":4,"event_name":"Winding Halls","floor":36,"gold_loss":0},{"damage_healed":0,"gold_gain":0,"player_choice":"Memory 3","damage_taken":10,"max_hp_gain":0,"max_hp_loss":0,"event_name":"SensoryStone","floor":41,"gold_loss":0}],"is_beta":false,"boss_relics":[{"not_picked":["SlaversCollar","SacredBark"],"picked":"ChewingGum"},{"not_picked":["Snecko Eye","Replay:Ancient Bell"],"picked":"Replay:Grab Bag"},{"not_picked":["Busted Crown","Painkiller Herb"],"picked":"Replay:Wanted Poster"},{"not_picked":["Fusion Hammer","Replay:Bronze Core"],"picked":"Cursed Key"},{"not_picked":["Pandora\u0027s Box","Kintsugi"],"picked":"Seventeenyearold_girl_Forever"}],"items_purged_floors":[12],"is_endless":false,"potions_floor_spawned":[4,7,11,18,25,27,28,31,35,45,54],"ascension_level":0}}