{"host":"56xwnffi6e9z5l58","time":1612548112,"event":{"mods":["Aspiration","BaseMod","Better Match","Better Note","Better Sensory Stone","BetterRewards","Colored Map","Colored Powertips","Conspire","Downfall","GifTheSpireLib","Hermit","Highlight Path","Hubris","Infinite Spire","Key Reminder","Minty Spire (QoL Compilation)","Permanent Neow","Quick Restart","Rare Cards Sparkle","Replay The Spire","StSLib","Stuff the Spire","SuperFastMode","Unceasing Turn Reminder"],"gold_per_floor":[99,111,128,113,170,170,170,203,203,234,234,265,165,182,193,290,290,290,313,357,357,48,48,48,48,97,105,105],"floor_reached":27,"language":"ENG","playtime":893,"items_purged":[],"score":289,"play_id":"e4cb923d-c711-4377-8115-6ba36ef7f9b3","local_time":"20210206020152","is_ascension_mode":true,"campfire_choices":[{"data":"hermit:Snapshot","floor":1,"key":"SMITH"},{"floor":9,"key":"REST"},{"floor":13,"key":"REST"},{"data":"1","floor":18,"key":"LIFT"},{"data":"2","floor":23,"key":"LIFT"}],"circlet_count":0,"master_deck":["hermit:Strike_Hermit","hermit:Strike_Hermit","hermit:Strike_Hermit","hermit:Strike_Hermit","hermit:Defend_Hermit","hermit:Defend_Hermit","hermit:Defend_Hermit","hermit:Defend_Hermit","hermit:Snapshot+1","hermit:Covet","hermit:Dive+1","hermit:BigShot","hermit:Snipe","hermit:FlashPowder","hermit:FatalDesire","hermit:Gestalt","StuffTheSpire:Vigor","hermit:Brawl","hermit:GoldenBullet","hermit:Reprieve","Decay","Decay","Injury","hermit:Deadeye","ReplayTheSpireMod:Splinters","hermit:WideOpen+1","hermit:LuckOfTheDraw"],"relics":["hermit:Momento","hermit:CharredGlove","conspire:Boomerang","Potion Belt","keyreminder:keyreminder","Girya","aspiration:SeaSaltIceCream","Ring of the Snake","downfall:HeartBlessingGreen","Replay:Ancient Bell","Replay:Bandana","infinitespire:FocusingShard","infinitespire:Lychee Nut","Pear","Replay:Wax Seal","FossilizedHelix","Eternal Feather","Anchor"],"acts_visited":["Exordium","TheCity"],"potions_floor_usage":[8,8,27],"damage_taken":[{"damage":1,"enemies":"Cultist","floor":2,"turns":3},{"damage":0,"enemies":"2 Louse","floor":3,"turns":2},{"damage":4,"enemies":"downfall:FleeingMerchant","floor":4,"turns":4},{"damage":30,"enemies":"3 Sentries","floor":5,"turns":9},{"damage":15,"enemies":"Gremlin Nob","floor":8,"turns":3},{"damage":18,"enemies":"Lagavulin","floor":10,"turns":6},{"damage":2,"enemies":"Gremlin Nob","floor":12,"turns":4},{"damage":0,"enemies":"Small Slimes","floor":14,"turns":5},{"damage":2,"enemies":"Exordium Wildlife","floor":15,"turns":6},{"damage":0,"enemies":"SI_SHIV_ARCHETYPE","floor":16,"turns":14},{"damage":1,"enemies":"Chosen","floor":19,"turns":8},{"damage":15,"enemies":"downfall:FleeingMerchant","floor":22,"turns":4},{"damage":62,"enemies":"Gremlin Leader","floor":27,"turns":6}],"seed_played":"25615544611397113","potions_obtained":[{"floor":3,"key":"FearPotion"},{"floor":5,"key":"Ancient Potion"},{"floor":8,"key":"ColorlessPotion"},{"floor":15,"key":"Elixir"},{"floor":19,"key":"champ:CounterPotion"},{"floor":20,"key":"LiquidMemories"}],"is_trial":false,"path_per_floor":["R","M","M","$","?","?","T","E","R","E","?","E","R","M","M","B",null,"R","M","?","?","$","R","T","?","T","E"],"character_chosen":"HERMIT","items_purchased":["Replay:Wax Seal","FossilizedHelix"],"campfire_rested":2,"item_purchase_floors":[22,22],"current_hp_per_floor":[54,53,53,49,19,19,19,4,26,8,8,6,28,28,26,26,56,56,55,65,65,52,52,52,52,52,0,0],"gold":105,"neow_bonus":"ONE_RARE_RELIC","is_daily":false,"chose_seed":false,"campfire_upgraded":1,"win_rate":0.0,"timestamp":1612548112,"path_taken":["R","M","?","$","?","?","T","E","R","E","?","E","R","M","M","BOSS","R","M","?","?","$","R","T","?","?","E"],"items_purchased_type":["Relic","Relic"],"build_version":"2020-12-22","purchased_purges":0,"victory":false,"max_hp_per_floor":[75,75,75,75,75,75,75,75,75,75,75,75,75,75,75,75,56,56,56,66,66,66,66,66,66,66,66,66],"card_choices":[{"not_picked":["hermit:TakeCover","hermit:TrackingShot"],"picked":"hermit:Dive","floor":2},{"not_picked":["hermit:Misfire","hermit:TrackingShot"],"picked":"hermit:BigShot","floor":3},{"not_picked":["hermit:Roulette","hermit:Ricochet"],"picked":"hermit:Snipe","floor":4},{"not_picked":["hermit:Headshot","hermit:Dive"],"picked":"hermit:FlashPowder","floor":5},{"not_picked":["hermit:BodyArmor","hermit:Malice"],"picked":"hermit:FatalDesire","floor":8},{"not_picked":["hermit:Manifest","hermit:Quickdraw"],"picked":"hermit:Gestalt","floor":10},{"not_picked":["StuffTheSpire:CelestialWarden","StuffTheSpire:Brawn"],"picked":"StuffTheSpire:Vigor","floor":11},{"not_picked":["hermit:Coalescence","hermit:Headshot","hermit:Showdown"],"picked":"SKIP","floor":12},{"not_picked":["hermit:Desperado","hermit:CalledShot"],"picked":"hermit:Brawl","floor":14},{"not_picked":["hermit:SprayPray","hermit:Misfire"],"picked":"hermit:GoldenBullet","floor":15},{"not_picked":["hermit:Gambit","hermit:FromBeyond"],"picked":"hermit:Reprieve","floor":16},{"not_picked":["hubris:Wrath","ReplayTheSpireMod:Splinters"],"picked":"Decay","floor":17},{"not_picked":["Doubt","StuffTheSpire:GnomedCurse"],"picked":"Decay","floor":17},{"not_picked":["ReplayTheSpireMod:Restless Dread","Voices"],"picked":"Injury","floor":17},{"not_picked":["hermit:Feint+1","hermit:CalledShot"],"picked":"hermit:Deadeye","floor":19},{"not_picked":["hermit:Quickdraw+1","hermit:CalledShot+1"],"picked":"hermit:WideOpen+1","floor":20},{"not_picked":["hermit:CalledShot","hermit:FatalDesire","hermit:Roulette"],"picked":"SKIP","floor":22}],"player_experience":1023365,"relics_obtained":[{"floor":7,"key":"Ancient Tea Set"},{"floor":8,"key":"Potion Belt"},{"floor":10,"key":"Girya"},{"floor":12,"key":"aspiration:SeaSaltIceCream"},{"floor":20,"key":"Pear"},{"floor":24,"key":"Eternal Feather"},{"floor":26,"key":"Anchor"}],"event_choices":[{"damage_healed":0,"gold_gain":0,"player_choice":"Read","damage_taken":0,"max_hp_gain":0,"max_hp_loss":0,"event_name":"The Library","floor":21,"gold_loss":0,"cards_obtained":["hermit:LuckOfTheDraw"]}],"is_beta":false,"boss_relics":[{"not_picked":["Painkiller Herb","Astrolabe"],"picked":"Replay:Ancient Bell"},{"not_picked":["Akabeko","Gremlin Food"],"picked":"Replay:Bandana"},{"not_picked":["hubris:Reverence","InkBottle"],"picked":"infinitespire:FocusingShard"},{"not_picked":["Replay:Towering Pillar of Hats","Lizard Tail"],"picked":"infinitespire:Lychee Nut"}],"items_purged_floors":[],"is_endless":false,"potions_floor_spawned":[3,5,8,15,19],"killed_by":"Gremlin Leader","ascension_level":1}}