{"host":"v41r765ix9n0d8n3","time":1612537100,"event":{"mods":["BaseMod","Colored Powertips","Hermit","Minty Spire (QoL Compilation)","Shop Mod","StSLib","The Bug Knight","The Cursed","The Druid","The Wild Card"],"gold_per_floor":[115,290,290,307,21,50,66,66,66,84,119,136,155,155,155,155,155],"floor_reached":16,"language":"ENG","playtime":1581,"items_purged":[],"score":137,"play_id":"96d87db0-d23e-4899-b3b4-5d6cb9d18ab2","local_time":"20210205155820","is_ascension_mode":false,"campfire_choices":[{"floor":8,"key":"REST"},{"floor":15,"key":"RECALL"}],"circlet_count":0,"master_deck":["Strike_P","Strike_P","Strike_P","Strike_P","Defend_P","Defend_P","Defend_P","Defend_P","Eruption+1","Vigilance","Pray","Doubt","CarveReality","ClearTheMind","DevaForm+1","Prostrate","Perseverance","DeceiveReality","FollowUp","Halt"],"relics":["PureWater","HollowMod:LifeEnderRelic","Matryoshka","Question Card","Pen Nib","Frozen Egg 2"],"acts_visited":["Exordium"],"potions_floor_usage":[6,10],"damage_taken":[{"damage":0,"enemies":"2 Louse","floor":1,"turns":2},{"damage":1,"enemies":"Jaw Worm","floor":4,"turns":4},{"damage":44,"enemies":"3 Sentries","floor":6,"turns":11},{"damage":0,"enemies":"Small Slimes","floor":7,"turns":3},{"damage":4,"enemies":"Gremlin Gang","floor":10,"turns":5},{"damage":0,"enemies":"Lagavulin","floor":11,"turns":4},{"damage":3,"enemies":"2 Fungi Beasts","floor":12,"turns":4},{"damage":0,"enemies":"3 Louse","floor":13,"turns":3},{"damage":44,"enemies":"Slime Boss","floor":16,"turns":6}],"seed_played":"6602492034969653974","potions_obtained":[{"floor":1,"key":"LiquidBronze"},{"floor":7,"key":"Dexterity Potion"},{"floor":12,"key":"FearPotion"}],"is_trial":false,"path_per_floor":["M","?","T","M","$","E","M","R","T","M","E","M","M","?","R","B"],"character_chosen":"WATCHER","items_purchased":["Matryoshka","ClearTheMind"],"campfire_rested":1,"item_purchase_floors":[5,5],"current_hp_per_floor":[72,72,72,71,71,27,27,48,48,44,44,41,41,41,41,0,0],"gold":155,"neow_bonus":"UPGRADE_CARD","is_daily":false,"chose_seed":false,"campfire_upgraded":0,"win_rate":0.0,"timestamp":1612537100,"path_taken":["M","?","?","M","$","E","M","R","T","M","E","?","M","?","R","BOSS"],"items_purchased_type":["Relic","Card"],"build_version":"2020-12-22","purchased_purges":0,"victory":false,"max_hp_per_floor":[72,72,72,72,72,72,72,72,72,72,72,72,72,72,72,72,72],"card_choices":[{"not_picked":["JustLucky","SashWhip"],"picked":"Pray","floor":1},{"not_picked":["WreathOfFlame","EmptyBody"],"picked":"CarveReality","floor":4},{"not_picked":["FlyingSleeves","ThirdEye"],"picked":"DevaForm","floor":6},{"not_picked":["Halt","MentalFortress","FollowUp"],"picked":"Prostrate","floor":7},{"not_picked":["ThirdEye","WaveOfTheHand","EmptyBody"],"picked":"Perseverance","floor":10},{"not_picked":["Crescendo","Consecrate","DeusExMachina"],"picked":"DeceiveReality","floor":11},{"not_picked":["ClearTheMind","Wallop","Nirvana+1"],"picked":"FollowUp","floor":12},{"not_picked":["InnerPeace","EmptyBody","ForeignInfluence"],"picked":"Halt","floor":13}],"player_experience":528457,"relics_obtained":[{"floor":3,"key":"HollowMod:LifeEnderRelic"},{"floor":6,"key":"Question Card"},{"floor":9,"key":"Pen Nib"},{"floor":11,"key":"Frozen Egg 2"}],"event_choices":[{"damage_healed":0,"gold_gain":175,"player_choice":"AGREE","damage_taken":0,"max_hp_gain":0,"max_hp_loss":0,"event_name":"Liars Game","floor":2,"gold_loss":0,"cards_obtained":["Doubt"]},{"damage_healed":0,"gold_gain":0,"player_choice":"Grow","damage_taken":0,"max_hp_gain":0,"max_hp_loss":0,"event_name":"Living Wall","floor":14,"gold_loss":0,"cards_upgraded":["DevaForm"]}],"is_beta":false,"boss_relics":[],"items_purged_floors":[],"is_endless":false,"potions_floor_spawned":[1,7,12],"killed_by":"Slime Boss","ascension_level":0}}