{"host":"6pfj0wha12yu6wq3","time":1612496316,"event":{"mods":["AchievementEnabler","BaseMod","Colored Map","Colored Powertips","Curses Come First","DeckTracker","Minty Spire (QoL Compilation)","RNG Fix","Relic Sorter","Relic Stats","StSLib","UnlockEverythingMod","ojb\u0027s Better Paths Mod","ojb\u0027s Info Mod"],"gold_per_floor":[20,20,35,49,49,49,14,40,66,100,100,119,151,151,151,224,224,238,198,198,217,236,266,28,56,56,56,56,56,88,114,114,185,185,198,1197,895,613,631,665,940,969,992,315,315,349,349,349,349,349,349,349,349,30,59,59],"floor_reached":57,"language":"ENG","playtime":3515,"items_purged":["Writhe","Strike_G","Strike_G","Regret"],"score":3506,"play_id":"28e0d387-167e-4046-8a97-828478aebdf4","local_time":"20210204223836","is_ascension_mode":true,"campfire_choices":[{"data":"Blade Dance","floor":6,"key":"SMITH"},{"data":"Blade Dance","floor":11,"key":"SMITH"},{"data":"Choke","floor":15,"key":"SMITH"},{"data":"Adrenaline","floor":29,"key":"SMITH"},{"data":"Leg Sweep","floor":32,"key":"SMITH"},{"floor":45,"key":"RECALL"},{"data":"Well Laid Plans","floor":47,"key":"SMITH"},{"data":"Calculated Gamble","floor":49,"key":"SMITH"},{"data":"After Image","floor":53,"key":"SMITH"}],"circlet_count":0,"master_deck":["AscendersBane","Strike_G+1","Defend_G","Defend_G","Defend_G+1","Defend_G","Defend_G+1","Survivor+1","Neutralize","Blade Dance+1","Terror","Masterful Stab","Blade Dance+1","Backstab","Backflip","Choke+1","Infinite Blades","Corpse Explosion","Adrenaline+1","RitualDagger","Leg Sweep+1","Leg Sweep","After Image+1","Well Laid Plans+1","Backflip+1","Backflip","After Image","Calculated Gamble+1","PiercingWail","Panache","Dark Shackles","Finesse","Master of Strategy"],"relics":["Ring of the Snake","Nunchaku","Pocketwatch","Potion Belt","Toy Ornithopter","Mercury Hourglass","HoveringKite","Omamori","WingedGreaves","PreservedInsect","Shuriken","White Beast Statue","Letter Opener","War Paint","WristBlade","OrangePellets","Sling","Ice Cream","Bottled Lightning","DollysMirror","Ninja Scroll","Ornamental Fan","StrikeDummy"],"acts_visited":["Exordium","TheCity","TheBeyond","TheEnding"],"potions_floor_usage":[16,21,23,23,33,40,42,56,56,56,56],"damage_taken":[{"damage":0,"enemies":"Jaw Worm","floor":1,"turns":5},{"damage":0,"enemies":"Cultist","floor":3,"turns":3},{"damage":0,"enemies":"2 Louse","floor":4,"turns":4},{"damage":10,"enemies":"Lagavulin","floor":8,"turns":5},{"damage":10,"enemies":"3 Sentries","floor":10,"turns":7},{"damage":0,"enemies":"Red Slaver","floor":12,"turns":1},{"damage":5,"enemies":"Lagavulin","floor":13,"turns":5},{"damage":0,"enemies":"Slime Boss","floor":16,"turns":6},{"damage":9,"enemies":"2 Thieves","floor":18,"turns":2},{"damage":0,"enemies":"Spheric Guardian","floor":21,"turns":2},{"damage":0,"enemies":"Centurion and Healer","floor":22,"turns":4},{"damage":2,"enemies":"Book of Stabbing","floor":23,"turns":4},{"damage":7,"enemies":"Gremlin Leader","floor":25,"turns":3},{"damage":3,"enemies":"Slavers","floor":30,"turns":3},{"damage":2,"enemies":"Gremlin Leader","floor":31,"turns":2},{"damage":20,"enemies":"Champ","floor":33,"turns":8},{"damage":1,"enemies":"3 Shapes","floor":35,"turns":5},{"damage":0,"enemies":"Orb Walker","floor":39,"turns":1},{"damage":0,"enemies":"Reptomancer","floor":40,"turns":3},{"damage":0,"enemies":"Giant Head","floor":42,"turns":4},{"damage":0,"enemies":"Reptomancer","floor":46,"turns":1},{"damage":0,"enemies":"Donu and Deca","floor":50,"turns":5},{"damage":0,"enemies":"Time Eater","floor":51,"turns":10},{"damage":0,"enemies":"Shield and Spear","floor":55,"turns":3},{"damage":22,"enemies":"The Heart","floor":56,"turns":8}],"seed_played":"7603171830114166990","potions_obtained":[{"floor":1,"key":"LiquidBronze"},{"floor":3,"key":"Dexterity Potion"},{"floor":4,"key":"FearPotion"},{"floor":12,"key":"Energy Potion"},{"floor":16,"key":"ColorlessPotion"},{"floor":18,"key":"Block Potion"},{"floor":19,"key":"Ancient Potion"},{"floor":25,"key":"SteroidPotion"},{"floor":30,"key":"PowerPotion"},{"floor":31,"key":"ColorlessPotion"},{"floor":33,"key":"LiquidMemories"},{"floor":40,"key":"SteroidPotion"},{"floor":42,"key":"Energy Potion"},{"floor":46,"key":"LiquidMemories"}],"is_trial":false,"path_per_floor":["M","?","M","M","?","R","?","E","T","E","R","M","E","?","R","B",null,"M","?","?","M","M","E","$","E","T","?","?","R","E","E","R","B",null,"M","?","$","$","M","E","?","E","T","$","R","E","R","?","R","B","B",null,"R","$","E","B",null],"character_chosen":"THE_SILENT","items_purchased":["PreservedInsect","OrangePellets","Well Laid Plans","Sling","DollysMirror","Calculated Gamble","Ninja Scroll","Master of Strategy","CultistPotion"],"campfire_rested":0,"item_purchase_floors":[24,37,37,38,44,44,44,54,54],"current_hp_per_floor":[59,39,39,39,39,39,55,45,45,35,35,35,30,30,30,35,58,49,49,49,54,54,62,62,55,55,55,49,49,46,44,44,29,57,56,56,56,56,56,61,61,66,66,66,66,66,66,56,56,56,56,64,64,64,64,49],"gold":59,"neow_bonus":"ONE_RARE_RELIC","is_daily":false,"chose_seed":false,"campfire_upgraded":8,"win_rate":0.0,"timestamp":1612496316,"path_taken":["M","?","M","M","?","R","?","E","T","E","R","M","E","?","R","BOSS","M","?","?","M","?","E","$","E","T","?","?","R","E","E","R","BOSS","M","?","?","$","?","E","?","E","T","$","R","E","R","?","R","BOSS","BOSS","R","$","E","BOSS"],"items_purchased_type":["Relic","Relic","Card","Relic","Relic","Card","Relic","Card","Potion"],"build_version":"2020-12-22","purchased_purges":4,"victory":true,"max_hp_per_floor":[66,66,66,66,66,66,66,66,66,66,66,66,66,66,66,66,66,66,66,66,66,66,66,66,66,66,66,66,66,66,66,66,66,66,66,66,66,66,66,66,66,66,66,66,66,66,66,66,66,66,66,66,66,66,66,66],"relic_stats":{"counters":[25,104],"HoveringKite":[19],"PreservedInsect":458,"Letter Opener":[178],"War Paint":["Defend_G","Defend_G"],"Mercury Hourglass":[256],"OrangePellets":[3],"Nunchaku":[34],"Shuriken":[56],"Ornamental Fan":[92],"obtain_stats":[{"Potion Belt":9,"Ice Cream":40,"HoveringKite":17,"PreservedInsect":24,"Omamori":20,"Letter Opener":30,"War Paint":31,"Sling":38,"White Beast Statue":26,"Mercury Hourglass":13,"OrangePellets":37,"Nunchaku":8,"WristBlade":34,"Shuriken":25,"DollysMirror":44,"Ninja Scroll":44,"Ornamental Fan":46,"WingedGreaves":23,"Bottled Lightning":42,"StrikeDummy":55,"Toy Ornithopter":10,"Ring of the Snake":0,"Pocketwatch":0},{"Potion Belt":4,"Ice Cream":19,"HoveringKite":8,"PreservedInsect":12,"Omamori":9,"Letter Opener":14,"War Paint":15,"Sling":17,"White Beast Statue":13,"Mercury Hourglass":7,"OrangePellets":17,"Nunchaku":4,"WristBlade":16,"Shuriken":13,"DollysMirror":20,"Ninja Scroll":20,"Ornamental Fan":21,"WingedGreaves":12,"Bottled Lightning":20,"StrikeDummy":24,"Toy Ornithopter":5,"Ring of the Snake":0,"Pocketwatch":0},{"Potion Belt":17,"Ice Cream":73,"HoveringKite":36,"PreservedInsect":48,"Omamori":38,"Letter Opener":54,"War Paint":56,"Sling":69,"White Beast Statue":51,"Mercury Hourglass":30,"OrangePellets":69,"Nunchaku":17,"WristBlade":64,"Shuriken":51,"DollysMirror":77,"Ninja Scroll":77,"Ornamental Fan":78,"WingedGreaves":48,"Bottled Lightning":77,"StrikeDummy":96,"Toy Ornithopter":24,"Ring of the Snake":0,"Pocketwatch":0}],"Toy Ornithopter":42,"Ring of the Snake":[50],"Pocketwatch":[57]},"card_choices":[{"not_picked":["Skewer","Flechettes"],"picked":"Blade Dance","floor":1},{"not_picked":["Blur","Deadly Poison"],"picked":"Terror","floor":3},{"not_picked":["Acrobatics","Underhanded Strike"],"picked":"Masterful Stab","floor":4},{"not_picked":["Caltrops","Eviscerate"],"picked":"Blade Dance","floor":8},{"not_picked":["Acrobatics","Choke"],"picked":"Backstab","floor":10},{"not_picked":["Acrobatics","Sucker Punch"],"picked":"Backflip","floor":12},{"not_picked":["Predator","Infinite Blades"],"picked":"Choke","floor":13},{"not_picked":["Doppelganger","Unload"],"picked":"Corpse Explosion","floor":16},{"not_picked":["Outmaneuver","Deflect","Poisoned Stab"],"picked":"SKIP","floor":18},{"not_picked":["Crippling Poison","Dagger Spray","Infinite Blades"],"picked":"SKIP","floor":21},{"not_picked":["Sucker Punch","Predator","Outmaneuver"],"picked":"SKIP","floor":22},{"not_picked":["Poisoned Stab","Unload","Deflect"],"picked":"SKIP","floor":23},{"not_picked":["Skewer","Sucker Punch"],"picked":"Adrenaline","floor":25},{"not_picked":["Endless Agony","Noxious Fumes"],"picked":"Leg Sweep","floor":30},{"not_picked":["Blur","Skewer"],"picked":"Leg Sweep","floor":31},{"not_picked":["Adrenaline","Phantasmal Killer"],"picked":"After Image","floor":33},{"not_picked":["Caltrops","Crippling Poison","PiercingWail"],"picked":"SKIP","floor":35},{"not_picked":["Blade Dance","Dagger Throw"],"picked":"Backflip+1","floor":39},{"not_picked":["Deadly Poison","Terror"],"picked":"Backflip","floor":40},{"not_picked":["Corpse Explosion","Underhanded Strike+1","Dagger Spray"],"picked":"SKIP","floor":42},{"not_picked":["Storm of Steel","Crippling Poison"],"picked":"PiercingWail","floor":46},{"not_picked":["Thinking Ahead","Enlightenment"],"picked":"Panache","floor":48},{"not_picked":["Forethought","Blind"],"picked":"Dark Shackles","floor":48},{"not_picked":["Swift Strike","Discovery"],"picked":"Finesse","floor":48},{"not_picked":["Prepared","Backstab+1","Slice"],"picked":"SKIP","floor":55}],"player_experience":633348,"relics_obtained":[{"floor":8,"key":"Nunchaku"},{"floor":9,"key":"Potion Belt"},{"floor":10,"key":"Toy Ornithopter"},{"floor":13,"key":"Mercury Hourglass"},{"floor":23,"key":"WingedGreaves"},{"floor":25,"key":"Shuriken"},{"floor":26,"key":"White Beast Statue"},{"floor":30,"key":"Letter Opener"},{"floor":31,"key":"War Paint"},{"floor":40,"key":"Ice Cream"},{"floor":42,"key":"Bottled Lightning"},{"floor":46,"key":"Ornamental Fan"},{"floor":55,"key":"StrikeDummy"}],"event_choices":[{"damage_healed":0,"gold_gain":0,"player_choice":"Entered Light","damage_taken":20,"max_hp_gain":0,"max_hp_loss":0,"event_name":"Shining Light","floor":2,"gold_loss":0,"cards_upgraded":["Strike_G","Survivor"]},{"damage_healed":0,"gold_gain":0,"player_choice":"Ignored","damage_taken":0,"max_hp_gain":0,"max_hp_loss":0,"event_name":"Liars Game","floor":5,"gold_loss":0},{"damage_healed":16,"gold_gain":0,"player_choice":"Healed","damage_taken":0,"max_hp_gain":0,"max_hp_loss":0,"event_name":"The Cleric","floor":7,"gold_loss":35},{"damage_healed":0,"gold_gain":0,"cards_transformed":["Strike_G"],"player_choice":"Change","damage_taken":0,"max_hp_gain":0,"max_hp_loss":0,"event_name":"Living Wall","floor":14,"gold_loss":0,"cards_obtained":["Infinite Blades"]},{"damage_healed":0,"gold_gain":0,"player_choice":"Bought 3 Potions","damage_taken":0,"max_hp_gain":0,"max_hp_loss":0,"event_name":"The Woman in Blue","floor":19,"gold_loss":0},{"damage_healed":0,"gold_gain":0,"player_choice":"Opened","damage_taken":0,"relics_obtained":["Omamori"],"max_hp_gain":0,"max_hp_loss":0,"event_name":"The Mausoleum","floor":20,"gold_loss":0,"cards_obtained":["Writhe"]},{"cards_removed":["Strike_G"],"damage_healed":0,"gold_gain":0,"player_choice":"Offered Basic","damage_taken":0,"max_hp_gain":0,"max_hp_loss":0,"event_name":"Bonfire Elementals","floor":27,"gold_loss":0},{"damage_healed":0,"gold_gain":0,"player_choice":"Joined the Cult","damage_taken":6,"max_hp_gain":0,"max_hp_loss":0,"event_name":"Nest","floor":28,"gold_loss":0,"cards_obtained":["RitualDagger"]},{"damage_healed":0,"gold_gain":999,"player_choice":"Gold","damage_taken":0,"max_hp_gain":0,"max_hp_loss":0,"event_name":"MindBloom","floor":36,"gold_loss":0,"cards_obtained":["Normality","Normality"]},{"damage_healed":0,"gold_gain":275,"player_choice":"Desecrate","damage_taken":0,"max_hp_gain":0,"max_hp_loss":0,"event_name":"Golden Shrine","floor":41,"gold_loss":0,"cards_obtained":["Regret"]},{"damage_healed":0,"gold_gain":0,"player_choice":"Memory 3","damage_taken":10,"max_hp_gain":0,"max_hp_loss":0,"event_name":"SensoryStone","floor":48,"gold_loss":0}],"is_beta":false,"boss_relics":[{"not_picked":["Tiny House","Sozu"],"picked":"HoveringKite"},{"not_picked":["Philosopher\u0027s Stone","Black Star"],"picked":"WristBlade"}],"items_purged_floors":[24,37,38,44],"is_endless":false,"potions_floor_spawned":[1,3,4,12,16,18,25,30,31,33,35,39,40,42,46,55],"ascension_level":20}}