{"host":"7ap89n2sm7vm35bt","time":1612534006,"event":{"mods":["AchievementEnabler","Aspiration","BaseMod","Minty Spire (QoL Compilation)","StSLib","[IsaacMod]ÒÔÈö¼âËþ"],"gold_per_floor":[112,112,127,127,127,127,52,52,77,94,94,107,7,7,7,109,109,125,115,30,48,48,48,48,62,62,62,78,78,78,78,78,177,177,187,187,205,80,100,130,180,180,180,191,141,0,0,24,24,24],"floor_reached":51,"language":"ZHS","playtime":1726,"items_purged":["Spot Weakness","Strike_R","Corruption+1","Armaments+1"],"score":936,"play_id":"a4382937-fe31-45d6-b625-f5b198e860eb","local_time":"20210205220646","is_ascension_mode":false,"campfire_choices":[{"data":"Bash","floor":6.0,"key":"SMITH"},{"data":"Armaments","floor":11.0,"key":"SMITH"},{"data":"Iron Wave","floor":15.0,"key":"SMITH"},{"floor":23.0,"key":"REST"},{"floor":30.0,"key":"REST"},{"floor":32.0,"key":"RECALL"},{"floor":47,"key":"REST"},{"floor":49,"key":"REST"}],"circlet_count":0,"master_deck":["Strike_R+1","Strike_R+1","Defend_R+1","Bash+1","Entrench+1","Iron Wave+1","Impervious","Thunderclap+1","Flex+1","Shrug It Off+1","Body Slam+1"],"relics":["Burning Blood","HushsDoor","Whetstone","SatanicBible","Self Forming Clay","War Paint","aspiration:BabyByrd","Fusion Hammer","BookOfRevelations","DeadEye","Matryoshka","Astrolabe","Smiling Mask","Vajra","Red Mask","Bronze Scales","Toy Ornithopter"],"acts_visited":["Exordium","TheCity","TheBeyond"],"potions_floor_usage":[44,44,44,50],"damage_taken":[{"damage":0.0,"enemies":"Small Slimes","floor":1.0,"turns":2.0},{"damage":0.0,"enemies":"2 Louse","floor":3.0,"turns":3.0},{"damage":0.0,"enemies":"Cultist","floor":10.0,"turns":3.0},{"damage":2.0,"enemies":"3 Louse","floor":12.0,"turns":6.0},{"damage":48.0,"enemies":"Slime Boss","floor":16.0,"turns":17.0},{"damage":1.0,"enemies":"3 Byrds","floor":18.0,"turns":8.0},{"damage":9.0,"enemies":"2 Thieves","floor":19.0,"turns":4.0},{"damage":41.0,"enemies":"Sentry and Sphere","floor":21.0,"turns":11.0},{"damage":8.0,"enemies":"Snake Plant","floor":25.0,"turns":4.0},{"damage":19.0,"enemies":"Cultist and Chosen","floor":28.0,"turns":6.0},{"damage":0.0,"enemies":"Automaton","floor":33.0,"turns":10.0},{"damage":0.0,"enemies":"Orb Walker","floor":35.0,"turns":4.0},{"damage":0.0,"enemies":"3 Shapes","floor":37.0,"turns":2.0},{"damage":5.0,"enemies":"Jaw Worm Horde","floor":39.0,"turns":4.0},{"damage":0.0,"enemies":"Nemesis","floor":40.0,"turns":7.0},{"damage":0.0,"enemies":"Mind Bloom Boss Battle","floor":41.0,"turns":7.0},{"damage":1,"enemies":"Maw","floor":44,"turns":7},{"damage":0,"enemies":"Donu and Deca","floor":50,"turns":10}],"seed_played":"8450553585360264625","potions_obtained":[{"floor":1.0,"key":"Swift Potion"},{"floor":12.0,"key":"Fruit Juice"},{"floor":18.0,"key":"BloodPotion"},{"floor":19.0,"key":"GamblersBrew"},{"floor":35.0,"key":"Fire Potion"},{"floor":41.0,"key":"EntropicBrew"},{"floor":44,"key":"FearPotion"}],"is_trial":false,"path_per_floor":["M","?","M","?","?","R","$","T","T","M","R","M","$","?","R","B",null,"M","M","?","M","T","R","?","M","T","$","M","$","R","$","R","B",null,"M","?","M","$","M","E","?","?","T","M","$","?","R","T","R","B",null],"character_chosen":"IRONCLAD","items_purchased":[],"campfire_rested":4,"item_purchase_floors":[],"current_hp_per_floor":[80,80,80,80,80,80,80,80,80,80,80,85,85,85,85,43,85,85,82,82,64,64,85,85,83,83,83,70,70,85,85,85,85,85,85,81,81,81,81,81,81,81,81,81,81,81,81,81,81,81],"gold":24,"neow_bonus":"RANDOM_COMMON_RELIC","is_daily":false,"chose_seed":false,"campfire_upgraded":3,"win_rate":0.0,"timestamp":1612534006,"path_taken":["M","?","M","?","?","R","$","?","T","M","R","?","$","?","R","BOSS","M","M","?","M","?","R","?","M","T","$","M","?","R","$","R","BOSS","M","?","M","$","M","E","?","?","T","?","$","?","R","?","R","BOSS"],"items_purchased_type":[],"build_version":"2020-12-22","purchased_purges":4,"victory":true,"max_hp_per_floor":[80,80,80,80,80,80,80,80,80,80,80,85,85,85,85,85,85,85,85,85,85,85,85,85,85,85,85,85,85,85,85,85,85,85,85,81,81,81,81,81,81,81,81,81,81,81,81,81,81,81],"card_choices":[{"not_picked":["Intimidate","Reckless Charge"],"picked":"Entrench","floor":1.0},{"not_picked":["Evolve","Twin Strike"],"picked":"Iron Wave","floor":3.0},{"not_picked":["Headbutt","Evolve","Armaments"],"picked":"SKIP","floor":10.0},{"not_picked":["Headbutt","Evolve"],"picked":"Armaments","floor":10.0},{"not_picked":["Cleave","Clash","Power Through"],"picked":"SKIP","floor":12.0},{"not_picked":["Bludgeon","Demon Form"],"picked":"Impervious","floor":16.0},{"not_picked":["Armaments","Clothesline"],"picked":"Thunderclap+1","floor":18.0},{"not_picked":["Headbutt+1","Pommel Strike","Metallicize"],"picked":"SKIP","floor":19.0},{"not_picked":["Metallicize+1","Perfected Strike"],"picked":"Flex+1","floor":21.0},{"not_picked":["Perfected Strike+1","Anger+1","Fire Breathing"],"picked":"SKIP","floor":25.0},{"not_picked":["Perfected Strike+1","Feed","Warcry"],"picked":"SKIP","floor":28.0},{"not_picked":["Body Slam","Flex+1","Feel No Pain"],"picked":"SKIP","floor":35.0},{"not_picked":["Rampage","Combust+1","Body Slam"],"picked":"SKIP","floor":37.0},{"not_picked":["Inflame","Headbutt","True Grit+1"],"picked":"SKIP","floor":39.0},{"not_picked":["Pommel Strike","Iron Wave","Thunderclap+1"],"picked":"SKIP","floor":40.0},{"not_picked":["Seeing Red","True Grit+1","Dropkick+1"],"picked":"SKIP","floor":44}],"player_experience":250714,"relics_obtained":[{"floor":8.0,"key":"Self Forming Clay"},{"floor":9.0,"key":"War Paint"},{"floor":22.0,"key":"DeadEye"},{"floor":26.0,"key":"Matryoshka"},{"floor":40.0,"key":"Smiling Mask"},{"floor":43,"key":"Vajra"},{"floor":48,"key":"Bronze Scales"},{"floor":48,"key":"Toy Ornithopter"}],"event_choices":[{"damage_healed":0.0,"max_hp_gain":0.0,"max_hp_loss":0.0,"gold_gain":0.0,"event_name":"Living Wall","player_choice":"Grow","floor":2.0,"gold_loss":0.0,"damage_taken":0.0,"cards_upgraded":["Entrench"]},{"damage_healed":0.0,"max_hp_gain":0.0,"max_hp_loss":0.0,"gold_gain":0.0,"event_name":"NoteForYourself","player_choice":"Ignored","floor":4.0,"gold_loss":0.0,"damage_taken":0.0},{"damage_healed":0.0,"max_hp_gain":0.0,"max_hp_loss":0.0,"gold_gain":0.0,"cards_transformed":["Strike_R"],"event_name":"Transmorgrifier","player_choice":"Transformed","floor":5.0,"gold_loss":0.0,"damage_taken":0.0,"cards_obtained":["Spot Weakness"]},{"damage_healed":0.0,"max_hp_gain":0.0,"max_hp_loss":0.0,"gold_gain":0.0,"event_name":"Addict","player_choice":"Obtained Relic","floor":20.0,"gold_loss":85.0,"damage_taken":0.0,"relics_obtained":["BookOfRevelations"]},{"damage_healed":0.0,"max_hp_gain":0.0,"max_hp_loss":0.0,"gold_gain":0.0,"event_name":"Ghosts","player_choice":"Ignored","floor":24.0,"gold_loss":0.0,"damage_taken":0.0},{"damage_healed":0.0,"max_hp_gain":0.0,"max_hp_loss":4.0,"gold_gain":0.0,"event_name":"Winding Halls","player_choice":"Max HP","floor":36.0,"gold_loss":0.0,"damage_taken":0.0},{"damage_healed":0.0,"max_hp_gain":0.0,"max_hp_loss":0.0,"gold_gain":0.0,"event_name":"MindBloom","player_choice":"Fight","floor":41.0,"gold_loss":0.0,"damage_taken":0.0},{"cards_removed":["Defend_R"],"damage_healed":0.0,"max_hp_gain":0.0,"max_hp_loss":0.0,"gold_gain":0.0,"event_name":"Falling","player_choice":"Removed Skill","floor":42.0,"gold_loss":0.0,"damage_taken":0.0},{"damage_healed":0,"gold_gain":0,"player_choice":"Paid","damage_taken":0,"relics_obtained":["Red Mask"],"max_hp_gain":0,"max_hp_loss":0,"event_name":"Tomb of Lord Red Mask","floor":46,"gold_loss":141}],"is_beta":false,"boss_relics":[{"not_picked":["aspiration:FutureDiary","Runic Dome"],"picked":"Fusion Hammer"},{"not_picked":[]},{"not_picked":["aspiration:RunicSpoon","Sozu"],"picked":"Astrolabe"},{"not_picked":[]}],"items_purged_floors":[7,13,38,45],"is_endless":false,"potions_floor_spawned":[1,12,18,19,35,41,44],"ascension_level":0}}