{"host":"hpn0uxah5qjr7pa6","time":1612496611,"event":{"mods":["Act Like it!","Aspiration","BaseMod","Better Third Choice","BetterRewards","Challenge The Spire","Colored Powertips","Conspire","DeckTracker","Downfall","Energized Spire","Hallownest","Hermit","Highlight Path","Hubris","Infinite Spire","Minty Spire (QoL Compilation)","Permanent Neow","Quick Restart","Rare Cards Sparkle","Replay The Spire","Spicy Shops","StSLib","The Bug Knight","The Jungle"],"gold_per_floor":[109,120,120,45,63,63,82,82,130,142,177,127,27,44,44,142,142,158,158,158,175,188,188,215,231,258,274,274,274,287,301,301,399,399,410,427,152,152,165,165,165,175,175,175,175,175,189,189,189,89],"floor_reached":51,"language":"ENG","playtime":1899,"items_purged":["bronze:Fortify","Languid","Writhe","bronze:CutThrough"],"score":671,"play_id":"743a9e09-7421-4d94-b09e-e2f911825d35","local_time":"20210204194331","daily_mods":["Draft"],"is_ascension_mode":false,"campfire_choices":[{"data":"bronze:ChosenStrike","floor":6.0,"key":"SMITH"},{"data":"bronze:ChosenStrike","floor":8.0,"key":"SMITH"},{"data":"bronze:Overload","floor":15.0,"key":"SMITH"},{"floor":23.0,"key":"REST"},{"floor":32.0,"key":"REST"},{"floor":40.0,"key":"REST"},{"floor":46.0,"key":"REST"},{"floor":49,"key":"REST"}],"circlet_count":0,"master_deck":["bronze:ChosenStrike+1","bronze:Overload+1","bronze:DelayedGuard","bronze:OilSpill","bronze:BronzeOrb","bronze:Repair","bronze:WhirlingStrike","bronze:Branch","bronze:DelayedGuard","bronze:OilSpill","bronze:ChosenStrike+1","bronze:OilSpill","bronze:Branch","bronze:OilSpill","bronze:Repair","bronze:InfiniteLoop","bronze:Branch","bronze:Branch","bronze:Repair","bronze:BronzeOrb","bronze:ChosenStrike","bronze:BronzeOrb","bronze:Branch+1","bronze:DigitalCarnage"],"relics":["bronze:BronzeCore","downfall:ExtraCursedKey","Juzu Bracelet","aspiration:TomeofQuesting","Fusion Hammer","aspiration:KaomsHeart"],"acts_visited":["Exordium","Hallownest:CityofTears","TheBeyond"],"potions_floor_usage":[50,50],"damage_taken":[{"damage":5.0,"enemies":"Jaw Worm","floor":1.0,"turns":2.0},{"damage":0.0,"enemies":"2 Louse","floor":2.0,"turns":1.0},{"damage":0.0,"enemies":"Cultist","floor":5.0,"turns":2.0},{"damage":0.0,"enemies":"3 Louse","floor":7.0,"turns":2.0},{"damage":0.0,"enemies":"Lots of Slimes","floor":10.0,"turns":2.0},{"damage":3.0,"enemies":"Replay:BlueRogue","floor":11.0,"turns":2.0},{"damage":0.0,"enemies":"Exordium Wildlife","floor":14.0,"turns":2.0},{"damage":0.0,"enemies":"Slime Boss","floor":16.0,"turns":3.0},{"damage":0.0,"enemies":"Hallownest:3_Youths","floor":18.0,"turns":4.0},{"damage":0.0,"enemies":"Hallownest:Flukemon_and_Top","floor":21.0,"turns":2.0},{"damage":6.0,"enemies":"Hallownest:monsterShrumalOgre","floor":22.0,"turns":2.0},{"damage":4.0,"enemies":"Hallownest:eliteSoulWarrior","floor":24.0,"turns":4.0},{"damage":0.0,"enemies":"Hallownest:2_Husk_Sentries","floor":25.0,"turns":3.0},{"damage":23.0,"enemies":"Hallownest:3_Mistakes","floor":27.0,"turns":6.0},{"damage":0.0,"enemies":"Hallownest:monsterShrumalOgre","floor":30.0,"turns":3.0},{"damage":10.0,"enemies":"Hallownest:2_Flukemon","floor":31.0,"turns":4.0},{"damage":36.0,"enemies":"Hallownest:BossGrimm","floor":33.0,"turns":6.0},{"damage":0.0,"enemies":"3 Darklings","floor":35.0,"turns":3.0},{"damage":18.0,"enemies":"3 Shapes","floor":36.0,"turns":3.0},{"damage":0.0,"enemies":"Transient","floor":39.0,"turns":5.0},{"damage":0.0,"enemies":"Sphere and 2 Shapes","floor":42.0,"turns":4.0},{"damage":0,"enemies":"Writhing Mass","floor":47,"turns":1},{"damage":181,"enemies":"Replay:Hell Engine","floor":50,"turns":14}],"seed_played":"8057911479451113394","potions_obtained":[{"floor":2.0,"key":"Explosive Potion"},{"floor":5.0,"key":"EssenceOfSteel"},{"floor":11.0,"key":"BlessingOfTheForge"},{"floor":14.0,"key":"Adrenaline Potion"},{"floor":18.0,"key":"BlessingOfTheForge"},{"floor":24.0,"key":"Regen Potion"},{"floor":31.0,"key":"Slimebound:ThreeZeroPotion"},{"floor":33.0,"key":"Elixir"},{"floor":36.0,"key":"Ancient Potion"},{"floor":39.0,"key":"BlessingOfTheForge"}],"is_trial":true,"path_per_floor":["M","M","?","$","M","R","M","R","T","M","E","?","$","M","R","B",null,"M","AVR","?","M","M","R","E","M","T","M","?","?","M","M","R","B",null,"M","M","$","?","M","R","$","M","T","T","?","R","M","?","R","B",null],"character_chosen":"THE_AUTOMATON","items_purchased":[],"campfire_rested":5,"item_purchase_floors":[],"current_hp_per_floor":[65,65,65,65,70,70,70,70,70,70,67,67,67,67,67,70,70,70,170,170,170,170,170,166,170,170,169,169,169,170,160,170,136,170,170,159,159,159,170,170,170,170,170,170,170,170,170,170,170,3],"gold":89,"neow_bonus":"","is_daily":false,"chose_seed":false,"campfire_upgraded":3,"win_rate":0.0,"timestamp":1612496611,"path_taken":["M","M","?","$","M","R","M","R","T","M","E","?","$","M","R","BOSS","M","AVR","?","M","M","R","E","M","T","M","?","?","M","M","R","BOSS","M","M","?","?","M","R","$","M","T","?","?","R","M","?","R","BOSS"],"items_purchased_type":[],"build_version":"2020-12-22","purchased_purges":4,"victory":true,"max_hp_per_floor":[70,70,70,70,70,70,70,70,70,70,70,70,70,70,70,70,70,70,170,170,170,170,170,170,170,170,170,170,170,170,170,170,170,170,170,170,170,170,170,170,170,170,170,170,170,170,170,170,170,170],"card_choices":[{"not_picked":["bronze:Frontload","bronze:Deprecate"],"picked":"bronze:ChosenStrike","floor":0.0},{"not_picked":["bronze:BugBarrage","bronze:ItsAFeature"],"picked":"bronze:Overload","floor":0.0},{"not_picked":["bronze:Backtrace","bronze:CutThrough"],"picked":"bronze:DelayedGuard","floor":0.0},{"not_picked":["bronze:Fortify","bronze:Refactor"],"picked":"bronze:OilSpill","floor":0.0},{"not_picked":["bronze:ItsAFeature","bronze:Allocate"],"picked":"bronze:BronzeOrb","floor":0.0},{"not_picked":["bronze:CutThrough","bronze:WildBeam"],"picked":"bronze:Repair","floor":0.0},{"not_picked":["bronze:Separator","bronze:NullPointer"],"picked":"bronze:WhirlingStrike","floor":0.0},{"not_picked":["bronze:Invalidate","bronze:BronzeArmor"],"picked":"bronze:CutThrough","floor":0.0},{"not_picked":["bronze:Overload","bronze:DelayedSlice"],"picked":"bronze:Branch","floor":0.0},{"not_picked":["bronze:BuggyMess","bronze:ForLoop"],"picked":"bronze:Fortify","floor":0.0},{"not_picked":["bronze:BitShift","bronze:Shell"],"picked":"bronze:DelayedGuard","floor":0.0},{"not_picked":["bronze:Frontload","bronze:Shield"],"picked":"bronze:OilSpill","floor":0.0},{"not_picked":["bronze:Overheat","bronze:CutThrough"],"picked":"bronze:ChosenStrike","floor":0.0},{"not_picked":["bronze:CutThrough","bronze:BugBarrage"],"picked":"bronze:OilSpill","floor":0.0},{"not_picked":["bronze:DelayedSlice","bronze:Constructor"],"picked":"bronze:Branch","floor":0.0},{"not_picked":["bronze:Flail","bronze:ChildClass"],"picked":"bronze:OilSpill","floor":1.0},{"not_picked":["bronze:BuggyMess","bronze:Terminator","bronze:BronzeArmor"],"picked":"SKIP","floor":2.0},{"not_picked":["bronze:BitShift","bronze:Optimize","bronze:WhirlingStrike"],"picked":"SKIP","floor":5.0},{"not_picked":["bronze:CutThrough","bronze:ChildClass","bronze:BitShift"],"picked":"SKIP","floor":7.0},{"not_picked":["bronze:Separator","bronze:BitShift","bronze:Backtrace"],"picked":"SKIP","floor":10.0},{"not_picked":["bronze:InfiniteBeams","bronze:Frontload","bronze:WhirlingStrike"],"picked":"SKIP","floor":11.0},{"not_picked":["bronze:Verify","bronze:BitShift"],"picked":"bronze:Repair","floor":14.0},{"not_picked":["bronze:Verify","bronze:CleanCode"],"picked":"bronze:InfiniteLoop","floor":16.0},{"not_picked":["bronze:Overheat","bronze:Iterate","bronze:Refactor"],"picked":"SKIP","floor":18.0},{"not_picked":["bronze:Refactor","bronze:Terminator","bronze:GetLatest"],"picked":"SKIP","floor":21.0},{"not_picked":["bronze:Terminator","bronze:ForLoop+1"],"picked":"bronze:Branch","floor":22.0},{"not_picked":["bronze:NullPointer","bronze:WhirlingStrike"],"picked":"bronze:Branch","floor":24.0},{"not_picked":["bronze:BitShift","bronze:Terminator+1","bronze:WildBeam"],"picked":"SKIP","floor":25.0},{"not_picked":["bronze:Separator+1","bronze:BuggyMess"],"picked":"bronze:Repair","floor":27.0},{"not_picked":["bronze:DelayedGuard+1","bronze:ChosenStrike"],"picked":"bronze:BronzeOrb","floor":28.0},{"not_picked":["bronze:CutThrough","bronze:DelayedGuard"],"picked":"bronze:ChosenStrike","floor":30.0},{"not_picked":["bronze:DelayedGuard","bronze:Refactor+1","bronze:BuggyMess"],"picked":"SKIP","floor":31.0},{"not_picked":["bronze:InfiniteBeams","bronze:Constructor+1"],"picked":"bronze:BronzeOrb","floor":35.0},{"not_picked":["bronze:BuggyMess+1","bronze:CutThrough+1","bronze:Shield+1"],"picked":"SKIP","floor":36.0},{"not_picked":["bronze:WhirlingStrike+1","bronze:Philosophize+1","bronze:BitShift"],"picked":"SKIP","floor":39.0},{"not_picked":["bronze:WildBeam+1","bronze:BugBarrage"],"picked":"bronze:Branch+1","floor":42.0},{"not_picked":["bronze:BugBarrage","bronze:BitShift","bronze:Separator+1"],"picked":"SKIP","floor":47}],"player_experience":190153,"relics_obtained":[{"floor":9.0,"key":"Juzu Bracelet"},{"floor":11.0,"key":"aspiration:TomeofQuesting"},{"floor":24.0,"key":"aspiration:KMNothing"},{"floor":26.0,"key":"aspiration:KMNothing"}],"event_choices":[{"cards_removed":["ReplayTheSpireMod:Restless Dread"],"damage_healed":0.0,"max_hp_gain":0.0,"max_hp_loss":0.0,"gold_gain":0.0,"event_name":"The Cleric","player_choice":"Card Removal","floor":12.0,"gold_loss":50.0,"damage_taken":0.0},{"damage_healed":0.0,"max_hp_gain":0.0,"max_hp_loss":0.0,"gold_gain":0.0,"event_name":"SensoryStone","player_choice":"Memory 1","floor":38.0,"gold_loss":0.0,"damage_taken":0.0}],"is_beta":false,"boss_relics":[{"not_picked":["aspiration:SilentSkillbook","hubris:VirtuousBlindfold"],"picked":"Fusion Hammer"},{"not_picked":["aspiration:KMNothing","aspiration:KMNothing"],"picked":"aspiration:KMNothing"}],"items_purged_floors":[4,13,37,37],"is_endless":false,"potions_floor_spawned":[2,5,11,14,18,24,31,33,36,39],"ascension_level":0}}