{"host":"06t6i6dwlvtvdxau","time":1612505417,"event":{"mods":["BaseMod","Colored Map","Colored Powertips","GifTheSpireLib","Minty Spire (QoL Compilation)","Quick Restart","Shop Mod","StSLib"],"gold_per_floor":[111,186,261,278,294,294,307,307,360,360,379,379,410,425,425,425,425],"floor_reached":16,"language":"FRA","playtime":527,"items_purged":[],"score":143,"play_id":"44a9d63f-0992-488e-98f4-e97bdb4b0b98","local_time":"20210205071017","is_ascension_mode":true,"campfire_choices":[{"data":"Fire Breathing","floor":6,"key":"SMITH"},{"data":"Clash","floor":10,"key":"SMITH"},{"data":"Double Tap","floor":12,"key":"SMITH"},{"data":"Defend_R","floor":15,"key":"SMITH"}],"circlet_count":0,"master_deck":["Strike_R","Strike_R","Strike_R","Strike_R","Strike_R","Defend_R","Defend_R","Defend_R","Defend_R+1","Clash+1","Fire Breathing+1","Double Tap+1"],"relics":["Burning Blood","Champion Belt","Bag of Marbles","Lantern"],"acts_visited":["Exordium"],"potions_floor_usage":[16],"damage_taken":[{"damage":5,"enemies":"2 Louse","floor":1,"turns":3},{"damage":0,"enemies":"Cultist","floor":4,"turns":3},{"damage":2,"enemies":"Jaw Worm","floor":5,"turns":4},{"damage":13,"enemies":"3 Louse","floor":7,"turns":7},{"damage":4,"enemies":"Blue Slaver","floor":11,"turns":2},{"damage":16,"enemies":"Gremlin Nob","floor":13,"turns":3},{"damage":0,"enemies":"Exordium Thugs","floor":14,"turns":2},{"damage":34,"enemies":"The Guardian","floor":16,"turns":8}],"seed_played":"9086185599585429506","potions_obtained":[{"floor":1,"key":"PowerPotion"},{"floor":5,"key":"Regen Potion"},{"floor":11,"key":"Ancient Potion"}],"is_trial":false,"path_per_floor":["M","?","?","M","M","R","M","?","T","R","M","R","E","M","R","B"],"character_chosen":"IRONCLAD","items_purchased":[],"campfire_rested":0,"item_purchase_floors":[],"current_hp_per_floor":[72,61,54,60,64,64,57,50,50,50,52,52,42,48,48,14,14],"gold":425,"neow_bonus":"ONE_RARE_RELIC","is_daily":false,"chose_seed":false,"campfire_upgraded":4,"win_rate":0.0,"timestamp":1612505417,"path_taken":["M","?","?","M","M","R","?","?","T","R","M","R","E","M","R","BOSS"],"items_purchased_type":[],"build_version":"2020-12-22","purchased_purges":0,"victory":false,"max_hp_per_floor":[72,72,72,72,72,72,72,72,72,72,72,72,72,72,72,72,72],"card_choices":[{"not_picked":["Hemokinesis","Iron Wave"],"picked":"Clash","floor":1},{"not_picked":["Second Wind","Twin Strike"],"picked":"Fire Breathing","floor":4},{"not_picked":["Havoc","Iron Wave"],"picked":"Double Tap","floor":5},{"not_picked":["Sword Boomerang","Bloodletting","Pommel Strike"],"picked":"SKIP","floor":7},{"not_picked":["Pommel Strike","Infernal Blade","Warcry"],"picked":"SKIP","floor":11},{"not_picked":["Havoc","Infernal Blade","Wild Strike"],"picked":"SKIP","floor":13},{"not_picked":["Sword Boomerang","Evolve","Shrug It Off"],"picked":"SKIP","floor":14}],"player_experience":780668,"relics_obtained":[{"floor":9,"key":"Bag of Marbles"},{"floor":13,"key":"Lantern"}],"event_choices":[{"damage_healed":0,"gold_gain":75,"player_choice":"Gather Gold","damage_taken":11,"max_hp_gain":0,"max_hp_loss":0,"event_name":"World of Goop","floor":2,"gold_loss":0},{"damage_healed":0,"gold_gain":75,"player_choice":"Touch","damage_taken":7,"max_hp_gain":0,"max_hp_loss":0,"event_name":"FaceTrader","floor":3,"gold_loss":0},{"cards_removed":["Bash"],"damage_healed":0,"gold_gain":0,"player_choice":"Card Removal","damage_taken":7,"max_hp_gain":0,"max_hp_loss":0,"event_name":"Golden Wing","floor":8,"gold_loss":0}],"is_beta":false,"boss_relics":[],"items_purged_floors":[],"is_endless":false,"potions_floor_spawned":[1,5,11],"killed_by":"The Guardian","ascension_level":8}}