{"host":"13o02hya6v6rzuva","time":1612515441,"event":{"mods":["BaseMod","Minty Spire (QoL Compilation)","Relic Stats"],"gold_per_floor":[111,111,161,161,177,202,202,232,232,257,268,280,313,325,325,430,430,440,50,50,50,64,98,98,23,48,48,73,73,96,133,133,231,231,242,242,164,181,197,197,40,53,78,78,88,101,28,61,61,61,61],"floor_reached":50,"language":"ENG","playtime":1423,"items_purged":["Strike_R"],"score":873,"play_id":"cce673dd-7166-4489-950c-ccf1c0e541ef","local_time":"20210205095721","is_ascension_mode":true,"campfire_choices":[{"data":"Dropkick","floor":7,"key":"SMITH"},{"data":"Disarm","floor":15,"key":"SMITH"},{"data":"Limit Break","floor":24,"key":"SMITH"},{"floor":27,"key":"RECALL"},{"floor":32,"key":"REST"},{"data":"Infernal Blade","floor":40,"key":"SMITH"},{"data":"Bludgeon","floor":44,"key":"SMITH"},{"floor":49,"key":"REST"}],"circlet_count":0,"master_deck":["AscendersBane","Strike_R+1","Strike_R+1","Strike_R+1","Defend_R+1","Defend_R+1","Defend_R+1","Defend_R+1","Bash+1","Infernal Blade+1","Dropkick+1","Battle Trance","Inflame+1","Bludgeon+1","Disarm+1","Pommel Strike","Sword Boomerang","Shrug It Off","Limit Break+1","Clash+1","Rupture+1","Inflame+1","Brutality+1","Necronomicurse","Seeing Red","Barricade+1","Inflame+1","Feel No Pain+1","Pummel+1","Clothesline+1","Rupture+1","Feel No Pain+1"],"relics":["Burning Blood","NeowsBlessing","Frozen Egg 2","Anchor","Bottled Flame","Bottled Tornado","Shuriken","Busted Crown","Mummified Hand","Meat on the Bone","Lantern","Gremlin Horn","Necronomicon","Blood Vial","SacredBark","Potion Belt","Bag of Preparation","PreservedInsect"],"acts_visited":["Exordium","TheCity","TheBeyond"],"potions_floor_usage":[10,10,23,31],"damage_taken":[{"damage":0,"enemies":"Jaw Worm","floor":1,"turns":1},{"damage":0,"enemies":"Cultist","floor":5,"turns":1},{"damage":0,"enemies":"Lagavulin","floor":6,"turns":1},{"damage":16,"enemies":"Gremlin Nob","floor":8,"turns":3},{"damage":12,"enemies":"Lagavulin","floor":10,"turns":5},{"damage":0,"enemies":"2 Louse","floor":11,"turns":2},{"damage":12,"enemies":"Large Slime","floor":12,"turns":5},{"damage":25,"enemies":"3 Sentries","floor":13,"turns":7},{"damage":12,"enemies":"Exordium Thugs","floor":14,"turns":4},{"damage":26,"enemies":"The Guardian","floor":16,"turns":10},{"damage":2,"enemies":"Chosen","floor":18,"turns":3},{"damage":12,"enemies":"Shell Parasite","floor":22,"turns":4},{"damage":39,"enemies":"Slavers","floor":23,"turns":5},{"damage":13,"enemies":"Book of Stabbing","floor":28,"turns":3},{"damage":1,"enemies":"Shelled Parasite and Fungi","floor":31,"turns":2},{"damage":30,"enemies":"Collector","floor":33,"turns":4},{"damage":12,"enemies":"3 Darklings","floor":35,"turns":5},{"damage":2,"enemies":"3 Shapes","floor":38,"turns":3},{"damage":11,"enemies":"Jaw Worm Horde","floor":39,"turns":3},{"damage":10,"enemies":"4 Shapes","floor":42,"turns":6},{"damage":1,"enemies":"Sphere and 2 Shapes","floor":45,"turns":2},{"damage":9,"enemies":"Spire Growth","floor":46,"turns":2},{"damage":42,"enemies":"Nemesis","floor":48,"turns":3},{"damage":82,"enemies":"Awakened One","floor":50,"turns":3}],"seed_played":"-56468389112373925","potions_obtained":[{"floor":6,"key":"HeartOfIron"},{"floor":8,"key":"Fire Potion"},{"floor":12,"key":"BlessingOfTheForge"},{"floor":18,"key":"BloodPotion"},{"floor":23,"key":"ColorlessPotion"},{"floor":35,"key":"PowerPotion"},{"floor":42,"key":"FearPotion"},{"floor":45,"key":"BlessingOfTheForge"},{"floor":48,"key":"Energy Potion"}],"is_trial":false,"path_per_floor":["M","?","?","T","M","E","R","E","T","E","M","M","E","M","R","B",null,"M","$","?","?","M","E","R","?","T","R","E","?","T","M","R","B",null,"M","?","$","M","M","R","$","M","T","R","M","M","$","E","R","B"],"character_chosen":"IRONCLAD","items_purchased":["Rupture+1","Mummified Hand","Inflame+1","Potion Belt","Feel No Pain+1"],"campfire_rested":2,"item_purchase_floors":[19,19,37,41,47],"current_hp_per_floor":[78,78,78,78,80,80,80,70,70,64,70,64,45,39,39,19,65,69,69,69,69,63,46,46,46,46,46,51,35,35,54,78,56,74,70,70,70,76,73,73,73,71,71,71,78,77,77,55,79,0,0],"gold":61,"neow_bonus":"THREE_ENEMY_KILL","is_daily":false,"chose_seed":false,"campfire_upgraded":5,"win_rate":0.0,"timestamp":1612515441,"path_taken":["M","?","?","?","?","E","R","E","T","E","M","M","E","M","R","BOSS","M","$","?","?","?","E","R","?","T","R","E","?","?","M","R","BOSS","M","?","$","M","M","R","$","M","T","R","?","M","?","E","R","BOSS"],"items_purchased_type":["Card","Relic","Card","Relic","Card"],"build_version":"2020-12-22","purchased_purges":1,"victory":false,"max_hp_per_floor":[80,80,80,80,80,80,80,80,80,80,80,80,80,80,80,80,80,80,80,80,80,80,80,80,80,80,80,80,80,80,80,80,80,80,80,80,80,80,80,80,80,80,80,80,80,80,80,80,80,80,80],"relic_stats":{"Blood Vial":19,"Busted Crown":26,"Gremlin Horn":[16,16],"counters":[24,87],"Shuriken":[21],"Mummified Hand":[53],"PreservedInsect":0,"Necronomicon":[15],"Bag of Preparation":[8],"obtain_stats":[{"Potion Belt":41,"Lantern":26,"NeowsBlessing":0,"Gremlin Horn":28,"SacredBark":34,"PreservedInsect":48,"Bag of Preparation":43,"Frozen Egg 2":4,"Bottled Tornado":10,"Burning Blood":0,"Blood Vial":30,"Anchor":6,"Bottled Flame":8,"Busted Crown":17,"Shuriken":13,"Mummified Hand":19,"Necronomicon":29,"Meat on the Bone":23},{"Potion Belt":19,"Lantern":13,"NeowsBlessing":0,"Gremlin Horn":14,"SacredBark":16,"PreservedInsect":23,"Bag of Preparation":20,"Frozen Egg 2":1,"Bottled Tornado":5,"Burning Blood":0,"Blood Vial":14,"Anchor":3,"Bottled Flame":4,"Busted Crown":10,"Shuriken":8,"Mummified Hand":11,"Necronomicon":14,"Meat on the Bone":13},{"Potion Belt":71,"Lantern":51,"NeowsBlessing":0,"Gremlin Horn":54,"SacredBark":60,"PreservedInsect":84,"Bag of Preparation":77,"Frozen Egg 2":1,"Bottled Tornado":11,"Burning Blood":0,"Blood Vial":54,"Anchor":3,"Bottled Flame":6,"Busted Crown":39,"Shuriken":25,"Mummified Hand":42,"Necronomicon":54,"Meat on the Bone":51}],"Burning Blood":128,"Meat on the Bone":36},"card_choices":[{"not_picked":["Armaments","Headbutt"],"picked":"Infernal Blade","floor":1},{"not_picked":["Anger","Entrench"],"picked":"Dropkick","floor":5},{"not_picked":["Thunderclap","Ghostly Armor"],"picked":"Battle Trance","floor":6},{"not_picked":["Immolate","Shrug It Off"],"picked":"Inflame+1","floor":8},{"not_picked":["Power Through","Spot Weakness"],"picked":"Bludgeon","floor":10},{"not_picked":["Clash","Rampage"],"picked":"Disarm","floor":11},{"not_picked":["Flex","Clash"],"picked":"Pommel Strike","floor":12},{"not_picked":["Burning Pact","Pommel Strike"],"picked":"Sword Boomerang","floor":13},{"not_picked":["Spot Weakness","Anger"],"picked":"Shrug It Off","floor":14},{"not_picked":["Brutality+1","Corruption+1"],"picked":"Limit Break","floor":16},{"not_picked":[],"picked":"Clash+1","floor":18},{"not_picked":["True Grit"],"picked":"SKIP","floor":22},{"not_picked":["Havoc+1"],"picked":"SKIP","floor":23},{"not_picked":[],"picked":"Brutality+1","floor":28},{"not_picked":[],"picked":"Seeing Red","floor":31},{"not_picked":[],"picked":"Barricade+1","floor":33},{"not_picked":["Cleave+1"],"picked":"SKIP","floor":35},{"not_picked":["Dark Embrace+1"],"picked":"SKIP","floor":38},{"not_picked":[],"picked":"Feel No Pain+1","floor":39},{"not_picked":[],"picked":"Pummel+1","floor":42},{"not_picked":[],"picked":"Clothesline+1","floor":45},{"not_picked":[],"picked":"Rupture+1","floor":46},{"not_picked":["Flex+1"],"picked":"SKIP","floor":48}],"player_experience":1186307,"relics_obtained":[{"floor":4,"key":"Frozen Egg 2"},{"floor":6,"key":"Anchor"},{"floor":8,"key":"Bottled Flame"},{"floor":10,"key":"Bottled Tornado"},{"floor":13,"key":"Shuriken"},{"floor":23,"key":"Meat on the Bone"},{"floor":26,"key":"Lantern"},{"floor":28,"key":"Gremlin Horn"},{"floor":29,"key":"Necronomicon"},{"floor":30,"key":"Blood Vial"},{"floor":43,"key":"Bag of Preparation"},{"floor":48,"key":"PreservedInsect"}],"event_choices":[{"damage_healed":0,"gold_gain":0,"player_choice":"Grow","damage_taken":0,"max_hp_gain":0,"max_hp_loss":0,"event_name":"Living Wall","floor":2,"gold_loss":0,"cards_upgraded":["Bash"]},{"damage_healed":0,"gold_gain":50,"player_choice":"Gained Gold","damage_taken":0,"max_hp_gain":0,"max_hp_loss":0,"event_name":"Golden Wing","floor":3,"gold_loss":0},{"damage_healed":0,"gold_gain":0,"player_choice":"Simplicity","damage_taken":0,"max_hp_gain":0,"max_hp_loss":0,"event_name":"Back to Basics","floor":20,"gold_loss":0,"cards_upgraded":["Strike_R","Strike_R","Strike_R","Strike_R","Defend_R","Defend_R","Defend_R","Defend_R"]},{"damage_healed":0,"gold_gain":0,"player_choice":"Copied","damage_taken":0,"max_hp_gain":0,"max_hp_loss":0,"event_name":"Duplicator","floor":21,"gold_loss":0,"cards_obtained":["Inflame"]},{"cards_removed":["Strike_R"],"damage_healed":0,"gold_gain":0,"player_choice":"Gave Gold","damage_taken":0,"max_hp_gain":0,"max_hp_loss":0,"event_name":"Beggar","floor":25,"gold_loss":75},{"damage_healed":0,"gold_gain":0,"player_choice":"Obtained Book","damage_taken":16,"max_hp_gain":0,"max_hp_loss":0,"event_name":"Cursed Tome","floor":29,"gold_loss":0},{"damage_healed":0,"gold_gain":0,"player_choice":"Ignored","damage_taken":0,"max_hp_gain":0,"max_hp_loss":0,"event_name":"Purifier","floor":36,"gold_loss":0}],"is_beta":false,"boss_relics":[{"not_picked":["Philosopher\u0027s Stone","Black Blood"],"picked":"Busted Crown"},{"not_picked":["Pandora\u0027s Box","Coffee Dripper"],"picked":"SacredBark"}],"items_purged_floors":[19],"is_endless":false,"potions_floor_spawned":[6,8,12,18,23,35,42,45,48],"killed_by":"Awakened One","ascension_level":11}}