{"host":"lktusdb9orijgc6z","time":1612483748,"event":{"mods":["BaseMod","Bestiary","Colored Map","Colored Powertips","Minty Spire (QoL Compilation)","Permanent Neow","Quick Restart","Relic Stats","StSLib","everything is the same but u backflip on backflip","slay the spire mod where everything is the same but ironclad has a cowboy hat"],"gold_per_floor":[12,12,22,42,55,55,89,89,89,124,144,144,161,181,181,258,258,268,136,151,179,179,179,179],"floor_reached":23,"language":"ENG","playtime":1056,"items_purged":["Strike_G"],"score":406,"play_id":"d8eae85a-8f93-4b53-ac35-58c1f6675fa4","local_time":"20210205010908","is_ascension_mode":true,"campfire_choices":[{"data":"Bouncing Flask","floor":6.0,"key":"SMITH"},{"data":"Footwork","floor":8,"key":"SMITH"},{"data":"Bane","floor":12,"key":"SMITH"},{"data":"Neutralize","floor":15,"key":"SMITH"}],"circlet_count":0,"master_deck":["AscendersBane","Strike_G","Strike_G","Strike_G","Defend_G","Defend_G","Defend_G","Survivor","Neutralize+1","Footwork+1","Dash","Bouncing Flask+1","Sucker Punch","Outmaneuver","Dash","Bane+1","Dodge and Roll","Dagger Throw","Night Terror","Caltrops","Deadly Poison","Calculated Gamble+1"],"relics":["Ring of the Snake","Lantern","Bottled Tornado","Meat on the Bone","Cursed Key","Red Mask"],"acts_visited":["Exordium","TheCity"],"potions_floor_usage":[7,18,23,23],"damage_taken":[{"damage":8.0,"enemies":"2 Louse","floor":1.0,"turns":5.0},{"damage":4.0,"enemies":"Jaw Worm","floor":3.0,"turns":5.0},{"damage":0.0,"enemies":"Small Slimes","floor":4.0,"turns":4.0},{"damage":2.0,"enemies":"3 Louse","floor":5.0,"turns":5.0},{"damage":20,"enemies":"3 Sentries","floor":7,"turns":8},{"damage":11,"enemies":"Gremlin Nob","floor":10,"turns":4},{"damage":0,"enemies":"Looter","floor":11,"turns":3},{"damage":2,"enemies":"Blue Slaver","floor":13,"turns":4},{"damage":1,"enemies":"2 Fungi Beasts","floor":14,"turns":4},{"damage":6,"enemies":"The Guardian","floor":16,"turns":10},{"damage":0,"enemies":"Chosen","floor":18,"turns":4},{"damage":13,"enemies":"Shell Parasite","floor":20,"turns":4},{"damage":32,"enemies":"Masked Bandits","floor":21,"turns":7},{"damage":34,"enemies":"Slavers","floor":23,"turns":4}],"seed_played":"-2883697670808377319","potions_obtained":[{"floor":3.0,"key":"Swift Potion"},{"floor":4.0,"key":"DuplicationPotion"},{"floor":14,"key":"DistilledChaos"},{"floor":20,"key":"GamblersBrew"},{"floor":21,"key":"EssenceOfSteel"}],"is_trial":false,"path_per_floor":["M","?","M","M","M","R","E","R","T","E","M","R","M","M","R","B",null,"M","$","M","?","?","E"],"character_chosen":"THE_SILENT","items_purchased":["Deadly Poison"],"campfire_rested":0,"item_purchase_floors":[19],"current_hp_per_floor":[51,51,47,47,45,45,25,25,25,14,26,26,36,35,35,41,60,60,60,47,27,27,0,0],"gold":179,"neow_bonus":"REMOVE_TWO","is_daily":false,"chose_seed":false,"campfire_upgraded":4,"win_rate":0.0,"timestamp":1612483748,"path_taken":["M","?","M","M","M","R","E","R","T","E","M","R","M","M","R","BOSS","M","$","M","?","?","E"],"items_purchased_type":["Card"],"build_version":"2020-12-22","purchased_purges":1,"victory":false,"max_hp_per_floor":[66,66,66,66,66,66,66,66,66,66,66,66,66,66,66,66,66,66,66,66,66,66,66,66],"relic_stats":{"counters":[14,71],"Cursed Key":0,"obtain_stats":[{"Lantern":7,"Red Mask":21,"Bottled Tornado":9,"Cursed Key":17,"Ring of the Snake":0,"Meat on the Bone":10},{"Lantern":5,"Red Mask":13,"Bottled Tornado":5,"Cursed Key":10,"Ring of the Snake":0,"Meat on the Bone":6},{"Lantern":27,"Red Mask":67,"Bottled Tornado":27,"Cursed Key":52,"Ring of the Snake":0,"Meat on the Bone":31}],"Ring of the Snake":[28],"Meat on the Bone":48},"card_choices":[{"not_picked":["Backflip","Concentrate"],"picked":"Footwork","floor":1.0},{"not_picked":["Predator","Dodge and Roll"],"picked":"Bouncing Flask","floor":3.0},{"not_picked":["Acrobatics","Skewer"],"picked":"Sucker Punch","floor":4.0},{"not_picked":["Expertise","Sucker Punch"],"picked":"Outmaneuver","floor":5.0},{"not_picked":["Setup","Skewer"],"picked":"Dash","floor":7},{"not_picked":["Riddle With Holes","A Thousand Cuts"],"picked":"Bane","floor":10},{"not_picked":["Acrobatics","Riddle With Holes"],"picked":"Dodge and Roll","floor":11},{"not_picked":["Setup","Prepared"],"picked":"Dagger Throw","floor":13},{"not_picked":["Dagger Spray","Dagger Throw","Skewer"],"picked":"SKIP","floor":14},{"not_picked":["Glass Knife","Doppelganger"],"picked":"Night Terror","floor":16},{"not_picked":["Tactician","Deflect"],"picked":"Caltrops","floor":18},{"not_picked":["Slice","Sucker Punch","Flying Knee+1"],"picked":"SKIP","floor":20},{"not_picked":["Blade Dance","Dagger Throw"],"picked":"Calculated Gamble+1","floor":21}],"player_experience":760521,"relics_obtained":[{"floor":7,"key":"Lantern"},{"floor":9,"key":"Bottled Tornado"},{"floor":10,"key":"Meat on the Bone"},{"floor":21,"key":"Red Mask"}],"event_choices":[{"damage_healed":0.0,"max_hp_gain":0.0,"max_hp_loss":0.0,"gold_gain":0.0,"cards_transformed":["Strike_G"],"event_name":"Living Wall","player_choice":"Change","floor":2.0,"gold_loss":0.0,"damage_taken":0.0,"cards_obtained":["Dash"]},{"damage_healed":0,"gold_gain":0,"player_choice":"Fought Bandits","damage_taken":0,"max_hp_gain":0,"max_hp_loss":0,"event_name":"Masked Bandits","floor":21,"gold_loss":0},{"damage_healed":0,"gold_gain":0,"player_choice":"Ignored","damage_taken":0,"max_hp_gain":0,"max_hp_loss":0,"event_name":"The Mausoleum","floor":22,"gold_loss":0}],"is_beta":false,"boss_relics":[{"not_picked":["Astrolabe","WristBlade"],"picked":"Cursed Key"}],"items_purged_floors":[19],"is_endless":false,"potions_floor_spawned":[3,4,5,14,20,21],"killed_by":"Slavers","ascension_level":20}}