{"host":"qljq6nt1bltq73k9","time":1612514671,"event":{"mods":["BaseMod","Colored Map","Colored Powertips","Minty Spire (QoL Compilation)","Quick Restart","Replay The Spire","StSLib","[IsaacMod]ÒÔÈö¼âËþ"],"gold_per_floor":[124,99999,98228,98255,98276,98307,98327,98363,98417,98417,98435,98459,97477,97494,97494,97605,97605,97631,97631,97631,96464,96499,96534,96559,96587,96587,96587,95829,95859,95868,95896,95811,95897,95897,95930,95930,95964,95575,95606,95647,95680,95711,95711,95746,95390,95419,95453,95480,95480,95480,95480,95480,95480,94659,94694,94846,94846],"floor_reached":56,"language":"ZHS","playtime":2703,"items_purged":["Defend_B","Strike_B","Defend_B","Strike_B","Defend_B","Decay","Defend_B","Zap","Dualcast"],"score":1631,"play_id":"7134aa8b-0ed3-4546-a319-2394dcda9b87","local_time":"20210205164431","is_ascension_mode":false,"campfire_choices":[{"floor":10.0,"key":"RECALL"},{"floor":15.0,"key":"DIG"},{"data":"Storm","floor":27.0,"key":"SMITH"},{"floor":49.0,"key":"DIG"}],"circlet_count":0,"master_deck":["Strike_B+1","Strike_B+1","Skim","Storm+1","BasicCrystalCard","Sadistic Nature","Self Repair","Self Repair","Jack Of All Trades","Thunder Strike","Capacitor","Buffer","Barrage","Magnetism","Capacitor","Dark Shackles","Biased Cognition","FIFO Queue","Double Energy","Hello World","Loop+1","ReplayUltimateDefense","Creative AI","Loop+1","Heatsinks+1","Loop+1","Rainbow","Amplify","Storm","Crystallizer","Parasite"],"relics":["Cracked Core","HushsDoor","D6","CeramicFish","HowToJump","ReplayTheSpireMod:TigerMarble","ClockworkSouvenir","BloodDonationMachine","ReplayTheSpireMod:Lightbulb","Replay:Frozen Program","Toy Ornithopter","Ornamental Fan","Lee\u0027s Waffle","Centennial Puzzle","Replay:Bottled Snecko","Potion Belt","ChampionBelt","GuppysTail","GuppysHairball","GuppysHead","Singing Bowl","MutagenicStrength","Mummified Hand","Strange Spoon","PokeGo","PreservedInsect","FossilizedHelix","Replay:Multitool","BFFS","SteamSale","Dead Branch","Nunchaku","Prayer Wheel","StrikeDummy","Meat on the Bone","Pet Ghost","Cursed Key","Damocles","HornCleat","BelialBook","Void","Happy Flower","Omamori","Ancient Tea Set","Akabeko","TheAbacus","Replay:Antivirus Software","Turnip","Bottled Flame","SalivaCoin","Orichalcum","AnarchistCookbook","Geode","TheBible","PillsDrop","Regal Pillow","Art of War","Replay:Baseball","YumHeart","Boot","Smiling Mask","Leech","Anchor","Replay:Mystery Machine","Chemical X","Gremlin Food","GnawedLeaf","StoneCalendar","BookOfRevelations","Dream Catcher","Simple Rune","Pen Nib","Mango","Ring of Fury","ReplayTheSpireMod:Ring of Collecting","Lantern","Replay:PocketPolymizer","Gremlin Horn","Letter Opener","TheBattery","Kunai","Replay:Bandana","Replay:Bottled Eggs","BFFS"],"acts_visited":["Exordium","TheCity","TheBeyond","TheEnding"],"potions_floor_usage":[56,56],"damage_taken":[{"damage":6.0,"enemies":"Jaw Worm","floor":1.0,"turns":3.0},{"damage":1.0,"enemies":"2 Louse","floor":2.0,"turns":2.0},{"damage":2.0,"enemies":"Small Slimes","floor":4.0,"turns":4.0},{"damage":12.0,"enemies":"Blue Slaver","floor":5.0,"turns":2.0},{"damage":21.0,"enemies":"3 Sentries","floor":6.0,"turns":4.0},{"damage":0.0,"enemies":"Large Slime","floor":7.0,"turns":4.0},{"damage":22.0,"enemies":"Replay:BlueRogue","floor":8.0,"turns":4.0},{"damage":15.0,"enemies":"Looter","floor":11.0,"turns":3.0},{"damage":4.0,"enemies":"2 Fungi Beasts","floor":12.0,"turns":3.0},{"damage":5.0,"enemies":"3 Louse","floor":14.0,"turns":2.0},{"damage":29.0,"enemies":"The Guardian","floor":16.0,"turns":7.0},{"damage":34.0,"enemies":"Slavers","floor":18.0,"turns":3.0},{"damage":4.0,"enemies":"Replay:Snechameleon","floor":22.0,"turns":3.0},{"damage":3.0,"enemies":"Book of Stabbing","floor":23.0,"turns":3.0},{"damage":0.0,"enemies":"Replay:Snechameleon","floor":24.0,"turns":2.0},{"damage":16.0,"enemies":"Slavers","floor":25.0,"turns":3.0},{"damage":0.0,"enemies":"Replay:Snechameleon","floor":29.0,"turns":1.0},{"damage":0.0,"enemies":"Gremlin Leader","floor":31.0,"turns":2.0},{"damage":0.0,"enemies":"Collector","floor":33.0,"turns":2.0},{"damage":0.0,"enemies":"R_Hoarder","floor":35.0,"turns":2.0},{"damage":0.0,"enemies":"Giant Head","floor":37.0,"turns":3.0},{"damage":0.0,"enemies":"R_Hoarder","floor":39.0,"turns":2.0},{"damage":0.0,"enemies":"Nemesis","floor":40.0,"turns":3.0},{"damage":0.0,"enemies":"Giant Head","floor":41.0,"turns":2.0},{"damage":0.0,"enemies":"R_Hoarder","floor":42.0,"turns":2.0},{"damage":0.0,"enemies":"Nemesis","floor":44.0,"turns":1.0},{"damage":0.0,"enemies":"R_Hoarder","floor":46.0,"turns":2.0},{"damage":0.0,"enemies":"Giant Head","floor":47.0,"turns":1.0},{"damage":0.0,"enemies":"R_Hoarder","floor":48.0,"turns":1.0},{"damage":0.0,"enemies":"Donu and Deca","floor":50.0,"turns":2.0},{"damage":0.0,"enemies":"Replay:Hell Engine","floor":51.0,"turns":2.0},{"damage":0.0,"enemies":"Shield and Spear","floor":55.0,"turns":1.0},{"damage":140,"enemies":"Delirium","floor":56,"turns":21}],"seed_played":"-3003659867673507821","potions_obtained":[{"floor":1.0,"key":"Fire Potion"},{"floor":2.0,"key":"Languid Potion"},{"floor":8.0,"key":"Doom Potion"},{"floor":24.0,"key":"Block Potion"}],"is_trial":false,"path_per_floor":["M","M","$","M","M","E","M","E","T","R","M","M","$","M","R_BF","B",null,"M","?","?","$","M","E","M","M","T","R","$","E","?","M","R","B",null,"M","?","M","$","M","E","M","E","T","E","$","M","E","M","R_BF","B","B",null,"R","$","E","B"],"character_chosen":"DEFECT","items_purchased":["HowToJump","ReplayTheSpireMod:TigerMarble","ClockworkSouvenir","Storm","Fire Potion","BasicCrystalCard","BloodDonationMachine","ReplayTheSpireMod:Lightbulb","Sadistic Nature","Self Repair","Replay:Frozen Program","Jack Of All Trades","Lee\u0027s Waffle","Magnetism","Capacitor","Centennial Puzzle","Replay:Bottled Snecko","Dark Shackles","GuppysTail","GuppysHairball","GuppysHead","Mummified Hand","FIFO Queue","Strange Spoon","PokeGo","Dexterity Potion","FearPotion","SkillPotion","Loop","SteamSale","Dead Branch","Nunchaku","ReplayTheSpireMod:Fabricate Wheel","ReplayUltimateDefense","Damocles","FairyPotion","Damocles","FairyPotion","Akabeko","TheAbacus","Replay:Antivirus Software","Loop","Anchor","Replay:Mystery Machine","Chemical X","Loop","Rainbow","Storm","Lantern","Replay:PocketPolymizer","Gremlin Horn","Letter Opener","TheBattery","Crystallizer","Venom Potion","Swift Potion"],"campfire_rested":0,"item_purchase_floors":[3,3,3,3,3,3,3,3,3,3,3,3,13,13,13,13,13,13,17,17,17,21,21,21,21,21,21,21,28,28,28,28,28,28,34,34,34,34,38,38,38,38,45,45,45,45,45,54,54,54,54,54,54,54,54,54],"current_hp_per_floor":[69,68,68,73,68,61,75,67,67,67,66,69,82,82,82,72,52,34,34,34,34,44,54,56,56,56,56,56,58,58,62,62,62,34,36,36,38,38,40,40,42,44,44,46,46,48,48,50,64,64,64,64,64,64,66,0,0],"gold":94846,"neow_bonus":"RANDOM_COMMON_RELIC","is_daily":false,"chose_seed":false,"campfire_upgraded":1,"win_rate":0.0,"timestamp":1612514671,"path_taken":["M","M","$","M","M","E","M","E","T","R","M","M","$","M","R_BF","BOSS","M","?","?","$","M","E","M","M","T","R","$","E","?","M","R","BOSS","M","?","M","$","M","E","?","E","T","E","$","M","E","M","R_BF","BOSS","BOSS","R","$","E","BOSS"],"items_purchased_type":["Relic","Relic","Relic","Card","Potion","Card","Relic","Relic","Card","Card","Relic","Card","Relic","Card","Card","Relic","Relic","Card","Relic","Relic","Relic","Relic","Card","Relic","Relic","Potion","Potion","Potion","Card","Relic","Relic","Relic","Card","Card","Relic","Potion","Relic","Potion","Relic","Relic","Relic","Card","Relic","Relic","Relic","Card","Card","Card","Relic","Relic","Relic","Relic","Relic","Card","Potion","Potion"],"build_version":"2020-12-22","purchased_purges":9,"victory":false,"max_hp_per_floor":[75,75,75,75,75,75,75,75,75,75,75,75,82,82,82,82,52,54,54,54,54,54,54,56,58,58,58,58,60,60,62,62,62,34,36,36,38,38,40,40,42,44,44,46,46,48,48,50,64,64,64,64,64,64,66,66,66],"card_choices":[{"not_picked":[],"picked":"Bomb","floor":0.0},{"not_picked":["Leap","Go for the Eyes"],"picked":"Skim","floor":1.0},{"not_picked":["BootSequence","Leap","ReplayTheSpireMod:Reroute Power"],"picked":"SKIP","floor":2.0},{"not_picked":["Genetic Algorithm","Redo"],"picked":"Thunder Strike","floor":4.0},{"not_picked":["Reinforced Body","Rebound"],"picked":"Capacitor","floor":5.0},{"not_picked":["Turbo","Leap","Beam Cell"],"picked":"SKIP","floor":6.0},{"not_picked":["Conserve Battery","Redo","Steam"],"picked":"SKIP","floor":7.0},{"not_picked":["Hello World","Panic Button"],"picked":"Buffer","floor":8.0},{"not_picked":["Sunder","Redo","Glacier"],"picked":"SKIP","floor":11.0},{"not_picked":["Panic Button","FTL"],"picked":"Barrage","floor":12.0},{"not_picked":["Steam","Cancel","Darkness"],"picked":"SKIP","floor":14.0},{"not_picked":["All For One","Machine Learning"],"picked":"Biased Cognition","floor":16.0},{"not_picked":["ReplayGash","Panic Button+1","Gash"],"picked":"Singing Bowl","floor":18.0},{"not_picked":["Cold Snap","Skim"],"picked":"Double Energy","floor":22.0},{"not_picked":["Leap","Rebound"],"picked":"Hello World","floor":23.0},{"not_picked":["Pulse","Beam Cell","Hologram"],"picked":"Singing Bowl","floor":24.0},{"not_picked":["Panic Button","Blizzard","Cold Snap"],"picked":"Singing Bowl","floor":25.0},{"not_picked":["Panic Button+1","Conserve Battery","Compile Driver"],"picked":"Singing Bowl","floor":29.0},{"not_picked":["Distribution","BasicCrystalCard","Recycle"],"picked":"Singing Bowl","floor":31.0},{"not_picked":["Machine Learning","Hyperbeam"],"picked":"Creative AI","floor":33.0},{"not_picked":["Sweeping Beam+1","Undo","Rebound+1"],"picked":"Singing Bowl","floor":35.0},{"not_picked":["Blizzard","Sweeping Beam","Tempest"],"picked":"Singing Bowl","floor":37.0},{"not_picked":["Panic Button","Sweeping Beam","ReplayGash"],"picked":"Singing Bowl","floor":39.0},{"not_picked":["BasicCrystalCard","Compile Driver"],"picked":"Heatsinks+1","floor":40.0},{"not_picked":["Coolheaded","Aggregate+1","Hologram"],"picked":"Singing Bowl","floor":41.0},{"not_picked":["ReplayTheSpireMod:System Scan+1","Consume+1","Meteor Strike"],"picked":"Singing Bowl","floor":42.0},{"not_picked":["Conserve Battery","Coolheaded","Multi-Cast"],"picked":"Singing Bowl","floor":44.0},{"not_picked":["Auto Shields","Blizzard","ReplayGash+1"],"picked":"Singing Bowl","floor":46.0},{"not_picked":["BasicCrystalCard","Streamline"],"picked":"Amplify","floor":47.0},{"not_picked":["Undo","Steam Power","Leap+1"],"picked":"Singing Bowl","floor":48.0},{"not_picked":["Stack","FTL","ReplayTheSpireMod:Repulse"],"picked":"Singing Bowl","floor":55.0}],"player_experience":379101,"relics_obtained":[{"floor":6.0,"key":"Toy Ornithopter"},{"floor":8.0,"key":"Ornamental Fan"},{"floor":15.0,"key":"Potion Belt"},{"floor":18.0,"key":"Singing Bowl"},{"floor":22.0,"key":"PreservedInsect"},{"floor":23.0,"key":"FossilizedHelix"},{"floor":24.0,"key":"Whetstone"},{"floor":25.0,"key":"Replay:Multitool"},{"floor":26.0,"key":"BFFS"},{"floor":31.0,"key":"Meat on the Bone"},{"floor":35.0,"key":"HornCleat"},{"floor":35.0,"key":"BelialBook"},{"floor":35.0,"key":"Void"},{"floor":37.0,"key":"Happy Flower"},{"floor":37.0,"key":"Omamori"},{"floor":37.0,"key":"Ancient Tea Set"},{"floor":39.0,"key":"Turnip"},{"floor":39.0,"key":"Replay:Wax Seal"},{"floor":39.0,"key":"Bottled Flame"},{"floor":40.0,"key":"SalivaCoin"},{"floor":40.0,"key":"Orichalcum"},{"floor":40.0,"key":"AnarchistCookbook"},{"floor":41.0,"key":"Geode"},{"floor":41.0,"key":"TheBible"},{"floor":41.0,"key":"PillsDrop"},{"floor":42.0,"key":"Regal Pillow"},{"floor":42.0,"key":"Art of War"},{"floor":42.0,"key":"Replay:Baseball"},{"floor":43.0,"key":"YumHeart"},{"floor":44.0,"key":"Boot"},{"floor":44.0,"key":"Smiling Mask"},{"floor":44.0,"key":"Leech"},{"floor":46.0,"key":"TheBean"},{"floor":46.0,"key":"Gremlin Food"},{"floor":46.0,"key":"GnawedLeaf"},{"floor":47.0,"key":"StoneCalendar"},{"floor":47.0,"key":"BookOfRevelations"},{"floor":47.0,"key":"Dream Catcher"},{"floor":48.0,"key":"Diplopia"},{"floor":48.0,"key":"Simple Rune"},{"floor":48.0,"key":"Pen Nib"},{"floor":49.0,"key":"Mango"},{"floor":53.0,"key":"Ring of Fury"},{"floor":53.0,"key":"ReplayTheSpireMod:Ring of Collecting"},{"floor":55.0,"key":"Kunai"},{"floor":55.0,"key":"Replay:Bandana"},{"floor":55.0,"key":"Replay:Bottled Eggs"}],"event_choices":[{"damage_healed":0.0,"max_hp_gain":0.0,"max_hp_loss":0.0,"gold_gain":0.0,"event_name":"Ghosts","player_choice":"Ignored","floor":19.0,"gold_loss":0.0,"damage_taken":0.0},{"damage_healed":0.0,"max_hp_gain":0.0,"max_hp_loss":0.0,"gold_gain":0.0,"event_name":"Drug Dealer","player_choice":"Inject Mutagens","floor":20.0,"gold_loss":0.0,"damage_taken":0.0,"relics_obtained":["MutagenicStrength"]},{"damage_healed":0.0,"max_hp_gain":0.0,"max_hp_loss":0.0,"gold_gain":0.0,"event_name":"Addict","player_choice":"Obtained Relic","floor":32.0,"gold_loss":85.0,"damage_taken":0.0,"relics_obtained":["Pet Ghost"]}],"is_beta":false,"boss_relics":[{"not_picked":["Fusion Hammer","Astrolabe"],"picked":"ChampionBelt"},{"not_picked":[]},{"not_picked":["Abe\u0027s Treasure","Replay:Ancient Bell"],"picked":"Cursed Key"},{"not_picked":[]}],"items_purged_floors":[3,3,13,21,28,38,45,54,54],"is_endless":false,"potions_floor_spawned":[1,2,4,8,12,24,25,29,33,35,40,41,42,46,48],"killed_by":"Delirium","ascension_level":20}}