{"host":"lte3xujvwediduij","time":1612539338,"event":{"mods":["Aspiration","BaseMod","Better-Laid Plans","BetterRewards","Colored Map","Colored Powertips","Downfall","Energized Spire","GifTheSpireLib","Lobotomy","Minty Spire (QoL Compilation)","Permanent Neow","Replay The Spire","Spicy Shops","StSLib","The Servant 0.9.4","¡¾ÒÅÎï¿¨ÅÆ¡¿REMEMod","óô»ðÖ¸ÄÏ"],"gold_per_floor":[119,138,150,150,162,162,193,211,211,245,260,260,273,273,273],"floor_reached":14,"language":"ZHS","playtime":1600,"items_purged":[],"score":109,"play_id":"56baf93d-dbdb-4c68-8d6e-b1430953b9e9","local_time":"20210205233538","is_ascension_mode":true,"campfire_choices":[{"floor":6.0,"key":"RECALL"},{"floor":12,"key":"REST"}],"circlet_count":0,"master_deck":["Strike_R","Strike_R","Strike_R","Strike_R","Strike_R","Defend_R","Defend_R","Defend_R","Defend_R","Bash","Shrug It Off","VoidDream","Variant","Run Through","Laetitia","Bloodbath","Metallicize","QueenOfHatred","Double Tap","Sword Boomerang","UniverseFragment","Shrug It Off","GalaxyChild","Body Slam","Armaments","Scorched"],"relics":["Burning Blood","REME_ComplimentaryCards","CogitoBucket","Dream Catcher","REME_LimitBreaker","aspiration:FetidBarrel"],"acts_visited":["Exordium"],"potions_floor_usage":[10,14],"damage_taken":[{"damage":3.0,"enemies":"Small Slimes","floor":1.0,"turns":5.0},{"damage":6.0,"enemies":"Cultist","floor":2.0,"turns":5.0},{"damage":7.0,"enemies":"2 Louse","floor":3.0,"turns":4.0},{"damage":6.0,"enemies":"Large Slime","floor":5.0,"turns":8.0},{"damage":2.0,"enemies":"Replay:BlueRogue","floor":7.0,"turns":8.0},{"damage":49.0,"enemies":"2 Fungi Beasts","floor":8.0,"turns":6.0},{"damage":64,"enemies":"Lagavulin","floor":10,"turns":11},{"damage":4,"enemies":"Blue Slaver","floor":11,"turns":6},{"damage":40,"enemies":"Large Slime","floor":13,"turns":10},{"damage":26,"enemies":"3 Sentries","floor":14,"turns":2}],"seed_played":"8914080869124873567","potions_obtained":[{"floor":2.0,"key":"SkillPotion"},{"floor":3.0,"key":"DuplicationPotion"},{"floor":5.0,"key":"DistilledChaos"},{"floor":11,"key":"LiquidBronze"},{"floor":13,"key":"Regen Potion"}],"is_trial":false,"path_per_floor":["M","M","M","?","M","R","E","M","T","E","M","R","M","E"],"character_chosen":"IRONCLAD","items_purchased":[],"campfire_rested":1,"item_purchase_floors":[],"current_hp_per_floor":[80,80,79,80,80,80,80,45,45,7,19,43,20,0,0],"gold":273,"neow_bonus":"","is_daily":false,"chose_seed":false,"campfire_upgraded":0,"win_rate":0.0,"timestamp":1612539338,"path_taken":["M","M","M","?","M","R","E","M","T","E","M","R","M","E"],"items_purchased_type":[],"build_version":"2020-12-22","purchased_purges":0,"victory":false,"max_hp_per_floor":[80,80,80,80,80,80,80,80,80,80,80,80,80,80,80],"card_choices":[{"not_picked":["SpiderBud","VoidDream"],"picked":"Laetitia","floor":1.0},{"not_picked":["ReplayTheSpireMod:Strike From Hell","Heavy Blade"],"picked":"Shrug It Off","floor":1.0},{"not_picked":["OSAHOGD","BeautyBeast"],"picked":"VoidDream","floor":2.0},{"not_picked":["Defy Death","Blood for Blood","Twin Strike"],"picked":"SKIP","floor":2.0},{"not_picked":["PunishingBird","UniverseFragment"],"picked":"Variant","floor":3.0},{"not_picked":["Reckless Charge","Shockwave"],"picked":"Run Through","floor":3.0},{"not_picked":["Woodsman","WallGazer"],"picked":"Bloodbath","floor":5.0},{"not_picked":["ReplayTheSpireMod:Corrosion Curse","Warcry"],"picked":"Metallicize","floor":5.0},{"not_picked":["OSAHOGD","UniverseFragment"],"picked":"QueenOfHatred","floor":7.0},{"not_picked":["Thunderclap","Clash"],"picked":"Double Tap","floor":7.0},{"not_picked":["Replay:Undeath\u0027s Touch","Twin Strike"],"picked":"Sword Boomerang","floor":8},{"not_picked":["OSAHOGD","OldLady"],"picked":"UniverseFragment","floor":10},{"not_picked":["Warcry","Rupture"],"picked":"Shrug It Off","floor":10},{"not_picked":["Porccubus","WallGazer"],"picked":"GalaxyChild","floor":11},{"not_picked":["Limit Break","Flex"],"picked":"Body Slam","floor":11},{"not_picked":["Sword Boomerang","Clothesline"],"picked":"Armaments","floor":12},{"not_picked":["CherryBlossoms","LaLuna"],"picked":"Scorched","floor":13},{"not_picked":["Heavy Blade","Massacre","Seeing Red"],"picked":"SKIP","floor":13}],"player_experience":124242,"relics_obtained":[{"floor":7.0,"key":"Dream Catcher"},{"floor":9,"key":"REME_LimitBreaker"},{"floor":10,"key":"aspiration:FetidBarrel"}],"event_choices":[{"cards_removed":["Laetitia"],"damage_healed":1.0,"max_hp_gain":0.0,"max_hp_loss":0.0,"gold_gain":0.0,"event_name":"Bonfire Elementals","player_choice":"Offered Uncommon","floor":4.0,"gold_loss":0.0,"damage_taken":0.0}],"is_beta":false,"boss_relics":[],"items_purged_floors":[],"is_endless":false,"potions_floor_spawned":[2,3,5,11,13],"killed_by":"3 Sentries","ascension_level":1}}