{"host":"msmkw03x1o7nq45i","time":1612526055,"event":{"mods":["AchievementEnabler","BaseMod","Bestiary","Colored Powertips","GifTheSpireLib","Highlight Path","Minty Spire (QoL Compilation)","Random Character Button","StSLib","everything is the same but u backflip on backflip"],"gold_per_floor":[110,35,110,110,121,149,162,162,188,188,204,220,253,7,7,78,78,89,104,104,17,17,17,36,36,59,90,105,105,5,55,55,126,126,136,156,31,31,50,75,75,75,75,107,118,152,169,200,212,224,236,248,30,55,55],"floor_reached":56,"language":"ENG","playtime":7730,"items_purged":["Pain","Strike_G","Strike_G","Strike_G"],"score":2352,"play_id":"5f8b4863-8c50-4804-bcd6-37d27a89506d","local_time":"20210205135415","is_ascension_mode":true,"campfire_choices":[{"data":"All Out Attack","floor":8.0,"key":"SMITH"},{"data":"Neutralize","floor":10.0,"key":"SMITH"},{"data":"Riddle With Holes","floor":15.0,"key":"SMITH"},{"data":"Wraith Form v2","floor":23.0,"key":"SMITH"},{"data":"Footwork","floor":25.0,"key":"SMITH"},{"data":"Night Terror","floor":29.0,"key":"SMITH"},{"floor":32.0,"key":"REST"},{"floor":41,"key":"RECALL"},{"floor":49,"key":"REST"},{"data":"Bouncing Flask","floor":52,"key":"SMITH"}],"circlet_count":0,"master_deck":["AscendersBane","Defend_G","Defend_G","Defend_G","Defend_G","Defend_G","Survivor","Neutralize+1","Backstab","All Out Attack+1","Backstab","Acrobatics","Riddle With Holes+1","Poisoned Stab","Night Terror+1","Wraith Form v2+1","Dagger Spray","PiercingWail","Footwork+1","Escape Plan","Venomology","Tools of the Trade","Tactician+1","Acrobatics","Eviscerate+1","Bouncing Flask+1","Catalyst+1","Underhanded Strike","Corpse Explosion","After Image","Noxious Fumes"],"relics":["Ring of the Snake","NeowsBlessing","WarpedTongs","Orichalcum","Happy Flower","CaptainsWheel","Frozen Eye","Black Star","Enchiridion","Bag of Marbles","Bronze Scales","Bottled Tornado","HoveringKite","Omamori","FossilizedHelix","Ancient Tea Set","Potion Belt","Lantern","Snake Skull","MawBank","Oddly Smooth Stone","Shuriken","Ginger"],"acts_visited":["Exordium","TheCity","TheBeyond","TheEnding"],"potions_floor_usage":[39,40,40,44,45,47,48,48,50,54,55,55,55,55,55,55,55],"damage_taken":[{"damage":0.0,"enemies":"Small Slimes","floor":1.0,"turns":1.0},{"damage":2.0,"enemies":"2 Louse","floor":5.0,"turns":1.0},{"damage":0.0,"enemies":"3 Sentries","floor":6.0,"turns":1.0},{"damage":5.0,"enemies":"Cultist","floor":7.0,"turns":3.0},{"damage":1.0,"enemies":"Lots of Slimes","floor":11.0,"turns":2.0},{"damage":0.0,"enemies":"Gremlin Gang","floor":12.0,"turns":2.0},{"damage":0.0,"enemies":"Gremlin Nob","floor":13.0,"turns":2.0},{"damage":24.0,"enemies":"Slime Boss","floor":16.0,"turns":10.0},{"damage":12.0,"enemies":"Chosen","floor":18.0,"turns":5.0},{"damage":0.0,"enemies":"3 Byrds","floor":19.0,"turns":4.0},{"damage":0.0,"enemies":"3 Cultists","floor":24.0,"turns":4.0},{"damage":0.0,"enemies":"Slavers","floor":27.0,"turns":3.0},{"damage":0.0,"enemies":"Chosen and Byrds","floor":28.0,"turns":4.0},{"damage":6.0,"enemies":"Champ","floor":33.0,"turns":14.0},{"damage":6.0,"enemies":"Orb Walker","floor":35.0,"turns":3.0},{"damage":0.0,"enemies":"3 Darklings","floor":36.0,"turns":6.0},{"damage":4,"enemies":"4 Shapes","floor":39,"turns":6},{"damage":6,"enemies":"Nemesis","floor":40,"turns":7},{"damage":0,"enemies":"Giant Head","floor":44,"turns":12},{"damage":0,"enemies":"Jaw Worm Horde","floor":45,"turns":3},{"damage":7,"enemies":"Nemesis","floor":46,"turns":7},{"damage":0,"enemies":"Maw","floor":47,"turns":6},{"damage":32,"enemies":"Giant Head","floor":48,"turns":8},{"damage":0,"enemies":"Time Eater","floor":50,"turns":13},{"damage":0,"enemies":"Shield and Spear","floor":54,"turns":5},{"damage":6,"enemies":"The Heart","floor":55,"turns":10}],"seed_played":"3788478663883068173","potions_obtained":[{"floor":1.0,"key":"Fruit Juice"},{"floor":5.0,"key":"AttackPotion"},{"floor":6.0,"key":"ColorlessPotion"},{"floor":16.0,"key":"Poison Potion"},{"floor":19.0,"key":"CultistPotion"},{"floor":33.0,"key":"Fire Potion"},{"floor":40,"key":"Dexterity Potion"},{"floor":44,"key":"PowerPotion"},{"floor":45,"key":"SpeedPotion"}],"is_trial":false,"path_per_floor":["M","?","?","?","M","E","M","R","T","R","M","M","E","$","R","B",null,"M","M","?","$","?","R","M","R","T","E","M","R","$","?","R","B",null,"M","M","$","?","M","E","R","?","T","E","M","E","M","E","R","B",null,"R","$","E","B",null],"character_chosen":"THE_SILENT","items_purchased":["Frozen Eye","Escape Plan","Noxious Fumes"],"campfire_rested":2,"item_purchase_floors":[14,21,53],"current_hp_per_floor":[64,64,53,53,51,51,46,46,46,46,45,45,45,45,45,21,59,47,47,47,47,26,26,26,26,26,26,26,26,26,26,47,41,64,58,58,58,58,54,48,48,48,48,48,48,41,41,9,29,29,58,58,58,58,52],"gold":55,"neow_bonus":"THREE_ENEMY_KILL","is_daily":false,"chose_seed":false,"campfire_upgraded":7,"win_rate":0.0,"timestamp":1612526055,"path_taken":["M","?","?","?","?","E","M","R","T","R","M","?","E","$","R","BOSS","M","?","?","$","?","R","M","R","T","E","M","R","?","?","R","BOSS","M","M","?","?","M","E","R","?","T","E","?","E","M","E","R","BOSS","R","$","E","BOSS"],"items_purchased_type":["Relic","Card","Card"],"build_version":"2020-12-22","purchased_purges":4,"victory":true,"max_hp_per_floor":[71,71,71,71,71,71,71,71,71,71,71,71,71,71,71,71,71,71,71,71,71,71,71,71,71,71,71,71,71,71,71,71,71,71,71,71,71,67,67,67,67,67,67,67,67,67,67,67,67,67,67,67,67,67,67],"card_choices":[{"not_picked":["PiercingWail","Underhanded Strike"],"picked":"Backstab","floor":1.0},{"not_picked":["Calculated Gamble","Well Laid Plans"],"picked":"All Out Attack","floor":5.0},{"not_picked":["Prepared","Bane"],"picked":"Backstab","floor":6.0},{"not_picked":["Calculated Gamble","Accuracy"],"picked":"Acrobatics","floor":7.0},{"not_picked":["Choke","Calculated Gamble"],"picked":"Riddle With Holes","floor":11.0},{"not_picked":["Backflip","Flying Knee"],"picked":"Poisoned Stab","floor":12.0},{"not_picked":["Accuracy","Footwork"],"picked":"Night Terror","floor":13.0},{"not_picked":["Phantasmal Killer","Corpse Explosion"],"picked":"Wraith Form v2","floor":16.0},{"not_picked":["Setup+1","Backflip"],"picked":"Dagger Spray","floor":18.0},{"not_picked":["Expertise","Quick Slash"],"picked":"PiercingWail","floor":19.0},{"not_picked":["Blur","Heel Hook","Slice"],"picked":"SKIP","floor":24.0},{"not_picked":["Concentrate","Acrobatics+1","All Out Attack"],"picked":"SKIP","floor":27.0},{"not_picked":["Finisher","Leg Sweep"],"picked":"Venomology","floor":28.0},{"not_picked":["After Image","Venomology"],"picked":"Tools of the Trade","floor":33.0},{"not_picked":["Infinite Blades+1","Dodge and Roll+1"],"picked":"Tactician+1","floor":35.0},{"not_picked":["Poisoned Stab","Sucker Punch"],"picked":"Acrobatics","floor":36.0},{"not_picked":["Accuracy+1","Cloak And Dagger","Flying Knee"],"picked":"SKIP","floor":39},{"not_picked":["Escape Plan","Backstab"],"picked":"Eviscerate+1","floor":40},{"not_picked":["Setup","Blade Dance+1"],"picked":"Catalyst+1","floor":44},{"not_picked":["Dash","All Out Attack"],"picked":"Underhanded Strike","floor":45},{"not_picked":["Flying Knee","Acrobatics"],"picked":"Corpse Explosion","floor":46},{"not_picked":["Flying Knee","Finisher","PiercingWail"],"picked":"SKIP","floor":47},{"not_picked":["Slice","Underhanded Strike+1"],"picked":"After Image","floor":48},{"not_picked":["Underhanded Strike+1","Riddle With Holes+1","Slice"],"picked":"SKIP","floor":54}],"player_experience":478369,"relics_obtained":[{"floor":6.0,"key":"Orichalcum"},{"floor":9.0,"key":"Happy Flower"},{"floor":13.0,"key":"CaptainsWheel"},{"floor":22.0,"key":"Enchiridion"},{"floor":26.0,"key":"Bag of Marbles"},{"floor":27.0,"key":"Bronze Scales"},{"floor":27.0,"key":"Bottled Tornado"},{"floor":40,"key":"Omamori"},{"floor":40,"key":"FossilizedHelix"},{"floor":44,"key":"Ancient Tea Set"},{"floor":44,"key":"Potion Belt"},{"floor":46,"key":"Lantern"},{"floor":46,"key":"Snake Skull"},{"floor":48,"key":"MawBank"},{"floor":48,"key":"Oddly Smooth Stone"},{"floor":54,"key":"Shuriken"},{"floor":54,"key":"Ginger"}],"event_choices":[{"cards_removed":["Strike_G"],"damage_healed":0.0,"max_hp_gain":0.0,"max_hp_loss":0.0,"gold_gain":0.0,"event_name":"The Cleric","player_choice":"Card Removal","floor":2.0,"gold_loss":75.0,"damage_taken":0.0},{"damage_healed":0.0,"max_hp_gain":0.0,"max_hp_loss":0.0,"gold_gain":75.0,"event_name":"World of Goop","player_choice":"Gather Gold","floor":3.0,"gold_loss":0.0,"damage_taken":11.0},{"damage_healed":0.0,"max_hp_gain":0.0,"max_hp_loss":0.0,"gold_gain":0.0,"event_name":"Accursed Blacksmith","player_choice":"Rummage","floor":4.0,"gold_loss":0.0,"damage_taken":0.0,"relics_obtained":["WarpedTongs"],"cards_obtained":["Pain"]},{"damage_healed":0.0,"max_hp_gain":0.0,"max_hp_loss":0.0,"gold_gain":0.0,"event_name":"The Library","player_choice":"Read","floor":20.0,"gold_loss":0.0,"damage_taken":0.0,"cards_obtained":["Footwork"]},{"damage_healed":0.0,"max_hp_gain":0.0,"max_hp_loss":0.0,"gold_gain":0.0,"event_name":"Cursed Tome","player_choice":"Obtained Book","floor":22.0,"gold_loss":0.0,"damage_taken":21.0},{"damage_healed":0.0,"max_hp_gain":0.0,"max_hp_loss":0.0,"gold_gain":50.0,"event_name":"Golden Shrine","player_choice":"Pray","floor":31.0,"gold_loss":0.0,"damage_taken":0.0},{"damage_healed":0,"gold_gain":0,"player_choice":"Max HP","damage_taken":0,"max_hp_gain":0,"max_hp_loss":4,"event_name":"Winding Halls","floor":38,"gold_loss":0},{"damage_healed":0,"gold_gain":0,"cards_transformed":["Strike_G"],"player_choice":"Transformed","damage_taken":0,"max_hp_gain":0,"max_hp_loss":0,"event_name":"Transmorgrifier","floor":42,"gold_loss":0,"cards_obtained":["Bouncing Flask"]}],"is_beta":false,"boss_relics":[{"not_picked":["Tiny House","WristBlade"],"picked":"Black Star"},{"not_picked":["Sozu","Velvet Choker"],"picked":"HoveringKite"}],"items_purged_floors":[14,30,37,53],"is_endless":false,"potions_floor_spawned":[1,5,6,11,16,19,24,33,36,40,44,45],"ascension_level":16}}