{"host":"yfdtuf6ojcxn06xg","time":1612485684,"event":{"mods":["2.2 Compatiblity","AchievementEnabler","BaseMod","Colored Map","Colored Powertips","Curses Come First","Hermit","JesterMod","Jorbs\u0027s Wanderer Trilogy","Minty Spire (QoL Compilation)","Quick Restart","Rare Cards Sparkle","Relic Stats","Replay The Spire","StSLib","The Cursed","The Disciple","The Hierophant","The Jungle","The Marked","The Necromancer","The Servant 0.9.4"],"gold_per_floor":[117,132,53,53,53,84,84,10,33,33,65,65,140,172,172,292,292,325,325,425,56,101,101,23,76,102,102,151,76,118,171,171,289,339,377,133,133,164,209,209,265,265,265,43,43,69,111,164,164,184],"floor_reached":51,"language":"ENG","playtime":1836,"items_purged":["Strike_S","Strike_S"],"score":886,"play_id":"0b495480-c2ae-4ce7-8826-7c4b0d6a07f9","local_time":"20210204194124","is_ascension_mode":false,"campfire_choices":[{"data":"SilverBlades","floor":7,"key":"SMITH"},{"floor":10,"key":"REST"},{"data":"SilverBlades","floor":12,"key":"SMITH"},{"data":"SurpressingFire","floor":15,"key":"SMITH"},{"data":"Moonlight","floor":23,"key":"SMITH"},{"data":"SurpressingFire","floor":27,"key":"SMITH"},{"data":"KillingDoll","floor":32,"key":"SMITH"},{"floor":40,"key":"REST"},{"data":"KidneyShot","floor":42,"key":"SMITH"},{"floor":49,"key":"REST"}],"circlet_count":0,"master_deck":["Strike_S","Defend_S","Defend_S","Defend_S+1","Defend_S","KidneyShot+1","Exchange","InstantArmor","SilverBlades+1","SurpressingFire+1","SilverBlades+1","Moonlight+1","Rearm","KillingDoll+1","FanOfKnives","SurpressingFire+1","Ricochet","GearUp","Rearm+1","MurderousAura","Defy+1","BottledTime+1","SilverBlades","Solidify+1","SurpressingFire+1"],"relics":["SplendidAttire","Regal Pillow","Replay:Baseball","Replay:Bandana","MutagenicStrength","Mango","PreservedInsect","Shuriken","Replay:Towering Pillar of Hats","Tiny House","Oddly Smooth Stone","Toxic Egg 2","Vajra","Ancient Tea Set","CaptainsWheel"],"acts_visited":["Exordium","TheCity","TheBeyond"],"potions_floor_usage":[6,16,28,31,31,50],"damage_taken":[{"damage":8,"enemies":"Jaw Worm","floor":1,"turns":4},{"damage":0,"enemies":"2 Louse","floor":2,"turns":2},{"damage":18,"enemies":"Gremlin Nob","floor":6,"turns":4},{"damage":4,"enemies":"Small Slimes","floor":11,"turns":3},{"damage":10,"enemies":"Exordium Thugs","floor":14,"turns":4},{"damage":8,"enemies":"Hexaghost","floor":16,"turns":11},{"damage":2,"enemies":"Chosen","floor":18,"turns":5},{"damage":0,"enemies":"Shell Parasite","floor":22,"turns":1},{"damage":8,"enemies":"3 Cultists","floor":25,"turns":3},{"damage":0,"enemies":"Book of Stabbing","floor":28,"turns":3},{"damage":10,"enemies":"Shelled Parasite and Fungi","floor":30,"turns":4},{"damage":0,"enemies":"Slavers","floor":31,"turns":3},{"damage":0,"enemies":"Champ","floor":33,"turns":4},{"damage":51,"enemies":"3 Shapes","floor":35,"turns":4},{"damage":0,"enemies":"Orb Walker","floor":38,"turns":3},{"damage":22,"enemies":"Jaw Worm Horde","floor":39,"turns":3},{"damage":0,"enemies":"4 Shapes","floor":41,"turns":3},{"damage":2,"enemies":"Writhing Mass","floor":47,"turns":4},{"damage":0,"enemies":"R_Hoarder","floor":48,"turns":6},{"damage":5,"enemies":"Time Eater","floor":50,"turns":6}],"seed_played":"-4617978824005419434","potions_obtained":[{"floor":1,"key":"Venom Potion"},{"floor":2,"key":"Energy Potion"},{"floor":14,"key":"Block Potion"},{"floor":18,"key":"Block Potion"},{"floor":30,"key":"AttackPotion"},{"floor":34,"key":"SpeedPotion"},{"floor":39,"key":"Swift Potion"},{"floor":47,"key":"Block Potion"},{"floor":48,"key":"Energy Potion"}],"is_trial":false,"path_per_floor":["M","M","$","?","?","E","R","$","T","R","M","R","?","M","R","B",null,"M","?","?","$","M","R","$","M","T","R","E","$","M","E","R","B",null,"M","$","?","M","M","R","M","R","T","$","?","T","M","E","R","B",null],"character_chosen":"THE_SERVANT","items_purchased":["SilverBlades","SilverBlades","Mango","SurpressingFire","GearUp","Oddly Smooth Stone","Vajra","SilverBlades"],"campfire_rested":3,"item_purchase_floors":[3,8,21,24,29,36,44,44],"current_hp_per_floor":[57,57,57,50,55,37,37,37,37,70,66,66,55,45,45,37,70,68,68,68,82,82,82,82,74,74,74,74,74,64,64,64,64,89,38,38,38,38,16,57,57,57,57,57,57,57,55,55,85,80],"gold":184,"neow_bonus":"RANDOM_COMMON_RELIC","is_daily":false,"chose_seed":false,"campfire_upgraded":7,"win_rate":0.0,"timestamp":1612485684,"path_taken":["M","M","$","?","?","E","R","$","T","R","M","R","?","M","R","BOSS","M","?","?","$","?","R","$","M","T","R","E","?","M","E","R","BOSS","M","$","?","M","M","R","M","R","T","?","?","?","M","E","R","BOSS"],"items_purchased_type":["Card","Card","Relic","Card","Card","Relic","Relic","Card"],"build_version":"2020-12-22","purchased_purges":2,"victory":true,"max_hp_per_floor":[65,65,65,65,70,70,70,70,70,70,70,70,70,70,70,70,70,70,70,70,84,84,84,84,84,84,84,84,84,84,84,84,84,89,89,89,89,89,89,89,89,89,89,89,85,85,85,85,85,85],"relic_stats":{"Regal Pillow":32,"counters":[20,80],"Shuriken":[2],"PreservedInsect":155,"obtain_stats":[{"Regal Pillow":0,"SplendidAttire":17,"Tiny House":34,"Replay:Towering Pillar of Hats":31,"Oddly Smooth Stone":36,"Vajra":44,"Mango":21,"PreservedInsect":26,"Uniform":0,"Ancient Tea Set":46,"Replay:Baseball":6,"Replay:Bandana":9,"CaptainsWheel":48,"Shuriken":28,"MutagenicStrength":19,"Toxic Egg 2":43},{"Regal Pillow":0,"SplendidAttire":6,"Tiny House":13,"Replay:Towering Pillar of Hats":12,"Oddly Smooth Stone":14,"Vajra":17,"Mango":7,"PreservedInsect":9,"Uniform":0,"Ancient Tea Set":17,"Replay:Baseball":3,"Replay:Bandana":3,"CaptainsWheel":19,"Shuriken":10,"MutagenicStrength":7,"Toxic Egg 2":17},{"Regal Pillow":0,"SplendidAttire":28,"Tiny House":51,"Replay:Towering Pillar of Hats":47,"Oddly Smooth Stone":55,"Vajra":64,"Mango":33,"PreservedInsect":37,"Uniform":0,"Ancient Tea Set":64,"Replay:Baseball":10,"Replay:Bandana":10,"CaptainsWheel":74,"Shuriken":40,"MutagenicStrength":33,"Toxic Egg 2":64}]},"card_choices":[{"not_picked":["Ricochet","Hightail"],"picked":"InstantArmor","floor":1},{"not_picked":["Potential","Unruled","Alleviate"],"picked":"SKIP","floor":2},{"not_picked":["Revamp","Initiator"],"picked":"SurpressingFire","floor":6},{"not_picked":["Spin","Hightail"],"picked":"Moonlight","floor":11},{"not_picked":["DoubleEdge","BottledTime"],"picked":"Rearm","floor":14},{"not_picked":["Deny","LightFlow"],"picked":"KillingDoll","floor":16},{"not_picked":["Advance","RealityMarble"],"picked":"FanOfKnives","floor":18},{"not_picked":["Gouge","ReturningBlade","WasteNot"],"picked":"SKIP","floor":22},{"not_picked":["Shuttle+1","Advance+1","TimeWarp"],"picked":"SKIP","floor":25},{"not_picked":["TimeWarp+1","Alleviate"],"picked":"Ricochet","floor":28},{"not_picked":["Barrier","FastForward+1"],"picked":"Rearm+1","floor":30},{"not_picked":["DoubleEdge","Spin","BottledTime"],"picked":"SKIP","floor":31},{"not_picked":["Initiator","TheWorld"],"picked":"MurderousAura","floor":33},{"not_picked":["Alleviate","SpecialFormula"],"picked":"Defy+1","floor":34},{"not_picked":["Alleviate","FastForward","Defy"],"picked":"SKIP","floor":35},{"not_picked":["Shuttle","Revamp+1","ShiftingGears+1"],"picked":"SKIP","floor":38},{"not_picked":["Revamp+1","Desolation"],"picked":"BottledTime+1","floor":39},{"not_picked":["Comet","Unruled","Ricochet"],"picked":"SKIP","floor":41},{"not_picked":["Comet","Unruled","Ricochet"],"picked":"SKIP","floor":41},{"not_picked":["Snipe","Ricochet"],"picked":"Solidify+1","floor":47},{"not_picked":["Duplication+1","Gouge"],"picked":"SurpressingFire+1","floor":48}],"player_experience":250221,"relics_obtained":[{"floor":6,"key":"Replay:Baseball"},{"floor":9,"key":"Replay:Bandana"},{"floor":26,"key":"PreservedInsect"},{"floor":28,"key":"Shuriken"},{"floor":31,"key":"Replay:Towering Pillar of Hats"},{"floor":43,"key":"Toxic Egg 2"},{"floor":46,"key":"Ancient Tea Set"},{"floor":48,"key":"CaptainsWheel"}],"event_choices":[{"cards_removed":["Strike_S"],"damage_healed":0,"gold_gain":0,"player_choice":"Card Removal","damage_taken":7,"max_hp_gain":0,"max_hp_loss":0,"event_name":"Golden Wing","floor":4,"gold_loss":0},{"damage_healed":0,"gold_gain":0,"player_choice":"Donut","damage_taken":0,"max_hp_gain":5,"max_hp_loss":0,"event_name":"Big Fish","floor":5,"gold_loss":0},{"damage_healed":0,"gold_gain":75,"player_choice":"Gather Gold","damage_taken":11,"max_hp_gain":0,"max_hp_loss":0,"event_name":"World of Goop","floor":13,"gold_loss":0},{"damage_healed":0,"gold_gain":0,"player_choice":"Inject Mutagens","damage_taken":0,"relics_obtained":["MutagenicStrength"],"max_hp_gain":0,"max_hp_loss":0,"event_name":"Drug Dealer","floor":19,"gold_loss":0},{"damage_healed":0,"gold_gain":100,"player_choice":"Pray","damage_taken":0,"max_hp_gain":0,"max_hp_loss":0,"event_name":"Golden Shrine","floor":20,"gold_loss":0},{"damage_healed":0,"gold_gain":0,"player_choice":"Ignored","damage_taken":0,"max_hp_gain":0,"max_hp_loss":0,"event_name":"NoteForYourself","floor":37,"gold_loss":0},{"damage_healed":0,"gold_gain":0,"player_choice":"Max HP","damage_taken":0,"max_hp_gain":0,"max_hp_loss":4,"event_name":"Winding Halls","floor":45,"gold_loss":0}],"is_beta":false,"boss_relics":[{"not_picked":["Kintsugi","jesterMod:MachoBrace"],"picked":"SplendidAttire"},{"not_picked":["Abe\u0027s Treasure","Ring of Chaos"],"picked":"Tiny House"}],"items_purged_floors":[21,36],"is_endless":false,"potions_floor_spawned":[1,2,14,18,30,39,47,48],"ascension_level":0}}