{"host":"q9718omregw4er46","time":1612560078,"event":{"mods":["BaseMod","Bestiary","Minty Spire (QoL Compilation)","Quick Restart","Relic Stats"],"gold_per_floor":[115,125,20,36,36,61,61,93,93,125,136,136,136,61,61,135,135,106,121,121,211,231,231,231],"floor_reached":23,"language":"ENG","playtime":788,"items_purged":["Pain"],"score":468,"play_id":"65a51c7c-af9b-40e3-bbc8-97ccddf86c6a","local_time":"20210206022118","is_ascension_mode":true,"campfire_choices":[{"data":"Defragment","floor":7,"key":"SMITH"},{"data":"Coolheaded","floor":12,"key":"SMITH"},{"data":"Sweeping Beam","floor":15,"key":"SMITH"}],"circlet_count":0,"master_deck":["AscendersBane","Strike_B","Strike_B","Strike_B","Strike_B","Defend_B","Defend_B","Defend_B","Defend_B","Zap","Dualcast","Cold Snap","Compile Driver","Ball Lightning","Ball Lightning","Defragment+1","Coolheaded+1","Hologram","Sweeping Beam+1","Echo Form","Streamline+1","Doom and Gloom","Skim"],"relics":["Inserter","WarpedTongs","White Beast Statue","Gremlin Horn","Letter Opener","Snecko Eye"],"acts_visited":["Exordium","TheCity"],"potions_floor_usage":[8,10,11,22,23],"damage_taken":[{"damage":2.0,"enemies":"Cultist","floor":1.0,"turns":4.0},{"damage":8.0,"enemies":"2 Louse","floor":2.0,"turns":3.0},{"damage":2.0,"enemies":"Jaw Worm","floor":4.0,"turns":5.0},{"damage":10.0,"enemies":"3 Sentries","floor":6.0,"turns":6.0},{"damage":6,"enemies":"Gremlin Nob","floor":8,"turns":3},{"damage":4,"enemies":"Lagavulin","floor":10,"turns":7},{"damage":6,"enemies":"Lots of Slimes","floor":11,"turns":4},{"damage":12,"enemies":"Hexaghost","floor":16,"turns":11},{"damage":24,"enemies":"2 Thieves","floor":18,"turns":4},{"damage":0,"enemies":"Spheric Guardian","floor":19,"turns":3},{"damage":8,"enemies":"Cultist and Chosen","floor":22,"turns":4},{"damage":26,"enemies":"Slavers","floor":23,"turns":1}],"seed_played":"7513134541892208801","potions_obtained":[{"floor":2.0,"key":"BlessingOfTheForge"},{"floor":6,"key":"PowerPotion"},{"floor":8,"key":"DistilledChaos"},{"floor":10,"key":"AttackPotion"},{"floor":11,"key":"Swift Potion"},{"floor":18,"key":"DistilledChaos"},{"floor":22,"key":"SpeedPotion"}],"is_trial":false,"path_per_floor":["M","M","$","M","?","E","R","E","T","E","M","R","?","$","R","B",null,"M","M","?","?","M","E"],"character_chosen":"DEFECT","items_purchased":["Ball Lightning","Fire Potion"],"campfire_rested":0,"item_purchase_floors":[3,3],"current_hp_per_floor":[62,54,54,52,52,42,42,36,36,32,26,26,31,31,31,19,62,38,38,38,26,18,0,0],"gold":231,"neow_bonus":"BOSS_RELIC","is_daily":false,"chose_seed":false,"campfire_upgraded":3,"win_rate":0.0,"timestamp":1612560078,"path_taken":["M","M","$","M","?","E","R","E","T","E","M","R","?","$","R","BOSS","M","M","?","?","M","E"],"items_purchased_type":["Card","Potion"],"build_version":"2020-12-22","purchased_purges":1,"victory":false,"max_hp_per_floor":[71,71,71,71,71,71,71,71,71,71,71,71,76,76,76,76,76,76,76,76,76,76,76,76],"relic_stats":{"Inserter":[27],"Gremlin Horn":[6,6],"counters":[12,55],"Snecko Eye":[32,15,23,24],"Letter Opener":[15],"obtain_stats":[{"Inserter":0,"Gremlin Horn":9,"Snecko Eye":17,"Letter Opener":10,"Cracked Core":0,"White Beast Statue":8,"WarpedTongs":5},{"Inserter":0,"Gremlin Horn":5,"Snecko Eye":8,"Letter Opener":6,"Cracked Core":0,"White Beast Statue":5,"WarpedTongs":3},{"Inserter":0,"Gremlin Horn":21,"Snecko Eye":43,"Letter Opener":28,"Cracked Core":0,"White Beast Statue":21,"WarpedTongs":12}],"WarpedTongs":[41]},"card_choices":[{"not_picked":["Redo","Streamline"],"picked":"Cold Snap","floor":1.0},{"not_picked":["Turbo","Rebound"],"picked":"Compile Driver","floor":2.0},{"not_picked":["Self Repair","Compile Driver"],"picked":"Ball Lightning","floor":4.0},{"not_picked":["Storm","Undo"],"picked":"Defragment","floor":6},{"not_picked":["Compile Driver","Recycle"],"picked":"Coolheaded","floor":8},{"not_picked":["Sunder","Doom and Gloom"],"picked":"Hologram","floor":10},{"not_picked":["Meteor Strike","Redo"],"picked":"Sweeping Beam","floor":11},{"not_picked":["Biased Cognition","Core Surge"],"picked":"Echo Form","floor":16},{"not_picked":["Stack","Static Discharge"],"picked":"Streamline+1","floor":18},{"not_picked":["Streamline","Force Field"],"picked":"Doom and Gloom","floor":19},{"not_picked":["Rebound","Coolheaded"],"picked":"Skim","floor":22}],"player_experience":783888,"relics_obtained":[{"floor":8,"key":"White Beast Statue"},{"floor":9,"key":"Gremlin Horn"},{"floor":10,"key":"Letter Opener"}],"event_choices":[{"damage_healed":0.0,"max_hp_gain":0.0,"max_hp_loss":0.0,"gold_gain":0.0,"event_name":"Accursed Blacksmith","player_choice":"Rummage","floor":5.0,"gold_loss":0.0,"damage_taken":0.0,"relics_obtained":["WarpedTongs"],"cards_obtained":["Pain"]},{"damage_healed":0,"gold_gain":0,"player_choice":"Donut","damage_taken":0,"max_hp_gain":5,"max_hp_loss":0,"event_name":"Big Fish","floor":13,"gold_loss":0},{"damage_healed":0,"gold_gain":0,"player_choice":"Ignored","damage_taken":0,"max_hp_gain":0,"max_hp_loss":0,"event_name":"Ghosts","floor":20,"gold_loss":0},{"damage_healed":0,"gold_gain":90,"player_choice":"GOLD ","damage_taken":12,"max_hp_gain":0,"max_hp_loss":0,"event_name":"Knowing Skull","floor":21,"potions_obtained":[],"gold_loss":0,"cards_obtained":[]}],"is_beta":false,"boss_relics":[{"not_picked":["Tiny House","SlaversCollar"],"picked":"Snecko Eye"}],"items_purged_floors":[14],"is_endless":false,"potions_floor_spawned":[2,6,8,10,11,16,18,19,22],"killed_by":"Slavers","ascension_level":20}}