{"host":"ga4s3hj9m6nkn6gp","time":1612555974,"event":{"mods":["AchievementEnabler","BaseMod","Bestiary","Colored Powertips","Highlight Path","Minty Spire (QoL Compilation)","Relic Stats","everything is the same but u backflip on backflip"],"gold_per_floor":[114,134,151,72,88,88,119,133,159,159,11,11,11,11],"floor_reached":13,"language":"ENG","playtime":552,"items_purged":["Strike_B"],"score":149,"play_id":"021b55a5-b724-47a0-b232-a6930673edb2","local_time":"20210205211254","is_ascension_mode":true,"campfire_choices":[{"data":"Sunder","floor":6.0,"key":"SMITH"},{"floor":10.0,"key":"REST"},{"data":"Streamline","floor":12.0,"key":"SMITH"}],"circlet_count":0,"master_deck":["AscendersBane","Strike_B","Strike_B","Strike_B","Defend_B","Defend_B","Defend_B","Defend_B","Zap","Dualcast","Streamline+1","Ball Lightning","Sunder+1","Recycle","Thunder Strike","Static Discharge","Static Discharge"],"relics":["Snecko Eye","Mummified Hand","PreservedInsect"],"acts_visited":["Exordium"],"potions_floor_usage":[13],"damage_taken":[{"damage":18.0,"enemies":"Cultist","floor":1.0,"turns":6.0},{"damage":8.0,"enemies":"Small Slimes","floor":2.0,"turns":3.0},{"damage":7.0,"enemies":"Jaw Worm","floor":3.0,"turns":2.0},{"damage":18.0,"enemies":"Large Slime","floor":5.0,"turns":3.0},{"damage":10.0,"enemies":"3 Sentries","floor":7.0,"turns":4.0},{"damage":1.0,"enemies":"3 Louse","floor":8.0,"turns":2.0},{"damage":25,"enemies":"Lagavulin","floor":13,"turns":3}],"seed_played":"3768143829770337728","potions_obtained":[{"floor":2.0,"key":"SpeedPotion"},{"floor":8.0,"key":"Strength Potion"}],"is_trial":false,"path_per_floor":["M","M","M","$","M","R","E","M","T","R","$","R","E"],"character_chosen":"DEFECT","items_purchased":["Recycle","Static Discharge"],"campfire_rested":1,"item_purchase_floors":[4,11],"current_hp_per_floor":[46,38,31,31,13,13,3,2,2,23,23,23,0,0],"gold":11,"neow_bonus":"BOSS_RELIC","is_daily":false,"chose_seed":false,"campfire_upgraded":2,"win_rate":0.0,"timestamp":1612555974,"path_taken":["M","M","?","?","M","R","E","M","T","R","$","R","E"],"items_purchased_type":["Card","Card"],"build_version":"2020-12-22","purchased_purges":1,"victory":false,"max_hp_per_floor":[71,71,71,71,71,71,71,71,71,71,71,71,71,71],"relic_stats":{"counters":[7,23],"Mummified Hand":[3],"Snecko Eye":[33,40,37,39],"PreservedInsect":28,"obtain_stats":[{"Mummified Hand":7,"Snecko Eye":0,"PreservedInsect":9,"Cracked Core":0},{"Mummified Hand":5,"Snecko Eye":0,"PreservedInsect":6,"Cracked Core":0},{"Mummified Hand":18,"Snecko Eye":0,"PreservedInsect":20,"Cracked Core":0}]},"card_choices":[{"not_picked":["Sweeping Beam","Leap"],"picked":"Streamline","floor":1.0},{"not_picked":["Stack","Darkness"],"picked":"Ball Lightning","floor":2.0},{"not_picked":["Streamline","Steam Power"],"picked":"Sunder","floor":3.0},{"not_picked":["Turbo","Sweeping Beam"],"picked":"Thunder Strike","floor":5.0},{"not_picked":["Leap","Steam"],"picked":"Static Discharge","floor":7.0},{"not_picked":["Streamline","Redo","Lockon"],"picked":"SKIP","floor":8.0}],"player_experience":733776,"relics_obtained":[{"floor":7.0,"key":"Mummified Hand"},{"floor":9.0,"key":"PreservedInsect"}],"event_choices":[],"is_beta":false,"boss_relics":[],"items_purged_floors":[11],"is_endless":false,"potions_floor_spawned":[2,8],"killed_by":"Lagavulin","ascension_level":15}}