{"host":"0s8kyghz8ihx2r41","time":1612490622,"event":{"mods":["100% Spire Juice","2.2 Compatiblity","Act Like it!","Bard","BaseMod","CapriCore","Chen","Conspire","Downfall","Friendly Minions","GungeonMod","Hermit","HololiveMod","Hubris","Koishi","Lobotomy","LobotomyExtend","Marisa（霧雨　魔理沙）","Minty Spire (QoL Compilation)","Monster B Gone","Morshu Shopkeeper","Prisma Mod","Reimu（博??梦）","Reliquary","Replay The Spire","Spire Birthday Party","StSLib","The Administrix","The Alterego","The Clintock","The Construct","The Cursed","The Disciple","The Edgeheg","The Gatherer","The Immortal","The Marked","The Mystic","The Servant 0.9.4","TheBandit","TheSwordswoman","TheVacant","Waifu the Spire","Yakumo Yukari mod","Yuyuko","everything is the same but u backflip on backflip","slay the spire mod where everything is the same but ironclad has a cowboy hat"],"gold_per_floor":[117,87,105,115,134,165,184,184,184,184,184,202,236,254,254,254,254],"floor_reached":16,"language":"ENG","playtime":611,"items_purged":[],"score":114,"play_id":"f5e02ad1-2a5e-4468-b09d-9f264f13b617","local_time":"20210204210342","is_ascension_mode":false,"campfire_choices":[{"floor":8,"key":"REST"},{"floor":11,"key":"REST"},{"floor":15,"key":"REST"}],"circlet_count":0,"master_deck":["Strike_B","Strike_B","Strike_B","Strike_B","Defend_B","Defend_B","Defend_B","Defend_B","Zap","Dualcast","Sweeping Beam","Redo","Beam Cell","BasicCrystalCard","Fusion","Coolheaded","Leap","Panic Button"],"relics":["Cracked Core","NeowsBlessing","LetterFromLob","hubris:TinFlute","reliquary:PurpleTingedLeaf","DemoMod:NanoMachines"],"acts_visited":["Exordium"],"potions_floor_usage":[13,16,16,16],"damage_taken":[{"damage":0,"enemies":"Small Slimes","floor":1,"turns":1},{"damage":0,"enemies":"Cultist","floor":3,"turns":1},{"damage":0,"enemies":"Jaw Worm","floor":4,"turns":1},{"damage":3,"enemies":"Exordium Wildlife","floor":5,"turns":3},{"damage":38,"enemies":"3 Sentries","floor":6,"turns":7},{"damage":8,"enemies":"Large Slime","floor":7,"turns":5},{"damage":10,"enemies":"Looter","floor":12,"turns":3},{"damage":26,"enemies":"Gremlin Nob","floor":13,"turns":5},{"damage":0,"enemies":"2 Fungi Beasts","floor":14,"turns":3},{"damage":71,"enemies":"Hexaghost","floor":16,"turns":14}],"seed_played":"6626206232567396494","potions_obtained":[{"floor":1,"key":"hexamod:SoulburnPotion"},{"floor":2,"key":"conspire:TimeTravelPotion"},{"floor":2,"key":"Milkshake"},{"floor":13,"key":"Death Potion"}],"is_trial":false,"path_per_floor":["M","?","M","M","M","E","M","R","T","E","R","M","E","M","R","B"],"character_chosen":"DEFECT","items_purchased":[],"campfire_rested":3,"item_purchase_floors":[],"current_hp_per_floor":[75,75,75,75,72,34,26,48,48,48,70,61,43,44,66,0,0],"gold":254,"neow_bonus":"THREE_ENEMY_KILL","is_daily":false,"chose_seed":false,"campfire_upgraded":0,"win_rate":0.0,"timestamp":1612490622,"path_taken":["M","?","M","M","?","E","?","R","T","E","R","M","E","M","R","BOSS"],"items_purchased_type":[],"build_version":"2020-12-22","purchased_purges":0,"victory":false,"max_hp_per_floor":[75,75,75,75,75,75,75,75,75,75,75,75,75,75,75,75,75],"card_choices":[{"not_picked":["Hologram","Streamline"],"picked":"Sweeping Beam","floor":1},{"not_picked":["Coolheaded","Multi-Cast"],"picked":"Redo","floor":3},{"not_picked":["Redo","Gash"],"picked":"Beam Cell","floor":4},{"not_picked":["Stack","Barrage"],"picked":"BasicCrystalCard","floor":5},{"not_picked":["Ball Lightning","BasicCrystalCard"],"picked":"Fusion","floor":6},{"not_picked":["Leap","Doom and Gloom"],"picked":"Coolheaded","floor":7},{"not_picked":["Compile Driver","Beam Cell"],"picked":"Leap","floor":12},{"not_picked":["Gash","Heatsinks"],"picked":"Panic Button","floor":13},{"not_picked":["conspire:Rain","Sweeping Beam","ReplayRNGCard"],"picked":"SKIP","floor":14}],"player_experience":350240,"relics_obtained":[{"floor":1,"key":"LetterFromLob"},{"floor":6,"key":"hubris:TinFlute"},{"floor":9,"key":"reliquary:PurpleTingedLeaf"},{"floor":13,"key":"DemoMod:NanoMachines"}],"event_choices":[{"damage_healed":0,"gold_gain":0,"player_choice":"Bought 2 Potions","damage_taken":0,"max_hp_gain":0,"max_hp_loss":0,"event_name":"The Woman in Blue","floor":2,"gold_loss":0}],"is_beta":false,"boss_relics":[],"items_purged_floors":[],"is_endless":false,"potions_floor_spawned":[1,7,13,14],"killed_by":"Hexaghost","ascension_level":0}}