{"host":"tq11g1xvjhf4r9h6","time":1612510106,"event":{"mods":["2.2 Compatiblity","BaseMod","Colored Powertips","Communication Mod","DeckTracker","Minty Spire (QoL Compilation)","Permanent Neow","Quick Restart","Rare Cards Sparkle","Relic Stats","StSLib","Unknown Chances","everything is the same but u backflip on backflip"],"gold_per_floor":[110,110,25,94,144,144,5,130,156,206,224,224,224],"floor_reached":12,"language":"KOR","playtime":277,"items_purged":[],"score":132,"play_id":"45dbe967-c814-45c5-b273-94a1f1905eb9","local_time":"20210205162826","is_ascension_mode":true,"campfire_choices":[{"data":"Hologram","floor":6,"key":"SMITH"}],"circlet_count":0,"master_deck":["AscendersBane","Strike_B","Defend_B","Defend_B","Defend_B","Zap","Dualcast","Hologram+1","Capacitor","Coolheaded","Melter","All For One","Gash"],"relics":["Empty Cage","SsserpentHead","Regal Pillow"],"acts_visited":["Exordium"],"potions_floor_usage":[],"damage_taken":[{"damage":4,"enemies":"Jaw Worm","floor":1,"turns":4},{"damage":8,"enemies":"Cultist","floor":4,"turns":5},{"damage":6,"enemies":"Small Slimes","floor":11,"turns":7},{"damage":0,"enemies":"Lagavulin","floor":12,"turns":3}],"seed_played":"-5493783885852895902","potions_obtained":[{"floor":1,"key":"Energy Potion"}],"is_trial":false,"path_per_floor":["M","?","$","M","?","R","$","?","T","?","M","E"],"character_chosen":"DEFECT","items_purchased":["Capacitor","Coolheaded","Melter"],"campfire_rested":0,"item_purchase_floors":[3,7,7],"current_hp_per_floor":[60,60,60,52,45,45,45,34,34,34,28,28,28],"gold":224,"neow_bonus":"BOSS_RELIC","is_daily":false,"chose_seed":false,"campfire_upgraded":1,"win_rate":0.0,"timestamp":1612510106,"path_taken":["M","?","$","?","?","R","$","?","T","?","M","E"],"items_purchased_type":["Card","Card","Card"],"build_version":"2020-12-22","purchased_purges":0,"victory":false,"max_hp_per_floor":[71,71,71,71,71,71,71,71,71,71,71,71,71],"relic_stats":{"SsserpentHead":200,"Regal Pillow":0,"counters":[4,19],"obtain_stats":[{"SsserpentHead":2,"Regal Pillow":9,"Cracked Core":0,"Empty Cage":0},{"SsserpentHead":1,"Regal Pillow":2,"Cracked Core":0,"Empty Cage":0},{"SsserpentHead":4,"Regal Pillow":9,"Cracked Core":0,"Empty Cage":0}]},"card_choices":[{"not_picked":["Undo","Gash"],"picked":"Hologram","floor":1},{"not_picked":["Stack","Capacitor","Darkness"],"picked":"SKIP","floor":4},{"not_picked":["Blizzard","Beam Cell"],"picked":"Gash","floor":11}],"player_experience":350077,"relics_obtained":[{"floor":9,"key":"Regal Pillow"}],"event_choices":[{"damage_healed":0,"gold_gain":0,"player_choice":"Trade","damage_taken":0,"relics_obtained":["SsserpentHead"],"max_hp_gain":0,"max_hp_loss":0,"event_name":"FaceTrader","floor":2,"gold_loss":0},{"cards_removed":["Strike_B"],"damage_healed":0,"gold_gain":0,"player_choice":"Card Removal","damage_taken":7,"max_hp_gain":0,"max_hp_loss":0,"event_name":"Golden Wing","floor":5,"gold_loss":0},{"damage_healed":0,"gold_gain":75,"player_choice":"Gather Gold","damage_taken":11,"max_hp_gain":0,"max_hp_loss":0,"event_name":"World of Goop","floor":8,"gold_loss":0},{"damage_healed":0,"gold_gain":0,"cards_transformed":["Strike_B"],"player_choice":"Change","damage_taken":0,"max_hp_gain":0,"max_hp_loss":0,"event_name":"Living Wall","floor":10,"gold_loss":0,"cards_obtained":["All For One"]}],"is_beta":false,"boss_relics":[],"items_purged_floors":[],"is_endless":false,"potions_floor_spawned":[1],"killed_by":"Lagavulin","ascension_level":20}}