{"host":"10b2ljh1rg6srmxa","time":1612546091,"event":{"mods":["AchievementEnabler","BaseMod","Better Third Choice","Colored Map","Colored Powertips","Conspire","Downfall","Googly Eyes","Highlight Path","Hubris","Infinite Spire","Minty Spire (QoL Compilation)","Replay The Spire","StSLib","The Animator","The Wild Card","everything is the same but u backflip on backflip"],"gold_per_floor":[114,114,137,137,149,6,29,41,41,41,41,41,58,90,103,203,203,307,307,320,367,466,151,151,151,194,194,194,214,269,284,284,309,329,329,329,433,433,443,413,431,448,83,83,83,83,83,83,83,83,83,93,93,93,93,93,93,41,75,75],"floor_reached":61,"language":"ENG","playtime":6288,"items_purged":["animator:Ainz"],"score":1496,"play_id":"ef8e75cd-9200-4906-a692-cf5fb873ef51","local_time":"20210205182811","is_ascension_mode":true,"campfire_choices":[{"floor":17,"key":"REST"},{"data":"animator:Lelouch","floor":25,"key":"SMITH"},{"floor":36,"key":"REST"},{"data":"animator:Shalltear","floor":44,"key":"SMITH"},{"floor":46,"key":"REST"},{"floor":48,"key":"RECALL"},{"data":"ReplayTheSpireMod:Chaos Vortex","floor":56,"key":"SMITH"}],"circlet_count":0,"master_deck":["animator:Strike_GATE","animator:Defend_GATE+1","animator:Strike","animator:Strike","animator:Defend","animator:Defend+1","animator:Defend+1","animator:TukaLunaMarceau","animator:Kuribayashi","animator:Lelouch+1","animator:Entoma+16","animator:Shuna","animator:NarberalGamma","animator:Arpeggio","animator:Rimuru","animator:Shalltear+1","animator:PandorasActor","animator:Millim+3","animator:Darkness+1","animator:Cocytus","animator:Kaijin","ReplayTheSpireMod:Chaos Vortex+1","animator:Arpeggio"],"relics":["animator:LivingPicture","animator:ColorlessFragment","animator:PurgingStone","Vajra","infinitespire:WardingShard","hubris:TerracottaHorce","Bag of Marbles","hubris:Towel","MealTicket","infinitespire:Lucky Rock","hubris:EmptyBottle","hubris:ScarierMask","Oddly Smooth Stone","Potion Belt","conspire:SpecialSausage","War Paint","Strawberry","hubris:Icosahedron","Replay:Accelerometer","animator:OldCoffin","Bottled Flame"],"acts_visited":["Exordium","TheCity","TheBeyond","TheEnding"],"potions_floor_usage":[8,14,18,37,37,54,54,60,60,60,60,60,60,60,60],"damage_taken":[{"damage":0,"enemies":"Small Slimes","floor":1,"turns":3},{"damage":12,"enemies":"Jaw Worm","floor":3,"turns":4},{"damage":0,"enemies":"conspire:RoseBush","floor":5,"turns":3},{"damage":0,"enemies":"Exordium Thugs","floor":7,"turns":6},{"damage":2,"enemies":"2 Fungi Beasts","floor":8,"turns":6},{"damage":0,"enemies":"Large Slime","floor":13,"turns":5},{"damage":3,"enemies":"Lagavulin","floor":14,"turns":9},{"damage":8,"enemies":"Lots of Slimes","floor":15,"turns":3},{"damage":23,"enemies":"Hexaghost","floor":18,"turns":12},{"damage":0,"enemies":"Chosen","floor":20,"turns":7},{"damage":5,"enemies":"2 Thieves","floor":21,"turns":4},{"damage":12,"enemies":"Book of Stabbing","floor":26,"turns":5},{"damage":0,"enemies":"Cultist and Chosen","floor":29,"turns":5},{"damage":3,"enemies":"Centurion and Healer","floor":31,"turns":6},{"damage":16,"enemies":"conspire:SneckoGhost","floor":33,"turns":8},{"damage":2,"enemies":"Snake Plant","floor":34,"turns":3},{"damage":44,"enemies":"hubris:MusketHawk","floor":37,"turns":8},{"damage":0,"enemies":"3 Shapes","floor":39,"turns":5},{"damage":14,"enemies":"3 Darklings","floor":41,"turns":3},{"damage":21,"enemies":"Maw","floor":42,"turns":9},{"damage":7,"enemies":"4 Shapes","floor":52,"turns":4},{"damage":0,"enemies":"hubris:GrandSnecko","floor":54,"turns":12},{"damage":10,"enemies":"Shield and Spear","floor":59,"turns":4},{"damage":18,"enemies":"The Heart","floor":60,"turns":11}],"seed_played":"-2191115900647234347","potions_obtained":[{"floor":2,"key":"Cursed Concoction"},{"floor":2,"key":"Toxic Potion"},{"floor":2,"key":"ColorlessPotion"},{"floor":5,"key":"Dexterity Potion"},{"floor":15,"key":"Dexterity Potion"},{"floor":20,"key":"bronze:BurnAndBuffPotion"},{"floor":33,"key":"SpeedPotion"},{"floor":34,"key":"AttackPotion"},{"floor":37,"key":"Cursed Concoction"},{"floor":40,"key":"DuplicationPotion"},{"floor":40,"key":"LiquidMemories"},{"floor":42,"key":"PowerPotion"},{"floor":52,"key":"Weak Potion"}],"is_trial":false,"path_per_floor":["M","?","M","$","M","$","M","M","T","?","PTL","PTL","M","E","M","?","R","B",null,"M","M","?","$","?","R","E","PTL","PTL","M","T","M","AVR","E","M","?","R_BF","B",null,"M","?","M","M","$","R","?","R","T","R","AVR","?","$","M","R_BF","B",null,"R","??","$","E","B",null],"character_chosen":"THE_ANIMATOR","items_purchased":["Vajra","Bag of Marbles","animator:ColorlessFragment","War Paint","Strawberry","animator:Millim"],"campfire_rested":3,"item_purchase_floors":[6,23,23,43,43,58],"current_hp_per_floor":[48,48,38,38,38,38,40,40,40,33,33,33,36,33,27,27,50,27,65,67,64,64,64,64,64,52,52,52,54,54,51,51,35,33,33,57,13,66,66,66,53,34,56,56,56,83,83,83,83,60,75,70,95,95,95,95,95,95,87,69],"gold":75,"neow_bonus":"RANDOM_COLORLESS_2","is_daily":false,"chose_seed":false,"campfire_upgraded":3,"win_rate":0.0,"timestamp":1612546091,"path_taken":["M","?","M","?","M","$","M","?","T","?","PTL","PTL","M","E","M","?","R","BOSS","M","?","?","?","?","R","E","PTL","PTL","M","T","M","AVR","E","?","?","R_BF","BOSS","M","?","?","M","$","R","?","R","T","R","AVR","?","?","M","R_BF","BOSS","R","??","$","E","BOSS"],"items_purchased_type":["Relic","Relic","Relic","Relic","Relic","Card"],"build_version":"2020-12-22","purchased_purges":1,"victory":true,"max_hp_per_floor":[66,66,68,68,68,68,70,72,72,72,72,72,75,75,77,77,77,77,77,79,81,81,81,81,81,81,81,81,83,83,83,83,83,83,83,83,83,83,83,83,84,86,93,93,93,93,93,93,93,93,93,95,95,95,95,95,95,95,97,97],"card_choices":[{"not_picked":["animator:KotoriKanbe","animator:HououinKyouma"],"picked":"animator:Lelouch","floor":0},{"not_picked":["animator:Melzalgald","animator:Tet"],"picked":"animator:Entoma","floor":1},{"not_picked":["animator:Viivi","animator:SilverFang"],"picked":"animator:Shuna","floor":3},{"not_picked":["animator:ChlammyZell","animator:MumenRider"],"picked":"animator:NarberalGamma","floor":5},{"not_picked":["animator:RoryMercury","animator:LeleiLaLalena"],"picked":"animator:Arpeggio","floor":7},{"not_picked":["animator:Tyuule","animator:Ara","animator:Vanir"],"picked":"SKIP","floor":8},{"not_picked":["animator:MetalKnight","animator:Hakurou"],"picked":"animator:Rimuru","floor":13},{"not_picked":["animator:Demiurge","animator:IzunaHatsuse"],"picked":"animator:Shalltear","floor":14},{"not_picked":["animator:Envy","animator:Greed"],"picked":"animator:Ainz","floor":18},{"not_picked":["animator:TukaLunaMarceau","animator:ChlammyZell"],"picked":"animator:PandorasActor","floor":20},{"not_picked":["animator:Aisha","animator:LizardPriest","animator:Kuribayashi"],"picked":"SKIP","floor":21},{"not_picked":["animator:Shion","animator:Gillette"],"picked":"animator:Millim","floor":26},{"not_picked":["animator:Evileye","animator:Jibril","animator:Bozes"],"picked":"SKIP","floor":29},{"not_picked":["animator:Vanir","animator:MetalKnight+1"],"picked":"animator:Darkness+1","floor":31},{"not_picked":["animator:Sebas+1","animator:Priestess"],"picked":"animator:Cocytus","floor":33},{"not_picked":["animator:Aqua","animator:ElricEdward"],"picked":"animator:Millim+1","floor":34},{"not_picked":["animator:Demiurge","animator:Gillette+1"],"picked":"animator:Entoma+1","floor":39},{"not_picked":["animator:Demiurge+1","animator:ElricAlphonse"],"picked":"animator:Kaijin","floor":41},{"not_picked":["animator:Lu+1","animator:Sonic+1"],"picked":"animator:Entoma+1","floor":42},{"not_picked":["hubris:Rewind","infinitespire:Starlight"],"picked":"ReplayTheSpireMod:Chaos Vortex","floor":50},{"not_picked":["animator:LizardPriest","animator:WinryRockbell","animator:AcuraAkari"],"picked":"SKIP","floor":52},{"not_picked":["animator:SwordMaiden","animator:Evileye"],"picked":"animator:Arpeggio","floor":59}],"player_experience":368367,"relics_obtained":[{"floor":14,"key":"infinitespire:WardingShard"},{"floor":26,"key":"MealTicket"},{"floor":30,"key":"infinitespire:Lucky Rock"},{"floor":33,"key":"Oddly Smooth Stone"},{"floor":47,"key":"Replay:Accelerometer"},{"floor":59,"key":"Bottled Flame"}],"event_choices":[{"damage_healed":0,"gold_gain":0,"player_choice":"Got Potions","damage_taken":0,"max_hp_gain":0,"max_hp_loss":0,"event_name":"Lab","floor":2,"gold_loss":0},{"cards_removed":["animator:Strike"],"damage_healed":0,"gold_gain":0,"player_choice":"Card Removal","damage_taken":7,"max_hp_gain":0,"max_hp_loss":0,"event_name":"Golden Wing","floor":10,"gold_loss":0},{"damage_healed":0,"gold_gain":100,"player_choice":"Pray","damage_taken":0,"max_hp_gain":0,"max_hp_loss":0,"event_name":"Golden Shrine","floor":16,"gold_loss":0},{"damage_healed":0,"gold_gain":99,"player_choice":"Steal","damage_taken":0,"max_hp_gain":0,"max_hp_loss":0,"event_name":"betterThird:BetterNest","floor":22,"gold_loss":0},{"damage_healed":0,"gold_gain":0,"player_choice":"Opened","damage_taken":0,"relics_obtained":["Potion Belt"],"max_hp_gain":0,"max_hp_loss":0,"event_name":"The Mausoleum","floor":35,"gold_loss":0},{"damage_healed":0,"gold_gain":0,"player_choice":"Bought 2 Potions","damage_taken":0,"max_hp_gain":0,"max_hp_loss":0,"event_name":"The Woman in Blue","floor":40,"gold_loss":0}],"is_beta":false,"boss_relics":[{"not_picked":["hubris:Stopwatch","animator:CursedBlade"],"picked":"hubris:TerracottaHorce"},{"not_picked":["conspire:SeveredTorchhead","Replay:Ancient Bell"],"picked":"conspire:SpecialSausage"}],"items_purged_floors":[43],"is_endless":false,"potions_floor_spawned":[5,7,13,15,20,33,34,37,42,52,59],"ascension_level":5}}