{"host":"9bcvatsnbq1a3xq4","time":1612558480,"event":{"mods":["BaseMod","Bestiary","Block Reminder","Highlight Path","Minty Spire (QoL Compilation)","Relic Stats"],"gold_per_floor":[116,136,152,152,167,167,196,196,196,213,213,223,242,255,255,329,329,342,65,65,80,80,80,115,130,154,154,154],"floor_reached":27,"language":"ENG","playtime":1236,"items_purged":["Strike_B"],"score":474,"play_id":"7a1fa8a3-ef60-4098-9073-0511291cdeaa","local_time":"20210205215440","is_ascension_mode":true,"campfire_choices":[{"data":"Loop","floor":6,"key":"SMITH"},{"floor":8,"key":"REST"},{"floor":15,"key":"REST"},{"floor":23,"key":"REST"}],"circlet_count":0,"master_deck":["AscendersBane","Strike_B","Strike_B","Strike_B","Defend_B","Defend_B","Defend_B","Defend_B","Zap","Dualcast","Loop+1","Storm","Stack","Rainbow","Beam Cell","Cold Snap","Steam+1","Core Surge","Barrage","Consume+1","Sweeping Beam","Decay","Chaos+1","Chaos+1"],"relics":["Busted Crown","DataDisk","Toxic Egg 2","Inserter","Frozen Eye","Torii","PreservedInsect"],"acts_visited":["Exordium","TheCity"],"potions_floor_usage":[7,7,16,24,24,25],"damage_taken":[{"damage":6,"enemies":"Small Slimes","floor":1,"turns":4},{"damage":0,"enemies":"2 Louse","floor":2,"turns":2},{"damage":9,"enemies":"Jaw Worm","floor":3,"turns":4},{"damage":8,"enemies":"3 Louse","floor":5,"turns":4},{"damage":28,"enemies":"Gremlin Nob","floor":7,"turns":4},{"damage":14,"enemies":"Large Slime","floor":10,"turns":6},{"damage":8,"enemies":"Blue Slaver","floor":12,"turns":3},{"damage":13,"enemies":"3 Louse","floor":13,"turns":4},{"damage":13,"enemies":"2 Fungi Beasts","floor":14,"turns":3},{"damage":9,"enemies":"Hexaghost","floor":16,"turns":9},{"damage":37,"enemies":"Chosen","floor":18,"turns":7},{"damage":1,"enemies":"Spheric Guardian","floor":21,"turns":4},{"damage":30,"enemies":"Book of Stabbing","floor":24,"turns":6},{"damage":1,"enemies":"Snecko","floor":25,"turns":5},{"damage":19,"enemies":"Gremlin Leader","floor":27,"turns":2}],"seed_played":"7987222109413813636","potions_obtained":[{"floor":1,"key":"SpeedPotion"},{"floor":2,"key":"Fire Potion"},{"floor":12,"key":"Energy Potion"},{"floor":13,"key":"SpeedPotion"},{"floor":14,"key":"Weak Potion"},{"floor":18,"key":"AttackPotion"},{"floor":24,"key":"PowerPotion"}],"is_trial":false,"path_per_floor":["M","M","M","?","M","R","E","R","T","M","?","M","M","M","R","B",null,"M","$","?","M","?","R","E","M","T","E"],"character_chosen":"DEFECT","items_purchased":["Consume+1","Frozen Eye"],"campfire_rested":3,"item_purchase_floors":[19,19],"current_hp_per_floor":[58,58,49,49,41,41,13,34,34,20,43,35,22,9,30,21,59,22,22,22,21,21,42,12,11,11,0,0],"gold":154,"neow_bonus":"BOSS_RELIC","is_daily":false,"chose_seed":false,"campfire_upgraded":1,"win_rate":0.0,"timestamp":1612558480,"path_taken":["M","M","M","?","M","R","E","R","T","M","?","?","M","M","R","BOSS","M","$","?","M","?","R","E","M","T","E"],"items_purchased_type":["Card","Relic"],"build_version":"2020-12-22","purchased_purges":1,"victory":false,"max_hp_per_floor":[71,71,71,71,71,71,71,71,71,71,71,71,71,71,71,71,71,71,71,71,71,71,71,71,71,71,71,71],"relic_stats":{"Busted Crown":28,"Inserter":[12],"Torii":0,"counters":[15,65],"PreservedInsect":47,"obtain_stats":[{"Frozen Eye":19,"DataDisk":7,"Busted Crown":0,"Inserter":17,"Torii":24,"PreservedInsect":26,"Toxic Egg 2":9,"Cracked Core":0},{"Frozen Eye":11,"DataDisk":5,"Busted Crown":0,"Inserter":10,"Torii":13,"PreservedInsect":14,"Toxic Egg 2":5,"Cracked Core":0},{"Frozen Eye":48,"DataDisk":18,"Busted Crown":0,"Inserter":41,"Torii":58,"PreservedInsect":63,"Toxic Egg 2":18,"Cracked Core":0}]},"card_choices":[{"not_picked":[],"picked":"Loop","floor":1},{"not_picked":[],"picked":"Storm","floor":2},{"not_picked":["Hologram"],"picked":"SKIP","floor":3},{"not_picked":[],"picked":"Stack","floor":5},{"not_picked":[],"picked":"Rainbow","floor":7},{"not_picked":[],"picked":"Beam Cell","floor":10},{"not_picked":[],"picked":"Cold Snap","floor":12},{"not_picked":[],"picked":"Steam+1","floor":13},{"not_picked":["Beam Cell"],"picked":"SKIP","floor":14},{"not_picked":[],"picked":"Core Surge","floor":16},{"not_picked":[],"picked":"Barrage","floor":18},{"not_picked":[],"picked":"Sweeping Beam","floor":21},{"not_picked":[],"picked":"Chaos+1","floor":24},{"not_picked":[],"picked":"Chaos+1","floor":25}],"player_experience":780961,"relics_obtained":[{"floor":7,"key":"DataDisk"},{"floor":9,"key":"Toxic Egg 2"},{"floor":24,"key":"Torii"},{"floor":26,"key":"PreservedInsect"}],"event_choices":[{"damage_healed":0,"gold_gain":0,"player_choice":"Ignored","damage_taken":0,"max_hp_gain":0,"max_hp_loss":0,"event_name":"Liars Game","floor":4,"gold_loss":0},{"damage_healed":23,"gold_gain":0,"player_choice":"Banana","damage_taken":0,"max_hp_gain":0,"max_hp_loss":0,"event_name":"Big Fish","floor":11,"gold_loss":0},{"damage_healed":0,"gold_gain":0,"player_choice":"Ignored","damage_taken":0,"max_hp_gain":0,"max_hp_loss":0,"event_name":"Cursed Tome","floor":20,"gold_loss":0},{"damage_healed":0,"gold_gain":0,"player_choice":"Smashed Altar","damage_taken":0,"max_hp_gain":0,"max_hp_loss":0,"event_name":"Forgotten Altar","floor":22,"gold_loss":0,"cards_obtained":["Decay"]}],"is_beta":false,"boss_relics":[{"not_picked":["Ectoplasm","Philosopher\u0027s Stone"],"picked":"Inserter"}],"items_purged_floors":[19],"is_endless":false,"potions_floor_spawned":[1,2,12,13,14,18,24],"killed_by":"Gremlin Leader","ascension_level":20}}