{"host":"i9z6y8pcdeu2qxnx","time":1612492374,"event":{"mods":["BaseMod","Colored Map","Googly Eyes","Highlight Path","Minty Spire (QoL Compilation)","Replay The Spire","StSLib"],"gold_per_floor":[115,115,128,41,60,60,86,151,176,196,196,206,28,38,38,136,136,147,21,34,34,34,34,44,54,136,166,166,186,186,203,203,303,303,322,336,354,354,404,404,437,95,119,173,191,191,203,218,218,218],"floor_reached":51,"language":"ENG","playtime":3833,"items_purged":[],"score":951,"play_id":"8bb5e82d-af49-4f8b-9df5-3711f3a7d753","local_time":"20210204213254","daily_mods":["Cursed Run","Uncertain Future","DeadlyEvents"],"is_ascension_mode":false,"campfire_choices":[{"data":"Zap","floor":6.0,"key":"SMITH"},{"data":"Streamline","floor":11.0,"key":"SMITH"},{"data":"Stack","floor":15.0,"key":"SMITH"},{"data":"Double Energy","floor":23.0,"key":"SMITH"},{"data":"Seek","floor":28.0,"key":"SMITH"},{"data":"Crystallizer","floor":32.0,"key":"SMITH"},{"data":"Streamline","floor":40,"key":"SMITH"},{"data":"Storm","floor":46,"key":"SMITH"},{"data":"Static Discharge","floor":49,"key":"SMITH"}],"circlet_count":0,"master_deck":["Strike_B","Strike_B","Strike_B","Strike_B","Defend_B","Defend_B","Defend_B","Defend_B","Zap+1","Dualcast","Cold Snap+1","Delirium","Streamline+1","Static Discharge+1","Rebound","BootSequence","Gash","Doubt","Redo","Languid","BasicCrystalCard","FIFO Queue","Stack+1","Barrage","Sunder+1","Melter","Regret","Core Surge","Cold Snap+1","Double Energy+1","Streamline+1","Decay","Steam","Storm+1","Hallucinations","Seek+1","Crystallizer+1","CommonCold","Aggregate","ReplayTheSpireMod:Doomed","Machine Learning","Writhe","ReplayTheSpireMod:Splinters","Clumsy","Sweeping Beam+1","Ball Lightning","Writhe","Compile Driver","ReplayTheSpireMod:Faulty Equipment","Pot Of Greed","Pot Of Greed","Pot Of Greed","Pot Of Greed","Pot Of Greed","Darkness+1","Fusion+1","Aggregate","Decay"],"relics":["Cursed Key","Darkstone Periapt","Du-Vu Doll","Ring of Misfortune","ReplayTheSpireMod:Ring of Addiction","Toy Ornithopter","SacredBark","Art of War","Centennial Puzzle","Bronze Scales","Black Star","MutagenicStrength","HornCleat","Garlic","FossilizedHelix","Lantern","Replay:Ancient Bell","Bag of Preparation","Mummified Hand","Dead Branch","Calipers","Regal Pillow","Singing Bowl","Toolbox","Whetstone","Grinning Jar","Emotion Chip"],"acts_visited":["Exordium","TheCity","TheBeyond"],"potions_floor_usage":[37,44,47,50,50,50,50],"damage_taken":[{"damage":2.0,"enemies":"2 Louse","floor":1.0,"turns":3.0},{"damage":1.0,"enemies":"Jaw Worm","floor":3.0,"turns":3.0},{"damage":0.0,"enemies":"Small Slimes","floor":5.0,"turns":3.0},{"damage":8.0,"enemies":"Replay:BlueRogue","floor":7.0,"turns":5.0},{"damage":0.0,"enemies":"Gremlin Gang","floor":10.0,"turns":1.0},{"damage":0.0,"enemies":"Exordium Wildlife","floor":12.0,"turns":3.0},{"damage":0.0,"enemies":"3 Louse","floor":14.0,"turns":2.0},{"damage":16.0,"enemies":"Hexaghost","floor":16.0,"turns":6.0},{"damage":0.0,"enemies":"Shell Parasite","floor":18.0,"turns":2.0},{"damage":3.0,"enemies":"2 Thieves","floor":20.0,"turns":3.0},{"damage":0.0,"enemies":"Snake Plant","floor":24.0,"turns":2.0},{"damage":6.0,"enemies":"Centurion and Healer","floor":25.0,"turns":3.0},{"damage":17.0,"enemies":"Slavers","floor":27.0,"turns":4.0},{"damage":0.0,"enemies":"3 Cultists","floor":29.0,"turns":5.0},{"damage":0.0,"enemies":"Chosen and Byrds","floor":31.0,"turns":3.0},{"damage":29.0,"enemies":"Collector","floor":33.0,"turns":10.0},{"damage":0,"enemies":"3 Shapes","floor":35,"turns":3},{"damage":0,"enemies":"3 Darklings","floor":36,"turns":2},{"damage":21,"enemies":"Spire Growth","floor":37,"turns":3},{"damage":0,"enemies":"Mind Bloom Boss Battle","floor":39,"turns":3},{"damage":0,"enemies":"Nemesis","floor":41,"turns":3},{"damage":0,"enemies":"2 Orb Walkers","floor":44,"turns":3},{"damage":0,"enemies":"Sphere and 2 Shapes","floor":45,"turns":2},{"damage":0,"enemies":"Transient","floor":47,"turns":5},{"damage":0,"enemies":"4 Shapes","floor":48,"turns":3},{"damage":41,"enemies":"Awakened One","floor":50,"turns":6}],"seed_played":"9071410207048490944","potions_obtained":[{"floor":2.0,"key":"Swift Potion"},{"floor":2.0,"key":"PowerPotion"},{"floor":2.0,"key":"GamblersBrew"},{"floor":3.0,"key":"BlessingOfTheForge"},{"floor":5.0,"key":"Toxic Potion"},{"floor":8.0,"key":"LiquidMemories"},{"floor":25.0,"key":"Energy Potion"},{"floor":29.0,"key":"Toxic Potion"},{"floor":31.0,"key":"Doom Potion"},{"floor":35,"key":"GamblersBrew"},{"floor":36,"key":"Flashbang"},{"floor":41,"key":"Doom Potion"},{"floor":48,"key":"FearPotion"}],"is_trial":true,"path_per_floor":["M","?","M","$","M","R","E","?","T","M","R","M","$","M","R","B",null,"M","$","M","?","?","R","M","M","T","E","R","M","T","M","R","B",null,"M","M","M","?","?","R","E","$","T","?","M","R","M","M","R","B",null],"character_chosen":"DEFECT","items_purchased":["Static Discharge","Rebound","Stack","Barrage","Sunder","SteroidPotion","Double Energy","Toolbox","Whetstone","Energy Potion"],"campfire_rested":0,"item_purchase_floors":[4,4,13,13,13,19,19,42,42,42],"current_hp_per_floor":[73,79,78,78,81,81,73,79,85,90,90,90,90,89,89,79,95,95,95,90,96,96,96,97,91,97,85,85,85,91,91,91,78,131,131,131,108,135,135,135,135,135,141,139,139,139,141,141,141,111],"gold":218,"neow_bonus":"","is_daily":false,"chose_seed":false,"campfire_upgraded":9,"win_rate":0.0,"timestamp":1612492374,"path_taken":["M","?","M","$","M","R","E","?","T","M","R","M","?","M","R","BOSS","M","$","M","?","?","R","M","M","T","E","R","M","?","M","R","BOSS","M","M","M","?","?","R","E","$","T","?","M","R","M","M","R","BOSS"],"items_purchased_type":["Card","Card","Card","Card","Card","Potion","Card","Relic","Relic","Potion"],"build_version":"2020-12-22","purchased_purges":0,"victory":true,"max_hp_per_floor":[75,81,81,81,81,81,81,87,91,91,91,91,91,89,89,95,95,95,95,93,99,99,97,97,97,103,103,103,103,109,107,107,113,131,131,131,129,135,135,135,135,135,141,139,139,139,141,141,141,147],"card_choices":[{"not_picked":["Leap","ReplayTheSpireMod:System Scan"],"picked":"Cold Snap","floor":1.0},{"not_picked":["ReplaySort","Crystallizer"],"picked":"Streamline","floor":3.0},{"not_picked":["Panic Button","Coolheaded"],"picked":"BootSequence","floor":5.0},{"not_picked":["Reprogram","Cold Snap"],"picked":"Gash","floor":7.0},{"not_picked":["ReplayTheSpireMod:Reroute Power","Cold Snap"],"picked":"Redo","floor":8.0},{"not_picked":["Rebound","Panic Button"],"picked":"BasicCrystalCard","floor":10.0},{"not_picked":["Genetic Algorithm","BasicCrystalCard"],"picked":"FIFO Queue","floor":12.0},{"not_picked":["Lockon","Gash"],"picked":"Melter","floor":14.0},{"not_picked":["Fission","ReplayRNGCard"],"picked":"Core Surge","floor":16.0},{"not_picked":["Steam+1","Gash"],"picked":"Cold Snap+1","floor":18.0},{"not_picked":["Beam Cell+1","Leap"],"picked":"Streamline","floor":20.0},{"not_picked":["Reprogram","Rebound"],"picked":"Steam","floor":24.0},{"not_picked":["ReplayGash","Go for the Eyes+1"],"picked":"Storm","floor":25.0},{"not_picked":["Compile Driver","Barrage"],"picked":"Seek","floor":27.0},{"not_picked":["Steam Power","Coolheaded"],"picked":"Crystallizer","floor":29.0},{"not_picked":["Cold Snap+1","Panic Button"],"picked":"Aggregate","floor":31.0},{"not_picked":["Seek","Biased Cognition"],"picked":"Machine Learning","floor":33.0},{"not_picked":["ReplayTheSpireMod:Restless Dread","Replay:Hysterical Blindness"],"picked":"Writhe","floor":34},{"not_picked":["Sickly","Spreading Infection"],"picked":"ReplayTheSpireMod:Splinters","floor":34},{"not_picked":["ReplayTheSpireMod:Faulty Equipment","Languid"],"picked":"Clumsy","floor":34},{"not_picked":["Chill","Scrape"],"picked":"Sweeping Beam+1","floor":35},{"not_picked":["Barrage","ReplayTheSpireMod:System Scan"],"picked":"Ball Lightning","floor":36},{"not_picked":["ReplayTheSpireMod:GoodbyeWorld","Cold Snap","Reprogram"],"picked":"SKIP","floor":37},{"not_picked":["Blizzard+1","Steam Power+1"],"picked":"Compile Driver","floor":39},{"not_picked":["Beam Cell","Tempest+1","Cold Snap"],"picked":"Singing Bowl","floor":41},{"not_picked":["BasicCrystalCard","Leap+1"],"picked":"Darkness+1","floor":44},{"not_picked":["Static Discharge","Coolheaded+1"],"picked":"Fusion+1","floor":45},{"not_picked":["Conserve Battery","Undo","BasicCrystalCard"],"picked":"Singing Bowl","floor":47},{"not_picked":["Coolheaded+1","Beam Cell"],"picked":"Aggregate","floor":48}],"player_experience":998572,"relics_obtained":[{"floor":2.0,"key":"Ring of Misfortune"},{"floor":2.0,"key":"ReplayTheSpireMod:Ring of Addiction"},{"floor":2.0,"key":"Toy Ornithopter"},{"floor":2.0,"key":"SacredBark"},{"floor":7.0,"key":"Art of War"},{"floor":8.0,"key":"Centennial Puzzle"},{"floor":9.0,"key":"Bronze Scales"},{"floor":26.0,"key":"HornCleat"},{"floor":27.0,"key":"Garlic"},{"floor":27.0,"key":"FossilizedHelix"},{"floor":30.0,"key":"Lantern"},{"floor":39,"key":"Calipers"},{"floor":41,"key":"Regal Pillow"},{"floor":41,"key":"Singing Bowl"},{"floor":43,"key":"Grinning Jar"},{"floor":44,"key":"Emotion Chip"}],"event_choices":[{"damage_healed":0.0,"max_hp_gain":0.0,"max_hp_loss":0.0,"gold_gain":0.0,"event_name":"Forgotten Altar","player_choice":"Smashed Altar","floor":21.0,"gold_loss":0.0,"damage_taken":0.0,"cards_obtained":["Decay"]},{"damage_healed":0.0,"max_hp_gain":0.0,"max_hp_loss":0.0,"gold_gain":0.0,"event_name":"Drug Dealer","player_choice":"Inject Mutagens","floor":22.0,"gold_loss":0.0,"damage_taken":0.0,"relics_obtained":["MutagenicStrength"]},{"damage_healed":32,"gold_gain":0,"player_choice":"Writhe","damage_taken":0,"max_hp_gain":0,"max_hp_loss":0,"event_name":"Winding Halls","floor":38,"gold_loss":0,"cards_obtained":["Writhe"]},{"damage_healed":0,"gold_gain":0,"player_choice":"Fight","damage_taken":0,"max_hp_gain":0,"max_hp_loss":0,"event_name":"MindBloom","floor":39,"gold_loss":0},{"damage_healed":0,"gold_gain":0,"player_choice":"Fight","damage_taken":0,"max_hp_gain":0,"max_hp_loss":0,"event_name":"Mysterious Sphere","floor":44,"gold_loss":0}],"is_beta":false,"boss_relics":[{"not_picked":["Velvet Choker","Ring of Chaos"],"picked":"Black Star"},{"not_picked":["Fusion Hammer","SlaversCollar"],"picked":"Replay:Ancient Bell"},{"not_picked":["Replay:Wax Seal","Blood Vial"],"picked":"Bag of Preparation"},{"not_picked":["Blue Candle","Toxic Egg 2"],"picked":"Mummified Hand"},{"not_picked":["TungstenRod","Bird Faced Urn"],"picked":"Dead Branch"}],"items_purged_floors":[],"is_endless":false,"potions_floor_spawned":[3,5,7,25,29,31,35,36,41,48],"ascension_level":0}}