{"host":"sc0o2qwpf9j16a4i","time":1612550645,"event":{"mods":["AchievementEnabler","BaseMod","BetterRewards","Block Reminder","Colored Map","Colored Powertips","Custom Start","Highlight Path","Minty Spire (QoL Compilation)","Relic Stats"],"gold_per_floor":[119,394,44,59,76,108,108,120,156,201,231,267,291,323,335,445,457,484,496,251,262,177,205,219,219,219,238,266,294,393,53,53,156,156,176,191,191,206,224,255,255,281,281,281,24,89,123,134,134,134],"floor_reached":51,"language":"ENG","playtime":2426,"items_purged":["Regret","Consecrate"],"score":1185,"play_id":"f27892fe-2b8c-446c-b039-3b36f05ff00d","local_time":"20210205204405","daily_mods":["Draft","Diverse","Terminal"],"is_ascension_mode":false,"campfire_choices":[{"data":"Apotheosis","floor":15,"key":"SMITH"},{"data":"Footwork","floor":25,"key":"SMITH"},{"data":"Seek","floor":32,"key":"SMITH"},{"floor":41,"key":"REST"},{"floor":44,"key":"REST"},{"floor":49,"key":"REST"}],"circlet_count":0,"master_deck":["Turbo","Self Repair","Sunder","PiercingWail","Iron Wave","Footwork+1","Flex","Clothesline+1","Calculated Gamble","Evaluate","Quick Slash","Spot Weakness","EmptyBody","Pommel Strike+1","PathToVictory","Apotheosis+1","ThirdEye","Dodge and Roll","Adrenaline","Skewer","Protect","Inflame","ReachHeaven","Seek+1","Shrug It Off","Bullet Time","Shockwave","ThirdEye","Aggregate","Wireheading","Protect","Bludgeon","Turbo+1","Wireheading","HandOfGreed","Crippling Poison","Predator","Acrobatics+1","Footwork","Protect","Flex+1","Heavy Blade+1","Nirvana","Reinforced Body","Force Field","Conserve Battery+1"],"relics":["Cracked Core","White Beast Statue","MawBank","Boot","Blood Vial","Odd Mushroom","Snecko Eye","Lee\u0027s Waffle","Lantern","Ancient Tea Set","Gambling Chip","Whetstone","Red Mask","Medical Kit","Fusion Hammer","Toy Ornithopter","Pen Nib","Turnip","Orrery","Ginger","Du-Vu Doll"],"acts_visited":["Exordium","TheCity","TheBeyond"],"potions_floor_usage":[5,11,16,18,23,23,27,29,29,33,36,40,46,46,46,46,50,50],"damage_taken":[{"damage":0,"enemies":"Cultist","floor":1,"turns":3},{"damage":0,"enemies":"Small Slimes","floor":4,"turns":3},{"damage":1,"enemies":"2 Louse","floor":5,"turns":2},{"damage":2,"enemies":"Lagavulin","floor":6,"turns":8},{"damage":0,"enemies":"3 Sentries","floor":10,"turns":6},{"damage":5,"enemies":"Exordium Wildlife","floor":11,"turns":3},{"damage":0,"enemies":"The Mushroom Lair","floor":12,"turns":3},{"damage":0,"enemies":"3 Louse","floor":13,"turns":2},{"damage":0,"enemies":"Lots of Slimes","floor":14,"turns":4},{"damage":0,"enemies":"The Guardian","floor":16,"turns":8},{"damage":5,"enemies":"3 Byrds","floor":18,"turns":4},{"damage":0,"enemies":"Chosen","floor":21,"turns":4},{"damage":0,"enemies":"Gremlin Leader","floor":23,"turns":6},{"damage":0,"enemies":"Snecko","floor":24,"turns":5},{"damage":0,"enemies":"Centurion and Healer","floor":27,"turns":4},{"damage":0,"enemies":"Book of Stabbing","floor":28,"turns":4},{"damage":6,"enemies":"Masked Bandits","floor":29,"turns":4},{"damage":0,"enemies":"Automaton","floor":33,"turns":9},{"damage":0,"enemies":"Orb Walker","floor":35,"turns":1},{"damage":0,"enemies":"3 Darklings","floor":36,"turns":4},{"damage":0,"enemies":"Spire Growth","floor":38,"turns":2},{"damage":0,"enemies":"Transient","floor":39,"turns":5},{"damage":0,"enemies":"Nemesis","floor":40,"turns":5},{"damage":2,"enemies":"Reptomancer","floor":42,"turns":6},{"damage":0,"enemies":"2 Orb Walkers","floor":46,"turns":5},{"damage":0,"enemies":"Nemesis","floor":47,"turns":5},{"damage":0,"enemies":"Sphere and 2 Shapes","floor":48,"turns":4},{"damage":0,"enemies":"Donu and Deca","floor":50,"turns":7}],"seed_played":"-1775025904773948343","potions_obtained":[{"floor":1,"key":"Swift Potion"},{"floor":10,"key":"Explosive Potion"},{"floor":11,"key":"FearPotion"},{"floor":12,"key":"Regen Potion"},{"floor":16,"key":"AttackPotion"},{"floor":18,"key":"EssenceOfDarkness"},{"floor":21,"key":"Swift Potion"},{"floor":23,"key":"Energy Potion"},{"floor":24,"key":"GamblersBrew"},{"floor":27,"key":"DistilledChaos"},{"floor":29,"key":"PowerPotion"},{"floor":33,"key":"SkillPotion"},{"floor":35,"key":"Block Potion"},{"floor":36,"key":"EntropicBrew"},{"floor":40,"key":"EssenceOfSteel"},{"floor":46,"key":"Ancient Potion"},{"floor":47,"key":"SteroidPotion"}],"is_trial":true,"path_per_floor":["M","?","$","M","M","E","T","$","T","E","M","?","M","M","R","B",null,"M","?","$","M","?","E","M","R","T","M","E","?","?","$","R","B",null,"M","M","?","M","M","E","R","E","T","R","$","?","E","M","R","B",null],"character_chosen":"DEFECT","items_purchased":["Apotheosis","CultistPotion","Lee\u0027s Waffle","Wireheading","Medical Kit","Protect","DistilledChaos","Orrery","Reinforced Body","Force Field"],"campfire_rested":3,"item_purchase_floors":[3,3,20,31,31,31,31,45,45,45],"current_hp_per_floor":[73,72,71,70,69,68,67,66,65,64,63,62,61,60,59,58,57,52,52,61,60,59,58,57,56,55,54,53,52,51,50,49,48,47,46,45,44,43,42,41,40,39,38,37,36,35,34,33,32,31],"gold":134,"neow_bonus":"","is_daily":false,"chose_seed":false,"campfire_upgraded":3,"win_rate":0.0,"timestamp":1612550645,"path_taken":["M","?","$","?","?","E","?","?","T","E","M","?","M","M","R","BOSS","M","?","$","M","?","E","M","R","T","M","E","?","?","$","R","BOSS","M","M","?","M","M","E","R","E","T","R","$","?","E","M","R","BOSS"],"items_purchased_type":["Card","Potion","Relic","Card","Relic","Card","Potion","Relic","Card","Card"],"build_version":"2020-12-22","purchased_purges":2,"victory":true,"max_hp_per_floor":[73,72,71,70,69,68,67,66,65,64,63,62,61,60,59,58,57,56,55,61,60,59,58,57,56,55,54,53,52,51,50,49,48,47,46,45,44,43,42,41,40,39,38,37,36,35,34,33,32,31],"relic_stats":{"Lee\u0027s Waffle":10,"counters":[28,126],"Pen Nib":[3],"Whetstone":["Pommel Strike","Clothesline"],"Ginger":[0],"MawBank":156,"Boot":[22],"Medical Kit":[6],"Blood Vial":0,"Gambling Chip":[42],"Snecko Eye":[199,153,185,183],"Turnip":[5],"obtain_stats":[{"Lee\u0027s Waffle":20,"Lantern":22,"Pen Nib":42,"Whetstone":28,"Ginger":46,"Odd Mushroom":12,"MawBank":7,"Boot":9,"Ancient Tea Set":23,"Medical Kit":31,"White Beast Statue":6,"Blood Vial":10,"Du-Vu Doll":47,"Gambling Chip":26,"Snecko Eye":17,"Orrery":45,"Fusion Hammer":34,"Turnip":43,"Red Mask":29,"Cracked Core":0,"Toy Ornithopter":40},{"Lee\u0027s Waffle":11,"Lantern":12,"Pen Nib":24,"Whetstone":16,"Ginger":25,"Odd Mushroom":7,"MawBank":4,"Boot":4,"Ancient Tea Set":13,"Medical Kit":17,"White Beast Statue":4,"Blood Vial":5,"Du-Vu Doll":26,"Gambling Chip":14,"Snecko Eye":10,"Orrery":24,"Fusion Hammer":18,"Turnip":24,"Red Mask":17,"Cracked Core":0,"Toy Ornithopter":23},{"Lee\u0027s Waffle":46,"Lantern":50,"Pen Nib":105,"Whetstone":69,"Ginger":110,"Odd Mushroom":28,"MawBank":16,"Boot":16,"Ancient Tea Set":56,"Medical Kit":73,"White Beast Statue":16,"Blood Vial":22,"Du-Vu Doll":115,"Gambling Chip":61,"Snecko Eye":42,"Orrery":105,"Fusion Hammer":82,"Turnip":105,"Red Mask":73,"Cracked Core":0,"Toy Ornithopter":99}],"Toy Ornithopter":0},"card_choices":[{"not_picked":["Recycle","Infinite Blades"],"picked":"Turbo","floor":0},{"not_picked":["Halt","Leap"],"picked":"Consecrate","floor":0},{"not_picked":["Catalyst","Prepared"],"picked":"Self Repair","floor":0},{"not_picked":["Prepared","Fusion"],"picked":"Sunder","floor":0},{"not_picked":["Iron Wave","Second Wind"],"picked":"PiercingWail","floor":0},{"not_picked":["Flame Barrier","Consecrate"],"picked":"Iron Wave","floor":0},{"not_picked":["Pommel Strike","Heavy Blade"],"picked":"Footwork","floor":0},{"not_picked":["Slice","Perfected Strike"],"picked":"Flex","floor":0},{"not_picked":["Reprogram","Turbo"],"picked":"Clothesline","floor":0},{"not_picked":["Pommel Strike","Dagger Throw"],"picked":"Calculated Gamble","floor":0},{"not_picked":["Warcry","Bane"],"picked":"Evaluate","floor":0},{"not_picked":["Heavy Blade","Streamline"],"picked":"Quick Slash","floor":0},{"not_picked":["Evolve","Evaluate"],"picked":"Spot Weakness","floor":0},{"not_picked":["FlurryOfBlows","ClearTheMind"],"picked":"EmptyBody","floor":0},{"not_picked":["Cold Snap","CrushJoints"],"picked":"Pommel Strike","floor":0},{"not_picked":["PathToVictory","Tactician","Stack"],"picked":"SKIP","floor":1},{"not_picked":["Tactician","Stack"],"picked":"PathToVictory","floor":1},{"not_picked":["Streamline","Pommel Strike"],"picked":"ThirdEye","floor":4},{"not_picked":["Gash","Caltrops"],"picked":"Dodge and Roll","floor":5},{"not_picked":["Reflex","ClearTheMind"],"picked":"Adrenaline","floor":6},{"not_picked":["Carnage","Barrage"],"picked":"Skewer","floor":10},{"not_picked":["Deadly Poison","EmptyBody","Sword Boomerang"],"picked":"SKIP","floor":11},{"not_picked":["Prepared","Headbutt"],"picked":"Protect","floor":12},{"not_picked":["Shrug It Off","Endless Agony"],"picked":"Inflame","floor":13},{"not_picked":["Defragment","Iron Wave"],"picked":"ReachHeaven","floor":14},{"not_picked":["A Thousand Cuts","Rainbow"],"picked":"Seek","floor":16},{"not_picked":["FlurryOfBlows","BowlingBash"],"picked":"Shrug It Off","floor":18},{"not_picked":["Coolheaded+1","Backflip"],"picked":"Bullet Time","floor":21},{"not_picked":["Steam Power","Iron Wave"],"picked":"Shockwave","floor":23},{"not_picked":["FollowUp","Combust","Darkness"],"picked":"SKIP","floor":24},{"not_picked":["SashWhip","FollowUp"],"picked":"ThirdEye","floor":27},{"not_picked":["Sword Boomerang","Ghostly Armor"],"picked":"Aggregate","floor":28},{"not_picked":["Core Surge","Envenom"],"picked":"Bludgeon","floor":33},{"not_picked":["Cold Snap+1","Thunderclap"],"picked":"Turbo+1","floor":35},{"not_picked":["EmptyBody+1","Conclude"],"picked":"Wireheading","floor":36},{"not_picked":["Chrysalis","Purity"],"picked":"HandOfGreed","floor":37},{"not_picked":["FlyingSleeves","CutThroughFate+1"],"picked":"Crippling Poison","floor":38},{"not_picked":["Body Slam+1","Steam"],"picked":"Predator","floor":39},{"not_picked":["Bouncing Flask+1","Indignation","Burning Pact+1"],"picked":"SKIP","floor":40},{"not_picked":["Dagger Throw","Concentrate"],"picked":"Acrobatics+1","floor":42},{"not_picked":["TalkToTheHand","Stack"],"picked":"Footwork","floor":45},{"not_picked":["FearNoEvil+1","Barrage"],"picked":"Protect","floor":45},{"not_picked":["CrushJoints","Cloak And Dagger+1"],"picked":"Flex+1","floor":45},{"not_picked":["CutThroughFate+1","Envenom"],"picked":"Heavy Blade+1","floor":45},{"not_picked":["Backstab+1","Outmaneuver"],"picked":"Nirvana","floor":45},{"not_picked":["Intimidate","Nirvana"],"picked":"Conserve Battery+1","floor":46},{"not_picked":["Berserk","Leap","Barrage"],"picked":"SKIP","floor":47},{"not_picked":["Backflip","Choke","Slice"],"picked":"SKIP","floor":48}],"player_experience":1214980,"relics_obtained":[{"floor":6,"key":"White Beast Statue"},{"floor":7,"key":"MawBank"},{"floor":9,"key":"Boot"},{"floor":10,"key":"Blood Vial"},{"floor":12,"key":"Odd Mushroom"},{"floor":23,"key":"Ancient Tea Set"},{"floor":26,"key":"Gambling Chip"},{"floor":28,"key":"Whetstone"},{"floor":29,"key":"Red Mask"},{"floor":40,"key":"Toy Ornithopter"},{"floor":42,"key":"Pen Nib"},{"floor":43,"key":"Turnip"},{"floor":46,"key":"Ginger"},{"floor":47,"key":"Du-Vu Doll"}],"event_choices":[{"damage_healed":0,"gold_gain":275,"player_choice":"Desecrate","damage_taken":0,"max_hp_gain":0,"max_hp_loss":0,"event_name":"Golden Shrine","floor":2,"gold_loss":0,"cards_obtained":["Regret"]},{"damage_healed":0,"gold_gain":0,"player_choice":"Fought Mushrooms","damage_taken":0,"max_hp_gain":0,"max_hp_loss":0,"event_name":"Mushrooms","floor":12,"gold_loss":0},{"damage_healed":0,"gold_gain":0,"player_choice":"Ignored","damage_taken":0,"max_hp_gain":0,"max_hp_loss":0,"event_name":"Ghosts","floor":19,"gold_loss":0},{"damage_healed":0,"gold_gain":0,"player_choice":"Obtained Relic","damage_taken":0,"relics_obtained":["Lantern"],"max_hp_gain":0,"max_hp_loss":0,"event_name":"Addict","floor":22,"gold_loss":85},{"damage_healed":0,"gold_gain":0,"player_choice":"Fought Bandits","damage_taken":0,"max_hp_gain":0,"max_hp_loss":0,"event_name":"Masked Bandits","floor":29,"gold_loss":0},{"damage_healed":0,"gold_gain":99,"player_choice":"Stole From Cult","damage_taken":0,"max_hp_gain":0,"max_hp_loss":0,"event_name":"Nest","floor":30,"gold_loss":0},{"damage_healed":0,"gold_gain":0,"player_choice":"Memory 1","damage_taken":0,"max_hp_gain":0,"max_hp_loss":0,"event_name":"SensoryStone","floor":37,"gold_loss":0},{"damage_healed":0,"gold_gain":0,"player_choice":"Fight","damage_taken":0,"max_hp_gain":0,"max_hp_loss":0,"event_name":"Mysterious Sphere","floor":46,"gold_loss":0}],"is_beta":false,"boss_relics":[{"not_picked":["Busted Crown","Coffee Dripper"],"picked":"Snecko Eye"},{"not_picked":["FrozenCore","Nuclear Battery"],"picked":"Fusion Hammer"}],"items_purged_floors":[3,20],"is_endless":false,"potions_floor_spawned":[1,10,11,12,13,14,16,18,21,23,24,27,28,29,33,35,36,38,39,40,42,46,47,48],"ascension_level":0}}