{"host":"d8cz15m779bv9isj","time":1612558632,"event":{"mods":["Aspiration","BaseMod","Colored Map","Colored Powertips","DeckTracker","Downfall","Hermit","Highlight Path","Hubris","Infinite Spire","Minty Spire (QoL Compilation)","Quick Restart","Random Character Button","Relic Sorter","Replay The Spire","StSLib","SuperFastMode","Synergy Search","The Cursed","The Disciple","The Jungle","The Runesmith"],"gold_per_floor":[116,116,116,116,43,73,73,93,93,118,118,118,118,148,148,248,248,267,282,295,307,322,352,352,383,406,406,406],"floor_reached":27,"language":"ENG","playtime":1129,"items_purged":[],"score":294,"play_id":"513327d1-6e94-4b99-b4cc-2c650f31b0e7","local_time":"20210205215712","is_ascension_mode":false,"campfire_choices":[{"floor":7,"key":"REST"},{"data":"hermit:GoldenBullet","floor":11,"key":"SMITH"},{"data":"hermit:Maintenance","floor":13,"key":"SMITH"},{"data":"hermit:FullyLoaded","floor":15,"key":"SMITH"},{"floor":24,"key":"REST"}],"circlet_count":0,"master_deck":["hermit:Strike_Hermit","hermit:Strike_Hermit","hermit:Strike_Hermit","hermit:Strike_Hermit","hermit:Defend_Hermit","hermit:Defend_Hermit","hermit:Defend_Hermit","hermit:Defend_Hermit","hermit:Snapshot","hermit:Covet","hermit:Maintenance+1","hermit:FullyLoaded+1","hermit:Headshot","hermit:GoldenBullet+1","hermit:Determination+1","hermit:Enervate","hermit:EternalForm+1","hermit:Roulette+1","hermit:HighCaliber+1","hermit:Combo+1","hermit:Roulette+1"],"relics":["hermit:ClaspedLocket","hubris:Icosahedron","NeowsBlessing","Frozen Egg 2","infinitespire:PuzzleCube","Blue Doll","infinitespire:Lucky Rock","Replay:Accelerometer","Kunai","infinitespire:EmpoweringShard","Pear","hubris:TenFootPole"],"acts_visited":["Exordium","Exordium"],"potions_floor_usage":[16,21,23,23,27],"damage_taken":[{"damage":0,"enemies":"Jaw Worm","floor":1,"turns":1},{"damage":0,"enemies":"3 Sentries","floor":6,"turns":1},{"damage":0,"enemies":"2 Louse","floor":8,"turns":1},{"damage":4,"enemies":"Replay:BlueRogue","floor":10,"turns":8},{"damage":4,"enemies":"Lagavulin","floor":14,"turns":8},{"damage":41,"enemies":"The Guardian","floor":16,"turns":10},{"damage":5,"enemies":"theJungle:5_Spyders","floor":18,"turns":6},{"damage":6,"enemies":"theJungle:MUSHROOMGANG","floor":19,"turns":5},{"damage":11,"enemies":"theJungle:SlimyTreeVines","floor":20,"turns":5},{"damage":23,"enemies":"Snake Plant","floor":21,"turns":4},{"damage":15,"enemies":"theJungle:JungleHuntersEncounter","floor":22,"turns":5},{"damage":12,"enemies":"theJungle:MamaSnecko","floor":23,"turns":5},{"damage":28,"enemies":"theJungle:Cassacara","floor":25,"turns":7},{"damage":18,"enemies":"theJungle:2_Snecko_Cultists","floor":27,"turns":2}],"seed_played":"-4266227779041652966","potions_obtained":[{"floor":8,"key":"Dexterity Potion"},{"floor":10,"key":"Weak Potion"},{"floor":16,"key":"ColorlessPotion"},{"floor":18,"key":"PowerPotion"},{"floor":25,"key":"PowerPotion"}],"is_trial":false,"path_per_floor":["M","?","?","?","$","E","R","M","T","E","R","?","R","E","R","B",null,"M","M","M","M","M","E","R","E","T","M"],"character_chosen":"HERMIT","items_purchased":["hermit:FullyLoaded"],"campfire_rested":2,"item_purchase_floors":[5],"current_hp_per_floor":[75,75,75,75,75,75,75,75,75,71,71,71,71,67,67,26,75,70,64,59,36,21,9,31,13,13,0,0],"gold":406,"neow_bonus":"THREE_ENEMY_KILL","is_daily":false,"chose_seed":false,"campfire_upgraded":3,"win_rate":0.0,"timestamp":1612558632,"path_taken":["M","?","?","?","?","E","R","M","T","E","R","?","R","E","R","BOSS","M","M","M","M","M","E","R","E","T","M"],"items_purchased_type":["Card"],"build_version":"2020-12-22","purchased_purges":0,"victory":false,"max_hp_per_floor":[75,75,75,75,75,75,75,75,75,75,75,75,75,75,75,75,75,75,75,75,75,75,75,75,85,85,85,85],"card_choices":[{"not_picked":["hermit:HoleUp","hermit:FlashPowder"],"picked":"hermit:Maintenance","floor":1},{"not_picked":["hermit:Roulette","hermit:RoundhouseKick"],"picked":"hermit:Headshot","floor":6},{"not_picked":["hermit:ItchyTrigger","hermit:Horror"],"picked":"hermit:GoldenBullet","floor":8},{"not_picked":["hermit:Dive","hermit:Misfire"],"picked":"hermit:Determination+1","floor":10},{"not_picked":["hermit:Virtue","hermit:Feint"],"picked":"hermit:Enervate","floor":14},{"not_picked":["hermit:Purgatory","hermit:Dissolve"],"picked":"hermit:EternalForm+1","floor":16},{"not_picked":["hermit:LowProfile","hermit:Gestalt","hermit:Coalescence"],"picked":"SKIP","floor":18},{"not_picked":["hermit:HoleUp+1","hermit:GoldenBullet"],"picked":"hermit:Roulette+1","floor":19},{"not_picked":["hermit:Roulette","hermit:BodyArmor+1"],"picked":"hermit:HighCaliber+1","floor":20},{"not_picked":["hermit:LowProfile+1","hermit:Dissolve"],"picked":"hermit:Combo+1","floor":21},{"not_picked":["hermit:BodyArmor","hermit:Vantage","hermit:HighCaliber"],"picked":"SKIP","floor":22},{"not_picked":["hermit:Horror","hermit:Manifest"],"picked":"hermit:Roulette+1","floor":23},{"not_picked":["hermit:Horror","hermit:CursedWeapon","hermit:Snipe"],"picked":"SKIP","floor":25}],"player_experience":231117,"relics_obtained":[{"floor":4,"key":"infinitespire:PuzzleCube"},{"floor":6,"key":"Blue Doll"},{"floor":9,"key":"infinitespire:Lucky Rock"},{"floor":10,"key":"Replay:Accelerometer"},{"floor":14,"key":"Kunai"},{"floor":23,"key":"infinitespire:EmpoweringShard"},{"floor":25,"key":"Pear"},{"floor":26,"key":"hubris:TenFootPole"}],"event_choices":[{"cards_removed":["Injury"],"damage_healed":0,"gold_gain":0,"player_choice":"Purged","damage_taken":0,"max_hp_gain":0,"max_hp_loss":0,"event_name":"Purifier","floor":12,"gold_loss":0}],"is_beta":false,"boss_relics":[{"not_picked":["aspiration:RitualDagger","SlaversCollar"],"picked":"hermit:ClaspedLocket"}],"items_purged_floors":[],"is_endless":false,"potions_floor_spawned":[8,10,16,18,19,20,22,25],"killed_by":"theJungle:2_Snecko_Cultists","ascension_level":0}}