{"host":"tpad8qsc9e0g0pa5","time":1612502394,"event":{"mods":["BaseMod","Minty Spire (QoL Compilation)","Quick Restart","StSLib","The Cursed"],"gold_per_floor":[117,67,67,80,93,93,119,119,145,157,157,157,191,211,211,309,309,325,29,40,40,40,40,54,84,84,84,84,84,99,130,130,225,225,237,237,251,268,283,309,309,321,347,364,5,16,16,30,30,30],"floor_reached":51,"language":"ZHS","playtime":4853,"items_purged":["Blood for Blood+1"],"score":713,"play_id":"6b2a791f-879b-4ddb-9010-088e01004117","local_time":"20210205131954","is_ascension_mode":true,"campfire_choices":[{"data":"Bludgeon","floor":6.0,"key":"SMITH"},{"data":"Immolate","floor":8.0,"key":"SMITH"},{"data":"True Grit","floor":15.0,"key":"SMITH"},{"data":"Armaments","floor":23.0,"key":"SMITH"},{"data":"Twin Strike","floor":29.0,"key":"SMITH"},{"data":"Iron Wave","floor":32.0,"key":"SMITH"},{"data":"1","floor":41.0,"key":"LIFT"},{"data":"2","floor":49,"key":"LIFT"}],"circlet_count":0,"master_deck":["Bash+1","Immolate+1","Cleave+1","Thunderclap","Bludgeon+1","Battle Trance","Armaments+1","True Grit+1","Demon Form","Flex","Iron Wave+1","Fire Breathing","Twin Strike+1","Sentinel","RitualDagger+1","Necronomicurse","Second Wind","Shrug It Off","Limit Break","Evolve","Anger+1","Havoc","Carnage+1","Heavy Blade+1","Infernal Blade+1","Battle Trance+1","Whirlwind+1","Spot Weakness+1","Madness","Madness","Searing Blow+1"],"relics":["Burning Blood","Potion Belt","War Paint","Bag of Marbles","Shuriken","Mango","Mark of Pain","Membership Card","Champion Belt","Orichalcum","Molten Egg 2","Necronomicon","Girya","Pandora\u0027s Box","Nunchaku","Charon\u0027s Ashes","Blood Vial","Bronze Scales","HornCleat","HandDrill"],"acts_visited":["Exordium","TheCity","TheBeyond"],"potions_floor_usage":[50,50,50,50,50],"damage_taken":[{"damage":0.0,"enemies":"2 Louse","floor":1.0,"turns":1.0},{"damage":6.0,"enemies":"Jaw Worm","floor":4.0,"turns":2.0},{"damage":0.0,"enemies":"Small Slimes","floor":5.0,"turns":1.0},{"damage":17.0,"enemies":"3 Sentries","floor":7.0,"turns":5.0},{"damage":0.0,"enemies":"2 Fungi Beasts","floor":10.0,"turns":1.0},{"damage":18.0,"enemies":"Lagavulin","floor":13.0,"turns":3.0},{"damage":0.0,"enemies":"Exordium Wildlife","floor":14.0,"turns":3.0},{"damage":24.0,"enemies":"Hexaghost","floor":16.0,"turns":7.0},{"damage":0.0,"enemies":"Spheric Guardian","floor":18.0,"turns":3.0},{"damage":2.0,"enemies":"Shell Parasite","floor":20.0,"turns":3.0},{"damage":0.0,"enemies":"Snake Plant","floor":24.0,"turns":2.0},{"damage":5.0,"enemies":"Book of Stabbing","floor":25.0,"turns":4.0},{"damage":0.0,"enemies":"3 Cultists","floor":30.0,"turns":1.0},{"damage":10.0,"enemies":"Gremlin Leader","floor":31.0,"turns":3.0},{"damage":53.0,"enemies":"Champ","floor":33.0,"turns":8.0},{"damage":9.0,"enemies":"3 Darklings","floor":35.0,"turns":4.0},{"damage":5.0,"enemies":"Orb Walker","floor":37.0,"turns":2.0},{"damage":4.0,"enemies":"Maw","floor":38.0,"turns":5.0},{"damage":8.0,"enemies":"Sphere and 2 Shapes","floor":39.0,"turns":3.0},{"damage":17.0,"enemies":"Reptomancer","floor":40.0,"turns":3.0},{"damage":3,"enemies":"Writhing Mass","floor":42,"turns":3},{"damage":0,"enemies":"Transient","floor":44,"turns":5},{"damage":5,"enemies":"Spire Growth","floor":46,"turns":2},{"damage":0,"enemies":"Writhing Mass","floor":48,"turns":2},{"damage":8,"enemies":"Donu and Deca","floor":50,"turns":4}],"seed_played":"2514895333000064124","potions_obtained":[{"floor":4.0,"key":"EssenceOfSteel"},{"floor":7.0,"key":"Weak Potion"},{"floor":13.0,"key":"LiquidBronze"},{"floor":14.0,"key":"HeartOfIron"},{"floor":20.0,"key":"Explosive Potion"},{"floor":25.0,"key":"AttackPotion"},{"floor":30.0,"key":"Ancient Potion"},{"floor":33.0,"key":"SteroidPotion"},{"floor":37.0,"key":"PowerPotion"},{"floor":38.0,"key":"HeartOfIron"},{"floor":42,"key":"BlessingOfTheForge"},{"floor":44,"key":"Energy Potion"},{"floor":48,"key":"Strength Potion"}],"is_trial":false,"path_per_floor":["M","?","?","M","M","R","E","R","T","M","?","?","E","M","R","B",null,"M","$","M","?","?","R","M","E","T","?","?","R","M","E","R","B",null,"M","?","M","M","M","E","R","M","T","M","$","M","?","M","R","B",null],"character_chosen":"IRONCLAD","items_purchased":["Membership Card","Champion Belt","Bronze Scales","HornCleat","HandDrill","Whirlwind+1"],"campfire_rested":0,"item_purchase_floors":[19,19,45,45,45,45],"current_hp_per_floor":[72,72,58,58,64,64,53,53,53,59,59,47,49,55,55,37,86,86,86,86,86,86,86,86,86,86,80,64,64,70,66,66,19,86,83,83,84,86,84,73,73,76,76,84,84,86,75,83,83,83],"gold":30,"neow_bonus":"TRANSFORM_TWO_CARDS","is_daily":false,"chose_seed":false,"campfire_upgraded":6,"win_rate":0.0,"timestamp":1612502394,"path_taken":["M","?","?","M","M","R","E","R","T","M","?","?","E","M","R","BOSS","M","$","M","?","?","R","M","E","T","?","?","R","M","E","R","BOSS","M","?","?","M","M","E","R","M","T","M","$","M","?","M","R","BOSS"],"items_purchased_type":["Relic","Relic","Relic","Relic","Relic","Card"],"build_version":"2020-12-22","purchased_purges":1,"victory":true,"max_hp_per_floor":[72,72,72,72,72,72,72,72,72,72,72,72,86,86,86,86,86,86,86,86,86,86,86,86,86,86,86,86,86,86,86,86,86,86,86,86,86,86,86,86,86,86,86,86,86,86,86,86,86,86],"card_choices":[{"not_picked":["Havoc","Anger","Dual Wield"],"picked":"SKIP","floor":1.0},{"not_picked":["Havoc","Anger"],"picked":"Thunderclap","floor":4.0},{"not_picked":["Infernal Blade","Heavy Blade"],"picked":"Bludgeon","floor":5.0},{"not_picked":["Hemokinesis","Havoc"],"picked":"Battle Trance","floor":7.0},{"not_picked":["Body Slam","Wild Strike"],"picked":"Armaments","floor":10.0},{"not_picked":["Rage","Anger"],"picked":"True Grit","floor":13.0},{"not_picked":["Burning Pact","Fire Breathing","Sword Boomerang"],"picked":"SKIP","floor":14.0},{"not_picked":["Feed","Corruption"],"picked":"Demon Form","floor":16.0},{"not_picked":["Burning Pact","Thunderclap"],"picked":"Flex","floor":18.0},{"not_picked":["Armaments","Uppercut"],"picked":"Iron Wave","floor":20.0},{"not_picked":["Metallicize","Headbutt"],"picked":"Twin Strike","floor":24.0},{"not_picked":["Rage","Rampage"],"picked":"Sentinel","floor":25.0},{"not_picked":["Flex","Power Through"],"picked":"Second Wind","floor":30.0},{"not_picked":["Clothesline+1","Havoc"],"picked":"Shrug It Off","floor":31.0},{"not_picked":["Feed+1","Corruption"],"picked":"Limit Break","floor":33.0},{"not_picked":["Anger+1","Hemokinesis+1","Clothesline+1"],"picked":"SKIP","floor":35.0},{"not_picked":["Armaments","Thunderclap+1","Spot Weakness"],"picked":"SKIP","floor":37.0},{"not_picked":["Sword Boomerang+1","Armaments"],"picked":"Heavy Blade+1","floor":38.0},{"not_picked":["Shrug It Off+1","Clash+1","Whirlwind+1"],"picked":"SKIP","floor":39.0},{"not_picked":["Headbutt+1","Feel No Pain+1","Twin Strike+1"],"picked":"SKIP","floor":40.0},{"not_picked":["Body Slam+1","Perfected Strike+1"],"picked":"Infernal Blade+1","floor":42},{"not_picked":["Twin Strike+1","Anger+1"],"picked":"Battle Trance+1","floor":44},{"not_picked":["Entrench","Infernal Blade"],"picked":"Spot Weakness+1","floor":46},{"not_picked":["Inflame+1","Sword Boomerang+1"],"picked":"Searing Blow+1","floor":48}],"player_experience":245332,"relics_obtained":[{"floor":7.0,"key":"Potion Belt"},{"floor":9.0,"key":"War Paint"},{"floor":13.0,"key":"Mango"},{"floor":25.0,"key":"Orichalcum"},{"floor":26.0,"key":"Molten Egg 2"},{"floor":28.0,"key":"Necronomicon"},{"floor":31.0,"key":"Girya"},{"floor":40.0,"key":"Charon\u0027s Ashes"},{"floor":43,"key":"Blood Vial"}],"event_choices":[{"cards_removed":["Defend_R"],"damage_healed":0.0,"max_hp_gain":0.0,"max_hp_loss":0.0,"gold_gain":0.0,"event_name":"The Cleric","player_choice":"Card Removal","floor":2.0,"gold_loss":50.0,"damage_taken":0.0},{"damage_healed":0.0,"max_hp_gain":0.0,"max_hp_loss":0.0,"gold_gain":0.0,"event_name":"Shining Light","player_choice":"Entered Light","floor":3.0,"gold_loss":0.0,"damage_taken":14.0,"cards_upgraded":["Cleave","Bash"]},{"damage_healed":0.0,"max_hp_gain":0.0,"max_hp_loss":0.0,"gold_gain":0.0,"event_name":"Dead Adventurer","player_choice":"Searched \u00271\u0027 times","floor":11.0,"gold_loss":0.0,"damage_taken":0.0,"relics_obtained":["Bag of Marbles"]},{"damage_healed":0.0,"max_hp_gain":0.0,"max_hp_loss":0.0,"gold_gain":0.0,"event_name":"Scrap Ooze","player_choice":"Success","floor":12.0,"gold_loss":0.0,"damage_taken":12.0,"relics_obtained":["Shuriken"]},{"damage_healed":0.0,"max_hp_gain":0.0,"max_hp_loss":0.0,"gold_gain":0.0,"event_name":"The Library","player_choice":"Read","floor":21.0,"gold_loss":0.0,"damage_taken":0.0,"cards_obtained":["Fire Breathing"]},{"damage_healed":0.0,"max_hp_gain":0.0,"max_hp_loss":0.0,"gold_gain":0.0,"event_name":"Vampires","player_choice":"Ignored","floor":22.0,"gold_loss":0.0,"damage_taken":0.0},{"damage_healed":0.0,"max_hp_gain":0.0,"max_hp_loss":0.0,"gold_gain":0.0,"event_name":"Nest","player_choice":"Joined the Cult","floor":27.0,"gold_loss":0.0,"damage_taken":6.0,"cards_obtained":["RitualDagger"]},{"damage_healed":0.0,"max_hp_gain":0.0,"max_hp_loss":0.0,"gold_gain":0.0,"event_name":"Cursed Tome","player_choice":"Obtained Book","floor":28.0,"gold_loss":0.0,"damage_taken":16.0},{"cards_removed":["Fire Breathing"],"damage_healed":0.0,"max_hp_gain":0.0,"max_hp_loss":0.0,"gold_gain":0.0,"event_name":"WeMeetAgain","player_choice":"Gave Card","floor":36.0,"gold_loss":0.0,"damage_taken":0.0,"relics_obtained":["Nunchaku"]},{"damage_healed":0,"gold_gain":0,"player_choice":"Embrace Madness","damage_taken":11,"max_hp_gain":0,"max_hp_loss":0,"event_name":"Winding Halls","floor":47,"gold_loss":0,"cards_obtained":["Madness","Madness"]}],"is_beta":false,"boss_relics":[{"not_picked":["Ectoplasm","Black Blood"],"picked":"Mark of Pain"},{"not_picked":["Fusion Hammer","Coffee Dripper"],"picked":"Pandora\u0027s Box"}],"items_purged_floors":[45],"is_endless":false,"potions_floor_spawned":[4,7,13,14,20,25,30,33,37,38,42,44,48],"ascension_level":1}}