{"host":"a5lz0e76zb3fcwkm","time":1612539929,"event":{"mods":["AchievementEnabler","BaseMod","Colored Map","Colored Powertips","Minty Spire (QoL Compilation)","StSLib","SuperFastMode"],"gold_per_floor":[18,31,42,52,71,71,99,99,124,124,141,141,172,172,172,172,172],"floor_reached":16,"language":"KOR","playtime":344,"items_purged":[],"score":224,"play_id":"3fc523f3-4b96-445d-b8af-f92626ae0c64","local_time":"20210206004529","is_ascension_mode":true,"campfire_choices":[{"data":"Defragment","floor":6.0,"key":"SMITH"},{"data":"Defragment","floor":8.0,"key":"SMITH"},{"data":"Coolheaded","floor":12.0,"key":"SMITH"},{"data":"Sunder","floor":15,"key":"SMITH"}],"circlet_count":0,"master_deck":["AscendersBane","Strike_B","Strike_B","Defend_B","Defend_B","Defend_B","Zap","Dualcast","Coolheaded+1","Defragment+1","Cold Snap","Sunder+1","Defragment+1","Cold Snap","Turbo","Self Repair"],"relics":["Cracked Core","Dream Catcher","Smiling Mask","Bag of Marbles"],"acts_visited":["Exordium"],"potions_floor_usage":[13,16],"damage_taken":[{"damage":0.0,"enemies":"Cultist","floor":1.0,"turns":3.0},{"damage":8.0,"enemies":"Jaw Worm","floor":2.0,"turns":4.0},{"damage":1.0,"enemies":"Small Slimes","floor":3.0,"turns":3.0},{"damage":12.0,"enemies":"Exordium Thugs","floor":4.0,"turns":6.0},{"damage":16.0,"enemies":"Large Slime","floor":5.0,"turns":6.0},{"damage":2.0,"enemies":"Lagavulin","floor":7.0,"turns":8.0},{"damage":7.0,"enemies":"2 Fungi Beasts","floor":11.0,"turns":4.0},{"damage":11,"enemies":"Gremlin Nob","floor":13,"turns":3},{"damage":22,"enemies":"Slime Boss","floor":16,"turns":3}],"seed_played":"-2237895210057123881","potions_obtained":[{"floor":1.0,"key":"Swift Potion"},{"floor":3.0,"key":"BlessingOfTheForge"},{"floor":7.0,"key":"EssenceOfDarkness"}],"is_trial":false,"path_per_floor":["M","M","M","M","M","R","E","R","T","?","M","R","E","?","R","B"],"character_chosen":"DEFECT","items_purchased":[],"campfire_rested":0,"item_purchase_floors":[],"current_hp_per_floor":[64,56,55,43,27,27,25,25,25,30,23,23,12,12,12,0,0],"gold":172,"neow_bonus":"TRANSFORM_TWO_CARDS","is_daily":false,"chose_seed":false,"campfire_upgraded":4,"win_rate":0.0,"timestamp":1612539929,"path_taken":["M","?","M","M","M","R","E","R","T","?","M","R","E","?","R","BOSS"],"items_purchased_type":[],"build_version":"2020-12-22","purchased_purges":0,"victory":false,"max_hp_per_floor":[71,71,71,71,71,71,71,71,71,76,76,76,76,76,76,76,76],"card_choices":[{"not_picked":["Aggregate","Lockon","Steam"],"picked":"SKIP","floor":1.0},{"not_picked":["Beam Cell","Compile Driver"],"picked":"Cold Snap","floor":2.0},{"not_picked":["Reprogram","Beam Cell"],"picked":"Sunder","floor":3.0},{"not_picked":["Heatsinks","BootSequence"],"picked":"Defragment","floor":4.0},{"not_picked":["Ball Lightning","Reinforced Body"],"picked":"Cold Snap","floor":5.0},{"not_picked":["Darkness","Redo","Meteor Strike"],"picked":"SKIP","floor":7.0},{"not_picked":["Conserve Battery","Leap"],"picked":"Turbo","floor":11.0},{"not_picked":["Skim","Beam Cell"],"picked":"Self Repair","floor":13}],"player_experience":1842113,"relics_obtained":[{"floor":7.0,"key":"Dream Catcher"},{"floor":9.0,"key":"Smiling Mask"},{"floor":13,"key":"Bag of Marbles"}],"event_choices":[{"damage_healed":0.0,"max_hp_gain":5.0,"max_hp_loss":0.0,"gold_gain":0.0,"event_name":"Big Fish","player_choice":"Donut","floor":10.0,"gold_loss":0.0,"damage_taken":0.0},{"cards_removed":["Strike_B"],"damage_healed":0,"gold_gain":0,"player_choice":"Purged","damage_taken":0,"max_hp_gain":0,"max_hp_loss":0,"event_name":"Purifier","floor":14,"gold_loss":0}],"is_beta":false,"boss_relics":[],"items_purged_floors":[],"is_endless":false,"potions_floor_spawned":[1,3,7,11],"killed_by":"Slime Boss","ascension_level":20}}