{"host":"c6xy0a74zz7y4nf6","time":1612502026,"event":{"mods":["BaseMod","Minty Spire (QoL Compilation)","Replay The Spire","StSLib","The Servant 0.9.4"],"gold_per_floor":[115,132,150,164,180,180,207,207,257,268,286,286,301,476,476,579,579,591,124,124,137,137,137,164,164,219,219,253,253,272,285,285,386,386,404,626,626,643,657,688,688,688],"floor_reached":41,"language":"ENG","playtime":3179,"items_purged":["Strike_S"],"score":595,"play_id":"6de5e988-c9f4-4ab6-8410-54c82fc46bf7","local_time":"20210204231346","is_ascension_mode":true,"campfire_choices":[{"data":"SilverBlades","floor":6,"key":"SMITH"},{"floor":8,"key":"REST"},{"floor":12,"key":"REST"},{"data":"KidneyShot","floor":15,"key":"SMITH"},{"data":"MoonPhase","floor":23,"key":"SMITH"},{"data":"Luminosity","floor":25,"key":"SMITH"},{"floor":32,"key":"REST"}],"circlet_count":0,"master_deck":["Strike_S","Defend_S","Defend_S","Defend_S","Defend_S","KidneyShot+1","Exchange","TimeWarp","GearUp","SilverBlades+1","DoubleEdge+1","FanOfKnives","Spin","Pot Of Greed","Pot Of Greed","InstantArmor","ShatteredReality","ShatteredReality","Doubt","Solidify+1","MoonPhase+1","ShiftingGears","Luminosity+1","Pot Of Greed+1","Sickly","ReturningBlade","Writhe","DoubleEdge","MoonPhase+1","Contraction+1","Foresight","Comet+1","Defy+1","MurderousAura","DualDimension","BottledTime+1","Pot Of Greed","SilverBlades+1"],"relics":["Uniform","Dream Catcher","Grinning Jar","Anchor","Empty Cage","Juzu Bracelet","Gremlin Food","ReplayTheSpireMod:CursedCoin","Divine Protection","War Paint","Toy Ornithopter","Red Mask","Black Star","Bronze Scales","Pen Nib"],"acts_visited":["Exordium","TheCity","TheBeyond"],"potions_floor_usage":[7,16,16,24,28,40,40,40],"damage_taken":[{"damage":6,"enemies":"Small Slimes","floor":1,"turns":3},{"damage":0,"enemies":"2 Louse","floor":2,"turns":3},{"damage":1,"enemies":"Jaw Worm","floor":3,"turns":4},{"damage":3,"enemies":"2 Fungi Beasts","floor":4,"turns":4},{"damage":13,"enemies":"Red Slaver","floor":5,"turns":5},{"damage":22,"enemies":"Lagavulin","floor":7,"turns":8},{"damage":0,"enemies":"Looter","floor":10,"turns":2},{"damage":0,"enemies":"Exordium Wildlife","floor":11,"turns":3},{"damage":0,"enemies":"Blue Slaver","floor":13,"turns":2},{"damage":20,"enemies":"Slime Boss","floor":16,"turns":7},{"damage":12,"enemies":"Shell Parasite","floor":18,"turns":4},{"damage":2,"enemies":"Spheric Guardian","floor":21,"turns":4},{"damage":17,"enemies":"Slavers","floor":24,"turns":3},{"damage":0,"enemies":"Masked Bandits","floor":28,"turns":3},{"damage":9,"enemies":"Cultist and Chosen","floor":30,"turns":7},{"damage":6,"enemies":"3 Cultists","floor":31,"turns":4},{"damage":0,"enemies":"Champ","floor":33,"turns":14},{"damage":18,"enemies":"3 Shapes","floor":35,"turns":7},{"damage":0,"enemies":"Orb Walker","floor":38,"turns":4},{"damage":0,"enemies":"Sphere and 2 Shapes","floor":39,"turns":6},{"damage":48,"enemies":"Reptomancer","floor":40,"turns":8},{"damage":20,"enemies":"3 Darklings","floor":41,"turns":4}],"seed_played":"4035342330695952179","potions_obtained":[{"floor":3,"key":"Fruit Juice"},{"floor":4,"key":"BlessingOfTheForge"},{"floor":5,"key":"ColorlessPotion"},{"floor":7,"key":"Weak Potion"},{"floor":10,"key":"Adrenaline Potion"},{"floor":24,"key":"SteroidPotion"},{"floor":28,"key":"FearPotion"},{"floor":33,"key":"Weak Potion"},{"floor":35,"key":"SkillPotion"},{"floor":39,"key":"Strength Potion"}],"is_trial":false,"path_per_floor":["M","M","M","M","M","R","E","R","T","M","M","R","M","?","R","B",null,"M","$","?","M","?","R","E","R","T","?","?","?","M","M","R","B",null,"M","?","?","M","M","E","M"],"character_chosen":"THE_SERVANT","items_purchased":["ShiftingGears","Luminosity","Juzu Bracelet","Gremlin Food","ReplayTheSpireMod:CursedCoin","ReturningBlade"],"campfire_rested":3,"item_purchase_floors":[19,19,19,19,19,19],"current_hp_per_floor":[59,59,58,55,42,42,25,46,46,46,46,67,67,67,67,47,70,58,58,58,56,70,70,53,53,53,53,58,58,49,43,64,64,70,52,52,52,52,52,19,0,0],"gold":688,"neow_bonus":"RANDOM_COMMON_RELIC","is_daily":false,"chose_seed":false,"campfire_upgraded":4,"win_rate":0.0,"timestamp":1612502026,"path_taken":["M","M","M","M","M","R","E","R","T","M","M","R","M","?","R","BOSS","M","$","?","M","?","R","E","R","T","?","?","?","M","M","R","BOSS","M","?","?","M","M","E","M"],"items_purchased_type":["Card","Card","Relic","Relic","Relic","Card"],"build_version":"2020-12-22","purchased_purges":1,"victory":false,"max_hp_per_floor":[65,65,65,65,65,65,70,70,70,70,70,70,70,70,70,70,70,70,70,70,70,70,70,70,70,70,70,70,70,70,70,70,70,70,70,70,70,70,70,70,70,70],"card_choices":[{"not_picked":["Revamp","WasteNot"],"picked":"TimeWarp","floor":1},{"not_picked":["Read","Rearm"],"picked":"GearUp","floor":2},{"not_picked":["StarChef","Defy"],"picked":"SilverBlades","floor":3},{"not_picked":["Barrier","Starlight"],"picked":"DoubleEdge","floor":4},{"not_picked":["Revamp","BottledTime"],"picked":"FanOfKnives","floor":5},{"not_picked":["Starlight","FastForward"],"picked":"Spin","floor":7},{"not_picked":["DoubleEdge","TheWorld"],"picked":"InstantArmor","floor":8},{"not_picked":["Collapse","TimeWarp","Alleviate"],"picked":"SKIP","floor":10},{"not_picked":["Alleviate","WasteNot","Unruled"],"picked":"SKIP","floor":11},{"not_picked":["Reset","BottledTime"],"picked":"ShatteredReality","floor":12},{"not_picked":["Unruled","Sabotage"],"picked":"ShatteredReality","floor":13},{"not_picked":["ForgedInTime","Duplication"],"picked":"Solidify","floor":16},{"not_picked":["Spin","BottledTime"],"picked":"MoonPhase","floor":18},{"not_picked":["Revamp","Snipe+1"],"picked":"DoubleEdge","floor":21},{"not_picked":["Snipe","Rearm","Collapse"],"picked":"SKIP","floor":24},{"not_picked":["Alleviate+1","GearUp"],"picked":"Contraction+1","floor":28},{"not_picked":["Replace","TheWorld"],"picked":"Foresight","floor":30},{"not_picked":["Replace","Barrier"],"picked":"Comet+1","floor":31},{"not_picked":["Manipulate","Moondial"],"picked":"Defy+1","floor":32},{"not_picked":["FlawlessForm","Duplication"],"picked":"MurderousAura","floor":33},{"not_picked":["Alleviate+1","Rewind"],"picked":"DualDimension","floor":35},{"not_picked":["TimeWarp","Reset"],"picked":"BottledTime+1","floor":38},{"not_picked":["Rearm+1","Reset+1"],"picked":"SilverBlades+1","floor":39},{"not_picked":["Unruled","Rewind+1","ShatteredReality+1"],"picked":"SKIP","floor":40}],"player_experience":87453,"relics_obtained":[{"floor":7,"key":"Grinning Jar"},{"floor":9,"key":"Anchor"},{"floor":24,"key":"War Paint"},{"floor":26,"key":"Toy Ornithopter"},{"floor":28,"key":"Red Mask"},{"floor":40,"key":"Bronze Scales"},{"floor":40,"key":"Pen Nib"}],"event_choices":[{"damage_healed":0,"gold_gain":175,"player_choice":"AGREE","damage_taken":0,"max_hp_gain":0,"max_hp_loss":0,"event_name":"Liars Game","floor":14,"gold_loss":0,"cards_obtained":["Doubt"]},{"damage_healed":0,"gold_gain":0,"player_choice":"Opened","damage_taken":0,"relics_obtained":["Divine Protection"],"max_hp_gain":0,"max_hp_loss":0,"event_name":"The Mausoleum","floor":20,"gold_loss":0,"cards_obtained":["Writhe"]},{"damage_healed":23,"gold_gain":0,"player_choice":"Heal","damage_taken":0,"max_hp_gain":0,"max_hp_loss":0,"event_name":"The Library","floor":22,"gold_loss":0},{"damage_healed":0,"gold_gain":0,"player_choice":"Copied","damage_taken":0,"max_hp_gain":0,"max_hp_loss":0,"event_name":"Duplicator","floor":27,"gold_loss":0,"cards_obtained":["MoonPhase"]},{"damage_healed":0,"gold_gain":0,"player_choice":"Fought Bandits","damage_taken":0,"max_hp_gain":0,"max_hp_loss":0,"event_name":"Masked Bandits","floor":28,"gold_loss":0},{"damage_healed":0,"gold_gain":0,"player_choice":"Ignored","damage_taken":0,"max_hp_gain":0,"max_hp_loss":0,"event_name":"Ghosts","floor":29,"gold_loss":0},{"damage_healed":0,"gold_gain":222,"player_choice":"Wore Mask","damage_taken":0,"max_hp_gain":0,"max_hp_loss":0,"event_name":"Tomb of Lord Red Mask","floor":36,"gold_loss":0}],"is_beta":false,"boss_relics":[{"not_picked":["Snecko Eye","Sozu"],"picked":"Empty Cage"},{"not_picked":["SacredBark","Philosopher\u0027s Stone"],"picked":"Black Star"}],"items_purged_floors":[19],"is_endless":false,"potions_floor_spawned":[3,4,5,7,10,24,28,33,35,39],"killed_by":"3 Darklings","ascension_level":1}}