{"host":"2zw05eexjythz74b","time":1612539016,"event":{"mods":["AchievementEnabler","BaseMod","Better Altar","Colored Map","Minty Spire (QoL Compilation)","StSLib","everything is the same but u backflip on backflip"],"gold_per_floor":[115,115,133,133,146,199,213,241,294,306,276,296,296,296,296,399,399,415,402,402,402,402,402],"floor_reached":22,"language":"ENG","playtime":915,"items_purged":[],"score":250,"play_id":"e2eed0ba-e813-4616-9bac-e25565c3ad1d","local_time":"20210205093016","is_ascension_mode":true,"campfire_choices":[{"floor":15,"key":"REST"}],"circlet_count":0,"master_deck":["Strike_R","Strike_R","Strike_R","Strike_R","Strike_R","Defend_R","Defend_R","Defend_R","Defend_R","Bash","Metallicize+1","Clothesline","Bash","Disarm","Shockwave","Spot Weakness","Berserk+1","Sword Boomerang+1"],"relics":["Burning Blood","Singing Bowl","HornCleat","Tiny Chest","Potion Belt","Frozen Egg 2","Philosopher\u0027s Stone","Bloody Idol"],"acts_visited":["Exordium","TheCity"],"potions_floor_usage":[6,10,11,22],"damage_taken":[{"damage":12,"enemies":"Small Slimes","floor":1,"turns":3},{"damage":15,"enemies":"2 Louse","floor":3,"turns":3},{"damage":2,"enemies":"Cultist","floor":5,"turns":5},{"damage":20,"enemies":"Gremlin Nob","floor":6,"turns":5},{"damage":28,"enemies":"Gremlin Gang","floor":7,"turns":9},{"damage":32,"enemies":"Lagavulin","floor":8,"turns":7},{"damage":0,"enemies":"Exordium Wildlife","floor":10,"turns":6},{"damage":3,"enemies":"Looter","floor":11,"turns":4},{"damage":24,"enemies":"Exordium Thugs","floor":12,"turns":5},{"damage":30,"enemies":"The Guardian","floor":16,"turns":11},{"damage":19,"enemies":"Shell Parasite","floor":18,"turns":5},{"damage":25,"enemies":"2 Thieves","floor":19,"turns":4},{"damage":21,"enemies":"Centurion and Healer","floor":22,"turns":4}],"seed_played":"7071011589056418778","potions_obtained":[{"floor":5,"key":"ColorlessPotion"},{"floor":8,"key":"Block Potion"},{"floor":10,"key":"BloodPotion"},{"floor":16,"key":"Strength Potion"},{"floor":18,"key":"Ancient Potion"}],"is_trial":false,"path_per_floor":["M","?","M","?","M","E","M","E","T","M","M","M","T","T","R","B",null,"M","M","?","?","M"],"character_chosen":"IRONCLAD","items_purchased":[],"campfire_rested":1,"item_purchase_floors":[],"current_hp_per_floor":[82,82,73,73,77,65,43,19,19,27,50,34,34,34,63,39,98,85,68,18,18,0,0],"gold":402,"neow_bonus":"TEN_PERCENT_HP_BONUS","is_daily":false,"chose_seed":false,"campfire_upgraded":0,"win_rate":0.0,"timestamp":1612539016,"path_taken":["M","?","M","?","M","E","M","E","T","?","M","?","?","?","R","BOSS","M","M","?","?","M"],"items_purchased_type":[],"build_version":"2020-12-22","purchased_purges":0,"victory":false,"max_hp_per_floor":[88,88,88,88,88,90,90,92,92,94,96,98,98,98,98,98,98,98,100,100,100,100,100],"card_choices":[{"not_picked":["Clash","Spot Weakness"],"picked":"Metallicize","floor":1},{"not_picked":["Clash","Headbutt"],"picked":"Clothesline","floor":3},{"not_picked":["Warcry","Blood for Blood"],"picked":"Shockwave","floor":5},{"not_picked":["Twin Strike","Warcry","Clothesline"],"picked":"Singing Bowl","floor":6},{"not_picked":["Sentinel","Cleave"],"picked":"Spot Weakness","floor":7},{"not_picked":["Clothesline","Exhume","Headbutt"],"picked":"Singing Bowl","floor":8},{"not_picked":["Warcry","Headbutt","Hemokinesis"],"picked":"Singing Bowl","floor":10},{"not_picked":["Evolve","Clash","Headbutt"],"picked":"Singing Bowl","floor":11},{"not_picked":["Brutality","Disarm","Ghostly Armor"],"picked":"Singing Bowl","floor":12},{"not_picked":["Brutality+1","Corruption+1"],"picked":"Berserk+1","floor":16},{"not_picked":["Iron Wave","Flame Barrier"],"picked":"Sword Boomerang+1","floor":18},{"not_picked":["Flame Barrier","Havoc","Blood for Blood"],"picked":"Singing Bowl","floor":19}],"player_experience":243848,"relics_obtained":[{"floor":6,"key":"Singing Bowl"},{"floor":8,"key":"HornCleat"},{"floor":9,"key":"Tiny Chest"},{"floor":13,"key":"Potion Belt"},{"floor":14,"key":"Frozen Egg 2"}],"event_choices":[{"damage_healed":0,"gold_gain":0,"player_choice":"Grow","damage_taken":0,"max_hp_gain":0,"max_hp_loss":0,"event_name":"Living Wall","floor":2,"gold_loss":0,"cards_upgraded":["Metallicize"]},{"damage_healed":0,"gold_gain":0,"player_choice":"2 cards matched","damage_taken":0,"max_hp_gain":0,"max_hp_loss":0,"event_name":"Match and Keep!","floor":4,"gold_loss":0,"cards_obtained":["Bash","Disarm"]},{"damage_healed":0,"gold_gain":0,"player_choice":" Idol ","damage_taken":50,"relics_obtained":["Bloody Idol"],"max_hp_gain":68,"max_hp_loss":18,"event_name":"betterAltar:BetterAltar","floor":20,"potions_obtained":[],"relics_lost":[],"gold_loss":0},{"damage_healed":0,"gold_gain":0,"player_choice":"Ignored","damage_taken":0,"max_hp_gain":0,"max_hp_loss":0,"event_name":"Beggar","floor":21,"gold_loss":0}],"is_beta":false,"boss_relics":[{"not_picked":["Runic Pyramid","Sozu"],"picked":"Philosopher\u0027s Stone"}],"items_purged_floors":[],"is_endless":false,"potions_floor_spawned":[5,8,10,16,18],"killed_by":"Centurion and Healer","ascension_level":3}}