{"host":"7tvb1em0d2fx72q7","time":1612499549,"event":{"mods":["BaseMod","Challenge The Spire","Minty Spire (QoL Compilation)","StSLib","everything is the same but u backflip on backflip"],"gold_per_floor":[113,113,23,38,51,90,90,109,162,181,181,181,181],"floor_reached":12,"language":"ENG","playtime":382,"items_purged":[],"score":160,"play_id":"bc336a8c-579d-47ff-a194-12a878bf57c1","local_time":"20210204233229","is_ascension_mode":true,"campfire_choices":[{"data":"Deadly Poison","floor":7,"key":"SMITH"},{"floor":11,"key":"REST"}],"circlet_count":0,"master_deck":["AscendersBane","Strike_G","Strike_G","Strike_G","Strike_G","Defend_G","Defend_G","Defend_G","Defend_G","Defend_G","Survivor","Neutralize","Poisoned Stab","Deadly Poison+1","Bane","Dagger Throw","PiercingWail","Bouncing Flask"],"relics":["Ring of the Snake","NeowsBlessing","Letter Opener","CeramicFish","Tiny Chest"],"acts_visited":["Exordium"],"potions_floor_usage":[6,12],"damage_taken":[{"damage":0,"enemies":"2 Louse","floor":1,"turns":1},{"damage":0,"enemies":"Jaw Worm","floor":4,"turns":1},{"damage":0,"enemies":"Cultist","floor":5,"turns":1},{"damage":25,"enemies":"Lagavulin","floor":6,"turns":7},{"damage":7,"enemies":"Blue Slaver","floor":8,"turns":4},{"damage":5,"enemies":"Exordium Thugs","floor":10,"turns":4},{"damage":36,"enemies":"3 Sentries","floor":12,"turns":8}],"seed_played":"-3755144210669075569","potions_obtained":[{"floor":1,"key":"Block Potion"},{"floor":4,"key":"Swift Potion"},{"floor":6,"key":"FearPotion"}],"is_trial":false,"path_per_floor":["M","?","?","M","M","E","R","M","T","M","R","E"],"character_chosen":"THE_SILENT","items_purchased":[],"campfire_rested":1,"item_purchase_floors":[],"current_hp_per_floor":[59,52,52,52,52,27,27,20,20,15,34,0,0],"gold":181,"neow_bonus":"THREE_ENEMY_KILL","is_daily":false,"chose_seed":false,"campfire_upgraded":1,"win_rate":0.0,"timestamp":1612499549,"path_taken":["M","?","?","M","?","E","R","M","T","M","R","E"],"items_purchased_type":[],"build_version":"2020-12-22","purchased_purges":0,"victory":false,"max_hp_per_floor":[66,66,66,66,66,66,66,66,66,66,66,66,66],"card_choices":[{"not_picked":["Masterful Stab","Outmaneuver"],"picked":"Poisoned Stab","floor":1},{"not_picked":["Reflex","Caltrops"],"picked":"Deadly Poison","floor":4},{"not_picked":["Expertise","Outmaneuver"],"picked":"Bane","floor":5},{"not_picked":["Dodge and Roll","PiercingWail"],"picked":"Dagger Throw","floor":6},{"not_picked":["Flying Knee","Distraction"],"picked":"PiercingWail","floor":8},{"not_picked":["Bane","Leg Sweep"],"picked":"Bouncing Flask","floor":10}],"player_experience":2021442,"relics_obtained":[{"floor":6,"key":"CeramicFish"},{"floor":9,"key":"Tiny Chest"}],"event_choices":[{"cards_removed":["Strike_G"],"damage_healed":0,"gold_gain":0,"player_choice":"Card Removal","damage_taken":7,"max_hp_gain":0,"max_hp_loss":0,"event_name":"Golden Wing","floor":2,"gold_loss":0},{"damage_healed":0,"gold_gain":0,"player_choice":"Paid Gold","damage_taken":0,"relics_obtained":["Letter Opener"],"max_hp_gain":0,"max_hp_loss":0,"event_name":"WeMeetAgain","floor":3,"gold_loss":90}],"is_beta":false,"boss_relics":[],"items_purged_floors":[],"is_endless":false,"potions_floor_spawned":[1,4,6],"killed_by":"3 Sentries","ascension_level":20}}