{"host":"njo8qgvy2a57fcny","time":1612506925,"event":{"mods":["Aspiration","BaseMod","BetterRewards","CCEM2","Colored Map","Colored Powertips","Conspire","Custom Start","Downfall","Energized Spire","GifTheSpireLib","Halation","Hermit","Hubris","Infinite Spire","Jedi Mod","Jorbs\u0027s Wanderer Trilogy","Mimic Mod","Minty Spire (QoL Compilation)","Quick Restart","Random Character Button","Random Character Mod","Rare Cards Sparkle","Relic Sorter","Reliquary","Replay The Spire","Shop Mod","StSLib","Stuff the Spire","The Animator","The Jungle","The Runesmith","The Servant 0.9.4","Unceasing Turn Reminder","thorton"],"gold_per_floor":[99,118,4,18,18,18,18,60,60,60,60,60,60],"floor_reached":11,"language":"ENG","playtime":444,"items_purged":[],"score":97,"play_id":"d55f60ac-04a9-4000-a20e-8cf88980d5da","local_time":"20210205173525","is_ascension_mode":true,"campfire_choices":[{"data":"champ:Taunt","floor":1,"key":"SMITH"},{"data":"champ:StanceDance","floor":6,"key":"SMITH"},{"data":"champ:GutPunch","floor":10,"key":"SMITH"}],"circlet_count":0,"master_deck":["conspire:GhostlyStrike","conspire:GhostlyStrike","conspire:GhostlyStrike","conspire:GhostlyDefend","conspire:GhostlyDefend","conspire:GhostlyDefend","conspire:GhostlyDefend","champ:Execute","champ:Taunt+1","champ:GutPunch+1","champ:DefensiveStyle","champ:StanceDance","champ:BerserkerStyle","champ:StanceDance+1","champ:StanceDance"],"relics":["champ:ChampionCrown","CeramicFish"],"acts_visited":["Exordium"],"potions_floor_usage":[8,11],"damage_taken":[{"damage":14,"enemies":"Cultist","floor":2,"turns":4},{"damage":25,"enemies":"downfall:FleeingMerchant","floor":3,"turns":4},{"damage":17,"enemies":"2 Louse","floor":4,"turns":3},{"damage":50,"enemies":"Gremlin Nob","floor":8,"turns":4},{"damage":65,"enemies":"Lagavulin","floor":11,"turns":6}],"seed_played":"-424476858257612277","potions_obtained":[{"floor":4,"key":"hexamod:SoulburnPotion"},{"floor":8,"key":"jedi:tentaclejuice"}],"is_trial":false,"path_per_floor":["R","M","$","M","?","R","T","E","?","R","E"],"character_chosen":"THE_CHAMP","items_purchased":["champ:StanceDance","champ:BerserkerStyle"],"campfire_rested":0,"item_purchase_floors":[3,3],"current_hp_per_floor":[99,95,90,80,80,80,80,61,61,61,0,0,0],"gold":60,"neow_bonus":"TEN_PERCENT_HP_BONUS","is_daily":false,"chose_seed":false,"campfire_upgraded":3,"win_rate":0.0,"timestamp":1612506925,"path_taken":["R","M","$","M","?","R","T","E","?","R","E"],"items_purchased_type":["Card","Card"],"build_version":"2020-12-22","purchased_purges":0,"victory":false,"max_hp_per_floor":[99,99,99,99,99,99,99,99,99,99,99,99,99],"card_choices":[{"not_picked":["champ:FlashCut","champ:Shatter"],"picked":"champ:GutPunch","floor":2},{"not_picked":["champ:FanOfKnives","champ:CrownThrow"],"picked":"champ:DefensiveStyle","floor":3},{"not_picked":["champ:ArenaPreparation","champ:StrikeOfGenius"],"picked":"champ:StanceDance","floor":4},{"not_picked":["champ:TornadoPunch","champ:GutPunch"],"picked":"champ:StanceDance","floor":8}],"player_experience":768117,"relics_obtained":[{"floor":8,"key":"CeramicFish"}],"event_choices":[{"damage_healed":0,"gold_gain":0,"player_choice":"Agree","damage_taken":0,"max_hp_gain":0,"max_hp_loss":0,"event_name":"conspire:LoneGhost","floor":9,"gold_loss":0}],"is_beta":false,"boss_relics":[],"items_purged_floors":[],"is_endless":false,"potions_floor_spawned":[4,8],"killed_by":"Lagavulin","ascension_level":1}}