{"host":"uhnh33uh34qot0et","time":1612485697,"event":{"mods":["BaseMod","Colored Map","Downfall","Hermit","Marisa????????","Minty Spire (QoL Compilation)","StSLib","The Bug Knight","The Cursed","The Servant 0.9.4"],"gold_per_floor":[99,114,124,135,155,155,203,215,215,242,242,342,192,203,216,311,311,211,222,222,241,261,261,308,308,308,308,308],"floor_reached":26,"language":"ENG","playtime":1203,"items_purged":[],"score":235,"play_id":"858a6f48-e171-49db-aeae-43145ce89b25","local_time":"20210205014137","is_ascension_mode":false,"campfire_choices":[{"data":"bronze:Goto","floor":1,"key":"SMITH"},{"data":"bronze:Replicate","floor":6,"key":"SMITH"},{"floor":11,"key":"REST"},{"data":"bronze:AlphaBuild","floor":18,"key":"SMITH"},{"data":"bronze:Verify","floor":25,"key":"SMITH"}],"circlet_count":0,"master_deck":["bronze:Strike","bronze:Strike","bronze:Strike","bronze:Strike","bronze:Defend","bronze:Defend","bronze:Defend","bronze:Defend","bronze:Replicate+1","bronze:Goto+1","bronze:CutThrough+1","bronze:BitShift","bronze:Frontload+1","bronze:ClassDefault","bronze:WildBeam+1","bronze:Verify+1","bronze:Iterate+1","bronze:Branch","bronze:AlphaBuild+1","bronze:Branch+1","bronze:Branch","bronze:FollowUp"],"relics":["bronze:BronzeCore","Potion Belt","Philosopher\u0027s Stone","downfall:HeartBlessingBlue","Bag of Marbles"],"acts_visited":["Exordium","TheCity"],"potions_floor_usage":[16,16,16,22],"damage_taken":[{"damage":6,"enemies":"Small Slimes","floor":2,"turns":3},{"damage":5,"enemies":"Cultist","floor":3,"turns":4},{"damage":6,"enemies":"Jaw Worm","floor":4,"turns":2},{"damage":1,"enemies":"Red Slaver","floor":5,"turns":4},{"damage":19,"enemies":"Exordium Wildlife","floor":8,"turns":6},{"damage":13,"enemies":"Gremlin Nob","floor":10,"turns":4},{"damage":7,"enemies":"Large Slime","floor":14,"turns":6},{"damage":3,"enemies":"Red Slaver","floor":15,"turns":5},{"damage":55,"enemies":"IC_STATUS_ARCHETYPE","floor":16,"turns":9},{"damage":0,"enemies":"Spheric Guardian","floor":19,"turns":1},{"damage":14,"enemies":"Shell Parasite","floor":21,"turns":2},{"damage":25,"enemies":"Cultist and Chosen","floor":22,"turns":7},{"damage":63,"enemies":"Gremlin Leader","floor":26,"turns":5}],"seed_played":"7267735785738702463","potions_obtained":[{"floor":5,"key":"GamblersBrew"},{"floor":8,"key":"bronze:FreeFunctionsPotion"},{"floor":10,"key":"DistilledChaos"},{"floor":14,"key":"Dexterity Potion"},{"floor":16,"key":"bronze:FreeFunctionsPotion"},{"floor":19,"key":"ColorlessPotion"},{"floor":21,"key":"DistilledChaos"}],"is_trial":false,"path_per_floor":["R","M","M","M","M","R","T","M","?","E","R","?","?","M","M","B",null,"R","M","?","M","M","?","T","R","E"],"character_chosen":"THE_AUTOMATON","items_purchased":[],"campfire_rested":1,"item_purchase_floors":[],"current_hp_per_floor":[77,71,66,60,59,59,59,40,40,27,50,50,87,80,77,22,87,97,97,97,83,58,58,58,58,0,0,0],"gold":308,"neow_bonus":"TEN_PERCENT_HP_BONUS","is_daily":false,"chose_seed":false,"campfire_upgraded":4,"win_rate":0.0,"timestamp":1612485697,"path_taken":["R","M","M","M","M","R","T","M","?","E","R","?","?","?","M","BOSS","R","M","?","M","?","?","T","R","E"],"items_purchased_type":[],"build_version":"2020-12-22","purchased_purges":0,"victory":false,"max_hp_per_floor":[77,77,77,77,77,77,77,77,77,77,77,77,87,87,87,87,87,97,97,97,97,97,97,97,97,97,97,97],"card_choices":[{"not_picked":["bronze:DelayedGuard","bronze:OilSpill"],"picked":"bronze:CutThrough","floor":2},{"not_picked":["bronze:BuggyMess","bronze:Turbo"],"picked":"bronze:BitShift","floor":3},{"not_picked":["bronze:Backtrace","bronze:BuggyMess"],"picked":"bronze:Frontload","floor":4},{"not_picked":["bronze:GetLatest","bronze:FollowUp"],"picked":"bronze:ClassDefault","floor":5},{"not_picked":["bronze:Overload","bronze:Turbo"],"picked":"bronze:WildBeam","floor":8},{"not_picked":["bronze:Boost","bronze:FindAndReplace"],"picked":"bronze:Verify","floor":10},{"not_picked":["bronze:Branch","bronze:Turbo"],"picked":"bronze:Iterate","floor":14},{"not_picked":["bronze:CutThrough","bronze:DarkDash"],"picked":"bronze:Branch","floor":15},{"not_picked":["bronze:HyperBeam","bronze:Mutator"],"picked":"bronze:AlphaBuild","floor":16},{"not_picked":["bronze:Philosophize","bronze:Repulsor+1"],"picked":"bronze:Branch+1","floor":19},{"not_picked":["bronze:DelayedGuard","bronze:BitShift+1"],"picked":"bronze:Branch","floor":21},{"not_picked":["bronze:CleanCode","bronze:BitShift"],"picked":"bronze:FollowUp","floor":22}],"player_experience":5325,"relics_obtained":[{"floor":10,"key":"Potion Belt"},{"floor":24,"key":"Bag of Marbles"}],"event_choices":[{"damage_healed":0,"gold_gain":0,"player_choice":"Grow","damage_taken":0,"max_hp_gain":0,"max_hp_loss":0,"event_name":"Living Wall","floor":9,"gold_loss":0,"cards_upgraded":["bronze:WildBeam"]},{"damage_healed":0,"gold_gain":0,"player_choice":"Ignored","damage_taken":0,"max_hp_gain":0,"max_hp_loss":0,"event_name":"Ghosts","floor":23,"gold_loss":0}],"is_beta":false,"boss_relics":[{"not_picked":["Fusion Hammer","Velvet Choker"],"picked":"Philosopher\u0027s Stone"}],"items_purged_floors":[],"is_endless":false,"potions_floor_spawned":[5,8,10,14,16,19,21],"killed_by":"Gremlin Leader","ascension_level":0}}