{"host":"qxeepl7ydvsgmfdb","time":1612531428,"event":{"mods":["AchievementEnabler","BaseMod","Colored Powertips","Minty Spire (QoL Compilation)","Quick Restart","slay the spire mod where everything is the same but ironclad has a cowboy hat"],"gold_per_floor":[119,119,132,79,98,133,133,167,194,194,221,74,85,104,104,199,199,210,131,144,24,37,37,37,66,114,114,25,51,151,151,151,151,151],"floor_reached":33,"language":"ENG","playtime":902,"items_purged":["Strike_B"],"score":391,"play_id":"439c294e-96fc-40b7-88e2-07322e432025","local_time":"20210205082348","is_ascension_mode":true,"campfire_choices":[{"data":"Zap","floor":7.0,"key":"SMITH"},{"floor":15.0,"key":"REST"},{"floor":24.0,"key":"REST"},{"floor":27.0,"key":"REST"},{"floor":32.0,"key":"REST"}],"circlet_count":0,"master_deck":["Strike_B","Strike_B","Defend_B","Defend_B","Defend_B","Defend_B","Zap+1","Dualcast","Melter","Leap","Ball Lightning","Ball Lightning","Sweeping Beam+1","Dramatic Entrance","Ball Lightning+1","Defragment"],"relics":["Cracked Core","NeowsBlessing","Nunchaku","Anchor","Smiling Mask","Orichalcum","Membership Card","Inserter","Sling","Omamori","MutagenicStrength","HornCleat","Bag of Marbles","Blood Vial","Gambling Chip","Cables"],"acts_visited":["Exordium","TheCity"],"potions_floor_usage":[33,33],"damage_taken":[{"damage":0.0,"enemies":"Cultist","floor":1.0,"turns":1.0},{"damage":0.0,"enemies":"2 Louse","floor":3.0,"turns":1.0},{"damage":0.0,"enemies":"Jaw Worm","floor":5.0,"turns":1.0},{"damage":10.0,"enemies":"Gremlin Nob","floor":6.0,"turns":3.0},{"damage":26.0,"enemies":"Lagavulin","floor":8.0,"turns":5.0},{"damage":13.0,"enemies":"Gremlin Nob","floor":11.0,"turns":3.0},{"damage":0.0,"enemies":"3 Louse","floor":13.0,"turns":3.0},{"damage":8.0,"enemies":"Lots of Slimes","floor":14.0,"turns":3.0},{"damage":25.0,"enemies":"Hexaghost","floor":16.0,"turns":8.0},{"damage":19.0,"enemies":"2 Thieves","floor":18.0,"turns":4.0},{"damage":11.0,"enemies":"3 Byrds","floor":20.0,"turns":4.0},{"damage":0.0,"enemies":"Sentry and Sphere","floor":22.0,"turns":2.0},{"damage":34.0,"enemies":"Slavers","floor":25.0,"turns":4.0},{"damage":0.0,"enemies":"Gremlin Leader","floor":29.0,"turns":3.0},{"damage":0.0,"enemies":"Colosseum Slavers","floor":30.0,"turns":2.0},{"damage":0.0,"enemies":"Colosseum Nobs","floor":30.0,"turns":3.0},{"damage":78,"enemies":"Automaton","floor":33,"turns":8}],"seed_played":"2980136169808435527","potions_obtained":[{"floor":1.0,"key":"Swift Potion"},{"floor":8.0,"key":"EssenceOfSteel"},{"floor":11.0,"key":"FocusPotion"},{"floor":13.0,"key":"SkillPotion"},{"floor":16.0,"key":"Fire Potion"},{"floor":22.0,"key":"EntropicBrew"}],"is_trial":false,"path_per_floor":["M","$","M","$","M","E","R","E","T","$","E","$","M","M","R","B",null,"M","$","M","$","M","?","R","E","T","R","$","E","?","?","R","B"],"character_chosen":"DEFECT","items_purchased":["Ball Lightning","Membership Card","Sling","Omamori","Dramatic Entrance","Defragment"],"campfire_rested":4,"item_purchase_floors":[4,12,19,21,21,28],"current_hp_per_floor":[75,75,75,75,75,65,65,39,39,39,26,26,26,18,40,15,75,56,56,45,45,45,45,67,33,33,55,55,55,59,59,75,0,0],"gold":151,"neow_bonus":"THREE_ENEMY_KILL","is_daily":false,"chose_seed":false,"campfire_upgraded":1,"win_rate":0.0,"timestamp":1612531428,"path_taken":["M","?","?","?","M","E","R","E","T","$","E","$","M","M","R","BOSS","M","$","M","$","?","?","R","E","T","R","?","E","?","?","R","BOSS"],"items_purchased_type":["Card","Relic","Relic","Relic","Card","Card"],"build_version":"2020-12-22","purchased_purges":1,"victory":false,"max_hp_per_floor":[75,75,75,75,75,75,75,75,75,75,75,75,75,75,75,75,75,75,75,75,75,75,75,75,75,75,75,75,75,75,75,75,75,75],"card_choices":[{"not_picked":["Cold Snap","Stack"],"picked":"Melter","floor":1.0},{"not_picked":["Heatsinks","Go for the Eyes"],"picked":"Leap","floor":3.0},{"not_picked":["Reinforced Body","Go for the Eyes","Aggregate"],"picked":"SKIP","floor":5.0},{"not_picked":["Gash","Turbo","Storm"],"picked":"SKIP","floor":6.0},{"not_picked":["Gash","Melter"],"picked":"Ball Lightning","floor":8.0},{"not_picked":["Rebound","Conserve Battery","Force Field"],"picked":"SKIP","floor":11.0},{"not_picked":["Rebound","Skim","Glacier"],"picked":"SKIP","floor":13.0},{"not_picked":["Stack","Streamline","Compile Driver"],"picked":"SKIP","floor":14.0},{"not_picked":["Streamline","Glacier","Aggregate"],"picked":"SKIP","floor":18.0},{"not_picked":["Undo","Barrage"],"picked":"Sweeping Beam+1","floor":20.0},{"not_picked":["Stack","Barrage"],"picked":"Ball Lightning+1","floor":22.0},{"not_picked":["Consume","Steam","Echo Form"],"picked":"SKIP","floor":25.0},{"not_picked":["Hologram","Sweeping Beam","Skim+1"],"picked":"SKIP","floor":29.0}],"player_experience":173451,"relics_obtained":[{"floor":6.0,"key":"Nunchaku"},{"floor":8.0,"key":"Anchor"},{"floor":9.0,"key":"Smiling Mask"},{"floor":11.0,"key":"Orichalcum"},{"floor":25.0,"key":"HornCleat"},{"floor":26.0,"key":"Bag of Marbles"},{"floor":29.0,"key":"Blood Vial"},{"floor":30.0,"key":"Gambling Chip"},{"floor":30.0,"key":"Cables"}],"event_choices":[{"damage_healed":0.0,"max_hp_gain":0.0,"max_hp_loss":0.0,"gold_gain":0.0,"event_name":"Drug Dealer","player_choice":"Inject Mutagens","floor":23.0,"gold_loss":0.0,"damage_taken":0.0,"relics_obtained":["MutagenicStrength"]},{"damage_healed":0.0,"max_hp_gain":0.0,"max_hp_loss":0.0,"gold_gain":0.0,"event_name":"Colosseum","player_choice":"Fight","floor":30.0,"gold_loss":0.0,"damage_taken":0.0},{"damage_healed":0.0,"max_hp_gain":0.0,"max_hp_loss":0.0,"gold_gain":0.0,"event_name":"Colosseum","player_choice":"Fought Nobs","floor":30.0,"gold_loss":0.0,"damage_taken":0.0},{"cards_removed":["Strike_B"],"damage_healed":0.0,"max_hp_gain":0.0,"max_hp_loss":0.0,"gold_gain":0.0,"event_name":"Bonfire Elementals","player_choice":"Offered Basic","floor":31.0,"gold_loss":0.0,"damage_taken":0.0}],"is_beta":false,"boss_relics":[{"not_picked":["Busted Crown","Tiny House"],"picked":"Inserter"}],"items_purged_floors":[28],"is_endless":false,"potions_floor_spawned":[1,8,11,13,16,22,25,30],"killed_by":"Automaton","ascension_level":4}}