{"host":"d52brwsy6af8zvaq","time":1612499505,"event":{"mods":["AchievementEnabler","BaseMod","Bestiary","Highlight Path","Minty Spire (QoL Compilation)","Quick Restart","Relic Stats","ojb\u0027s Better Paths Mod"],"gold_per_floor":[112,72,72,92,111,146,146,111,111,136,136,155,21,21,21],"floor_reached":14,"language":"ENG","playtime":539,"items_purged":["Strike_B"],"score":196,"play_id":"a1b7fb77-0494-4b68-90f0-d9e04560fc7d","local_time":"20210204213145","is_ascension_mode":true,"campfire_choices":[{"data":"Static Discharge","floor":7,"key":"SMITH"},{"data":"Double Energy","floor":11,"key":"SMITH"}],"circlet_count":0,"master_deck":["AscendersBane","Strike_B","Strike_B","Strike_B","Defend_B","Defend_B","Defend_B","Defend_B","Zap","Dualcast","Static Discharge+1","Rip and Tear","Double Energy+1","Coolheaded","Ball Lightning","Conserve Battery","Leap"],"relics":["Cracked Core","Calipers","Eternal Feather","Letter Opener"],"acts_visited":["Exordium"],"potions_floor_usage":[14],"damage_taken":[{"damage":5.0,"enemies":"Small Slimes","floor":1.0,"turns":4.0},{"damage":2.0,"enemies":"Jaw Worm","floor":4.0,"turns":3.0},{"damage":0,"enemies":"2 Louse","floor":5,"turns":2},{"damage":40,"enemies":"Lagavulin","floor":6,"turns":8},{"damage":39,"enemies":"Gremlin Nob","floor":10,"turns":4},{"damage":13,"enemies":"Large Slime","floor":12,"turns":3},{"damage":11,"enemies":"3 Sentries","floor":14,"turns":4}],"seed_played":"-471167897379873576","potions_obtained":[{"floor":10,"key":"EssenceOfSteel"}],"is_trial":false,"path_per_floor":["M","$","?","M","M","E","R","?","T","E","R","M","$","E"],"character_chosen":"DEFECT","items_purchased":["Rip and Tear","Leap"],"campfire_rested":0,"item_purchase_floors":[2,13],"current_hp_per_floor":[66,66,71,69,69,29,29,49,49,10,19,6,6,0,0],"gold":21,"neow_bonus":"TEN_PERCENT_HP_BONUS","is_daily":false,"chose_seed":false,"campfire_upgraded":2,"win_rate":0.0,"timestamp":1612499505,"path_taken":["M","$","?","M","M","E","R","?","T","E","R","M","$","E"],"items_purchased_type":["Card","Card"],"build_version":"2020-12-22","purchased_purges":1,"victory":false,"max_hp_per_floor":[78,78,83,83,83,83,83,83,83,83,83,83,83,83,83],"relic_stats":{"counters":[7,28],"Eternal Feather":9,"Letter Opener":[25],"obtain_stats":[{"Calipers":6,"Eternal Feather":9,"Letter Opener":10,"Cracked Core":0},{"Calipers":4,"Eternal Feather":4,"Letter Opener":5,"Cracked Core":0},{"Calipers":17,"Eternal Feather":17,"Letter Opener":21,"Cracked Core":0}]},"card_choices":[{"not_picked":["Rebound","Double Energy"],"picked":"Static Discharge","floor":1.0},{"not_picked":["Self Repair","Hologram","Gash"],"picked":"SKIP","floor":4.0},{"not_picked":["Conserve Battery","Heatsinks"],"picked":"Double Energy","floor":5},{"not_picked":["Double Energy","Buffer"],"picked":"Coolheaded","floor":6},{"not_picked":["Aggregate","Recycle"],"picked":"Ball Lightning","floor":10},{"not_picked":["Steam","Consume"],"picked":"Conserve Battery","floor":12}],"player_experience":2146695,"relics_obtained":[{"floor":6,"key":"Calipers"},{"floor":9,"key":"Eternal Feather"},{"floor":10,"key":"Letter Opener"}],"event_choices":[{"damage_healed":0.0,"max_hp_gain":5.0,"max_hp_loss":0.0,"gold_gain":0.0,"event_name":"Big Fish","player_choice":"Donut","floor":3.0,"gold_loss":0.0,"damage_taken":0.0},{"damage_healed":20,"gold_gain":0,"player_choice":"Healed","damage_taken":0,"max_hp_gain":0,"max_hp_loss":0,"event_name":"The Cleric","floor":8,"gold_loss":35}],"is_beta":false,"boss_relics":[],"items_purged_floors":[13],"is_endless":false,"potions_floor_spawned":[10],"killed_by":"3 Sentries","ascension_level":20}}