{"host":"amvb77pwe2wp6zyc","time":1612523378,"event":{"mods":["2.2 Compatiblity","AchievementEnabler","AlwaysNeverKeys","BaseMod","BetterRewards","Downfall","Duelist Mod","GifTheSpireLib","Minty Spire (QoL Compilation)","Permanent Neow","Quick Restart","Relic Filter","Shop Mod","StSLib","SuperFastMode","Trackpad"],"gold_per_floor":[25,44,60,60,71,81,128,28,38,38,56,84,98,83,98,174,174,174,194,214,225,6,19,19,19,37,72,90,90,90,118,130,204,204,204,223,241,241,32,57,105,105,117,337,367,383,383,417,433,433],"floor_reached":51,"language":"DEU","playtime":2153,"items_purged":["theDuelist:Sparks","theDuelist:CastleWalls","theDuelist:NaturiaTulip+1"],"score":1968,"play_id":"7317e1da-8586-45ca-a2a2-e46163fc1b20","local_time":"20210205120938","is_ascension_mode":true,"campfire_choices":[{"floor":1.0,"key":"DIG"},{"floor":8.0,"key":"DIG"},{"floor":10.0,"key":"DIG"},{"data":"theDuelist:Sparks","floor":18.0,"key":"PURGE"},{"data":"theDuelist:CastleWalls","floor":25.0,"key":"PURGE"},{"data":"theDuelist:NaturiaCliff","floor":30.0,"key":"PURGE"},{"data":"theDuelist:CastleWalls","floor":35.0,"key":"PURGE"},{"data":"theDuelist:NaturiaRock","floor":42,"key":"PURGE"}],"circlet_count":0,"master_deck":["AscendersBane","theDuelist:NaturiaHorneedle","theDuelist:NaturiaPineapple","theDuelist:LonefireBlossom","Impatience"],"relics":["theDuelist:MillenniumPuzzle","theDuelist:CardPoolRelic","theDuelist:CardPoolBasicRelic","theDuelist:BoosterPackPoolRelic","theDuelist:CardPoolAddRelic","theDuelist:CardPoolMinusRelic","theDuelist:CardPoolSaveRelic","theDuelist:CardPoolOptionsRelic","Shovel","downfall:HeartBlessingGreen","trackpad:FieryHotPepper","Peace Pipe","downfall:HeartBlessingBlue","Unceasing Top","Ginger","Sozu","MerchantsRug","Red Skull","Runic Cube","Blue Candle","trackpad:ZombieHeart","trackpad:RapidFire","theDuelist:NatureOrb"],"acts_visited":["Exordium","TheCity","TheBeyond"],"potions_floor_usage":[],"damage_taken":[{"damage":4.0,"enemies":"2 Louse","floor":2.0,"turns":2.0},{"damage":0.0,"enemies":"Cultist","floor":3.0,"turns":4.0},{"damage":12.0,"enemies":"Small Slimes","floor":5.0,"turns":3.0},{"damage":0.0,"enemies":"2 Fungi Beasts","floor":6.0,"turns":2.0},{"damage":0.0,"enemies":"Exordium Thugs","floor":9.0,"turns":3.0},{"damage":0.0,"enemies":"Gremlin Gang","floor":11.0,"turns":2.0},{"damage":0.0,"enemies":"Lagavulin","floor":12.0,"turns":6.0},{"damage":0.0,"enemies":"Exordium Wildlife","floor":13.0,"turns":3.0},{"damage":0.0,"enemies":"downfall:FleeingMerchant","floor":14.0,"turns":4.0},{"damage":0.0,"enemies":"Red Slaver","floor":15.0,"turns":3.0},{"damage":13.0,"enemies":"SI_SHIV_ARCHETYPE","floor":16.0,"turns":13.0},{"damage":0.0,"enemies":"3 Byrds","floor":19.0,"turns":3.0},{"damage":7.0,"enemies":"Chosen","floor":20.0,"turns":5.0},{"damage":0.0,"enemies":"Centurion and Healer","floor":21.0,"turns":5.0},{"damage":0.0,"enemies":"downfall:FleeingMerchant","floor":22.0,"turns":4.0},{"damage":0.0,"enemies":"Snake Plant","floor":23.0,"turns":4.0},{"damage":0.0,"enemies":"3 Cultists","floor":26.0,"turns":3.0},{"damage":0.0,"enemies":"theDuelist:KaibaA2","floor":27.0,"turns":4.0},{"damage":0.0,"enemies":"Snecko","floor":28.0,"turns":5.0},{"damage":0.0,"enemies":"Slavers","floor":31.0,"turns":2.0},{"damage":2.0,"enemies":"Cultist and Chosen","floor":32.0,"turns":5.0},{"damage":0.0,"enemies":"WA_ARCHETYPE_CALM","floor":33.0,"turns":9.0},{"damage":0.0,"enemies":"3 Darklings","floor":36.0,"turns":3.0},{"damage":14.0,"enemies":"3 Shapes","floor":37.0,"turns":3.0},{"damage":0.0,"enemies":"downfall:FleeingMerchant","floor":39.0,"turns":4.0},{"damage":0.0,"enemies":"Giant Head","floor":40.0,"turns":6.0},{"damage":1,"enemies":"Spire Growth","floor":43,"turns":3},{"damage":0,"enemies":"downfall:FleeingMerchant","floor":44,"turns":2},{"damage":1,"enemies":"Nemesis","floor":45,"turns":1},{"damage":1,"enemies":"4 Shapes","floor":46,"turns":1},{"damage":0,"enemies":"Giant Head","floor":48,"turns":2},{"damage":3,"enemies":"Sphere and 2 Shapes","floor":49,"turns":3},{"damage":0,"enemies":"DF_ARCHETYPE_ORBS","floor":50,"turns":2}],"seed_played":"-1607866406698103616","potions_obtained":[{"floor":6.0,"key":"theDuelist:FireBottle"},{"floor":11.0,"key":"theDuelist:FreezingPotion"}],"is_trial":false,"path_per_floor":["R","M","M","?","M","M","T","R","M","R","M","E","M","$","M","B",null,"R","M","M","M","$","M","T","R","M","E","M","?","R","E","M","B",null,"R","M","M","?","$","E","T","R","M","$","E","M","?","E","M","B",null],"character_chosen":"THE_DUELIST","items_purchased":["MerchantsRug","theDuelist:NaturiaPineapple","Blue Candle"],"campfire_rested":0,"item_purchase_floors":[22,22,39],"current_hp_per_floor":[63,59,59,59,47,47,47,57,57,57,57,64,64,64,64,51,78,78,78,71,71,71,71,71,71,71,71,71,87,87,87,85,85,87,87,87,73,65,65,65,65,65,65,66,66,69,69,70,70,71],"gold":433,"neow_bonus":"RANDOM_COMMON_RELIC","is_daily":false,"chose_seed":false,"campfire_upgraded":0,"win_rate":0.0,"timestamp":1612523378,"path_taken":["R","M","M","?","?","?","T","R","M","R","M","E","M","?","M","BOSS","R","M","M","M","$","M","T","R","M","E","M","?","R","E","M","BOSS","R","M","M","?","$","E","T","R","M","?","E","M","?","E","M","BOSS"],"items_purchased_type":["Relic","Card","Relic"],"build_version":"2020-12-22","purchased_purges":3,"victory":true,"max_hp_per_floor":[70,70,70,70,70,70,70,80,80,80,80,87,87,87,87,87,87,87,87,87,87,87,87,87,87,87,87,87,87,87,87,87,87,87,87,87,87,87,87,87,87,87,88,89,90,94,94,95,98,99],"card_choices":[{"not_picked":["theDuelist:NaturiaCliff","theDuelist:NaturiaMarron","theDuelist:Spore","theDuelist:FossilDig","theDuelist:NaturiaMantis"],"picked":"SKIP","floor":2.0},{"not_picked":["theDuelist:NaturiaHydrangea","theDuelist:LonefireBlossom","theDuelist:NaturiaRagweed","theDuelist:SummoningSwarm","theDuelist:NaturiaBeetle"],"picked":"SKIP","floor":3.0},{"not_picked":["theDuelist:NaturiaRosewhip","theDuelist:CrystalRose","theDuelist:FossilExcavation","theDuelist:NaturiaRagweed","theDuelist:NaturiaStagBeetle"],"picked":"SKIP","floor":5.0},{"not_picked":["theDuelist:NaturiaEggplant","theDuelist:FossilDig","theDuelist:NaturiaRock","theDuelist:NaturiaCliff","theDuelist:FossilExcavation"],"picked":"SKIP","floor":6.0},{"not_picked":["theDuelist:NaturiaSacredTree","theDuelist:Anteater","theDuelist:NatureReflection","theDuelist:ConvulsionNature","theDuelist:LairWire"],"picked":"SKIP","floor":9.0},{"not_picked":["theDuelist:NaturiaCliff","theDuelist:NaturiaStinkbug","theDuelist:NaturiaRock","theDuelist:NaturiaMantis","theDuelist:FossilExcavation"],"picked":"SKIP","floor":11.0},{"not_picked":["theDuelist:NaturiaLandoise","theDuelist:NaturiaStrawberry","theDuelist:WildNatureRelease"],"picked":"SKIP","floor":12.0},{"not_picked":["theDuelist:NaturiaDragonfly","theDuelist:NaturiaHydrangea","theDuelist:FossilDig","theDuelist:NaturiaRagweed","theDuelist:FossilExcavation"],"picked":"SKIP","floor":13.0},{"not_picked":["theDuelist:NaturiaStrawberry","theDuelist:NaturiaBambooShoot","theDuelist:NaturiaBeetle"],"picked":"SKIP","floor":14.0},{"not_picked":["theDuelist:NaturiaEggplant","theDuelist:NaturiaHydrangea","theDuelist:NaturiaAntjaw","theDuelist:NaturiaMarron","theDuelist:BrainCrusher"],"picked":"SKIP","floor":15.0},{"not_picked":["theDuelist:Wildfire","theDuelist:ClosedForest","theDuelist:HuntingInstinct","theDuelist:DemiseLand"],"picked":"theDuelist:NaturiaHorneedle","floor":16.0},{"not_picked":["theDuelist:NaturiaCliff","theDuelist:NaturiaLandoise","theDuelist:CrystalRose+1","theDuelist:NaturiaGaiastrio","theDuelist:NaturiaRock+1"],"picked":"SKIP","floor":19.0},{"not_picked":["theDuelist:NaturiaCliff","theDuelist:NaturiaDragonfly","theDuelist:NaturiaEggplant","theDuelist:NaturiaHydrangea","theDuelist:WildNatureRelease"],"picked":"SKIP","floor":20.0},{"not_picked":["theDuelist:NaturiaCliff","theDuelist:NaturiaDragonfly","theDuelist:NaturiaEggplant","theDuelist:NaturiaHydrangea+1","theDuelist:Alpacaribou"],"picked":"SKIP","floor":21.0},{"not_picked":["theDuelist:VenomShot","theDuelist:GracefulCharity","theDuelist:NaturiaSacredTree+1","theDuelist:ConvulsionNature","theDuelist:WormBait"],"picked":"SKIP","floor":22.0},{"not_picked":["theDuelist:NaturiaCliff","theDuelist:SummoningSwarm","theDuelist:NaturiaTulip","theDuelist:NaturiaAntjaw","theDuelist:NaturiaBrambi"],"picked":"SKIP","floor":23.0},{"not_picked":["theDuelist:NaturiaHydrangea","theDuelist:Spore","theDuelist:NaturiaTulip","theDuelist:FossilDig","theDuelist:NaturiaRagweed+1"],"picked":"SKIP","floor":26.0},{"not_picked":["theDuelist:NaturiaBrambi","theDuelist:LuminousMoss","theDuelist:NaturiaLeodrake","theDuelist:Wiretap","theDuelist:NaturiaBeetle"],"picked":"SKIP","floor":27.0},{"not_picked":["theDuelist:NaturiaHydrangea","theDuelist:NaturiaSunflower","theDuelist:NaturiaRock","theDuelist:NaturiaRosewhip+1","theDuelist:Alpacaribou"],"picked":"SKIP","floor":28.0},{"not_picked":["theDuelist:NaturiaCliff","theDuelist:NaturiaStinkbug","theDuelist:NaturiaEggplant","theDuelist:NaturiaWhiteOak"],"picked":"theDuelist:LonefireBlossom","floor":31.0},{"not_picked":["theDuelist:NaturiaMosquito","theDuelist:NaturiaSpiderfang","theDuelist:NaturiaCherries","theDuelist:NaturiaLadybug","theDuelist:NaturiaHorneedle"],"picked":"SKIP","floor":32.0},{"not_picked":["Apotheosis+1","Impatience","Mayhem","PanicButton"],"picked":"SKIP","floor":36.0},{"not_picked":["theDuelist:MultiplicationOfAnts","theDuelist:ClosedForest","theDuelist:NaturiaBarkion+1","theDuelist:DemiseLand","theDuelist:NaturiaForest"],"picked":"SKIP","floor":37.0},{"not_picked":["theDuelist:NaturiaEggplant","theDuelist:NaturiaStagBeetle","theDuelist:NaturiaBeetle","theDuelist:NaturiaSacredTree+1","theDuelist:PotDuality"],"picked":"SKIP","floor":39.0},{"not_picked":["theDuelist:NaturiaDragonfly","theDuelist:NaturiaAntjaw","theDuelist:NaturiaCliff","theDuelist:SummoningSwarm","theDuelist:NaturiaHydrangea"],"picked":"SKIP","floor":40.0},{"not_picked":["theDuelist:NaturiaGuardian","theDuelist:BottomlessTrapHole","theDuelist:NaturiaStinkbug+1","theDuelist:Pollinosis","theDuelist:NaturiaLandoise"],"picked":"SKIP","floor":43},{"not_picked":["theDuelist:NaturiaDragonfly+1","theDuelist:NaturiaRock","theDuelist:NaturiaHydrangea","theDuelist:FossilDig","theDuelist:NaturiaMantis"],"picked":"SKIP","floor":44},{"not_picked":["theDuelist:NaturiaCliff","theDuelist:NaturiaDragonfly","theDuelist:NaturiaEggplant","theDuelist:NaturiaHydrangea","theDuelist:NaturiaBambooShoot+1"],"picked":"SKIP","floor":45},{"not_picked":["theDuelist:HeartUnderdog+1","theDuelist:HuntingInstinct+1","theDuelist:NaturiaVein","theDuelist:DemiseLand","theDuelist:NaturiaForest"],"picked":"SKIP","floor":46},{"not_picked":["theDuelist:NaturiaCliff","theDuelist:NaturiaMantis+1","theDuelist:NaturiaRagweed","theDuelist:NaturiaSunflower","theDuelist:NaturiaBambooShoot"],"picked":"SKIP","floor":48},{"not_picked":["Good Instincts+1","Secret Weapon","Trip"],"picked":"Impatience","floor":49}],"player_experience":401375,"relics_obtained":[{"floor":1.0,"key":"trackpad:FieryHotPepper"},{"floor":7.0,"key":"Peace Pipe"},{"floor":8.0,"key":"Empty Cage"},{"floor":10.0,"key":"Unceasing Top"},{"floor":12.0,"key":"Ginger"},{"floor":24.0,"key":"Ornamental Fan"},{"floor":27.0,"key":"Red Skull"},{"floor":31.0,"key":"Bird Faced Urn"},{"floor":40.0,"key":"trackpad:ZombieHeart"},{"floor":41.0,"key":"trackpad:RapidFire"},{"floor":45,"key":"theDuelist:NatureOrb"}],"event_choices":[{"damage_healed":0.0,"max_hp_gain":0.0,"max_hp_loss":0.0,"gold_gain":0.0,"event_name":"Accursed Blacksmith","player_choice":"Forge","floor":4.0,"gold_loss":0.0,"damage_taken":0.0,"cards_upgraded":["theDuelist:NaturiaTulip"]},{"damage_healed":17.0,"max_hp_gain":0.0,"max_hp_loss":0.0,"gold_gain":0.0,"event_name":"The Library","player_choice":"Heal","floor":29.0,"gold_loss":0.0,"damage_taken":0.0},{"damage_healed":0.0,"max_hp_gain":0.0,"max_hp_loss":0.0,"gold_gain":0.0,"event_name":"Aknamkanon\u0027s Tomb","player_choice":"Dig - random Duelist relic","duelist":true,"floor":38.0,"gold_loss":0.0,"damage_taken":0.0},{"damage_healed":0,"gold_gain":0,"player_choice":"Leave","duelist":true,"damage_taken":0,"max_hp_gain":0,"max_hp_loss":0,"event_name":"Millennium Items","floor":47,"gold_loss":0}],"is_beta":false,"boss_relics":[{"not_picked":["theDuelist:MillenniumKey","Velvet Choker"],"picked":"Sozu"},{"not_picked":["Pandora\u0027s Box","Tiny House"],"picked":"Runic Cube"}],"items_purged_floors":[22,39,44],"is_endless":false,"potions_floor_spawned":[6,11,12,15,20,21,26,28,31,32,36,40,46,49],"ascension_level":15}}