{"host":"2lvuisjyit3p3u01","time":1612525779,"event":{"mods":["Act Like it!","BaseMod","Bestiary","Better Synergies","CapriCore","Colored Map","Colored Powertips","Downfall","GifTheSpireLib","Minty Spire (QoL Compilation)","Quick Restart","Replay The Spire","StSLib"],"gold_per_floor":[99,110,126,126,139,157,157,157,157,307,307,317,317,29,43,143,143,143,143,159,159,159,173,173,173,173,189,189,9,35,45,56,56,56,56],"floor_reached":33,"language":"ENG","playtime":1649,"items_purged":["downfall:Icky"],"score":257,"play_id":"099cb96b-70dc-4e8c-8a9e-f7a40f97d3fa","local_time":"20210205134939","is_ascension_mode":false,"campfire_choices":[{"floor":1.0,"key":"RECALL"},{"data":"bronze:Boost","floor":11.0,"key":"SMITH"},{"data":"bronze:Repair","floor":13.0,"key":"SMITH"},{"data":"bronze:DelayedSlice","floor":18.0,"key":"SMITH"},{"data":"bronze:Iterate","floor":26.0,"key":"SMITH"},{"data":"bronze:Virus","floor":28.0,"key":"SMITH"}],"circlet_count":0,"master_deck":["bronze:Strike","bronze:Strike","bronze:Strike","bronze:Defend","bronze:Defend","bronze:Defend","bronze:Defend","bronze:Replicate","bronze:Goto","bronze:ClassDefault","bronze:Boost+1","bronze:DelayedSlice+1","bronze:Repair+1","bronze:DelayedSlice","bronze:FineTuning","bronze:FineTuning","bronze:FineTuning","bronze:WhirlingStrike","bronze:HardenedForm","bronze:DelayedGuard+1","bronze:Iterate+1","CurseOfTheBell","CurseOfTheBell","bronze:Virus+1","bronze:Branch","bronze:Optimize","bronze:Optimize"],"relics":["bronze:PlatinumCore","DollysMirror","Happy Flower","downfall:ExtraCursedBell","bronze:CableSpool","CaptainsWheel","PreservedInsect","Membership Card","Ornamental Fan"],"acts_visited":["Exordium","TheCity"],"potions_floor_usage":[33,33,33],"damage_taken":[{"damage":0.0,"enemies":"2 Louse","floor":2.0,"turns":3.0},{"damage":1.0,"enemies":"Cultist","floor":3.0,"turns":4.0},{"damage":2.0,"enemies":"Jaw Worm","floor":5.0,"turns":4.0},{"damage":10.0,"enemies":"3 Louse","floor":6.0,"turns":4.0},{"damage":5.0,"enemies":"Blue Slaver","floor":12.0,"turns":4.0},{"damage":5.0,"enemies":"downfall:FleeingMerchant","floor":14.0,"turns":4.0},{"damage":17.0,"enemies":"Exordium Thugs","floor":15.0,"turns":5.0},{"damage":20.0,"enemies":"DF_ARCHETYPE_STREAMLINE","floor":16.0,"turns":6.0},{"damage":0.0,"enemies":"Chosen","floor":19.0,"turns":1.0},{"damage":5.0,"enemies":"3 Byrds","floor":20.0,"turns":2.0},{"damage":13.0,"enemies":"Shelled Parasite and Fungi","floor":23.0,"turns":4.0},{"damage":2.0,"enemies":"3 Cultists","floor":27.0,"turns":4.0},{"damage":0.0,"enemies":"downfall:FleeingMerchant","floor":29.0,"turns":4.0},{"damage":15.0,"enemies":"Replay:Snechameleon","floor":30.0,"turns":3.0},{"damage":0.0,"enemies":"Snecko","floor":31.0,"turns":4.0},{"damage":21.0,"enemies":"Shelled Parasite and Fungi","floor":32.0,"turns":5.0},{"damage":102,"enemies":"SI_MIRROR_ARCHETYPE","floor":33,"turns":16}],"seed_played":"-5179068732069679257","potions_obtained":[{"floor":2.0,"key":"Swift Potion"},{"floor":6.0,"key":"Energy Potion"},{"floor":12.0,"key":"Energy Potion"},{"floor":23.0,"key":"Fruit Juice"},{"floor":27.0,"key":"champ:CounterPotion"},{"floor":30.0,"key":"hexamod:SoulburnPotion"},{"floor":31.0,"key":"Regen Potion"},{"floor":32.0,"key":"LiquidMemories"}],"is_trial":false,"path_per_floor":["R_BF","M","M","?","M","M","T","?","?","?","R","M","R","$","M","B",null,"R","M","M","?","?","M","T","?","R","M","R","$","E","M","M","B"],"character_chosen":"THE_AUTOMATON","items_purchased":["bronze:FineTuning","DollysMirror","Membership Card","bronze:Optimize"],"campfire_rested":0,"item_purchase_floors":[14,14,29,29],"current_hp_per_floor":[77,77,76,76,74,64,64,64,64,64,64,66,66,71,64,56,77,77,77,72,72,72,70,70,70,70,82,82,82,67,82,71,0,0,0],"gold":56,"neow_bonus":"TEN_PERCENT_HP_BONUS","is_daily":false,"chose_seed":false,"campfire_upgraded":5,"win_rate":0.0,"timestamp":1612525779,"path_taken":["R_BF","M","M","?","?","M","T","?","?","?","R","M","R","$","M","BOSS","R","M","M","?","?","M","T","?","R","M","R","$","E","M","M","BOSS"],"items_purchased_type":["Card","Relic","Relic","Card"],"build_version":"2020-12-22","purchased_purges":1,"victory":false,"max_hp_per_floor":[77,77,77,77,77,77,77,77,77,77,77,77,77,77,77,77,77,77,77,77,77,77,77,77,77,77,82,82,82,82,82,82,82,82,82],"card_choices":[{"not_picked":["bronze:Frontload","bronze:BronzeOrb"],"picked":"bronze:ClassDefault","floor":2.0},{"not_picked":["bronze:Overheat","bronze:DelayedGuard"],"picked":"bronze:Boost","floor":3.0},{"not_picked":["bronze:BugBarrage","bronze:NullPointer"],"picked":"bronze:DelayedSlice","floor":5.0},{"not_picked":["bronze:Overload","bronze:WildBeam"],"picked":"bronze:Repair","floor":6.0},{"not_picked":["bronze:ForLoop","bronze:Turbo"],"picked":"bronze:DelayedSlice","floor":12.0},{"not_picked":["bronze:OilSpill","bronze:Invalidate"],"picked":"bronze:FineTuning","floor":14.0},{"not_picked":["bronze:Overheat","bronze:Philosophize"],"picked":"bronze:WhirlingStrike","floor":15.0},{"not_picked":["bronze:CleanCode","bronze:Break"],"picked":"bronze:HardenedForm","floor":16.0},{"not_picked":["bronze:Repair","bronze:OilSpill"],"picked":"bronze:DelayedGuard+1","floor":19.0},{"not_picked":["bronze:BugBarrage","bronze:Turbo","bronze:FineTuning"],"picked":"SKIP","floor":20.0},{"not_picked":["bronze:BugBarrage","bronze:BuggyMess+1","bronze:DelayedGuard"],"picked":"SKIP","floor":23.0},{"not_picked":["bronze:WhirlingStrike+1","bronze:DelayedGuard"],"picked":"bronze:Virus","floor":27.0},{"not_picked":["bronze:Invalidate+1","bronze:BugBarrage"],"picked":"bronze:Branch","floor":29.0},{"not_picked":["bronze:ItsAFeature","bronze:ClassDefault","bronze:Return"],"picked":"SKIP","floor":30.0},{"not_picked":["bronze:WildBeam","bronze:DarkDash"],"picked":"bronze:Optimize","floor":31.0},{"not_picked":["bronze:BuggyMess+1","bronze:Deprecate","bronze:CutThrough"],"picked":"SKIP","floor":32.0}],"player_experience":215486,"relics_obtained":[{"floor":24.0,"key":"Happy Flower"},{"floor":25.0,"key":"bronze:CableSpool"},{"floor":25.0,"key":"CaptainsWheel"},{"floor":25.0,"key":"PreservedInsect"},{"floor":30.0,"key":"Ornamental Fan"}],"event_choices":[{"damage_healed":0.0,"max_hp_gain":0.0,"max_hp_loss":0.0,"gold_gain":0.0,"event_name":"The Library","player_choice":"Read","floor":21.0,"gold_loss":0.0,"damage_taken":0.0,"cards_obtained":["bronze:Iterate"]},{"damage_healed":0.0,"max_hp_gain":0.0,"max_hp_loss":0.0,"gold_gain":0.0,"event_name":"Vampires","player_choice":"Ignored","floor":22.0,"gold_loss":0.0,"damage_taken":0.0}],"is_beta":false,"boss_relics":[{"not_picked":["Pandora\u0027s Box","Tiny House"],"picked":"bronze:PlatinumCore"}],"items_purged_floors":[14],"is_endless":false,"potions_floor_spawned":[2,6,12,23,27,30,31,32],"killed_by":"SI_MIRROR_ARCHETYPE","ascension_level":0}}