{"host":"pe2q1tocp309rrg9","time":1612513199,"event":{"mods":["2.2 Compatiblity","BaseMod","BetterRewards","Downfall","Ekko","Gremlin Mod","Hermit","Jorbs\u0027s Wanderer Trilogy","Minty Spire (QoL Compilation)","Quick Restart","Rare Cards Sparkle","Replay The Spire","StSLib","The Blue Laboratory","The Construct","The Hierophant","Uncapped"],"gold_per_floor":[114,126,126,126,146,146,161,172,172,172,172,187,216,230,230,230,230],"floor_reached":16,"language":"ENG","playtime":438,"items_purged":[],"score":109,"play_id":"8929504f-f77e-403e-a89f-5cc3ae7e4850","local_time":"20210205021959","is_ascension_mode":true,"campfire_choices":[{"data":"Consume","floor":6,"key":"SMITH"},{"floor":11,"key":"REST"},{"floor":15,"key":"REST"}],"circlet_count":0,"master_deck":["Strike_B","Strike_B","Strike_B","Strike_B+1","Defend_B","Defend_B","Defend_B","Defend_B","Zap+1","Dualcast","Beam Cell","Consume+1","Turbo","Redo","Time Bomb","Hello World","Conserve Battery","ReplaySolidLightProjector"],"relics":["Cracked Core","Lantern","Bag of Marbles","ReplayTheSpireMod:Ninjato"],"acts_visited":["Exordium"],"potions_floor_usage":[16],"damage_taken":[{"damage":6,"enemies":"Jaw Worm","floor":1,"turns":4},{"damage":0,"enemies":"Small Slimes","floor":2,"turns":2},{"damage":2,"enemies":"2 Louse","floor":5,"turns":2},{"damage":7,"enemies":"Large Slime","floor":7,"turns":5},{"damage":7,"enemies":"Blue Slaver","floor":8,"turns":3},{"damage":0,"enemies":"3 Louse","floor":12,"turns":2},{"damage":26,"enemies":"Lagavulin","floor":13,"turns":6},{"damage":20,"enemies":"Exordium Thugs","floor":14,"turns":5},{"damage":41,"enemies":"Hexaghost","floor":16,"turns":9}],"seed_played":"8552576852899290860","potions_obtained":[{"floor":2,"key":"blueLaboratory:Moonshine"},{"floor":5,"key":"blueLaboratory:ConsumingVoid"},{"floor":8,"key":"blueLaboratory:NullPotion"}],"is_trial":false,"path_per_floor":["M","M","?","?","M","R","M","M","T","?","R","M","E","M","R","B"],"character_chosen":"DEFECT","items_purchased":[],"campfire_rested":2,"item_purchase_floors":[],"current_hp_per_floor":[69,69,69,57,55,55,48,41,41,41,63,63,37,17,39,0,0],"gold":230,"neow_bonus":"RANDOM_EVENT","is_daily":false,"chose_seed":false,"campfire_upgraded":1,"win_rate":0.0,"timestamp":1612513199,"path_taken":["M","M","?","?","M","R","M","M","T","?","R","M","E","M","R","BOSS"],"items_purchased_type":[],"build_version":"2020-12-22","purchased_purges":0,"victory":false,"max_hp_per_floor":[75,75,75,75,75,75,75,75,75,75,75,75,75,75,75,75,75],"card_choices":[{"not_picked":["BasicCrystalCard","ReplayGash"],"picked":"Beam Cell","floor":1},{"not_picked":["ReplayTheSpireMod:Reroute Power","Compile Driver"],"picked":"Consume","floor":2},{"not_picked":["Fusion","Barrage"],"picked":"Turbo","floor":5},{"not_picked":["Panic Button","Gash"],"picked":"Redo","floor":7},{"not_picked":["Hologram","Conserve Battery"],"picked":"Time Bomb","floor":8},{"not_picked":["Coolheaded","Go for the Eyes"],"picked":"Hello World","floor":12},{"not_picked":["FTL","Glacier"],"picked":"Conserve Battery","floor":13},{"not_picked":["Panic Button","Creative AI"],"picked":"ReplaySolidLightProjector","floor":14}],"player_experience":702478,"relics_obtained":[{"floor":9,"key":"Bag of Marbles"},{"floor":13,"key":"ReplayTheSpireMod:Ninjato"}],"event_choices":[{"damage_healed":0,"gold_gain":0,"player_choice":"Grow","damage_taken":0,"max_hp_gain":0,"max_hp_loss":0,"event_name":"Living Wall","floor":0,"gold_loss":0,"cards_upgraded":["Zap"]},{"damage_healed":0,"gold_gain":0,"player_choice":"Ignored","damage_taken":0,"max_hp_gain":0,"max_hp_loss":0,"event_name":"Golden Wing","floor":3,"gold_loss":0},{"damage_healed":0,"gold_gain":0,"player_choice":"Success","damage_taken":12,"relics_obtained":["Lantern"],"max_hp_gain":0,"max_hp_loss":0,"event_name":"Scrap Ooze","floor":4,"gold_loss":0}],"is_beta":false,"boss_relics":[],"items_purged_floors":[],"is_endless":false,"potions_floor_spawned":[2,5,8,14],"killed_by":"Hexaghost","ascension_level":1}}