{"host":"j4g6ia6asvpyu2b0","time":1612565580,"event":{"mods":["BaseMod","Colored Map","Downfall","Minty Spire (QoL Compilation)","Permanent Neow","Quick Restart","Relic Stats","StSLib","Unceasing Turn Reminder"],"gold_per_floor":[349,364,364,375,375,375,375,388,388,388,405,438,455,259,278,278,278,278],"floor_reached":16,"language":"ENG","playtime":718,"items_purged":["bronze:Strike"],"score":102,"play_id":"e0bbbb1d-71ab-499b-812d-100b2e8206c1","local_time":"20210205155300","is_ascension_mode":false,"campfire_choices":[{"data":"bronze:Goto","floor":1,"key":"SMITH"},{"data":"bronze:BronzeOrb","floor":6,"key":"SMITH"},{"data":"bronze:Boost","floor":10,"key":"SMITH"}],"circlet_count":0,"master_deck":["bronze:Strike","bronze:Strike","bronze:Strike","bronze:Defend","bronze:Defend","bronze:Defend","bronze:Defend","bronze:Replicate","bronze:Goto+1","bronze:BronzeOrb+1","bronze:Boost+1","bronze:DigitalCarnage","bronze:CutThrough","bronze:GetLatest","bronze:AlphaBuild","bronze:Repair"],"relics":["bronze:BronzeCore","downfall:BrokenWingStatue","The Courier","Gremlin Horn","Bottled Flame","Lantern"],"acts_visited":["Exordium"],"potions_floor_usage":[13,14],"damage_taken":[{"damage":1,"enemies":"Jaw Worm","floor":2,"turns":4},{"damage":3,"enemies":"Cultist","floor":4,"turns":6},{"damage":1,"enemies":"Small Slimes","floor":8,"turns":4},{"damage":5,"enemies":"3 Louse","floor":11,"turns":3},{"damage":1,"enemies":"3 Sentries","floor":12,"turns":4},{"damage":0,"enemies":"Exordium Thugs","floor":13,"turns":4},{"damage":5,"enemies":"downfall:FleeingMerchant","floor":14,"turns":4},{"damage":0,"enemies":"3 Louse","floor":15,"turns":1},{"damage":57,"enemies":"DF_ARCHETYPE_STREAMLINE","floor":16,"turns":6}],"seed_played":"7584593558012033736","potions_obtained":[{"floor":2,"key":"hexamod:SoulburnPotion"},{"floor":13,"key":"Fruit Juice"},{"floor":15,"key":"Explosive Potion"}],"is_trial":false,"path_per_floor":["R","M","?","M","?","R","T","M","?","R","M","E","M","$","M","B"],"character_chosen":"THE_AUTOMATON","items_purchased":["Lantern"],"campfire_rested":0,"item_purchase_floors":[14],"current_hp_per_floor":[63,62,62,59,59,59,59,58,55,55,50,49,54,49,49,0,0,0],"gold":278,"neow_bonus":"TWO_FIFTY_GOLD","is_daily":false,"chose_seed":false,"campfire_upgraded":3,"win_rate":0.0,"timestamp":1612565580,"path_taken":["R","M","?","?","?","R","T","M","?","R","M","E","M","$","M","BOSS"],"items_purchased_type":["Relic"],"build_version":"2020-12-22","purchased_purges":1,"victory":false,"max_hp_per_floor":[63,63,63,63,63,63,63,63,63,63,63,63,68,68,68,68,68,68],"relic_stats":{"Gremlin Horn":[7,7],"counters":[9,36],"obtain_stats":[{"Bottled Flame":12,"Lantern":14,"bronze:BronzeCore":0,"downfall:BrokenWingStatue":5,"Gremlin Horn":9,"The Courier":7},{"Bottled Flame":5,"Lantern":7,"bronze:BronzeCore":0,"downfall:BrokenWingStatue":2,"Gremlin Horn":3,"The Courier":2},{"Bottled Flame":21,"Lantern":29,"bronze:BronzeCore":0,"downfall:BrokenWingStatue":10,"Gremlin Horn":14,"The Courier":10}]},"card_choices":[{"not_picked":["bronze:Return","bronze:DelayedSlice"],"picked":"bronze:BronzeOrb","floor":2},{"not_picked":["bronze:Turbo","bronze:WildBeam"],"picked":"bronze:Boost","floor":4},{"not_picked":["bronze:FineTuning","bronze:Overload","bronze:Deprecate"],"picked":"SKIP","floor":8},{"not_picked":["bronze:DelayedGuard","bronze:DelayedSlice"],"picked":"bronze:DigitalCarnage","floor":11},{"not_picked":["bronze:DigitalCarnage","bronze:BitShift"],"picked":"bronze:CutThrough","floor":12},{"not_picked":["bronze:Fortify","bronze:ForceShield"],"picked":"bronze:GetLatest","floor":13},{"not_picked":["bronze:FollowUp","bronze:Overheat"],"picked":"bronze:AlphaBuild","floor":14},{"not_picked":["bronze:Branch","bronze:BugBarrage"],"picked":"bronze:Repair","floor":15}],"player_experience":1176758,"relics_obtained":[{"floor":7,"key":"The Courier"},{"floor":12,"key":"Bottled Flame"}],"event_choices":[{"damage_healed":0,"gold_gain":0,"player_choice":"Ignored","damage_taken":0,"max_hp_gain":0,"max_hp_loss":0,"event_name":"NoteForYourself","floor":3,"gold_loss":0},{"damage_healed":0,"gold_gain":0,"player_choice":"Success","damage_taken":3,"relics_obtained":["Gremlin Horn"],"max_hp_gain":0,"max_hp_loss":0,"event_name":"Scrap Ooze","floor":9,"gold_loss":0}],"is_beta":false,"boss_relics":[],"items_purged_floors":[14],"is_endless":false,"potions_floor_spawned":[2,13,15],"killed_by":"DF_ARCHETYPE_STREAMLINE","ascension_level":0}}