{"host":"5w7hw1ne5h7avrl9","time":1612505707,"event":{"mods":["AchievementEnabler","BaseMod","Colored Map","Colored Powertips","Displayed Cursed Tome","Googly Eyes","Minty Spire (QoL Compilation)","SuperFastMode"],"gold_per_floor":[114,129,129,129,144,144,174,174,199,229,254,269,269,284,284,384,384,399,414,414,414],"floor_reached":20,"language":"ENG","playtime":1586,"items_purged":[],"score":209,"play_id":"fc933dd3-8388-4e4e-90c7-5ef5f846b0e7","local_time":"20210204221507","daily_mods":["Specialized","ControlledChaos","Elite Swarm"],"is_ascension_mode":false,"campfire_choices":[{"data":"Study","floor":6,"key":"SMITH"},{"data":"MasterReality","floor":8,"key":"SMITH"},{"floor":15,"key":"REST"}],"circlet_count":0,"master_deck":["Strike_P","Strike_P","Strike_P","Defend_P","Defend_P","Defend_P","Defend_P","Eruption","Vigilance","FlyingSleeves","FlyingSleeves","FlyingSleeves","FlyingSleeves","FlyingSleeves","Consecrate","Study+1","MasterReality+1","Vault+1","TalkToTheHand","DevaForm","ClearTheMind","FlyingSleeves+1"],"relics":["HolyWater","Frozen Eye","Centennial Puzzle","Art of War","Omamori","Potion Belt"],"acts_visited":["Exordium","TheCity"],"potions_floor_usage":[7,7,14,16],"damage_taken":[{"damage":0,"enemies":"2 Louse","floor":1,"turns":2},{"damage":0,"enemies":"Small Slimes","floor":2,"turns":3},{"damage":1,"enemies":"Cultist","floor":5,"turns":3},{"damage":37,"enemies":"3 Sentries","floor":7,"turns":6},{"damage":12,"enemies":"Gremlin Nob","floor":10,"turns":3},{"damage":11,"enemies":"Exordium Wildlife","floor":12,"turns":5},{"damage":0,"enemies":"Blue Slaver","floor":14,"turns":1},{"damage":31,"enemies":"Hexaghost","floor":16,"turns":12},{"damage":25,"enemies":"Spheric Guardian","floor":18,"turns":5},{"damage":35,"enemies":"2 Thieves","floor":19,"turns":3},{"damage":18,"enemies":"Masked Bandits","floor":20,"turns":3}],"seed_played":"-8643747277835071688","potions_obtained":[{"floor":1,"key":"BottledMiracle"},{"floor":5,"key":"ColorlessPotion"},{"floor":12,"key":"StancePotion"},{"floor":14,"key":"Energy Potion"}],"is_trial":false,"path_per_floor":["M","M","?","?","M","R","E","R","T","E","T","M","?","M","R","B",null,"M","M","?"],"character_chosen":"WATCHER","items_purchased":[],"campfire_rested":1,"item_purchase_floors":[],"current_hp_per_floor":[72,72,72,72,71,71,34,34,34,22,22,11,11,11,32,1,72,47,12,0,0],"gold":414,"neow_bonus":"","is_daily":true,"chose_seed":false,"campfire_upgraded":2,"win_rate":0.0,"timestamp":1612505707,"path_taken":["M","M","?","?","?","R","E","R","T","E","?","M","?","?","R","BOSS","M","M","?"],"items_purchased_type":[],"build_version":"2020-12-22","purchased_purges":0,"victory":false,"max_hp_per_floor":[72,72,72,72,72,72,72,72,72,72,72,72,72,72,72,72,72,72,72,72,72],"card_choices":[{"not_picked":["Sanctity","Conclude","BowlingBash"],"picked":"SKIP","floor":1},{"not_picked":["CrushJoints","CutThroughFate"],"picked":"Consecrate","floor":2},{"not_picked":["TalkToTheHand","Prostrate"],"picked":"Study","floor":5},{"not_picked":["Alpha","ConjureBlade"],"picked":"MasterReality","floor":7},{"not_picked":["MasterReality","Alpha"],"picked":"Vault","floor":10},{"not_picked":["SashWhip","PathToVictory","ClearTheMind"],"picked":"SKIP","floor":12},{"not_picked":["JustLucky","CutThroughFate"],"picked":"TalkToTheHand","floor":14},{"not_picked":["ConjureBlade","SpiritShield"],"picked":"DevaForm","floor":16},{"not_picked":["Consecrate","Sanctity+1"],"picked":"ClearTheMind","floor":18},{"not_picked":["WaveOfTheHand","BattleHymn+1"],"picked":"FlyingSleeves+1","floor":19}],"player_experience":201799,"relics_obtained":[{"floor":7,"key":"Centennial Puzzle"},{"floor":9,"key":"Art of War"},{"floor":10,"key":"Omamori"},{"floor":11,"key":"Potion Belt"}],"event_choices":[{"damage_healed":0,"gold_gain":0,"player_choice":"Ignored","damage_taken":0,"max_hp_gain":0,"max_hp_loss":0,"event_name":"Liars Game","floor":3,"gold_loss":0},{"cards_removed":["Strike_P"],"damage_healed":0,"gold_gain":0,"player_choice":"Purged","damage_taken":0,"max_hp_gain":0,"max_hp_loss":0,"event_name":"Purifier","floor":4,"gold_loss":0},{"damage_healed":0,"gold_gain":0,"player_choice":"Forge","damage_taken":0,"max_hp_gain":0,"max_hp_loss":0,"event_name":"Accursed Blacksmith","floor":13,"gold_loss":0,"cards_upgraded":["Vault"]},{"damage_healed":0,"gold_gain":0,"player_choice":"Fought Bandits","damage_taken":0,"max_hp_gain":0,"max_hp_loss":0,"event_name":"Masked Bandits","floor":20,"gold_loss":0}],"is_beta":false,"boss_relics":[{"not_picked":["Velvet Choker","Calling Bell"],"picked":"HolyWater"}],"items_purged_floors":[],"is_endless":false,"potions_floor_spawned":[1,5,12,14],"killed_by":"Masked Bandits","ascension_level":0}}