{"host":"CarrotHands","time":1612513752,"event":{"mods":["BaseMod","Minty Spire (QoL Compilation)","Relic Stats","StSLib"],"gold_per_floor":[365,22,32,52,69,69,97,97,122,135,145,145,145,31,31,104,104,123,141,141,41,51,51,51,85,85,85,85,85,103,135,135,210,210,225,237,256,256,15,15,43,43,43,43,91,91,104,50,50,50,50,50,50,50,50,50],"floor_reached":55,"language":"ENG","playtime":3252,"items_purged":["Injury","Strike_B","Strike_B"],"score":1816,"play_id":"d7e38e40-b7bd-4e03-8203-28a06ed032e5","local_time":"20210205002912","is_ascension_mode":true,"campfire_choices":[{"data":"Defragment","floor":6.0,"key":"SMITH"},{"floor":8.0,"key":"REST"},{"data":"Apotheosis","floor":12.0,"key":"SMITH"},{"floor":15.0,"key":"REST"},{"data":"Biased Cognition","floor":23.0,"key":"SMITH"},{"data":"Defragment","floor":27.0,"key":"SMITH"},{"data":"Capacitor","floor":29.0,"key":"SMITH"},{"floor":32.0,"key":"REST"},{"floor":40,"key":"REST"},{"floor":42,"key":"RECALL"},{"floor":44,"key":"REST"},{"floor":49,"key":"REST"},{"floor":53,"key":"REST"}],"circlet_count":0,"master_deck":["AscendersBane","Defend_B","Defend_B","Defend_B","Defend_B","Zap","Dualcast","Cold Snap","Apotheosis+1","Defragment+1","Genetic Algorithm","Compile Driver","Conserve Battery","Go for the Eyes","Ball Lightning","Coolheaded","Biased Cognition+1","Glacier","Capacitor+1","Defragment+1","Turbo+1","Coolheaded","Sweeping Beam+1","Echo Form","Hologram","Barrage+1","Hologram","Flash of Steel","Panacea","Capacitor","FTL","Coolheaded","Undo+1"],"relics":["Cracked Core","Boot","Vajra","Nuclear Battery","Pen Nib","Letter Opener","Dream Catcher","Fusion Hammer","Centennial Puzzle","Unceasing Top"],"acts_visited":["Exordium","TheCity","TheBeyond","TheEnding"],"potions_floor_usage":[45],"damage_taken":[{"damage":14.0,"enemies":"Small Slimes","floor":1.0,"turns":3.0},{"damage":7.0,"enemies":"Jaw Worm","floor":3.0,"turns":3.0},{"damage":3.0,"enemies":"Cultist","floor":4.0,"turns":3.0},{"damage":10.0,"enemies":"Gremlin Gang","floor":5.0,"turns":5.0},{"damage":16.0,"enemies":"3 Sentries","floor":7.0,"turns":7.0},{"damage":6.0,"enemies":"Blue Slaver","floor":10.0,"turns":4.0},{"damage":1.0,"enemies":"Large Slime","floor":11.0,"turns":6.0},{"damage":3.0,"enemies":"Slime Boss","floor":16.0,"turns":9.0},{"damage":0.0,"enemies":"Chosen","floor":18.0,"turns":5.0},{"damage":11.0,"enemies":"Shell Parasite","floor":19.0,"turns":4.0},{"damage":7.0,"enemies":"3 Cultists","floor":22.0,"turns":6.0},{"damage":9.0,"enemies":"Book of Stabbing","floor":25.0,"turns":6.0},{"damage":0.0,"enemies":"Chosen and Byrds","floor":30.0,"turns":7.0},{"damage":0.0,"enemies":"Gremlin Leader","floor":31.0,"turns":6.0},{"damage":26.0,"enemies":"Automaton","floor":33.0,"turns":12.0},{"damage":13.0,"enemies":"3 Darklings","floor":35.0,"turns":3.0},{"damage":0,"enemies":"3 Shapes","floor":36,"turns":2},{"damage":0,"enemies":"Sphere and 2 Shapes","floor":37,"turns":6},{"damage":13,"enemies":"Nemesis","floor":41,"turns":9},{"damage":13,"enemies":"2 Orb Walkers","floor":45,"turns":4},{"damage":3,"enemies":"Maw","floor":47,"turns":7},{"damage":10,"enemies":"Donu and Deca","floor":50,"turns":7},{"damage":25,"enemies":"Awakened One","floor":51,"turns":11},{"damage":81,"enemies":"Shield and Spear","floor":55,"turns":2}],"seed_played":"-3730649298107065685","potions_obtained":[{"floor":1.0,"key":"Weak Potion"},{"floor":4.0,"key":"Ancient Potion"},{"floor":5.0,"key":"PowerPotion"},{"floor":10.0,"key":"Dexterity Potion"},{"floor":16.0,"key":"Regen Potion"},{"floor":18.0,"key":"GamblersBrew"},{"floor":33.0,"key":"EntropicBrew"},{"floor":41,"key":"DistilledChaos"},{"floor":45,"key":"Fire Potion"},{"floor":47,"key":"DuplicationPotion"}],"is_trial":false,"path_per_floor":["M","$","M","M","M","R","E","R","T","M","M","R","?","$","R","B",null,"M","M","?","$","M","R","?","E","T","R","?","R","M","E","R","B",null,"M","M","M","?","$","R","E","R","T","R","?","?","M","$","R","B","B",null,"R","$","E"],"character_chosen":"DEFECT","items_purchased":["Apotheosis","Defragment","AttackPotion","Coolheaded","Capacitor","FTL","PowerPotion"],"campfire_rested":7,"item_purchase_floors":[2,2,14,14,39,39,48],"current_hp_per_floor":[50,50,43,40,30,30,14,35,35,29,28,28,28,28,49,46,65,65,54,54,54,47,47,47,53,53,53,53,53,53,53,71,45,65,52,52,52,42,42,63,50,50,50,71,58,58,55,55,67,57,32,58,67,67,0,0],"gold":50,"neow_bonus":"TWO_FIFTY_GOLD","is_daily":false,"chose_seed":false,"campfire_upgraded":5,"win_rate":0.0,"timestamp":1612513752,"path_taken":["M","$","M","M","M","R","E","R","T","M","M","R","?","?","R","BOSS","M","M","?","$","M","R","?","E","T","R","?","R","?","E","R","BOSS","M","?","M","?","$","R","E","R","T","R","?","?","?","?","R","BOSS","BOSS","R","$","E"],"items_purchased_type":["Card","Card","Potion","Card","Card","Card","Potion"],"build_version":"2020-12-18","purchased_purges":3,"victory":false,"max_hp_per_floor":[71,71,71,71,71,71,71,71,71,71,71,71,71,71,71,71,71,71,71,71,71,71,71,71,71,71,71,71,71,71,71,71,71,71,71,71,71,71,71,71,71,71,71,71,71,67,67,67,67,67,67,67,67,67,67,67],"relic_stats":{"Dream Catcher":5,"Centennial Puzzle":[15],"counters":[24,137],"Pen Nib":[13],"Letter Opener":[312],"Boot":[55],"obtain_stats":[{"Dream Catcher":31,"Centennial Puzzle":41,"Vajra":9,"Pen Nib":25,"Fusion Hammer":34,"Letter Opener":26,"Cracked Core":0,"Boot":7,"Unceasing Top":45,"Nuclear Battery":17},{"Dream Catcher":14,"Centennial Puzzle":19,"Vajra":5,"Pen Nib":12,"Fusion Hammer":15,"Letter Opener":12,"Cracked Core":0,"Boot":5,"Unceasing Top":20,"Nuclear Battery":8},{"Dream Catcher":74,"Centennial Puzzle":106,"Vajra":21,"Pen Nib":61,"Fusion Hammer":86,"Letter Opener":61,"Cracked Core":0,"Boot":21,"Unceasing Top":110,"Nuclear Battery":40}],"Unceasing Top":[1]},"card_choices":[{"not_picked":["Loop","Beam Cell"],"picked":"Cold Snap","floor":1.0},{"not_picked":["Barrage","Coolheaded"],"picked":"Genetic Algorithm","floor":3.0},{"not_picked":["Redo","Hologram","Self Repair"],"picked":"SKIP","floor":4.0},{"not_picked":["Leap","Loop"],"picked":"Compile Driver","floor":5.0},{"not_picked":["Hologram","Streamline"],"picked":"Conserve Battery","floor":7.0},{"not_picked":["Rebound","Conserve Battery"],"picked":"Go for the Eyes","floor":10.0},{"not_picked":["Conserve Battery","Turbo"],"picked":"Ball Lightning","floor":11.0},{"not_picked":["Rainbow","Core Surge"],"picked":"Biased Cognition","floor":16.0},{"not_picked":["Steam","Stack","Streamline"],"picked":"SKIP","floor":18.0},{"not_picked":["Gash","Stack"],"picked":"Glacier","floor":19.0},{"not_picked":["Melter","Beam Cell"],"picked":"Capacitor","floor":22.0},{"not_picked":["Storm","Rebound+1"],"picked":"Turbo+1","floor":25.0},{"not_picked":["Stack","Consume"],"picked":"Coolheaded","floor":30.0},{"not_picked":["Storm","Compile Driver","Cold Snap"],"picked":"SKIP","floor":31.0},{"not_picked":["Static Discharge","Coolheaded"],"picked":"Sweeping Beam+1","floor":32.0},{"not_picked":["Machine Learning","Electrodynamics"],"picked":"Echo Form","floor":33.0},{"not_picked":["Steam","Steam Power"],"picked":"Hologram","floor":35.0},{"not_picked":["Streamline","Steam Power+1"],"picked":"Barrage+1","floor":36},{"not_picked":["Rip and Tear","Go for the Eyes+1"],"picked":"Hologram","floor":37},{"not_picked":["Deep Breath","Good Instincts"],"picked":"Flash of Steel","floor":38},{"not_picked":["Impatience","The Bomb"],"picked":"Panacea","floor":38},{"not_picked":["Cold Snap+1","Turbo"],"picked":"Coolheaded","floor":40},{"not_picked":["Leap+1","Go for the Eyes","Cold Snap"],"picked":"SKIP","floor":41},{"not_picked":["Reprogram","Go for the Eyes","Stack"],"picked":"SKIP","floor":47},{"not_picked":["Gash+1","Auto Shields"],"picked":"Undo+1","floor":53}],"player_experience":3109798,"relics_obtained":[{"floor":7.0,"key":"Boot"},{"floor":9.0,"key":"Vajra"},{"floor":25.0,"key":"Pen Nib"},{"floor":26.0,"key":"Letter Opener"},{"floor":31.0,"key":"Dream Catcher"},{"floor":41,"key":"Centennial Puzzle"},{"floor":45,"key":"Unceasing Top"}],"event_choices":[{"damage_healed":0.0,"max_hp_gain":0.0,"max_hp_loss":0.0,"gold_gain":0.0,"event_name":"Shining Light","player_choice":"Ignored","floor":13.0,"gold_loss":0.0,"damage_taken":0.0},{"cards_removed":["Strike_B"],"damage_healed":0.0,"max_hp_gain":0.0,"max_hp_loss":0.0,"gold_gain":0.0,"event_name":"Back to Basics","player_choice":"Elegance","floor":20.0,"gold_loss":0.0,"damage_taken":0.0},{"damage_healed":0.0,"max_hp_gain":0.0,"max_hp_loss":0.0,"gold_gain":0.0,"event_name":"The Library","player_choice":"Read","floor":24.0,"gold_loss":0.0,"damage_taken":0.0,"cards_obtained":["Defragment"]},{"cards_removed":["Strike_B"],"damage_healed":0.0,"max_hp_gain":0.0,"max_hp_loss":0.0,"gold_gain":0.0,"event_name":"Purifier","player_choice":"Purged","floor":28.0,"gold_loss":0.0,"damage_taken":0.0},{"damage_healed":0,"gold_gain":0,"player_choice":"Memory 3","damage_taken":10,"max_hp_gain":0,"max_hp_loss":0,"event_name":"SensoryStone","floor":38,"gold_loss":0},{"damage_healed":0,"gold_gain":0,"player_choice":"Fight","damage_taken":0,"max_hp_gain":0,"max_hp_loss":0,"event_name":"Mysterious Sphere","floor":45,"gold_loss":0},{"damage_healed":0,"gold_gain":0,"player_choice":"Max HP","damage_taken":0,"max_hp_gain":0,"max_hp_loss":4,"event_name":"Winding Halls","floor":46,"gold_loss":0}],"is_beta":true,"boss_relics":[{"not_picked":["Sozu","SlaversCollar"],"picked":"Nuclear Battery"},{"not_picked":["FrozenCore","Busted Crown"],"picked":"Fusion Hammer"}],"items_purged_floors":[2,21,39],"is_endless":false,"potions_floor_spawned":[1,4,5,10,16,18,33,41,45,47],"killed_by":"Shield and Spear","ascension_level":20}}