{"host":"xiain65d2hovry7l","time":1612557537,"event":{"mods":["2.2 Compatiblity","Act Like it!","BaseMod","Better Match","Better Note","BetterRewards","Challenge The Spire","Colored Map","Colored Powertips","Downfall","Faster Ascension Climbing","Friendly Minions","Gremlin Mod","Highlight Path","Mimic Mod","Minty Spire (QoL Compilation)","Relic Sorter","Remilia??????","StSLib","The Administrix","The Construct","The Necromancer","The Servant 0.9.4","Unknown Chances"],"gold_per_floor":[99,118,129,147,9,21,48,79,99,130,30,47,79,111,128,128,128,128],"floor_reached":16,"language":"ENG","playtime":700,"items_purged":[],"score":186,"play_id":"4b04234c-80c7-4cce-b7ce-8ed33e1271f3","local_time":"20210205213857","is_ascension_mode":true,"campfire_choices":[{"floor":1,"key":"RECALL"},{"data":"Guardian:MultiBeam","floor":11,"key":"SMITH"}],"circlet_count":0,"master_deck":["AscendersBane","Guardian:Strike_Guardian","Guardian:Strike_Guardian","Guardian:Strike_Guardian","Guardian:Strike_Guardian","Guardian:Defend_Guardian","Guardian:Defend_Guardian","Guardian:Defend_Guardian","Guardian:Defend_Guardian","Guardian:CurlUp","Guardian:TwinSlam","Guardian:Reroute","Guardian:VentSteam","Guardian:ChargeCore","Guardian:PolyBeam","Guardian:TemporalShield","Guardian:MultiBeam+1","Guardian:Reroute","Guardian:Suspension"],"relics":["Busted Crown","Art of War","Bottled Lightning","downfall:HeartBlessingRed","Anchor","Strawberry"],"acts_visited":["Exordium"],"potions_floor_usage":[10,10,13,16],"damage_taken":[{"damage":0,"enemies":"Cultist","floor":2,"turns":4},{"damage":2,"enemies":"Jaw Worm","floor":3,"turns":3},{"damage":4,"enemies":"Small Slimes","floor":4,"turns":4},{"damage":5,"enemies":"downfall:FleeingMerchant","floor":5,"turns":4},{"damage":10,"enemies":"2 Fungi Beasts","floor":6,"turns":3},{"damage":10,"enemies":"Gremlin Nob","floor":8,"turns":5},{"damage":8,"enemies":"Blue Slaver","floor":9,"turns":4},{"damage":5,"enemies":"Lagavulin","floor":10,"turns":5},{"damage":0,"enemies":"Large Slime","floor":12,"turns":2},{"damage":15,"enemies":"Gremlin Nob","floor":13,"turns":3},{"damage":4,"enemies":"Exordium Thugs","floor":14,"turns":5},{"damage":7,"enemies":"Exordium Thugs","floor":15,"turns":3},{"damage":13,"enemies":"DF_ARCHETYPE_STREAMLINE","floor":16,"turns":4}],"seed_played":"3492719027613957787","potions_obtained":[{"floor":6,"key":"SkillPotion"},{"floor":8,"key":"Strength Potion"},{"floor":9,"key":"FearPotion"},{"floor":10,"key":"Dexterity Potion"}],"is_trial":false,"path_per_floor":["R","M","M","M","$","M","T","E","M","E","R","M","E","MIM","M","B"],"character_chosen":"GUARDIAN","items_purchased":["Guardian:PolyBeam","Guardian:TemporalShield"],"campfire_rested":0,"item_purchase_floors":[5,5],"current_hp_per_floor":[72,72,70,66,61,51,51,41,33,28,28,28,13,16,9,0,0,0],"gold":128,"neow_bonus":"BOSS_RELIC","is_daily":false,"chose_seed":false,"campfire_upgraded":1,"win_rate":0.0,"timestamp":1612557537,"path_taken":["R","M","?","M","$","M","T","E","?","E","R","M","E","?","M","BOSS"],"items_purchased_type":["Card","Card"],"build_version":"2020-12-22","purchased_purges":0,"victory":false,"max_hp_per_floor":[80,80,80,80,80,80,80,80,80,80,80,80,80,87,87,87,87,87],"card_choices":[{"not_picked":[],"picked":"Guardian:Reroute","floor":2},{"not_picked":["Guardian:Harden"],"picked":"SKIP","floor":3},{"not_picked":[],"picked":"Guardian:VentSteam","floor":4},{"not_picked":[],"picked":"Guardian:ChargeCore","floor":5},{"not_picked":[],"picked":"Guardian:MultiBeam","floor":6},{"not_picked":[],"picked":"Guardian:Gem_Fragmented","floor":8},{"not_picked":[],"picked":"Guardian:Reroute","floor":9},{"not_picked":[],"picked":"Guardian:Suspension","floor":10},{"not_picked":["Guardian:FuturePlans"],"picked":"SKIP","floor":12},{"not_picked":["Guardian:SpikerProtocol"],"picked":"SKIP","floor":13},{"not_picked":["Guardian:GuardianWhirl"],"picked":"SKIP","floor":15}],"player_experience":724095,"relics_obtained":[{"floor":8,"key":"Art of War"},{"floor":10,"key":"Bottled Lightning"},{"floor":13,"key":"Anchor"},{"floor":14,"key":"Strawberry"}],"event_choices":[],"is_beta":false,"boss_relics":[],"items_purged_floors":[],"is_endless":false,"potions_floor_spawned":[6,8,9,10],"killed_by":"DF_ARCHETYPE_STREAMLINE","ascension_level":10}}