{"host":"3xramekeme16g407","time":1612546271,"event":{"mods":["2.2 Compatiblity","AchievementEnabler","BaseMod","Bestiary","Minty Spire (QoL Compilation)","Relic Stats","StSLib"],"gold_per_floor":[115,115,115,115,115,115,155,175,175,175,193,217,217,242,242,372,372,391,407,183,183,203,203,203],"floor_reached":23,"language":"ENG","playtime":3090,"items_purged":["Strike_B"],"score":191,"play_id":"48d55585-3dc8-417d-b03d-4ca3dd648bb6","local_time":"20210205093111","is_ascension_mode":false,"campfire_choices":[{"data":"Dramatic Entrance","floor":6,"key":"SMITH"},{"floor":10,"key":"REST"},{"data":"Streamline","floor":13,"key":"SMITH"},{"data":"Buffer","floor":15,"key":"SMITH"}],"circlet_count":0,"master_deck":["Strike_B","Strike_B","Strike_B+1","Defend_B","Defend_B","Defend_B","Defend_B","Zap","Dualcast+1","Dramatic Entrance+1","Redo+1","Streamline+1","Coolheaded","Self Repair","Leap","Buffer+1","Creative AI","Genetic Algorithm","Fusion","Reinforced Body"],"relics":["Cracked Core","Golden Idol","Eternal Feather","Runic Pyramid","Runic Capacitor","Nilry\u0027s Codex"],"acts_visited":["Exordium","TheCity"],"potions_floor_usage":[16,16],"damage_taken":[{"damage":0,"enemies":"Small Slimes","floor":1,"turns":2},{"damage":31,"enemies":"Lagavulin","floor":7,"turns":6},{"damage":0,"enemies":"2 Louse","floor":8,"turns":1},{"damage":1,"enemies":"Jaw Worm","floor":11,"turns":2},{"damage":0,"enemies":"Gremlin Gang","floor":12,"turns":2},{"damage":0,"enemies":"3 Louse","floor":14,"turns":2},{"damage":55,"enemies":"Hexaghost","floor":16,"turns":10},{"damage":10,"enemies":"Shell Parasite","floor":18,"turns":14},{"damage":10,"enemies":"Chosen","floor":19,"turns":7},{"damage":19,"enemies":"Shelled Parasite and Fungi","floor":22,"turns":8},{"damage":48,"enemies":"Slavers","floor":23,"turns":4}],"seed_played":"3111488871775333873","potions_obtained":[{"floor":7,"key":"SpeedPotion"},{"floor":12,"key":"CultistPotion"},{"floor":14,"key":"PowerPotion"}],"is_trial":false,"path_per_floor":["M","?","?","?","?","R","E","M","T","R","M","M","R","M","R","B",null,"M","M","$","?","M","E"],"character_chosen":"DEFECT","items_purchased":["Runic Capacitor"],"campfire_rested":1,"item_purchase_floors":[20],"current_hp_per_floor":[75,57,57,75,60,60,29,29,29,57,56,63,72,75,75,20,75,72,69,69,53,41,0,0],"gold":203,"neow_bonus":"RANDOM_COLORLESS","is_daily":false,"chose_seed":false,"campfire_upgraded":3,"win_rate":0.0,"timestamp":1612546271,"path_taken":["M","?","?","?","?","R","E","?","T","R","M","M","R","M","R","BOSS","M","?","$","?","M","E"],"items_purchased_type":["Relic"],"build_version":"2020-12-22","purchased_purges":1,"victory":false,"max_hp_per_floor":[75,75,75,75,75,75,75,75,75,75,75,75,75,75,75,75,75,75,75,75,75,75,75,75],"relic_stats":{"counters":[11,58],"Golden Idol":63,"Eternal Feather":15,"obtain_stats":[{"Golden Idol":2,"Nilry\u0027s Codex":21,"Eternal Feather":7,"Runic Capacitor":20,"Cracked Core":0,"Runic Pyramid":17},{"Golden Idol":1,"Nilry\u0027s Codex":9,"Eternal Feather":2,"Runic Capacitor":9,"Cracked Core":0,"Runic Pyramid":7},{"Golden Idol":2,"Nilry\u0027s Codex":46,"Eternal Feather":8,"Runic Capacitor":46,"Cracked Core":0,"Runic Pyramid":25}]},"card_choices":[{"not_picked":["Bandage Up","Good Instincts"],"picked":"Dramatic Entrance","floor":0},{"not_picked":["Gash","Go for the Eyes"],"picked":"Redo","floor":1},{"not_picked":["Hologram","Force Field"],"picked":"Streamline","floor":7},{"not_picked":["Streamline","Hologram"],"picked":"Coolheaded","floor":8},{"not_picked":["Barrage","Beam Cell"],"picked":"Self Repair","floor":11},{"not_picked":["Stack","Melter"],"picked":"Leap","floor":12},{"not_picked":["Reprogram","Compile Driver"],"picked":"Buffer","floor":14},{"not_picked":["Biased Cognition","Amplify"],"picked":"Creative AI","floor":16},{"not_picked":["Turbo","Cold Snap+1"],"picked":"Genetic Algorithm","floor":18},{"not_picked":["Compile Driver","Undo+1"],"picked":"Fusion","floor":19},{"not_picked":["Tempest","Rebound"],"picked":"Reinforced Body","floor":22}],"player_experience":456273,"relics_obtained":[{"floor":7,"key":"Eternal Feather"},{"floor":21,"key":"Nilry\u0027s Codex"}],"event_choices":[{"damage_healed":0,"gold_gain":0,"player_choice":"Take Damage","damage_taken":18,"relics_obtained":["Golden Idol"],"max_hp_gain":0,"max_hp_loss":0,"event_name":"Golden Idol","floor":2,"gold_loss":0},{"damage_healed":0,"gold_gain":0,"player_choice":"Grow","damage_taken":0,"max_hp_gain":0,"max_hp_loss":0,"event_name":"Living Wall","floor":3,"gold_loss":0,"cards_upgraded":["Redo"]},{"damage_healed":25,"gold_gain":0,"player_choice":"Banana","damage_taken":0,"max_hp_gain":0,"max_hp_loss":0,"event_name":"Big Fish","floor":4,"gold_loss":0},{"damage_healed":0,"gold_gain":0,"player_choice":"Entered Light","damage_taken":15,"max_hp_gain":0,"max_hp_loss":0,"event_name":"Shining Light","floor":5,"gold_loss":0,"cards_upgraded":["Strike_B","Dualcast"]},{"damage_healed":0,"gold_gain":0,"player_choice":"Obtained Book","damage_taken":16,"max_hp_gain":0,"max_hp_loss":0,"event_name":"Cursed Tome","floor":21,"gold_loss":0}],"is_beta":false,"boss_relics":[{"not_picked":["Cursed Key","FrozenCore"],"picked":"Runic Pyramid"}],"items_purged_floors":[20],"is_endless":false,"potions_floor_spawned":[7,12,14],"killed_by":"Slavers","ascension_level":0}}