{"host":"njo8qgvy2a57fcny","time":1612502495,"event":{"mods":["Aspiration","BaseMod","BetterRewards","CCEM2","Colored Map","Colored Powertips","Conspire","Custom Start","Downfall","Energized Spire","GifTheSpireLib","Halation","Hermit","Hubris","Infinite Spire","Jedi Mod","Jorbs\u0027s Wanderer Trilogy","Mimic Mod","Minty Spire (QoL Compilation)","Quick Restart","Random Character Button","Random Character Mod","Rare Cards Sparkle","Relic Sorter","Reliquary","Replay The Spire","Shop Mod","StSLib","Stuff the Spire","The Animator","The Jungle","The Runesmith","The Servant 0.9.4","Unceasing Turn Reminder","thorton"],"gold_per_floor":[0,10,26,36,53,80,104,130,148,48,48,82,34,134,149,149,149,149],"floor_reached":16,"language":"ENG","playtime":1098,"items_purged":[],"score":203,"play_id":"703469cf-35ea-4237-ab2e-1ec93b7be911","local_time":"20210205162135","is_ascension_mode":true,"campfire_choices":[{"floor":1,"key":"RECALL"},{"data":"champ:FaceSlap","floor":10,"key":"SMITH"}],"circlet_count":0,"master_deck":["conspire:GhostlyStrike","conspire:GhostlyStrike","conspire:GhostlyStrike","conspire:GhostlyStrike","conspire:GhostlyDefend","conspire:GhostlyDefend","conspire:GhostlyDefend","conspire:GhostlyDefend","champ:Execute","champ:Taunt","champ:TornadoPunch","champ:FaceSlap+1","champ:StanceDance","champ:CalledShot","champ:IronFortress","champ:EnGarde","champ:DefensiveStyle","champ:LastStand","champ:PreciseThrust","champ:ArenaPreparation","champ:HoldFirm","champ:SetATrap"],"relics":["champ:ChampionCrown","CCEMRelics:DissonantTune","PreservedInsect","infinitespire:CursedDice","downfall:HeartBlessingRed","conspire:Flyswatter","downfall:CloakOfManyFaces","CultistMask","FaceOfCleric","NlothsMask","GremlinMask","SsserpentHead"],"acts_visited":["Exordium"],"potions_floor_usage":[6,12,12,15],"damage_taken":[{"damage":21,"enemies":"Cultist","floor":2,"turns":4},{"damage":25,"enemies":"Jaw Worm","floor":3,"turns":5},{"damage":7,"enemies":"Small Slimes","floor":4,"turns":3},{"damage":31,"enemies":"Red Slaver","floor":5,"turns":6},{"damage":41,"enemies":"Lagavulin","floor":6,"turns":5},{"damage":22,"enemies":"Gremlin Nob","floor":8,"turns":4},{"damage":0,"enemies":"3 Louse","floor":9,"turns":3},{"damage":12,"enemies":"Lagavulin","floor":12,"turns":4},{"damage":18,"enemies":"downfall:FleeingMerchant","floor":13,"turns":4},{"damage":42,"enemies":"downfall:FaceTrader","floor":14,"turns":4},{"damage":14,"enemies":"Blue Slaver","floor":15,"turns":3},{"damage":17,"enemies":"DF_ARCHETYPE_STREAMLINE","floor":16,"turns":8}],"seed_played":"-6476168453889250069","potions_obtained":[{"floor":3,"key":"AttackPotion"},{"floor":6,"key":"jedi:StrikingPotion"},{"floor":9,"key":"jedi:StrikingPotion"},{"floor":14,"key":"BlessingOfTheForge"}],"is_trial":false,"path_per_floor":["R","M","M","M","M","E","T","E","M","R","?","E","$","?","M","B"],"character_chosen":"THE_CHAMP","items_purchased":["champ:ArenaPreparation"],"campfire_rested":0,"item_purchase_floors":[13],"current_hp_per_floor":[108,107,102,95,79,48,48,41,41,41,41,34,31,15,13,0,0,0],"gold":149,"neow_bonus":"TWENTY_PERCENT_HP_BONUS","is_daily":false,"chose_seed":false,"campfire_upgraded":1,"win_rate":0.0,"timestamp":1612502495,"path_taken":["R","?","M","M","M","E","T","E","M","R","?","E","$","?","M","BOSS"],"items_purchased_type":["Card"],"build_version":"2020-12-22","purchased_purges":0,"victory":false,"max_hp_per_floor":[108,108,108,108,108,108,108,108,108,108,108,108,108,108,109,109,109,109],"card_choices":[{"not_picked":["champ:CrownThrow","champ:Backstep"],"picked":"champ:TornadoPunch","floor":2},{"not_picked":["champ:Haymaker","champ:FancyFootwork"],"picked":"champ:FaceSlap","floor":3},{"not_picked":["champ:RecklessLeap","champ:SetATrap"],"picked":"champ:StanceDance","floor":4},{"not_picked":["champ:Shatter","champ:BringItOn"],"picked":"champ:CalledShot","floor":5},{"not_picked":["champ:BladeFlurry","champ:AdrenalArmor"],"picked":"champ:IronFortress","floor":6},{"not_picked":["champ:BerserkersShout","champ:TornadoPunch"],"picked":"champ:EnGarde","floor":8},{"not_picked":["champ:PreemptiveStrike","champ:TornadoPunch"],"picked":"champ:DefensiveStyle","floor":9},{"not_picked":["champ:CrookedStrike","champ:BladeFlurry"],"picked":"champ:LastStand","floor":12},{"not_picked":["champ:BladeFlurry","champ:BringItOn"],"picked":"champ:PreciseThrust","floor":13},{"not_picked":["champ:CrownThrow","champ:SetATrap"],"picked":"champ:HoldFirm","floor":14},{"not_picked":["champ:Haymaker","champ:RapidStrikes"],"picked":"champ:SetATrap","floor":15}],"player_experience":768117,"relics_obtained":[{"floor":6,"key":"CCEMRelics:DissonantTune"},{"floor":7,"key":"PreservedInsect"},{"floor":8,"key":"infinitespire:CursedDice"},{"floor":12,"key":"conspire:Flyswatter"},{"floor":14,"key":"downfall:CloakOfManyFaces"}],"event_choices":[{"damage_healed":0,"gold_gain":0,"player_choice":"Agree","damage_taken":0,"max_hp_gain":0,"max_hp_loss":0,"event_name":"conspire:LoneGhost","floor":11,"gold_loss":0}],"is_beta":false,"boss_relics":[],"items_purged_floors":[],"is_endless":false,"potions_floor_spawned":[3,6,9,14],"killed_by":"DF_ARCHETYPE_STREAMLINE","ascension_level":1}}