{"host":"bx8ylsmj2ob6hd5u","time":1612543202,"event":{"mods":["AchievementEnabler","Act Like it!","Aspiration","BaseMod","Colored Map","Downfall","Duelist Mod","Friendly Minions","Gensokyo","GifTheSpireLib","Hallownest","Hermit","HololiveMod","Hubris","Infinite Spire","Jorbs\u0027s Wanderer Trilogy","KinomotoSakuraMod(????)","Kiyohime????","Koishi","KomeijiMod","Lobotomy","LobotomyExtend","Marisa????????","Minty Spire (QoL Compilation)","Prisma Mod","Rare Cards Sparkle","Reimu??????","Remilia??????","Replay The Spire","StSLib","Td1madao Mod","The Administrix","The Animator","The Bug Knight","The Construct","The Cursed","The Disciple","The Hierophant","The Necromancer","The Poker Player","The Runesmith","The Senshi","The Servant 0.9.4","WarShipGirlsR/????R mod"],"gold_per_floor":[110,167,182,199,199,199,212,62,62,62,62,62,62,75,75,176,176,196,196,212,231,141,141,159,159,159,159,173,184,196,214,214,214,214],"floor_reached":33,"language":"ENG","playtime":2046,"items_purged":[],"score":241,"play_id":"94e0f4ce-32d9-43b9-8f8b-94e1434f595c","local_time":"20210205184002","is_ascension_mode":false,"campfire_choices":[{"data":"construct:Zapper","floor":6,"key":"SMITH"},{"data":"construct:DefenseMode","floor":12,"key":"SMITH"},{"data":"construct:FocusedBeam","floor":15,"key":"SMITH"},{"data":"construct:CripplingShot","floor":23,"key":"SMITH"},{"data":"construct:Hazardproof","floor":25,"key":"SMITH"},{"data":"construct:HammerDown","floor":27,"key":"SMITH"},{"floor":32,"key":"REST"}],"circlet_count":0,"master_deck":["construct:Strike_Gold","construct:Strike_Gold","construct:Strike_Gold","construct:Strike_Gold","construct:Strike_Gold","construct:Defend_Gold","construct:Defend_Gold","construct:Defend_Gold","construct:Defend_Gold","construct:Defend_Gold+1","construct:AttackMode+1","construct:DefenseMode+1","construct:Zapper+1","construct:MetalShell","construct:ClusterMines","construct:Failsafe","construct:FierceBash","construct:FocusedBeam+1","construct:Hazardproof+1","construct:HammerDown+1","construct:CripplingShot+1","construct:Reinforce","construct:CripplingShot+1","construct:Zapper+1","hubris:Gluttony","construct:PanicFire","construct:HardReboot","construct:Boost","construct:Antimatter+1"],"relics":["construct:Cogwheel","LetterFromLob","hubris:PeanutButter","HandDrill","aspiration:HummingbirdHeart","WarpedTongs","hubris:HollowSoul","Cursed Key","Strawberry"],"acts_visited":["Exordium","TheCity"],"potions_floor_usage":[3,7,18,24,24,33,33],"damage_taken":[{"damage":2,"enemies":"2 Louse","floor":1,"turns":3},{"damage":0,"enemies":"Small Slimes","floor":3,"turns":4},{"damage":0,"enemies":"Cultist","floor":4,"turns":5},{"damage":0,"enemies":"3 Louse","floor":7,"turns":3},{"damage":0,"enemies":"Red Slaver","floor":14,"turns":3},{"damage":10,"enemies":"The Guardian","floor":16,"turns":10},{"damage":1,"enemies":"Shell Parasite","floor":18,"turns":6},{"damage":2,"enemies":"Centurion and Healer","floor":20,"turns":6},{"damage":11,"enemies":"Shelled Parasite and Fungi","floor":21,"turns":4},{"damage":0,"enemies":"Chosen and Byrds","floor":24,"turns":4},{"damage":25,"enemies":"3 Cultists","floor":28,"turns":7},{"damage":4,"enemies":"Snecko","floor":29,"turns":6},{"damage":10,"enemies":"Centurion and Healer","floor":30,"turns":8},{"damage":0,"enemies":"Snake Plant","floor":31,"turns":6},{"damage":0,"enemies":"Collector","floor":33,"turns":1}],"seed_played":"2431732491338857491","potions_obtained":[{"floor":1,"key":"Adrenaline Potion"},{"floor":4,"key":"AttackPotion"},{"floor":14,"key":"MagicPotion:ReiMu"},{"floor":16,"key":"Swift Potion"},{"floor":20,"key":"Toxic Potion"},{"floor":24,"key":"Venom Potion"},{"floor":29,"key":"UndeadPotion"},{"floor":30,"key":"ColorlessPotion"}],"is_trial":false,"path_per_floor":["M","?","M","M","?","R","M","$","T","M","$","R","?","M","R","B",null,"M","AVR","M","M","?","R","M","R","T","R","M","M","M","M","R","B"],"character_chosen":"THE_CONSTRUCT_MOD","items_purchased":["HandDrill"],"campfire_rested":1,"item_purchase_floors":[8],"current_hp_per_floor":[83,62,62,62,85,85,85,85,85,85,85,85,85,85,85,75,85,84,84,82,71,71,71,71,71,78,78,53,49,39,39,66,18,18],"gold":214,"neow_bonus":"RANDOM_EVENT","is_daily":false,"chose_seed":false,"campfire_upgraded":6,"win_rate":0.0,"timestamp":1612543202,"path_taken":["M","?","?","M","?","R","M","$","T","M","?","R","?","?","R","BOSS","M","AVR","M","M","?","R","M","R","T","R","M","M","M","?","R","BOSS"],"items_purchased_type":["Relic"],"build_version":"2020-12-22","purchased_purges":0,"victory":false,"max_hp_per_floor":[85,85,85,85,85,85,85,85,85,85,85,85,85,85,85,85,85,85,85,85,85,85,85,85,85,92,92,92,92,92,92,92,18,18],"card_choices":[{"not_picked":["construct:CripplingShot","construct:Autoturret"],"picked":"construct:Zapper","floor":1},{"not_picked":["construct:SaveState","construct:VentSteam"],"picked":"construct:MetalShell","floor":2},{"not_picked":["construct:ModeShift","construct:Analyze"],"picked":"construct:ClusterMines","floor":2},{"not_picked":["construct:Accumulate","construct:Analyze"],"picked":"construct:Failsafe","floor":3},{"not_picked":["construct:SaveState","construct:GoldenBullet"],"picked":"construct:FierceBash","floor":4},{"not_picked":["construct:HeavyBolt","construct:FierceBash"],"picked":"construct:FocusedBeam","floor":7},{"not_picked":["construct:CripplingShot","construct:Autoturret"],"picked":"construct:Hazardproof","floor":14},{"not_picked":["construct:BatteryCore","construct:GatlingGun"],"picked":"construct:HammerDown","floor":16},{"not_picked":["construct:Antimatter","construct:FocusedBeam+1"],"picked":"construct:CripplingShot","floor":18},{"not_picked":["construct:Boost","construct:HeavyBolt"],"picked":"construct:Reinforce","floor":20},{"not_picked":["construct:Versatility","construct:SaveState"],"picked":"construct:CripplingShot+1","floor":21},{"not_picked":["construct:SweepLaser","construct:ElectricArmor+1"],"picked":"construct:Zapper+1","floor":24},{"not_picked":["construct:Autoturret","construct:Chainstrike"],"picked":"construct:PanicFire","floor":28},{"not_picked":["construct:HeavyBolt","construct:Accumulate"],"picked":"construct:HardReboot","floor":29},{"not_picked":["construct:SyphonStrike","construct:Forcefield"],"picked":"construct:Boost","floor":30},{"not_picked":["construct:Anticipate","construct:Backup"],"picked":"construct:Antimatter+1","floor":31}],"player_experience":1551551,"relics_obtained":[{"floor":1,"key":"LetterFromLob"},{"floor":2,"key":"hubris:PeanutButter"},{"floor":9,"key":"aspiration:HummingbirdHeart"},{"floor":26,"key":"Strawberry"}],"event_choices":[{"damage_healed":0,"gold_gain":0,"player_choice":"Grow","damage_taken":0,"max_hp_gain":0,"max_hp_loss":0,"event_name":"Living Wall","floor":0,"gold_loss":0,"cards_upgraded":["construct:AttackMode"]},{"damage_healed":23,"gold_gain":0,"player_choice":"Full Heal","damage_taken":0,"max_hp_gain":0,"max_hp_loss":0,"event_name":"Wheel of Change","floor":5,"gold_loss":0},{"damage_healed":0,"gold_gain":0,"player_choice":"Rummage","damage_taken":0,"relics_obtained":["WarpedTongs"],"max_hp_gain":0,"max_hp_loss":0,"event_name":"Accursed Blacksmith","floor":13,"gold_loss":0,"cards_obtained":["Pain"]},{"cards_removed":["Pain"],"damage_healed":0,"gold_gain":0,"player_choice":"Upgrade and Remove","damage_taken":0,"max_hp_gain":0,"max_hp_loss":0,"event_name":"Designer","floor":22,"gold_loss":90,"cards_upgraded":["construct:Defend_Gold"]}],"is_beta":false,"boss_relics":[{"not_picked":["Fusion Hammer","Runesmith:UraniumAnvil"],"picked":"hubris:HollowSoul"}],"items_purged_floors":[],"is_endless":false,"potions_floor_spawned":[1,4,14,16,20,24,29,30],"killed_by":"Collector","ascension_level":0}}