{"host":"Sean","time":1612529762,"event":{"mods":["BaseMod","Block Reminder","Colored Map","Colored Powertips","Highlight Path","Minty Spire (QoL Compilation)","Permanent Neow","Relic Stats"],"gold_per_floor":[113,128,145,161,161,161,195,195,195,225,284,315,315,326,326,423,423,441,454,454,465,484,484,516,516,516,516,516],"floor_reached":27,"language":"ENG","playtime":1473,"items_purged":[],"score":380,"play_id":"742b5d1d-1daa-41c4-b86f-bb42c902495e","local_time":"20210205125602","is_ascension_mode":true,"campfire_choices":[{"data":"Pommel Strike","floor":6.0,"key":"SMITH"},{"data":"Clothesline","floor":8.0,"key":"SMITH"},{"data":"Armaments","floor":13.0,"key":"SMITH"},{"data":"Seeing Red","floor":15.0,"key":"SMITH"},{"data":"Corruption","floor":23,"key":"SMITH"},{"data":"Offering","floor":25,"key":"SMITH"}],"circlet_count":0,"master_deck":["AscendersBane","Strike_R","Strike_R","Strike_R+1","Strike_R","Strike_R","Defend_R","Defend_R","Defend_R","Defend_R","Bash+1","Shockwave","Pommel Strike+1","Iron Wave+1","Bloodletting","Clothesline+1","Seeing Red+1","Armaments+1","Body Slam","Offering+1","Corruption+1","Uppercut","Evolve","Bludgeon","Feel No Pain+1"],"relics":["Burning Blood","Strawberry","Darkstone Periapt","FossilizedHelix","Charon\u0027s Ashes","Mark of Pain","Nloth\u0027s Gift","Self Forming Clay"],"acts_visited":["Exordium","TheCity"],"potions_floor_usage":[18,19,24],"damage_taken":[{"damage":6.0,"enemies":"Cultist","floor":1.0,"turns":4.0},{"damage":7.0,"enemies":"2 Louse","floor":2.0,"turns":4.0},{"damage":5.0,"enemies":"Small Slimes","floor":3.0,"turns":4.0},{"damage":5.0,"enemies":"2 Fungi Beasts","floor":4.0,"turns":4.0},{"damage":22.0,"enemies":"Gremlin Nob","floor":7.0,"turns":5.0},{"damage":23.0,"enemies":"3 Sentries","floor":10.0,"turns":7.0},{"damage":26.0,"enemies":"Lagavulin Event","floor":11.0,"turns":6.0},{"damage":15.0,"enemies":"Gremlin Nob","floor":12.0,"turns":6.0},{"damage":0.0,"enemies":"Red Slaver","floor":14.0,"turns":3.0},{"damage":29,"enemies":"Slime Boss","floor":16,"turns":11},{"damage":9,"enemies":"Chosen","floor":18,"turns":4},{"damage":20,"enemies":"3 Byrds","floor":19,"turns":5},{"damage":22,"enemies":"Snake Plant","floor":21,"turns":5},{"damage":18,"enemies":"Shelled Parasite and Fungi","floor":22,"turns":3},{"damage":8,"enemies":"Gremlin Leader","floor":24,"turns":4},{"damage":23,"enemies":"Slavers","floor":27,"turns":2}],"seed_played":"2054393835901188522","potions_obtained":[{"floor":1.0,"key":"Fire Potion"},{"floor":3.0,"key":"BloodPotion"},{"floor":7.0,"key":"EssenceOfSteel"},{"floor":11.0,"key":"SkillPotion"},{"floor":16,"key":"ElixirPotion"},{"floor":18,"key":"LiquidMemories"},{"floor":21,"key":"FearPotion"},{"floor":22,"key":"LiquidMemories"}],"is_trial":false,"path_per_floor":["M","M","M","M","?","R","E","R","T","E","?","E","R","M","R","B",null,"M","M","?","M","M","R","E","R","T","E"],"character_chosen":"IRONCLAD","items_purchased":[],"campfire_rested":0,"item_purchase_floors":[],"current_hp_per_floor":[72,71,72,73,73,73,64,64,64,47,44,35,35,41,41,18,70,67,53,53,37,25,25,23,23,23,0,0],"gold":516,"neow_bonus":"UPGRADE_CARD","is_daily":false,"chose_seed":false,"campfire_upgraded":6,"win_rate":0.0,"timestamp":1612529762,"path_taken":["M","M","M","?","?","R","E","R","T","E","?","E","R","M","R","BOSS","M","M","?","?","M","R","E","R","T","E"],"items_purchased_type":[],"build_version":"2020-12-18","purchased_purges":0,"victory":false,"max_hp_per_floor":[80,80,80,80,80,80,87,87,87,87,87,87,87,87,87,87,87,87,87,87,87,87,87,87,87,87,87,87],"relic_stats":{"Darkstone Periapt":0,"counters":[16,77],"Self Forming Clay":[6],"Charon\u0027s Ashes":[152],"Nloth\u0027s Gift":2,"obtain_stats":[{"Darkstone Periapt":9,"Self Forming Clay":24,"Strawberry":7,"Charon\u0027s Ashes":11,"Mark of Pain":17,"Nloth\u0027s Gift":20,"Whetstone":12,"Burning Blood":0,"FossilizedHelix":10},{"Darkstone Periapt":5,"Self Forming Clay":15,"Strawberry":5,"Charon\u0027s Ashes":7,"Mark of Pain":10,"Nloth\u0027s Gift":12,"Whetstone":8,"Burning Blood":0,"FossilizedHelix":6},{"Darkstone Periapt":21,"Self Forming Clay":75,"Strawberry":21,"Charon\u0027s Ashes":34,"Mark of Pain":54,"Nloth\u0027s Gift":63,"Whetstone":40,"Burning Blood":0,"FossilizedHelix":28}],"Burning Blood":90},"card_choices":[{"not_picked":["Inflame","Fire Breathing"],"picked":"Shockwave","floor":1.0},{"not_picked":["Bloodletting","Heavy Blade"],"picked":"Pommel Strike","floor":2.0},{"not_picked":["Havoc","Second Wind"],"picked":"Iron Wave","floor":3.0},{"not_picked":["Whirlwind","Ghostly Armor"],"picked":"Bloodletting","floor":4.0},{"not_picked":["True Grit","Havoc"],"picked":"Clothesline","floor":7.0},{"not_picked":["Intimidate","Whirlwind"],"picked":"Seeing Red","floor":10.0},{"not_picked":["Warcry","Sword Boomerang"],"picked":"Armaments","floor":11.0},{"not_picked":["Havoc","Combust"],"picked":"Body Slam","floor":12.0},{"not_picked":["Anger","Flex"],"picked":"Offering","floor":14.0},{"not_picked":["Exhume","Double Tap"],"picked":"Corruption","floor":16},{"not_picked":["Pommel Strike","Infernal Blade"],"picked":"Uppercut","floor":18},{"not_picked":["Uppercut+1","Intimidate"],"picked":"Evolve","floor":19},{"not_picked":["Havoc","Thunderclap","Wild Strike+1"],"picked":"SKIP","floor":21},{"not_picked":["Clothesline","Body Slam"],"picked":"Bludgeon","floor":22},{"not_picked":["Rage","Offering"],"picked":"Feel No Pain+1","floor":24}],"player_experience":531519,"relics_obtained":[{"floor":7.0,"key":"Strawberry"},{"floor":9.0,"key":"Darkstone Periapt"},{"floor":10.0,"key":"FossilizedHelix"},{"floor":11.0,"key":"Charon\u0027s Ashes"},{"floor":12.0,"key":"Whetstone"},{"floor":24,"key":"Self Forming Clay"}],"event_choices":[{"damage_healed":0.0,"max_hp_gain":0.0,"max_hp_loss":0.0,"gold_gain":0.0,"event_name":"Liars Game","player_choice":"Ignored","floor":5.0,"gold_loss":0.0,"damage_taken":0.0},{"damage_healed":0.0,"max_hp_gain":0.0,"max_hp_loss":0.0,"gold_gain":30.0,"event_name":"Dead Adventurer","player_choice":"Searched \u00273\u0027 times","floor":11.0,"gold_loss":0.0,"damage_taken":0.0},{"damage_healed":0,"gold_gain":0,"player_choice":"Traded Relic","damage_taken":0,"relics_obtained":["Nloth\u0027s Gift"],"max_hp_gain":0,"max_hp_loss":0,"event_name":"N\u0027loth","floor":20,"relics_lost":["Whetstone"],"gold_loss":0}],"is_beta":true,"boss_relics":[{"not_picked":["Astrolabe","Philosopher\u0027s Stone"],"picked":"Mark of Pain"}],"items_purged_floors":[],"is_endless":false,"potions_floor_spawned":[1,3,7,11,16,18,21,22],"killed_by":"Slavers","ascension_level":10}}