{"host":"goy5s7p4bfvpqv96","time":1612516844,"event":{"mods":["BaseMod","Downfall","Marisa£®ÏF”Í°°ƒß¿Ì…≥£©","Minty Spire (QoL Compilation)","Remilia£®¿Ÿ√◊¿Ú—«£©","StSLib","The Servant 0.9.4","UnlockEverythingMod"],"gold_per_floor":[99,116,135,145,157,173,173,182,219,219,66,105,5,105,131,245,245,245,245,245,245],"floor_reached":19,"language":"ZHS","playtime":812,"items_purged":[],"score":202,"play_id":"0082b6be-3acc-41d8-a10b-06f4392e501d","local_time":"20210205172044","is_ascension_mode":false,"campfire_choices":[{"data":"Slimebound:CorrosiveSpit","floor":1.0,"key":"SMITH"},{"data":"Slimebound:PrepareCrush","floor":13,"key":"SMITH"},{"data":"Slimebound:Grow","floor":18,"key":"SMITH"}],"circlet_count":0,"master_deck":["Slimebound:Strike_Slimebound","Slimebound:Strike_Slimebound","Slimebound:Tackle","Slimebound:Defend_Slimebound","Slimebound:Defend_Slimebound","Slimebound:Defend_Slimebound","Slimebound:Defend_Slimebound","Slimebound:Split","Slimebound:CorrosiveSpit+1","Slimebound:SplitMire","Slimebound:SlimeSpikes","Slimebound:ViciousTackle","Slimebound:LeechEnergy","Slimebound:ItLooksTasty","Regret","Slimebound:RallyTheTroops","Slimebound:Gluttony","Slimebound:PrepareCrush+1","Slimebound:Grow+1","Slimebound:MassRepurpose"],"relics":["Slimebound:AbsorbEndCombatUpgraded","Slimebound:MaxSlimesRelic","CeramicFish","Mango","PreservedInsect","ScarletDevilRocket","downfall:HeartBlessingGreen"],"acts_visited":["Exordium","TheCity"],"potions_floor_usage":[],"damage_taken":[{"damage":0.0,"enemies":"Cultist","floor":2.0,"turns":3.0},{"damage":2.0,"enemies":"2 Louse","floor":3.0,"turns":3.0},{"damage":5,"enemies":"Jaw Worm","floor":4,"turns":4},{"damage":6,"enemies":"Large Slime","floor":5,"turns":5},{"damage":14,"enemies":"Red Slaver","floor":6,"turns":3},{"damage":24,"enemies":"Gremlin Nob","floor":9,"turns":4},{"damage":2,"enemies":"downfall:FleeingMerchant","floor":11,"turns":4},{"damage":22,"enemies":"Lagavulin","floor":12,"turns":4},{"damage":23,"enemies":"3 Louse","floor":15,"turns":3},{"damage":15,"enemies":"SI_SHIV_ARCHETYPE","floor":16,"turns":6},{"damage":2,"enemies":"3 Byrds","floor":19,"turns":2}],"seed_played":"984788130706751839","potions_obtained":[{"floor":2.0,"key":"Swift Potion"},{"floor":5,"key":"SpeedPotion"},{"floor":6,"key":"ColorlessPotion"}],"is_trial":false,"path_per_floor":["R","M","M","M","M","M","T","?","E","?","$","E","R","?","M","B",null,"R","M"],"character_chosen":"SLIMEBOUND","items_purchased":["PreservedInsect"],"campfire_rested":0,"item_purchase_floors":[11],"current_hp_per_floor":[71,71,71,69,69,61,61,61,59,59,65,51,51,51,28,21,85,85,83,83,83],"gold":245,"neow_bonus":"TEN_PERCENT_HP_BONUS","is_daily":false,"chose_seed":false,"campfire_upgraded":3,"win_rate":0.0,"timestamp":1612516844,"path_taken":["R","M","M","M","M","M","T","?","E","?","?","E","R","?","M","BOSS","R","M"],"items_purchased_type":["Relic"],"build_version":"2020-12-22","purchased_purges":0,"victory":false,"max_hp_per_floor":[71,71,71,71,71,71,71,71,85,85,85,85,85,85,85,85,85,85,85,85,85],"card_choices":[{"not_picked":["Slimebound:LevelUp","Slimebound:FormOfPuddle"],"picked":"Slimebound:SplitMire","floor":2.0},{"not_picked":["Slimebound:ComboTackle","Slimebound:GoopTackle"],"picked":"Slimebound:SlimeSpikes","floor":3},{"not_picked":["Slimebound:SamplingLick","Slimebound:SplitAcid"],"picked":"Slimebound:ViciousTackle","floor":4},{"not_picked":["Slimebound:ComboTackle","Slimebound:SlimeSpikes"],"picked":"Slimebound:LeechEnergy","floor":5},{"not_picked":["Slimebound:Chomp","Slimebound:SplitAcid"],"picked":"Slimebound:ItLooksTasty","floor":6},{"not_picked":["Slimebound:SplitBruiser","Slimebound:Prepare"],"picked":"Slimebound:RallyTheTroops","floor":9},{"not_picked":["Slimebound:PressTheAttack","Slimebound:SplitAcid"],"picked":"Slimebound:Gluttony","floor":11},{"not_picked":["Slimebound:Schlurp","Slimebound:TongueLash"],"picked":"Slimebound:PrepareCrush","floor":12},{"not_picked":["Slimebound:SplitLeeching","Slimebound:PressTheAttack"],"picked":"Slimebound:Grow","floor":15},{"not_picked":["Slimebound:LeechLife","Slimebound:OozeBath"],"picked":"Slimebound:MassRepurpose","floor":16}],"player_experience":985043,"relics_obtained":[{"floor":7,"key":"Slimebound:MaxSlimesRelic"},{"floor":9,"key":"Mango"},{"floor":12,"key":"ScarletDevilRocket"}],"event_choices":[{"damage_healed":0,"gold_gain":0,"player_choice":"Box","damage_taken":0,"relics_obtained":["CeramicFish"],"max_hp_gain":0,"max_hp_loss":0,"event_name":"Big Fish","floor":8,"gold_loss":0,"cards_obtained":["Regret"]}],"is_beta":false,"boss_relics":[{"not_picked":["Runic Pyramid","Empty Cage"],"picked":"Slimebound:AbsorbEndCombatUpgraded"}],"items_purged_floors":[],"is_endless":false,"potions_floor_spawned":[2,5,6,12,15,16],"killed_by":"3 Byrds","ascension_level":0}}