{"host":"9bcvatsnbq1a3xq4","time":1612551685,"event":{"mods":["BaseMod","Bestiary","Block Reminder","Highlight Path","Minty Spire (QoL Compilation)","Relic Stats"],"gold_per_floor":[111,76,90,90,101,101,101,135,135,161,181,181,181,193,193,268,268,284,284,284,284,105,105,105],"floor_reached":23,"language":"ENG","playtime":1383,"items_purged":[],"score":398,"play_id":"ad42b05f-ec58-4e98-b6c1-4b0c8d6cc712","local_time":"20210205200125","is_ascension_mode":true,"campfire_choices":[{"data":"Streamline","floor":6,"key":"SMITH"},{"floor":13,"key":"REST"},{"data":"Hello World","floor":15,"key":"SMITH"}],"circlet_count":0,"master_deck":["AscendersBane","Strike_B+1","Strike_B+1","Strike_B+1","Defend_B+1","Defend_B+1","Defend_B+1","Zap","Dualcast","Creative AI","Go for the Eyes","Streamline+1","Sweeping Beam","Hello World+1","Go for the Eyes","Ball Lightning","Echo Form","Core Surge"],"relics":["Cracked Core","Bag of Marbles","Singing Bowl","The Courier","Kunai","Inserter","Nilry\u0027s Codex","Happy Flower"],"acts_visited":["Exordium","TheCity"],"potions_floor_usage":[10,19,23],"damage_taken":[{"damage":13,"enemies":"Cultist","floor":1,"turns":5},{"damage":4,"enemies":"Jaw Worm","floor":3,"turns":5},{"damage":1,"enemies":"2 Louse","floor":5,"turns":3},{"damage":24,"enemies":"Gremlin Nob","floor":8,"turns":4},{"damage":22,"enemies":"3 Sentries","floor":10,"turns":8},{"damage":5,"enemies":"Red Slaver","floor":11,"turns":3},{"damage":7,"enemies":"Blue Slaver","floor":14,"turns":3},{"damage":40,"enemies":"The Guardian","floor":16,"turns":10},{"damage":3,"enemies":"Chosen","floor":18,"turns":5},{"damage":0,"enemies":"2 Thieves","floor":19,"turns":1},{"damage":36,"enemies":"Book of Stabbing","floor":23,"turns":5}],"seed_played":"5614155931974079951","potions_obtained":[{"floor":1,"key":"PowerPotion"},{"floor":10,"key":"Explosive Potion"},{"floor":14,"key":"FairyPotion"},{"floor":18,"key":"SmokeBomb"}],"is_trial":false,"path_per_floor":["M","?","M","?","M","R","T","E","T","E","M","?","R","M","R","B",null,"M","M","?","?","$","E"],"character_chosen":"DEFECT","items_purchased":["FocusPotion","Happy Flower"],"campfire_rested":1,"item_purchase_floors":[22,22],"current_hp_per_floor":[51,68,64,57,56,56,56,32,32,10,5,5,26,19,19,3,54,53,53,32,32,32,0,0],"gold":105,"neow_bonus":"TRANSFORM_CARD","is_daily":false,"chose_seed":false,"campfire_upgraded":2,"win_rate":0.0,"timestamp":1612551685,"path_taken":["M","?","M","?","M","R","?","E","T","E","?","?","R","M","R","BOSS","M","M","?","?","$","E"],"items_purchased_type":["Potion","Relic"],"build_version":"2020-12-22","purchased_purges":0,"victory":false,"max_hp_per_floor":[71,71,71,71,71,71,71,71,71,71,71,71,71,71,71,71,71,73,73,73,73,73,73,73],"relic_stats":{"Inserter":[5],"Singing Bowl":2,"Happy Flower":[1],"counters":[11,52],"Kunai":[9],"obtain_stats":[{"Inserter":17,"Singing Bowl":8,"Happy Flower":22,"Nilry\u0027s Codex":20,"The Courier":9,"Bag of Marbles":7,"Kunai":10,"Cracked Core":0},{"Inserter":8,"Singing Bowl":4,"Happy Flower":10,"Nilry\u0027s Codex":10,"The Courier":4,"Bag of Marbles":3,"Kunai":5,"Cracked Core":0},{"Inserter":41,"Singing Bowl":17,"Happy Flower":47,"Nilry\u0027s Codex":47,"The Courier":17,"Bag of Marbles":13,"Kunai":25,"Cracked Core":0}]},"card_choices":[{"not_picked":["Steam Power","Steam"],"picked":"Go for the Eyes","floor":1},{"not_picked":["Redo","Recycle"],"picked":"Streamline","floor":3},{"not_picked":["Conserve Battery","Gash"],"picked":"Sweeping Beam","floor":5},{"not_picked":["Leap","Turbo"],"picked":"Hello World","floor":8},{"not_picked":["Heatsinks","White Noise"],"picked":"Go for the Eyes","floor":10},{"not_picked":["Stack","Force Field"],"picked":"Ball Lightning","floor":11},{"not_picked":["Capacitor","Gash"],"picked":"Echo Form","floor":14},{"not_picked":["Meteor Strike","Biased Cognition"],"picked":"Core Surge","floor":16},{"not_picked":["Gash","Tempest","Ball Lightning"],"picked":"Singing Bowl","floor":18}],"player_experience":777325,"relics_obtained":[{"floor":7,"key":"Bag of Marbles"},{"floor":8,"key":"Singing Bowl"},{"floor":9,"key":"The Courier"},{"floor":10,"key":"Kunai"},{"floor":20,"key":"Nilry\u0027s Codex"}],"event_choices":[{"damage_healed":17,"gold_gain":0,"player_choice":"Healed","damage_taken":0,"max_hp_gain":0,"max_hp_loss":0,"event_name":"The Cleric","floor":2,"gold_loss":35},{"cards_removed":["Defend_B"],"damage_healed":0,"gold_gain":0,"player_choice":"Card Removal","damage_taken":7,"max_hp_gain":0,"max_hp_loss":0,"event_name":"Golden Wing","floor":4,"gold_loss":0},{"damage_healed":0,"gold_gain":0,"player_choice":"Ignored","damage_taken":0,"max_hp_gain":0,"max_hp_loss":0,"event_name":"Shining Light","floor":12,"gold_loss":0},{"damage_healed":0,"gold_gain":0,"player_choice":"Obtained Book","damage_taken":21,"max_hp_gain":0,"max_hp_loss":0,"event_name":"Cursed Tome","floor":20,"gold_loss":0},{"damage_healed":0,"gold_gain":0,"player_choice":"Simplicity","damage_taken":0,"max_hp_gain":0,"max_hp_loss":0,"event_name":"Back to Basics","floor":21,"gold_loss":0,"cards_upgraded":["Strike_B","Strike_B","Strike_B","Defend_B","Defend_B","Defend_B"]}],"is_beta":false,"boss_relics":[{"not_picked":["Coffee Dripper","Tiny House"],"picked":"Inserter"}],"items_purged_floors":[],"is_endless":false,"potions_floor_spawned":[1,10,14,18,19],"killed_by":"Book of Stabbing","ascension_level":20}}