{"host":"1bmpebsu0h6jmm2g","time":1612538299,"event":{"mods":["BaseMod","BetterRewards","Colored Map","DeckTracker","Highlight Path","Keyboard Shortcuts","Minty Spire (QoL Compilation)","Permanent Neow","Quick Restart","Relic Stats","Slay the Relics Exporter","Spicy Shops","StSLib","SuperFastMode"],"gold_per_floor":[118,137,137,151,169,169,181,206,206,206,235,255,265,265,265,341,341,356,372,407,418,418,418,0,26,75,94,6,31,31,55,55,129,129,143,158,58,383,392,426,426,459,531,547,547,547,547,43,43,43,43],"floor_reached":52,"language":"KOR","playtime":1606,"items_purged":["Defend_P","Strike_P","Shame","Strike_P","Defend_P","Defend_P","Strike_P"],"score":3125,"play_id":"27a87df3-a1d1-4709-94cd-97bb287f8527","local_time":"20210206001819","is_ascension_mode":true,"campfire_choices":[{"floor":6.0,"key":"REST"},{"data":"Eruption","floor":10.0,"key":"SMITH"},{"floor":15.0,"key":"REST"},{"data":"Vault","floor":23.0,"key":"SMITH"},{"data":"InnerPeace","floor":32.0,"key":"SMITH"},{"data":"Adaptation","floor":41.0,"key":"SMITH"},{"floor":45.0,"key":"REST"},{"data":"Purity","floor":47.0,"key":"SMITH"},{"floor":49.0,"key":"REST"}],"circlet_count":0,"master_deck":["AscendersBane","Strike_P+1","Defend_P","Eruption+1","Vigilance+1","FearNoEvil+1","MentalFortress+1","FlurryOfBlows+1","InnerPeace+1","Wallop+1","EmptyBody+1","Vault+1","Adaptation+1","Purity+1"],"relics":["PureWater","TheAbacus","Mummified Hand","Oddly Smooth Stone","Gambling Chip","Odd Mushroom","VioletLotus","Red Mask","Membership Card","Calipers","Gremlin Horn","Matryoshka","CeramicFish","Bag of Preparation","Kunai","Black Star","Old Coin","Shuriken","Thread and Needle","Whetstone","MealTicket","War Paint","Pear","PreservedInsect","Lantern","PrismaticShard","Dream Catcher","Chemical X"],"acts_visited":["Exordium","TheCity","TheBeyond"],"potions_floor_usage":[],"damage_taken":[{"damage":0.0,"enemies":"Small Slimes","floor":1.0,"turns":2.0},{"damage":2.0,"enemies":"2 Louse","floor":2.0,"turns":3.0},{"damage":0.0,"enemies":"Jaw Worm","floor":4.0,"turns":4.0},{"damage":2.0,"enemies":"Blue Slaver","floor":5.0,"turns":2.0},{"damage":1.0,"enemies":"Looter","floor":7.0,"turns":4.0},{"damage":6.0,"enemies":"Lagavulin","floor":8.0,"turns":6.0},{"damage":12.0,"enemies":"The Mushroom Lair","floor":11.0,"turns":4.0},{"damage":0.0,"enemies":"Large Slime","floor":12.0,"turns":4.0},{"damage":0.0,"enemies":"Exordium Thugs","floor":13.0,"turns":4.0},{"damage":12.0,"enemies":"The Guardian","floor":16.0,"turns":12.0},{"damage":0.0,"enemies":"3 Byrds","floor":18.0,"turns":6.0},{"damage":5.0,"enemies":"Shell Parasite","floor":19.0,"turns":4.0},{"damage":0.0,"enemies":"Masked Bandits","floor":20.0,"turns":6.0},{"damage":16.0,"enemies":"Snake Plant","floor":21.0,"turns":8.0},{"damage":0.0,"enemies":"Book of Stabbing","floor":25.0,"turns":5.0},{"damage":2.0,"enemies":"Centurion and Healer","floor":27.0,"turns":10.0},{"damage":0.0,"enemies":"Gremlin Leader","floor":29.0,"turns":5.0},{"damage":0.0,"enemies":"Snecko","floor":31.0,"turns":5.0},{"damage":0.0,"enemies":"Collector","floor":33.0,"turns":9.0},{"damage":0.0,"enemies":"3 Shapes","floor":35.0,"turns":2.0},{"damage":0.0,"enemies":"Orb Walker","floor":36.0,"turns":2.0},{"damage":0.0,"enemies":"Mind Bloom Boss Battle","floor":38.0,"turns":6.0},{"damage":0.0,"enemies":"Giant Head","floor":40.0,"turns":4.0},{"damage":43.0,"enemies":"Nemesis","floor":42.0,"turns":8.0},{"damage":0.0,"enemies":"Writhing Mass","floor":44.0,"turns":4.0},{"damage":0.0,"enemies":"Time Eater","floor":50.0,"turns":5.0},{"damage":0,"enemies":"Donu and Deca","floor":51,"turns":2}],"seed_played":"2757447197039968028","potions_obtained":[{"floor":1.0,"key":"ColorlessPotion"},{"floor":2.0,"key":"BottledMiracle"},{"floor":5.0,"key":"AttackPotion"},{"floor":8.0,"key":"SneckoOil"},{"floor":11.0,"key":"Block Potion"},{"floor":18.0,"key":"BlessingOfTheForge"},{"floor":19.0,"key":"Block Potion"},{"floor":21.0,"key":"BottledMiracle"},{"floor":31.0,"key":"DistilledChaos"},{"floor":33.0,"key":"AttackPotion"},{"floor":36.0,"key":"Strength Potion"},{"floor":44.0,"key":"SpeedPotion"}],"is_trial":false,"path_per_floor":["M","M","?","M","M","R","M","E","T","R","?","M","M","?","R","B",null,"M","M","?","M","?","R","$","E","T","M","$","E","?","M","R","B",null,"M","M","$","?","?","E","R","E","T","M","R","T","R","$","R","B","B",null],"character_chosen":"WATCHER","items_purchased":["FearNoEvil","TheAbacus","Mummified Hand","MentalFortress","Membership Card","Calipers","Gremlin Horn","Lantern","Swift Potion","PrismaticShard","Weak Potion","Dream Catcher","Chemical X"],"campfire_rested":4,"item_purchase_floors":[0,0,0,0,24,24,24,48,48,48,48,48,48],"current_hp_per_floor":[30,28,8,8,6,26,25,19,19,19,7,7,7,7,27,15,55,55,50,50,34,34,34,34,34,34,32,32,32,32,32,32,32,59,59,59,59,59,49,49,49,6,16,16,39,39,39,54,77,77,77],"gold":43,"neow_bonus":"","is_daily":false,"chose_seed":false,"campfire_upgraded":5,"win_rate":0.0,"timestamp":1612538299,"path_taken":["M","M","?","M","M","R","M","E","T","R","?","M","M","?","R","BOSS","M","M","?","M","?","R","$","E","T","M","$","E","?","M","R","BOSS","M","M","$","?","?","E","R","E","T","M","R","?","R","$","R","BOSS","BOSS"],"items_purchased_type":["Card","Relic","Relic","Card","Relic","Relic","Relic","Relic","Potion","Relic","Potion","Relic","Relic"],"build_version":"2020-12-22","purchased_purges":7,"victory":true,"max_hp_per_floor":[68,68,68,68,68,68,68,68,68,68,68,68,68,68,68,68,68,68,68,68,68,68,68,68,68,68,68,68,68,68,68,68,68,68,68,68,68,68,68,68,68,68,78,78,78,78,78,78,78,78,78],"relic_stats":{"Gremlin Horn":[11,11],"counters":[27,136],"CeramicFish":18,"PreservedInsect":0,"Bag of Preparation":[24],"Whetstone":["Strike_P","Wallop"],"War Paint":["EmptyBody","Vigilance"],"Dream Catcher":1,"TheAbacus":[714],"Mummified Hand":[49],"Shuriken":[27],"Gambling Chip":[49],"MealTicket":15,"VioletLotus":[90],"Black Star":2,"Kunai":[61],"Chemical X":[1],"obtain_stats":[{"Lantern":48,"Calipers":24,"Gremlin Horn":24,"CeramicFish":26,"Bag of Preparation":26,"Whetstone":42,"PrismaticShard":48,"Old Coin":38,"Dream Catcher":48,"TheAbacus":0,"Matryoshka":25,"Mummified Hand":0,"Gambling Chip":9,"MealTicket":42,"VioletLotus":17,"Red Mask":20,"Kunai":29,"Chemical X":48,"Cracked Core":0,"Pear":43,"Oddly Smooth Stone":0,"Thread and Needle":40,"PreservedInsect":46,"Odd Mushroom":11,"War Paint":43,"Shuriken":40,"Black Star":34,"Membership Card":24,"PureWater":0},{"Lantern":25,"Calipers":14,"Gremlin Horn":14,"CeramicFish":15,"Bag of Preparation":15,"Whetstone":24,"PrismaticShard":25,"Old Coin":22,"Dream Catcher":25,"TheAbacus":0,"Matryoshka":15,"Mummified Hand":0,"Gambling Chip":6,"MealTicket":24,"VioletLotus":10,"Red Mask":13,"Kunai":17,"Chemical X":25,"Cracked Core":0,"Pear":24,"Oddly Smooth Stone":0,"Thread and Needle":23,"PreservedInsect":25,"Odd Mushroom":7,"War Paint":24,"Shuriken":23,"Black Star":19,"Membership Card":14,"PureWater":0},{"Lantern":129,"Calipers":69,"Gremlin Horn":69,"CeramicFish":74,"Bag of Preparation":74,"Whetstone":125,"PrismaticShard":129,"Old Coin":113,"Dream Catcher":129,"TheAbacus":0,"Matryoshka":74,"Mummified Hand":0,"Gambling Chip":21,"MealTicket":125,"VioletLotus":45,"Red Mask":61,"Kunai":89,"Chemical X":129,"Cracked Core":0,"Pear":125,"Oddly Smooth Stone":0,"Thread and Needle":117,"PreservedInsect":129,"Odd Mushroom":25,"War Paint":125,"Shuriken":117,"Black Star":103,"Membership Card":69,"PureWater":0}]},"card_choices":[{"not_picked":["BowlingBash","EmptyMind"],"picked":"FlurryOfBlows","floor":1.0},{"not_picked":["Worship","WheelKick","Crescendo"],"picked":"SKIP","floor":2.0},{"not_picked":["Weave","ReachHeaven"],"picked":"InnerPeace","floor":4.0},{"not_picked":["FlurryOfBlows","Sanctity","Fasting2"],"picked":"SKIP","floor":5.0},{"not_picked":["SashWhip","Pray"],"picked":"Wallop","floor":7.0},{"not_picked":["Crescendo","Vengeance","CarveReality"],"picked":"SKIP","floor":8.0},{"not_picked":["EmptyBody","ClearTheMind","Halt"],"picked":"SKIP","floor":12.0},{"not_picked":["ClearTheMind","Halt"],"picked":"EmptyBody","floor":12.0},{"not_picked":["Crescendo","FollowUp","Perseverance"],"picked":"SKIP","floor":13.0},{"not_picked":["Establishment","Alpha"],"picked":"Vault","floor":16.0},{"not_picked":["JustLucky","Halt","SashWhip"],"picked":"SKIP","floor":18.0},{"not_picked":["Wireheading+1","ReachHeaven","Prostrate+1"],"picked":"SKIP","floor":19.0},{"not_picked":["WaveOfTheHand","Evaluate","BowlingBash"],"picked":"SKIP","floor":21.0},{"not_picked":["Crescendo","Vengeance","WaveOfTheHand"],"picked":"SKIP","floor":25.0},{"not_picked":["Vengeance","SashWhip","BowlingBash"],"picked":"SKIP","floor":27.0},{"not_picked":["Judgement","PathToVictory","EmptyFist"],"picked":"SKIP","floor":29.0},{"not_picked":["Prostrate","Indignation"],"picked":"Adaptation","floor":31.0},{"not_picked":["FollowUp","Consecrate+1","PathToVictory+1"],"picked":"SKIP","floor":35.0},{"not_picked":["SandsOfTime","Swivel","Halt"],"picked":"SKIP","floor":36.0},{"not_picked":["Sadistic Nature","Blind"],"picked":"Purity","floor":39.0},{"not_picked":["JustLucky+1","FearNoEvil","Fasting2+1"],"picked":"SKIP","floor":40.0},{"not_picked":["WaveOfTheHand","EmptyFist+1","Consecrate"],"picked":"SKIP","floor":42.0},{"not_picked":["ClearTheMind+1","CrushJoints","CutThroughFate"],"picked":"SKIP","floor":44.0}],"player_experience":499637,"relics_obtained":[{"floor":8.0,"key":"Oddly Smooth Stone"},{"floor":9.0,"key":"Gambling Chip"},{"floor":11.0,"key":"Odd Mushroom"},{"floor":20.0,"key":"Red Mask"},{"floor":25.0,"key":"Matryoshka"},{"floor":26.0,"key":"CeramicFish"},{"floor":26.0,"key":"Bag of Preparation"},{"floor":29.0,"key":"Kunai"},{"floor":38.0,"key":"Old Coin"},{"floor":40.0,"key":"Shuriken"},{"floor":40.0,"key":"Thread and Needle"},{"floor":42.0,"key":"Whetstone"},{"floor":42.0,"key":"MealTicket"},{"floor":43.0,"key":"War Paint"},{"floor":43.0,"key":"Pear"},{"floor":46.0,"key":"PreservedInsect"}],"event_choices":[{"damage_healed":0.0,"max_hp_gain":0.0,"max_hp_loss":0.0,"gold_gain":0.0,"event_name":"Shining Light","player_choice":"Entered Light","floor":3.0,"gold_loss":0.0,"damage_taken":20.0,"cards_upgraded":["MentalFortress","FearNoEvil"]},{"damage_healed":0.0,"max_hp_gain":0.0,"max_hp_loss":0.0,"gold_gain":0.0,"event_name":"Mushrooms","player_choice":"Fought Mushrooms","floor":11.0,"gold_loss":0.0,"damage_taken":0.0},{"damage_healed":0.0,"max_hp_gain":0.0,"max_hp_loss":0.0,"gold_gain":0.0,"event_name":"Living Wall","player_choice":"Grow","floor":14.0,"gold_loss":0.0,"damage_taken":0.0,"cards_upgraded":["FlurryOfBlows"]},{"damage_healed":0.0,"max_hp_gain":0.0,"max_hp_loss":0.0,"gold_gain":0.0,"event_name":"Masked Bandits","player_choice":"Fought Bandits","floor":20.0,"gold_loss":0.0,"damage_taken":0.0},{"damage_healed":0.0,"max_hp_gain":0.0,"max_hp_loss":0.0,"gold_gain":0.0,"event_name":"Ghosts","player_choice":"Ignored","floor":22.0,"gold_loss":0.0,"damage_taken":0.0},{"damage_healed":0.0,"max_hp_gain":0.0,"max_hp_loss":0.0,"gold_gain":0.0,"event_name":"MindBloom","player_choice":"Fight","floor":38.0,"gold_loss":0.0,"damage_taken":0.0},{"damage_healed":0.0,"max_hp_gain":0.0,"max_hp_loss":0.0,"gold_gain":0.0,"event_name":"SensoryStone","player_choice":"Memory 3","floor":39.0,"gold_loss":0.0,"damage_taken":10.0}],"is_beta":false,"boss_relics":[{"not_picked":["Coffee Dripper","Velvet Choker"],"picked":"VioletLotus"},{"not_picked":["Sozu","Pandora\u0027s Box"],"picked":"Black Star"}],"items_purged_floors":[0,0,24,24,28,37,48],"is_endless":false,"potions_floor_spawned":[1,2,5,8,11,18,19,21,31,33,35,36,44],"ascension_level":20}}