{"host":"syi3dwod45ki1ly6","time":1612559871,"event":{"mods":["Ascension Reborn","BaseMod","BetterRewards","Downfall","Halation","Hubris","Infinite Spire","Marisa????????","Minty Spire (QoL Compilation)","READ ME - Guardian Mod","READ ME - Snecko Mod","Replay The Spire","Shade Mod","Spikes Relics","StSLib","SuperFastMode","The Bladedancer","The Construct","The Jungle","The Marked","The Servant 0.9.4","[GremlinLeader]The Maniac"],"gold_per_floor":[111,122,135,135,135,135,163,163,190,210,210,4,4,19,19,124,124,134,154,171,183,183,213,213,225,252,268,268,317,328,346,346,448,448,462,239,241,241],"floor_reached":37,"language":"ENG","playtime":2104,"items_purged":["Shade:CarefulCut"],"score":393,"play_id":"f5a2aaf4-85a9-42fb-a35d-208f4f4e2a3b","local_time":"20210205141751","is_ascension_mode":true,"campfire_choices":[{"floor":6,"key":"REST"},{"data":"Shade:SensePrey","floor":13,"key":"SMITH"},{"floor":15,"key":"REST"},{"floor":24,"key":"REST"},{"data":"Shade:UnbarTheGrave","floor":28,"key":"SMITH"},{"floor":32,"key":"REST"}],"circlet_count":0,"master_deck":["Shade:Strike_Shade","Shade:Strike_Shade","Shade:Strike_Shade","Shade:Strike_Shade","Shade:Defend_Shade","Shade:Defend_Shade","Shade:Defend_Shade","Shade:Defend_Shade","Shade:AnimateDead","Shade:SkeletonArmy+1","Shade:ExtraLimbs","Shade:PressTheAttack","Shade:Coordination","Shade:WallOfFlesh","Shade:SensePrey+1","Shade:OpenGraves","Shade:PoundOfFlesh+1","Shade:CommandSoldier","Shade:UnbarTheGrave+1","Shade:Carnophage","Shade:GraveStillness+1","Shade:Premonition+1","Shade:SkeletonArmy","hubris:Fate","Shade:GraveStillness","Shade:Patience+1","Shade:CoffinDance+1","Shade:FreshBones","Shade:SensePrey","Shade:OfferingToTheBeyond","Shade:Bite_Shade+1"],"relics":["maniac:BrokenHorn","RollingBoulder","halation:PinkSoulGem","halation:PrussianBluePaint","infinitespire:Cubic Diamond","Omamori","Boot","Molten Egg 2","Regal Pillow","Toy Ornithopter","halation:HeavySnake","Replay:Bandana"],"acts_visited":["Exordium","TheCity","TheBeyond"],"potions_floor_usage":[7,11,16,20,23,33,33],"damage_taken":[{"damage":0,"enemies":"Jaw Worm","floor":1,"turns":7},{"damage":15,"enemies":"2 Louse","floor":2,"turns":3},{"damage":8,"enemies":"Small Slimes","floor":3,"turns":3},{"damage":14,"enemies":"Gremlin Nob","floor":7,"turns":3},{"damage":2,"enemies":"3 Louse","floor":10,"turns":3},{"damage":0,"enemies":"Gremlin Gang","floor":14,"turns":2},{"damage":14,"enemies":"Fading Forest","floor":16,"turns":11},{"damage":6,"enemies":"Shell Parasite","floor":18,"turns":6},{"damage":1,"enemies":"Chosen","floor":19,"turns":4},{"damage":8,"enemies":"Centurion and Healer","floor":20,"turns":5},{"damage":16,"enemies":"Sentry and Sphere","floor":21,"turns":5},{"damage":23,"enemies":"Nightmare","floor":23,"turns":8},{"damage":3,"enemies":"Cultist and Chosen","floor":25,"turns":8},{"damage":14,"enemies":"Centurion and Healer","floor":27,"turns":9},{"damage":0,"enemies":"Sentry and Sphere","floor":30,"turns":3},{"damage":6,"enemies":"Shelled Parasite and Fungi","floor":31,"turns":7},{"damage":74,"enemies":"Champ","floor":33,"turns":14},{"damage":8,"enemies":"Orb Walker","floor":35,"turns":4},{"damage":28,"enemies":"3 Darklings","floor":37,"turns":3}],"seed_played":"1933317153581335032","potions_obtained":[{"floor":3,"key":"hexamod:SoulburnPotion"},{"floor":10,"key":"Fruit Juice"},{"floor":14,"key":"Adrenaline Potion"},{"floor":18,"key":"ColorlessPotion"},{"floor":19,"key":"LiquidBronze"},{"floor":21,"key":"SteroidPotion"},{"floor":31,"key":"FearPotion"},{"floor":35,"key":"PowerPotion"}],"is_trial":false,"path_per_floor":["M","M","M","?","?","R","E","?","T","M","?","$","R","M","R","B",null,"M","M","M","M","?","NM","R","M","T","M","R","T","M","M","R","B",null,"M","$","M"],"character_chosen":"SHADE","items_purchased":["Shade:SensePrey","Shade:OpenGraves","Shade:PoundOfFlesh+1","Replay:Bandana"],"campfire_rested":4,"item_purchase_floors":[12,12,12,36],"current_hp_per_floor":[71,56,48,30,30,51,37,37,37,35,40,40,40,40,62,48,76,70,69,61,45,45,22,44,71,71,57,57,57,57,51,76,2,76,68,68,40,40],"gold":241,"neow_bonus":"TEN_PERCENT_HP_BONUS","is_daily":false,"chose_seed":false,"campfire_upgraded":2,"win_rate":0.0,"timestamp":1612559871,"path_taken":["M","M","M","?","?","R","E","?","T","M","?","$","R","M","R","BOSS","M","M","?","M","?","NM","R","M","T","M","R","?","M","M","R","BOSS","M","$","M"],"items_purchased_type":["Card","Card","Card","Relic"],"build_version":"2020-12-22","purchased_purges":1,"victory":false,"max_hp_per_floor":[71,71,71,71,71,71,71,71,71,71,76,76,76,76,76,76,76,76,76,76,76,76,76,76,76,76,76,76,76,76,76,76,76,76,76,76,76,76],"card_choices":[{"not_picked":["Shade:ClawBack","Shade:Excise"],"picked":"Shade:SkeletonArmy","floor":1},{"not_picked":["Shade:GoDigging","Shade:TouchOfTheGrave"],"picked":"Shade:ExtraLimbs","floor":2},{"not_picked":["Shade:FleshToFlesh","Shade:ExtraLimbs"],"picked":"Shade:PressTheAttack","floor":3},{"not_picked":["Shade:FreshBones","Shade:PressTheAttack"],"picked":"Shade:Coordination","floor":7},{"not_picked":["Shade:SpontaneousRitual","Shade:BoneShards"],"picked":"Shade:WallOfFlesh","floor":10},{"not_picked":["Shade:SanguineRitual","Shade:AblativeArmor"],"picked":"Shade:CommandSoldier","floor":14},{"not_picked":["Shade:LastGasp","Shade:SelfBurial"],"picked":"Shade:UnbarTheGrave","floor":16},{"not_picked":["Shade:FeralStrike","Shade:CommandSoldier"],"picked":"Shade:Carnophage","floor":18},{"not_picked":["Shade:FuneraryArmor","Shade:ExtraLimbs"],"picked":"Shade:GraveStillness+1","floor":19},{"not_picked":["Shade:AncientSpear","Shade:Patience"],"picked":"Shade:Premonition+1","floor":20},{"not_picked":["Shade:Frenzy","Shade:Premonition"],"picked":"Shade:SkeletonArmy","floor":21},{"not_picked":["ReplayTheSpireMod:Haul","infinitespire:SevenWalls+1"],"picked":"hubris:Fate","floor":23},{"not_picked":["Shade:StitchTogether","Shade:DangerousRitual+1"],"picked":"Shade:GraveStillness","floor":23},{"not_picked":["Shade:FeralStrike+1","Shade:AncientSpear+1"],"picked":"Shade:Patience+1","floor":25},{"not_picked":["Shade:FingerOfDeath+1","Shade:GreyBargain"],"picked":"Shade:CoffinDance+1","floor":27},{"not_picked":["Shade:FeralStrike+1","Shade:Bite_Shade+1"],"picked":"Shade:FreshBones","floor":30},{"not_picked":["Shade:AblativeArmor","Shade:RitualOffering+1"],"picked":"Shade:SensePrey","floor":31},{"not_picked":["Shade:LastGasp","Shade:DarkOfNight"],"picked":"Shade:OfferingToTheBeyond","floor":33},{"not_picked":["Shade:FleshToFlesh+1","Shade:Awaken"],"picked":"Shade:Bite_Shade+1","floor":35}],"player_experience":186730,"relics_obtained":[{"floor":7,"key":"halation:PrussianBluePaint"},{"floor":9,"key":"Omamori"},{"floor":23,"key":"Molten Egg 2"},{"floor":26,"key":"Regal Pillow"},{"floor":29,"key":"Toy Ornithopter"}],"event_choices":[{"damage_healed":0,"gold_gain":0,"player_choice":"Success","damage_taken":18,"relics_obtained":["RollingBoulder"],"max_hp_gain":0,"max_hp_loss":0,"event_name":"Scrap Ooze","floor":4,"gold_loss":0},{"damage_healed":0,"gold_gain":0,"player_choice":"Upgraded","damage_taken":0,"max_hp_gain":0,"max_hp_loss":0,"event_name":"Upgrade Shrine","floor":11,"gold_loss":0,"cards_upgraded":["Shade:SkeletonArmy"]}],"is_beta":false,"boss_relics":[{"not_picked":["halation:Prosthetics","Velvet Choker","hubris:RunicObelisk"]},{"not_picked":["Painkiller Herb","Replay:Bronze Core"],"picked":"halation:HeavySnake"}],"items_purged_floors":[36],"is_endless":true,"potions_floor_spawned":[3,10,14,18,19,21,31,35],"killed_by":"3 Darklings","ascension_level":0}}