{"host":"0luxfixkkfk9wck3","time":1612569403,"event":{"mods":["BaseMod","DeckTracker","Downfall","Highlight Path","Minty Spire (QoL Compilation)","StSLib"],"gold_per_floor":[99,117,131,131,148,48,48,48,73,73,100,118,143,160,177,177,177,177],"floor_reached":16,"language":"ENG","playtime":4637,"items_purged":[],"score":191,"play_id":"d7e6e391-c106-4fbf-925d-b96d6b5d58dc","local_time":"20210205175643","is_ascension_mode":true,"campfire_choices":[{"floor":1,"key":"RECALL"},{"data":"champ:DefensiveShout","floor":6,"key":"SMITH"},{"data":"champ:RageSigil","floor":8,"key":"SMITH"}],"circlet_count":0,"master_deck":["champ:Strike","champ:Strike","champ:Strike","champ:Defend","champ:Defend","champ:Defend","champ:Defend","champ:Execute+1","champ:Taunt","champ:RageSigil+1","champ:BladeFlurry","champ:DefensiveShout+1","champ:EnchantSword","champ:RecklessLeap","champ:DefensiveShout","champ:Circumvent","champ:DefensiveShout","champ:ShieldWall"],"relics":["champ:ChampionCrown","Incense Burner","downfall:HeartBlessingRed","hexamod:CandleOfCauterizing","hexamod:Sixitude","Dream Catcher"],"acts_visited":["Exordium"],"potions_floor_usage":[12,16],"damage_taken":[{"damage":10,"enemies":"Small Slimes","floor":2,"turns":3},{"damage":25,"enemies":"Jaw Worm","floor":3,"turns":4},{"damage":25,"enemies":"Cultist","floor":5,"turns":3},{"damage":38,"enemies":"Lagavulin","floor":9,"turns":8},{"damage":10,"enemies":"Gremlin Nob","floor":11,"turns":3},{"damage":38,"enemies":"Lots of Slimes","floor":12,"turns":4},{"damage":30,"enemies":"Lagavulin","floor":13,"turns":5},{"damage":0,"enemies":"Red Slaver","floor":14,"turns":2},{"damage":20,"enemies":"3 Louse","floor":15,"turns":3},{"damage":62,"enemies":"WA_ARCHETYPE_RETAIN","floor":16,"turns":10}],"seed_played":"-5972856364599889358","potions_obtained":[{"floor":2,"key":"BlessingOfTheForge"},{"floor":3,"key":"DuplicationPotion"},{"floor":5,"key":"Strength Potion"},{"floor":12,"key":"Dexterity Potion"}],"is_trial":false,"path_per_floor":["R","M","M","?","M","R","T","R","E","?","E","M","E","M","M","B"],"character_chosen":"THE_CHAMP","items_purchased":[],"campfire_rested":0,"item_purchase_floors":[],"current_hp_per_floor":[81,81,81,74,74,74,74,74,66,66,66,58,48,48,38,0,0,0],"gold":177,"neow_bonus":"UPGRADE_CARD","is_daily":false,"chose_seed":false,"campfire_upgraded":2,"win_rate":0.0,"timestamp":1612569403,"path_taken":["R","M","M","?","M","R","T","R","E","?","E","M","E","?","M","BOSS"],"items_purchased_type":[],"build_version":"2020-12-22","purchased_purges":0,"victory":false,"max_hp_per_floor":[90,90,90,90,90,90,90,90,90,90,90,90,90,90,90,90,90,90],"card_choices":[{"not_picked":["champ:CrownThrow","champ:PreciseThrust"],"picked":"champ:RageSigil","floor":2},{"not_picked":["champ:Duel","champ:BerserkersShout"],"picked":"champ:BladeFlurry","floor":3},{"not_picked":["champ:FanOfKnives","champ:FalseCounter"],"picked":"champ:DefensiveShout","floor":5},{"not_picked":["champ:CrookedStrike","champ:SetATrap"],"picked":"champ:EnchantSword","floor":9},{"not_picked":["champ:PreemptiveStrike","champ:CrownThrow","champ:UltimateStance"],"picked":"SKIP","floor":11},{"not_picked":["champ:PreciseThrust","champ:RageSigil"],"picked":"champ:DefensiveShout","floor":12},{"not_picked":["champ:CrookedStrike","champ:BringItOn"],"picked":"champ:Circumvent","floor":13},{"not_picked":["champ:SetATrap","champ:BerserkerStyle"],"picked":"champ:DefensiveShout","floor":14},{"not_picked":["champ:FalseCounter","champ:Shatter"],"picked":"champ:ShieldWall","floor":15}],"player_experience":11586752,"relics_obtained":[{"floor":9,"key":"hexamod:CandleOfCauterizing"},{"floor":11,"key":"hexamod:Sixitude"},{"floor":13,"key":"Dream Catcher"}],"event_choices":[{"damage_healed":0,"gold_gain":0,"player_choice":"Success","damage_taken":7,"relics_obtained":["Incense Burner"],"max_hp_gain":0,"max_hp_loss":0,"event_name":"Scrap Ooze","floor":4,"gold_loss":0}],"is_beta":false,"boss_relics":[],"items_purged_floors":[],"is_endless":false,"potions_floor_spawned":[2,3,5,11,12],"killed_by":"WA_ARCHETYPE_RETAIN","ascension_level":6}}