{"host":"22ezjknwheybwqtz","time":1612519085,"event":{"mods":["BaseMod","Beaked The Cultist","Minty Spire (QoL Compilation)","Replay The Spire","Shop Mod","StSLib"],"gold_per_floor":[116,116,116,128,53,53,85,97,109,121,190,202,279,291,303,410,422,404,331,343,106,163,178,178],"floor_reached":23,"language":"ENG","playtime":878,"items_purged":["Delirium","beaked:Strike_Y"],"score":210,"play_id":"900dd873-08f5-4e24-8041-3288749bf2ff","local_time":"20210205175805","is_ascension_mode":false,"campfire_choices":[{"data":"beaked:Ceremony","floor":6,"key":"SMITH"},{"data":"beaked:Ceremony","floor":8,"key":"SMITH"},{"data":"Scorching Beam","floor":10,"key":"SMITH"},{"data":"beaked:VigorBurst","floor":12,"key":"SMITH"},{"data":"beaked:TuckingFeathers","floor":15,"key":"SMITH"}],"circlet_count":0,"master_deck":["beaked:Strike_Y","beaked:Strike_Y","beaked:Strike_Y","beaked:Strike_Y","beaked:Defend_Y","beaked:Defend_Y","beaked:Defend_Y","beaked:Defend_Y","beaked:Ceremony+1","beaked:Ceremony+1","beaked:VigorBurst+1","Scorching Beam+1","Self Repair","beaked:Daydream","beaked:ScreechingChant","beaked:Tweet","beaked:TuckingFeathers+1","beaked:HuntressSpirit","beaked:Evade"],"relics":["beaked:MendingPlumage","NeowsBlessing","Ring of Peace","ReplayTheSpireMod:Ring of Challenge","MawBank","Shuriken","beaked:SacrificeDoll","Matryoshka","Nilry\u0027s Codex","Omamori","Vajra"],"acts_visited":["Exordium","TheCity"],"potions_floor_usage":[16],"damage_taken":[{"damage":0,"enemies":"Jaw Worm","floor":1,"turns":1},{"damage":0,"enemies":"Small Slimes","floor":4,"turns":1},{"damage":0,"enemies":"Gremlin Nob","floor":7,"turns":1},{"damage":28,"enemies":"Cultist","floor":11,"turns":6},{"damage":30,"enemies":"Large Slime","floor":13,"turns":8},{"damage":60,"enemies":"The Guardian","floor":16,"turns":12},{"damage":25,"enemies":"2 Thieves","floor":18,"turns":5},{"damage":47,"enemies":"Spheric Guardian","floor":22,"turns":6},{"damage":53,"enemies":"Book of Stabbing","floor":23,"turns":4}],"seed_played":"-1465796650593325720","potions_obtained":[{"floor":1,"key":"Milkshake"},{"floor":11,"key":"Explosive Potion"},{"floor":16,"key":"Swift Potion"}],"is_trial":false,"path_per_floor":["M","?","?","M","$","R","E","R","T","R","M","R","M","?","R","B",null,"M","?","?","$","M","E"],"character_chosen":"BEAKED_THE_CULTIST","items_purchased":["Omamori"],"campfire_rested":0,"item_purchase_floors":[21],"current_hp_per_floor":[55,55,55,55,55,55,55,55,55,55,34,34,40,40,40,38,55,46,46,30,30,27,0,0],"gold":178,"neow_bonus":"THREE_ENEMY_KILL","is_daily":false,"chose_seed":false,"campfire_upgraded":5,"win_rate":0.0,"timestamp":1612519085,"path_taken":["M","?","?","M","?","R","E","R","T","R","M","R","?","?","R","BOSS","M","?","?","$","M","E"],"items_purchased_type":["Relic"],"build_version":"2020-12-22","purchased_purges":2,"victory":false,"max_hp_per_floor":[55,55,55,55,55,55,55,55,55,55,55,55,55,55,55,55,55,55,55,55,55,55,55,55],"card_choices":[{"not_picked":["beaked:RuinSticks","beaked:Resilience"],"picked":"beaked:VigorBurst","floor":1},{"not_picked":["beaked:Windmill","beaked:Resilience"],"picked":"beaked:Daydream","floor":4},{"not_picked":["beaked:Poke","beaked:Flinch"],"picked":"beaked:ScreechingChant","floor":7},{"not_picked":["beaked:Pecker","beaked:Brace"],"picked":"beaked:Tweet","floor":11},{"not_picked":["beaked:DigDeep","beaked:HuntressEssence"],"picked":"beaked:TuckingFeathers","floor":13},{"not_picked":["beaked:FeelMyPain+1","beaked:SacrificialDive"],"picked":"beaked:Evade","floor":18},{"not_picked":["beaked:WarriorEssence","beaked:Brace","beaked:Cower+1"],"picked":"SKIP","floor":22}],"player_experience":74231,"relics_obtained":[{"floor":3,"key":"Ring of Peace"},{"floor":3,"key":"ReplayTheSpireMod:Ring of Challenge"},{"floor":7,"key":"MawBank"},{"floor":9,"key":"Shuriken"},{"floor":20,"key":"Nilry\u0027s Codex"},{"floor":22,"key":"Vajra"}],"event_choices":[{"damage_healed":0,"gold_gain":0,"cards_transformed":["beaked:Strike_Y"],"player_choice":"Transformed","damage_taken":0,"max_hp_gain":0,"max_hp_loss":0,"event_name":"Transmorgrifier","floor":14,"gold_loss":0,"cards_obtained":["beaked:HuntressSpirit"]},{"damage_healed":0,"gold_gain":0,"player_choice":"Obtained Relic","damage_taken":0,"relics_obtained":["Matryoshka"],"max_hp_gain":0,"max_hp_loss":0,"event_name":"Addict","floor":19,"gold_loss":85},{"damage_healed":0,"gold_gain":0,"player_choice":"Obtained Book","damage_taken":16,"max_hp_gain":0,"max_hp_loss":0,"event_name":"Cursed Tome","floor":20,"gold_loss":0}],"is_beta":false,"boss_relics":[{"not_picked":["Runic Dome","Snecko Eye"],"picked":"beaked:SacrificeDoll"}],"items_purged_floors":[5,21],"is_endless":false,"potions_floor_spawned":[1,11,16],"killed_by":"Book of Stabbing","ascension_level":0}}