{"host":"7fyy23rucerupe6i","time":1612502434,"event":{"mods":["BaseMod","Minty Spire (QoL Compilation)","StSLib","The Senshi"],"gold_per_floor":[111,129,197,207,224,224,224,252,304,304,324,38,58,72,72,167,167,187,187,199,210,110,110,121,121,121],"floor_reached":25,"language":"ZHS","playtime":1643,"items_purged":["theSenshi:SailorKick","theSenshi:TuxedoSmokingBomber"],"score":207,"play_id":"5ed64c5a-ba59-46be-8576-4f63c55e2a08","local_time":"20210205132034","is_ascension_mode":false,"campfire_choices":[{"data":"theSenshi:MoonGorgeousMeditation","floor":6.0,"key":"SMITH"},{"data":"theSenshi:MoonCrystalPowerMakeUp","floor":10,"key":"SMITH"},{"data":"theSenshi:MoonCrisisMakeUp","floor":15,"key":"SMITH"},{"data":"theSenshi:SteeledNerves","floor":23,"key":"SMITH"}],"circlet_count":0,"master_deck":["theSenshi:RoseThrow","theSenshi:MoonPrismPowerMakeUp","theSenshi:MoonCrystalPowerMakeUp+1","theSenshi:SteeledNerves+1","theSenshi:MoonGorgeousMeditation+1","theSenshi:LateForSchool","theSenshi:MoonCrisisMakeUp+1","theSenshi:SailorV","theSenshi:JupitersPower","theSenshi:MoonCrisisMakeUp","theSenshi:Sidestep","theSenshi:SupersonicWaves","theSenshi:MoonTwilightFlash","theSenshi:SailorMercuryAssists","theSenshi:TuxedoSmokingBomber","theSenshi:SailorMercuryAssists","theSenshi:MoonCrisisMakeUp+1","theSenshi:MoonCrystalPowerMakeUp","theSenshi:MoonsReflection"],"relics":["theSenshi:TransformationBroochRelic","NeowsBlessing","Potion Belt","Dream Catcher","Tiny Chest","Pandora\u0027s Box"],"acts_visited":["Exordium","TheCity"],"potions_floor_usage":[8,14,16,25],"damage_taken":[{"damage":0.0,"enemies":"Cultist","floor":1.0,"turns":1.0},{"damage":0.0,"enemies":"Jaw Worm","floor":2.0,"turns":1.0},{"damage":0.0,"enemies":"Small Slimes","floor":4.0,"turns":1.0},{"damage":12.0,"enemies":"3 Louse","floor":5.0,"turns":5.0},{"damage":28,"enemies":"Lagavulin","floor":8,"turns":10},{"damage":5,"enemies":"Looter","floor":11,"turns":5},{"damage":12,"enemies":"Large Slime","floor":13,"turns":5},{"damage":1,"enemies":"Gremlin Gang","floor":14,"turns":3},{"damage":12,"enemies":"The Guardian","floor":16,"turns":12},{"damage":14,"enemies":"Spheric Guardian","floor":18,"turns":6},{"damage":34,"enemies":"3 Byrds","floor":20,"turns":5},{"damage":8,"enemies":"Sentry and Sphere","floor":21,"turns":7},{"damage":8,"enemies":"Centurion and Healer","floor":24,"turns":6},{"damage":19,"enemies":"Snake Plant","floor":25,"turns":2}],"seed_played":"-6617350407209255263","potions_obtained":[{"floor":5.0,"key":"Strength Potion"},{"floor":11,"key":"Block Potion"},{"floor":13,"key":"DistilledChaos"},{"floor":16,"key":"Strength Potion"},{"floor":18,"key":"DuplicationPotion"}],"is_trial":false,"path_per_floor":["M","M","T","M","M","R","?","E","T","R","M","$","M","M","R","B",null,"M","?","M","M","$","R","M","M"],"character_chosen":"THE_SENSHI","items_purchased":["theSenshi:MoonCrisisMakeUp","Tiny Chest"],"campfire_rested":0,"item_purchase_floors":[12,12],"current_hp_per_floor":[75,75,75,75,63,63,68,40,40,40,35,35,23,22,22,10,80,66,66,32,24,24,24,16,0,0],"gold":121,"neow_bonus":"THREE_ENEMY_KILL","is_daily":false,"chose_seed":false,"campfire_upgraded":4,"win_rate":0.0,"timestamp":1612502434,"path_taken":["M","M","?","M","?","R","?","E","T","R","M","?","M","?","R","BOSS","M","?","?","M","$","R","M","M"],"items_purchased_type":["Card","Relic"],"build_version":"2020-12-22","purchased_purges":2,"victory":false,"max_hp_per_floor":[75,75,75,75,75,75,80,80,80,80,80,80,80,80,80,80,80,80,80,80,80,80,80,80,80,80],"card_choices":[{"not_picked":["theSenshi:MoonsReflection","theSenshi:EncouragingSpeech","theSenshi:LunasBite"],"picked":"SKIP","floor":1.0},{"not_picked":["theSenshi:SailorChibiMoonAssists","theSenshi:MoonPrincessHalation"],"picked":"theSenshi:MoonCrystalPowerMakeUp","floor":2.0},{"not_picked":["theSenshi:LunasBite","theSenshi:SailorPlanetPower"],"picked":"theSenshi:SteeledNerves","floor":4.0},{"not_picked":["theSenshi:SupersonicWaves","theSenshi:SailorVenusAssists"],"picked":"theSenshi:MoonGorgeousMeditation","floor":5.0},{"not_picked":["theSenshi:Sidestep","theSenshi:MoonKick","theSenshi:SupersonicWaves"],"picked":"SKIP","floor":8},{"not_picked":["theSenshi:MoonKick","theSenshi:SailorMarsAssists"],"picked":"theSenshi:LateForSchool","floor":11},{"not_picked":["theSenshi:MercurysCunning","theSenshi:LunasBite","theSenshi:SailorMercuryAssists"],"picked":"SKIP","floor":13},{"not_picked":["theSenshi:LunasBite","theSenshi:EncouragingSpeech"],"picked":"theSenshi:SailorV","floor":14},{"not_picked":["theSenshi:ChibiMoonsLove","theSenshi:SailorCosmosAssists"],"picked":"theSenshi:JupitersPower","floor":16},{"not_picked":["theSenshi:SailorVenusAssists+1","theSenshi:SailorMarsAssists"],"picked":"theSenshi:SailorMercuryAssists","floor":18},{"not_picked":["theSenshi:MoonKick","theSenshi:SailorVenusAssists"],"picked":"theSenshi:MoonCrystalPowerMakeUp","floor":20},{"not_picked":["theSenshi:SailorV","theSenshi:MoonTiaraMagic+1"],"picked":"theSenshi:MoonsReflection","floor":21},{"not_picked":["theSenshi:SailorStarMakerAssists+1","theSenshi:SailorChibiMoonAssists","theSenshi:MoonsReflection"],"picked":"SKIP","floor":24}],"player_experience":328068,"relics_obtained":[{"floor":8,"key":"Potion Belt"},{"floor":9,"key":"Dream Catcher"}],"event_choices":[{"damage_healed":0,"gold_gain":0,"player_choice":"Donut","damage_taken":0,"max_hp_gain":5,"max_hp_loss":0,"event_name":"Big Fish","floor":7,"gold_loss":0},{"damage_healed":0,"gold_gain":0,"player_choice":"Copied","damage_taken":0,"max_hp_gain":0,"max_hp_loss":0,"event_name":"Duplicator","floor":19,"gold_loss":0,"cards_obtained":["theSenshi:MoonCrisisMakeUp"]}],"is_beta":false,"boss_relics":[{"not_picked":["Astrolabe","SlaversCollar"],"picked":"Pandora\u0027s Box"}],"items_purged_floors":[12,22],"is_endless":false,"potions_floor_spawned":[5,11,13,16,18],"killed_by":"Snake Plant","ascension_level":0}}