{"host":"17xjy7b7ubl548g2","time":1612506836,"event":{"mods":["2.2 Compatiblity","Act Like it!","Aspiration","Astrologer","Bard","BaseMod","Challenge The Spire","ChefMod","Colored Map","Colored Powertips","Conspire","Elementarium","Energized Spire","Gensokyo","GifTheSpireLib","Halation","Hallownest","Hermit","Hubris","Infinite Spire","Jedi Mod","Jorbs\u0027s Wanderer Trilogy","Marisa（霧雨　魔理沙）","Marked Mod","Menagerie","Minty Spire (QoL Compilation)","Permanent Neow","Reliquary","Replay The Spire","Robot Space Explorer","Spicy Shops","Spire Arcade","StSLib","Stuff the Spire","The Blue Laboratory","The Bug Knight","The Construct","The Disciple","The Hayseed","The Hierophant","The Marked","The Runesmith","The Sage","TheFirefly"],"gold_per_floor":[114,114,34,49,64,64,94,94,119,149,149,149,149],"floor_reached":12,"language":"ENG","playtime":1110,"items_purged":[],"score":136,"play_id":"45ca745f-9091-456b-ac96-fa02b1d057dd","local_time":"20210205013356","daily_mods":["Specialized","Blue Cards","Elite Swarm"],"is_ascension_mode":false,"campfire_choices":[{"data":"hermit:Brawl","floor":6,"key":"SMITH"},{"data":"hermit:Snapshot","floor":8,"key":"SMITH"}],"circlet_count":0,"master_deck":["hermit:Strike_Hermit","hermit:Strike_Hermit","hermit:Strike_Hermit","hermit:Strike_Hermit","hermit:Defend_Hermit","hermit:Defend_Hermit","hermit:Defend_Hermit","hermit:Defend_Hermit","hermit:Snapshot+1","hermit:Covet","hermit:HoleUp","hermit:HoleUp","hermit:HoleUp","hermit:HoleUp","hermit:HoleUp","hermit:Ricochet","hermit:Headshot","hermit:Brawl+1","hermit:Gambit","hermit:HighNoon","Pain"],"relics":["hermit:Momento","hubris:Icosahedron","jedi:matchstick","Bag of Marbles","Juzu Bracelet","reliquary:SharkskinSheath","WarpedTongs"],"acts_visited":["Exordium"],"potions_floor_usage":[7,10,12],"damage_taken":[{"damage":0,"enemies":"Menagerie:StygianBoar","floor":1,"turns":5},{"damage":2,"enemies":"Menagerie:MonstrousExperiment","floor":4,"turns":5},{"damage":1,"enemies":"Menagerie:2_RABBITS","floor":5,"turns":5},{"damage":5,"enemies":"Menagerie:VoidReaper","floor":7,"turns":6},{"damage":0,"enemies":"Menagerie:Hydra","floor":10,"turns":4},{"damage":0,"enemies":"Menagerie:MaskedSummoner","floor":12,"turns":6}],"seed_played":"-8643747277835071688","potions_obtained":[{"floor":1,"key":"SteroidPotion"},{"floor":4,"key":"Dexterity Potion"}],"is_trial":false,"path_per_floor":["M","?","$","M","M","R","E","R","T","E","?","E"],"character_chosen":"HERMIT","items_purchased":["jedi:matchstick"],"campfire_rested":0,"item_purchase_floors":[3],"current_hp_per_floor":[75,75,75,73,72,72,67,67,67,67,67,67,67],"gold":149,"neow_bonus":"","is_daily":true,"chose_seed":false,"campfire_upgraded":2,"win_rate":0.0,"timestamp":1612506836,"path_taken":["M","?","?","M","?","R","E","R","T","E","?","E"],"items_purchased_type":["Relic"],"build_version":"2020-12-22","purchased_purges":0,"victory":false,"max_hp_per_floor":[75,75,75,75,75,75,75,75,75,75,75,75,75],"card_choices":[{"not_picked":["hermit:LowProfile","hermit:LuckOfTheDraw"],"picked":"hermit:Ricochet","floor":1},{"not_picked":["hermit:DeadMansHand","hermit:WideOpen"],"picked":"hermit:Headshot","floor":4},{"not_picked":["hermit:Quickdraw","hermit:Desperado"],"picked":"hermit:Brawl","floor":5},{"not_picked":["hermit:Dissolve","hermit:OverwhelmingPower"],"picked":"hermit:Gambit","floor":7},{"not_picked":["hermit:FatalDesire","hermit:Adapt"],"picked":"hermit:HighNoon","floor":10}],"player_experience":2066530,"relics_obtained":[{"floor":7,"key":"Bag of Marbles"},{"floor":9,"key":"Juzu Bracelet"},{"floor":10,"key":"reliquary:SharkskinSheath"}],"event_choices":[{"damage_healed":0,"gold_gain":0,"player_choice":"Rummage","damage_taken":0,"relics_obtained":["WarpedTongs"],"max_hp_gain":0,"max_hp_loss":0,"event_name":"Accursed Blacksmith","floor":11,"gold_loss":0,"cards_obtained":["Pain"]}],"is_beta":false,"boss_relics":[],"items_purged_floors":[],"is_endless":false,"potions_floor_spawned":[1,4],"killed_by":"Menagerie:MaskedSummoner","ascension_level":0}}