{"host":"twujlzkv4boo7vtu","time":1612488536,"event":{"mods":["AchievementEnabler","BaseMod","Hermit","Minty Spire (QoL Compilation)","Replay The Spire","StSLib"],"gold_per_floor":[118,132,149,161,173,173,193,193,193,207,232,251,326,346,346,448,448,463,311,328,25,25,63,63,96,96,96,36,36,36,56,56,165,165,177,0,15,31,50,50,75,75,123,149,161,198,233,262,274,286,286],"floor_reached":50,"language":"ENG","playtime":2974,"items_purged":[],"score":625,"play_id":"534987b3-0adb-4c45-931c-bcf7fa86b367","local_time":"20210204192856","is_ascension_mode":true,"campfire_choices":[{"data":"hermit:FromBeyond","floor":6.0,"key":"SMITH"},{"data":"hermit:Gestalt","floor":8.0,"key":"SMITH"},{"floor":15.0,"key":"REST"},{"data":"hermit:Determination","floor":24.0,"key":"SMITH"},{"floor":27.0,"key":"REST"},{"data":"hermit:Determination","floor":32.0,"key":"SMITH"},{"data":"Pot Of Greed","floor":40.0,"key":"SMITH"},{"data":"Pot Of Greed","floor":42.0,"key":"SMITH"},{"floor":49.0,"key":"REST"}],"circlet_count":0,"master_deck":["hermit:Defend_Hermit","hermit:Defend_Hermit","hermit:Defend_Hermit","hermit:Snapshot","hermit:Covet","hermit:FromBeyond+1","hermit:Scavenge","hermit:Virtue","hermit:Malice","hermit:Cheat","hermit:Gestalt+1","hermit:Desperado","hermit:Determination+1","hermit:Gambit","hermit:Determination+1","Pot Of Greed+1","Pot Of Greed+1","hermit:Gambit","hermit:Reprieve","Pain","ReplayTheSpireMod:Faulty Equipment","Pot Of Greed","hermit:Determination+1","hermit:Determination+1","hermit:GhostlyPresence+1","hermit:HeroicBravado","Jack Of All Trades","hermit:Determination","hermit:GhostlyPresence+1","hermit:GhostlyPresence+1"],"relics":["hermit:ClaspedLocket","Matryoshka","hermit:Horseshoe","Grinning Jar","Durian","Gremlin Horn","ReplayTheSpireMod:TigerMarble","Strawberry","Letter Opener","Nilry\u0027s Codex","Kintsugi","Red Mask","Replay:Kaleidoscope","Iron Hammer","hermit:RyeStalk","MawBank"],"acts_visited":["Exordium","TheCity","TheBeyond"],"potions_floor_usage":[],"damage_taken":[{"damage":1.0,"enemies":"Cultist","floor":1.0,"turns":4.0},{"damage":0.0,"enemies":"Small Slimes","floor":2.0,"turns":3.0},{"damage":0.0,"enemies":"2 Louse","floor":3.0,"turns":3.0},{"damage":0.0,"enemies":"Large Slime","floor":4.0,"turns":5.0},{"damage":14.0,"enemies":"3 Louse","floor":5.0,"turns":3.0},{"damage":13.0,"enemies":"Exordium Wildlife","floor":7.0,"turns":5.0},{"damage":2.0,"enemies":"2 Fungi Beasts","floor":10.0,"turns":3.0},{"damage":15.0,"enemies":"3 Sentries","floor":11.0,"turns":5.0},{"damage":6.0,"enemies":"Lots of Slimes","floor":12.0,"turns":4.0},{"damage":11.0,"enemies":"Looter","floor":14.0,"turns":3.0},{"damage":24.0,"enemies":"Fading Forest","floor":16.0,"turns":11.0},{"damage":12.0,"enemies":"Spheric Guardian","floor":18.0,"turns":5.0},{"damage":6.0,"enemies":"Chosen","floor":20.0,"turns":5.0},{"damage":16.0,"enemies":"Gremlin Leader","floor":23.0,"turns":7.0},{"damage":29.0,"enemies":"Book of Stabbing","floor":25.0,"turns":6.0},{"damage":0.0,"enemies":"Snake Plant","floor":31.0,"turns":1.0},{"damage":4.0,"enemies":"Automaton","floor":33.0,"turns":8.0},{"damage":7.0,"enemies":"Orb Walker","floor":35.0,"turns":4.0},{"damage":25.0,"enemies":"3 Darklings","floor":37.0,"turns":4.0},{"damage":15.0,"enemies":"Maw","floor":38.0,"turns":7.0},{"damage":31.0,"enemies":"Sphere and 2 Shapes","floor":39.0,"turns":6.0},{"damage":3.0,"enemies":"Giant Head","floor":41.0,"turns":6.0},{"damage":43.0,"enemies":"R_Hoarder","floor":44.0,"turns":8.0},{"damage":11.0,"enemies":"Spire Growth","floor":46.0,"turns":5.0},{"damage":5.0,"enemies":"3 Darklings","floor":47.0,"turns":6.0},{"damage":5.0,"enemies":"Writhing Mass","floor":48.0,"turns":6.0},{"damage":54,"enemies":"Donu and Deca","floor":50,"turns":4}],"seed_played":"-2788616010895569896","potions_obtained":[{"floor":1.0,"key":"Venom Potion"},{"floor":5.0,"key":"Weak Potion"},{"floor":7.0,"key":"BlessingOfTheForge"},{"floor":10.0,"key":"Energy Potion"},{"floor":11.0,"key":"Languid Potion"},{"floor":16.0,"key":"DuplicationPotion"},{"floor":23.0,"key":"SpeedPotion"},{"floor":25.0,"key":"ColorlessPotion"},{"floor":31.0,"key":"hermit:Tonic"},{"floor":33.0,"key":"PowerPotion"},{"floor":35.0,"key":"Reflective Coating"},{"floor":46.0,"key":"Fire Potion"},{"floor":47.0,"key":"SteroidPotion"}],"is_trial":false,"path_per_floor":["M","M","M","M","M","R","M","R","T","M","E","M","?","M","R","B",null,"M","$","M","$","?","E","R","E","T","R","?","?","?","M","R","B",null,"M","?","M","M","M","R","E","R","T","E","?","M","M","M","R","B"],"character_chosen":"HERMIT","items_purchased":["Grinning Jar","Durian"],"campfire_rested":3,"item_purchase_floors":[19,21],"current_hp_per_floor":[74,74,74,74,60,60,47,47,47,45,30,24,17,6,28,4,75,63,63,57,62,47,31,31,2,9,36,36,20,20,20,20,16,92,85,85,74,66,41,41,47,47,47,15,15,12,15,16,43,0,0],"gold":286,"neow_bonus":"ONE_RANDOM_RARE_CARD","is_daily":false,"chose_seed":false,"campfire_upgraded":6,"win_rate":0.0,"timestamp":1612488536,"path_taken":["M","M","M","M","?","R","M","R","T","M","E","M","?","?","R","BOSS","M","$","?","$","?","E","R","E","T","R","?","?","?","?","R","BOSS","M","?","M","M","M","R","E","R","T","E","?","M","M","?","R","BOSS"],"items_purchased_type":["Relic","Relic"],"build_version":"2020-12-22","purchased_purges":0,"victory":false,"max_hp_per_floor":[75,75,75,75,75,75,75,75,75,75,75,75,75,75,75,75,75,75,75,75,80,85,85,85,85,92,92,92,92,92,92,92,92,92,92,92,92,92,92,92,92,92,92,92,92,92,92,92,92,92,92],"card_choices":[{"not_picked":["hermit:HighCaliber","hermit:TrackingShot"],"picked":"hermit:Scavenge","floor":1.0},{"not_picked":["hermit:Snipe","hermit:Glare"],"picked":"hermit:Virtue","floor":2.0},{"not_picked":["hermit:Roulette","hermit:NoHoldsBarred"],"picked":"hermit:Malice","floor":3.0},{"not_picked":["hermit:Virtue","hermit:WideOpen"],"picked":"hermit:Cheat","floor":4.0},{"not_picked":["hermit:Desperado","hermit:SprayPray"],"picked":"hermit:Gestalt","floor":5.0},{"not_picked":["hermit:BodyArmor","hermit:HoleUp"],"picked":"hermit:Desperado","floor":7.0},{"not_picked":["hermit:ItchyTrigger","hermit:Snipe"],"picked":"hermit:Determination","floor":10.0},{"not_picked":["hermit:Dive","hermit:OverwhelmingPower","hermit:LowProfile"],"picked":"SKIP","floor":11.0},{"not_picked":["hermit:Headshot","hermit:Dive","hermit:TrackingShot"],"picked":"SKIP","floor":12.0},{"not_picked":["hermit:BigShot","hermit:Snipe","hermit:Brawl"],"picked":"SKIP","floor":14.0},{"not_picked":["hermit:HighNoon","hermit:FatalDesire"],"picked":"hermit:Gambit","floor":16.0},{"not_picked":["hermit:Dive","hermit:DeadMansHand+1"],"picked":"hermit:Determination","floor":18.0},{"not_picked":["hermit:Midnight","hermit:ItchyTrigger","hermit:Snipe"],"picked":"SKIP","floor":20.0},{"not_picked":["hermit:Dive","hermit:Misfire"],"picked":"hermit:Gambit","floor":23.0},{"not_picked":["hermit:Cheat","hermit:Dive","hermit:Misfire"],"picked":"SKIP","floor":25.0},{"not_picked":["hermit:Headshot","hermit:Dive+1","hermit:DeadMansHand"],"picked":"SKIP","floor":31.0},{"not_picked":["hermit:RoundhouseKick","hermit:Adapt"],"picked":"hermit:Reprieve","floor":33.0},{"not_picked":["hermit:BodyArmor","hermit:PistolWhip+1"],"picked":"hermit:Determination+1","floor":35.0},{"not_picked":["hermit:SprayPray","hermit:Roulette"],"picked":"hermit:Determination+1","floor":37.0},{"not_picked":["hermit:Malice","hermit:Manifest+1","hermit:WideOpen"],"picked":"SKIP","floor":38.0},{"not_picked":["hermit:Malice+1","hermit:CalledShot","hermit:LowProfile+1"],"picked":"SKIP","floor":39.0},{"not_picked":["hermit:GoldenBullet+1","hermit:WideOpen"],"picked":"hermit:GhostlyPresence+1","floor":41.0},{"not_picked":["hermit:Horror+1","hermit:Snipe+1","hermit:Roulette"],"picked":"SKIP","floor":44.0},{"not_picked":["hermit:DeadMansHand","hermit:DeadOrAlive"],"picked":"hermit:Determination","floor":46.0},{"not_picked":["hermit:TakeCover+1","hermit:Snipe"],"picked":"hermit:GhostlyPresence+1","floor":47.0},{"not_picked":["hermit:Feint","hermit:Roulette"],"picked":"hermit:GhostlyPresence+1","floor":48.0}],"player_experience":5953,"relics_obtained":[{"floor":9.0,"key":"Matryoshka"},{"floor":11.0,"key":"hermit:Horseshoe"},{"floor":23.0,"key":"Gremlin Horn"},{"floor":25.0,"key":"ReplayTheSpireMod:TigerMarble"},{"floor":26.0,"key":"Strawberry"},{"floor":26.0,"key":"Letter Opener"},{"floor":29.0,"key":"Nilry\u0027s Codex"},{"floor":41.0,"key":"Replay:Kaleidoscope"},{"floor":43.0,"key":"Iron Hammer"},{"floor":43.0,"key":"hermit:RyeStalk"},{"floor":44.0,"key":"MawBank"}],"event_choices":[{"damage_healed":0.0,"max_hp_gain":0.0,"max_hp_loss":0.0,"gold_gain":75.0,"event_name":"FaceTrader","player_choice":"Touch","floor":13.0,"gold_loss":0.0,"damage_taken":7.0},{"damage_healed":0.0,"max_hp_gain":5.0,"max_hp_loss":0.0,"gold_gain":0.0,"event_name":"Forgotten Altar","player_choice":"Shed Blood","floor":22.0,"gold_loss":0.0,"damage_taken":20.0},{"damage_healed":0.0,"max_hp_gain":0.0,"max_hp_loss":0.0,"gold_gain":0.0,"event_name":"Cursed Tome","player_choice":"Obtained Book","floor":29.0,"gold_loss":0.0,"damage_taken":16.0},{"damage_healed":0.0,"max_hp_gain":0.0,"max_hp_loss":0.0,"gold_gain":0.0,"event_name":"Ghosts","player_choice":"Ignored","floor":30.0,"gold_loss":0.0,"damage_taken":0.0},{"damage_healed":0.0,"max_hp_gain":0.0,"max_hp_loss":0.0,"gold_gain":0.0,"event_name":"Tomb of Lord Red Mask","player_choice":"Paid","floor":36.0,"gold_loss":177.0,"damage_taken":0.0,"relics_obtained":["Red Mask"]},{"damage_healed":0.0,"max_hp_gain":0.0,"max_hp_loss":0.0,"gold_gain":0.0,"event_name":"Match and Keep!","player_choice":"2 cards matched","floor":45.0,"gold_loss":0.0,"damage_taken":0.0,"cards_obtained":["hermit:HeroicBravado","Jack Of All Trades"]}],"is_beta":false,"boss_relics":[{"not_picked":["Ectoplasm","Sozu"],"picked":"hermit:ClaspedLocket"},{"not_picked":["Ring of Chaos","Coffee Dripper"],"picked":"Kintsugi"}],"items_purged_floors":[],"is_endless":false,"potions_floor_spawned":[1,5,7,10,11,16,23,25,31,33,35,46,47],"killed_by":"Donu and Deca","ascension_level":1}}