{"host":"zsnmfqgcm92hlreo","time":1612512168,"event":{"mods":["AchievementEnabler","BaseMod","Bestiary","Block Reminder","Colored Map","Colored Powertips","Minty Spire (QoL Compilation)","Permanent Neow","Quick Restart","Relic Stats","StSLib","Weighted Paths"],"gold_per_floor":[117,137,137,212,225,225,260,164,164,187,187,187],"floor_reached":11,"language":"ENG","playtime":211,"items_purged":[],"score":146,"play_id":"7b1ae4d6-249f-4fd1-96b2-70744029af1b","local_time":"20210205020248","is_ascension_mode":true,"campfire_choices":[{"data":"Bash","floor":6.0,"key":"SMITH"}],"circlet_count":0,"master_deck":["AscendersBane","Strike_R","Strike_R","Strike_R","Strike_R","Strike_R","Defend_R","Defend_R","Defend_R","Defend_R","Bash+1","Twin Strike","Pommel Strike","Feel No Pain","Inflame","Ghostly Armor","Perfected Strike"],"relics":["Philosopher\u0027s Stone","Golden Idol","InkBottle","Regal Pillow"],"acts_visited":["Exordium"],"potions_floor_usage":[11],"damage_taken":[{"damage":8.0,"enemies":"Jaw Worm","floor":1.0,"turns":2.0},{"damage":0.0,"enemies":"Small Slimes","floor":2.0,"turns":2.0},{"damage":0.0,"enemies":"Cultist","floor":5.0,"turns":3.0},{"damage":34.0,"enemies":"Gremlin Nob","floor":7.0,"turns":4.0},{"damage":5.0,"enemies":"2 Fungi Beasts","floor":10.0,"turns":3.0},{"damage":17,"enemies":"3 Sentries","floor":11,"turns":2}],"seed_played":"-8091413968803145731","potions_obtained":[{"floor":10.0,"key":"Fruit Juice"}],"is_trial":false,"path_per_floor":["M","M","?","?","M","R","E","$","T","M","E"],"character_chosen":"IRONCLAD","items_purchased":["Ghostly Armor","Explosive Potion"],"campfire_rested":0,"item_purchase_floors":[8,8],"current_hp_per_floor":[60,60,60,49,49,49,15,15,15,15,0,0],"gold":187,"neow_bonus":"BOSS_RELIC","is_daily":false,"chose_seed":false,"campfire_upgraded":1,"win_rate":0.0,"timestamp":1612512168,"path_taken":["M","M","?","?","M","R","E","$","T","M","E"],"items_purchased_type":["Card","Potion"],"build_version":"2020-12-22","purchased_purges":0,"victory":false,"max_hp_per_floor":[75,75,68,68,68,68,68,68,68,73,73,73],"relic_stats":{"Regal Pillow":0,"counters":[6,16],"Golden Idol":15,"obtain_stats":[{"Regal Pillow":9,"Golden Idol":3,"Philosopher\u0027s Stone":0,"Burning Blood":0,"InkBottle":7},{"Regal Pillow":4,"Golden Idol":2,"Philosopher\u0027s Stone":0,"Burning Blood":0,"InkBottle":4},{"Regal Pillow":11,"Golden Idol":4,"Philosopher\u0027s Stone":0,"Burning Blood":0,"InkBottle":11}],"InkBottle":[1]},"card_choices":[{"not_picked":["True Grit","Carnage"],"picked":"Twin Strike","floor":1.0},{"not_picked":["Pummel","Combust"],"picked":"Pommel Strike","floor":2.0},{"not_picked":["Bloodletting","Cleave"],"picked":"Feel No Pain","floor":5.0},{"not_picked":["Dropkick","Body Slam"],"picked":"Inflame","floor":7.0},{"not_picked":["Cleave","Anger"],"picked":"Perfected Strike","floor":10.0}],"player_experience":1023525,"relics_obtained":[{"floor":7.0,"key":"InkBottle"},{"floor":9.0,"key":"Regal Pillow"}],"event_choices":[{"damage_healed":0.0,"max_hp_gain":0.0,"max_hp_loss":7.0,"gold_gain":0.0,"event_name":"Golden Idol","player_choice":"Lose Max HP","floor":3.0,"gold_loss":0.0,"damage_taken":0.0,"relics_obtained":["Golden Idol"]},{"damage_healed":0.0,"max_hp_gain":0.0,"max_hp_loss":0.0,"gold_gain":75.0,"event_name":"World of Goop","player_choice":"Gather Gold","floor":4.0,"gold_loss":0.0,"damage_taken":11.0}],"is_beta":false,"boss_relics":[],"items_purged_floors":[],"is_endless":false,"potions_floor_spawned":[10],"killed_by":"3 Sentries","ascension_level":20}}