{"host":"t7mx8yfj1no5p62f","time":1612550622,"event":{"mods":["BaseMod","Colored Map","Colored Powertips","Curses Come First","Minty Spire (QoL Compilation)","Relic Stats","StSLib"],"gold_per_floor":[110,126,139,151,151,151,171,202,202,202,233,243,253,7,7,81,81,94,19,37,67,87,87,116,132,132,132,132],"floor_reached":27,"language":"ENG","playtime":1333,"items_purged":["Defend_R"],"score":594,"play_id":"392faebb-5803-461c-b174-2ad0225de56f","local_time":"20210205134342","is_ascension_mode":true,"campfire_choices":[{"data":"Anger","floor":6.0,"key":"SMITH"},{"data":"Whirlwind","floor":10.0,"key":"SMITH"},{"data":"Armaments","floor":15,"key":"SMITH"},{"data":"Immolate","floor":23,"key":"SMITH"}],"circlet_count":0,"master_deck":["AscendersBane","Strike_R","Strike_R","Strike_R","Strike_R+1","Strike_R","Defend_R","Defend_R","Bash","Armaments+1","Wild Strike+1","Anger+1","Thunderclap+1","Infernal Blade","Whirlwind+1","Sever Soul","Evolve","Immolate+1","Second Wind","True Grit","Feed"],"relics":["Burning Blood","NeowsBlessing","Lantern","Meat on the Bone","StrikeDummy","Brimstone","Mark of Pain","Red Mask","Whetstone","Self Forming Clay"],"acts_visited":["Exordium","TheCity"],"potions_floor_usage":[22],"damage_taken":[{"damage":0.0,"enemies":"Small Slimes","floor":1.0,"turns":1.0},{"damage":0.0,"enemies":"Cultist","floor":2.0,"turns":1.0},{"damage":0.0,"enemies":"2 Louse","floor":3.0,"turns":1.0},{"damage":11.0,"enemies":"Blue Slaver","floor":4.0,"turns":5.0},{"damage":10.0,"enemies":"Red Slaver","floor":7.0,"turns":3.0},{"damage":55.0,"enemies":"3 Sentries","floor":8.0,"turns":9.0},{"damage":26.0,"enemies":"Lagavulin","floor":11.0,"turns":8.0},{"damage":0.0,"enemies":"3 Louse","floor":12.0,"turns":1.0},{"damage":13,"enemies":"Blue Slaver","floor":13,"turns":3},{"damage":0,"enemies":"Slime Boss","floor":16,"turns":5},{"damage":0,"enemies":"Chosen","floor":18,"turns":3},{"damage":27,"enemies":"2 Thieves","floor":20,"turns":3},{"damage":15,"enemies":"Masked Bandits","floor":21,"turns":3},{"damage":7,"enemies":"Centurion and Healer","floor":22,"turns":4},{"damage":32,"enemies":"Book of Stabbing","floor":24,"turns":3},{"damage":28,"enemies":"Snecko","floor":25,"turns":4},{"damage":23,"enemies":"Gremlin Leader","floor":27,"turns":3}],"seed_played":"-5757553932121991412","potions_obtained":[{"floor":4.0,"key":"SmokeBomb"},{"floor":7.0,"key":"BloodPotion"},{"floor":8.0,"key":"Weak Potion"},{"floor":12,"key":"ElixirPotion"},{"floor":20,"key":"Block Potion"}],"is_trial":false,"path_per_floor":["M","M","M","M","?","R","M","E","T","R","E","M","M","$","R","B",null,"M","?","M","?","M","R","E","M","T","E"],"character_chosen":"IRONCLAD","items_purchased":["Brimstone"],"campfire_rested":0,"item_purchase_floors":[14],"current_hp_per_floor":[74,75,75,70,70,70,66,17,17,17,24,42,47,47,47,53,70,75,75,54,45,44,44,30,20,20,0,0],"gold":132,"neow_bonus":"THREE_ENEMY_KILL","is_daily":false,"chose_seed":false,"campfire_upgraded":4,"win_rate":0.0,"timestamp":1612550622,"path_taken":["M","M","M","M","?","R","?","E","T","R","E","M","M","$","R","BOSS","M","?","M","?","M","R","E","M","T","E"],"items_purchased_type":["Relic"],"build_version":"2020-12-22","purchased_purges":1,"victory":false,"max_hp_per_floor":[75,75,75,75,75,75,75,75,75,75,75,75,75,75,75,75,75,75,75,75,75,75,75,75,75,75,75,75],"relic_stats":{"counters":[17,60],"Self Forming Clay":[9],"Whetstone":["Strike_R","Thunderclap"],"obtain_stats":[{"Lantern":8,"NeowsBlessing":0,"Brimstone":14,"Self Forming Clay":26,"Mark of Pain":17,"Red Mask":21,"Whetstone":24,"StrikeDummy":11,"Burning Blood":0,"Meat on the Bone":9},{"Lantern":6,"NeowsBlessing":0,"Brimstone":9,"Self Forming Clay":16,"Mark of Pain":10,"Red Mask":13,"Whetstone":15,"StrikeDummy":7,"Burning Blood":0,"Meat on the Bone":6},{"Lantern":20,"NeowsBlessing":0,"Brimstone":32,"Self Forming Clay":57,"Mark of Pain":37,"Red Mask":46,"Whetstone":53,"StrikeDummy":28,"Burning Blood":0,"Meat on the Bone":20}],"Burning Blood":84,"Meat on the Bone":60},"card_choices":[{"not_picked":["Clash","Body Slam"],"picked":"Armaments","floor":1.0},{"not_picked":["Armaments","Havoc"],"picked":"Wild Strike","floor":2.0},{"not_picked":["Thunderclap","Warcry"],"picked":"Anger","floor":3.0},{"not_picked":["Bloodletting","Clash"],"picked":"Thunderclap","floor":4.0},{"not_picked":["Anger","Wild Strike"],"picked":"Infernal Blade","floor":7.0},{"not_picked":["Clash","Havoc"],"picked":"Whirlwind","floor":8.0},{"not_picked":["Thunderclap","Seeing Red"],"picked":"Sever Soul","floor":11.0},{"not_picked":["Shrug It Off","Iron Wave"],"picked":"Evolve","floor":12},{"not_picked":["Thunderclap","Bloodletting","Anger"],"picked":"SKIP","floor":13},{"not_picked":["Bludgeon","Juggernaut"],"picked":"Immolate","floor":16},{"not_picked":["Shrug It Off","Sword Boomerang"],"picked":"Second Wind","floor":18},{"not_picked":["Warcry","Carnage","Iron Wave"],"picked":"SKIP","floor":20},{"not_picked":["Seeing Red","Cleave"],"picked":"True Grit","floor":21},{"not_picked":["Combust","Anger","Whirlwind"],"picked":"SKIP","floor":22},{"not_picked":["Uppercut","Clothesline"],"picked":"Feed","floor":24},{"not_picked":["Armaments","Clash","Headbutt"],"picked":"SKIP","floor":25}],"player_experience":1938312,"relics_obtained":[{"floor":8.0,"key":"Lantern"},{"floor":9.0,"key":"Meat on the Bone"},{"floor":11.0,"key":"StrikeDummy"},{"floor":21,"key":"Red Mask"},{"floor":24,"key":"Whetstone"},{"floor":26,"key":"Self Forming Clay"}],"event_choices":[{"damage_healed":0.0,"max_hp_gain":0.0,"max_hp_loss":0.0,"gold_gain":0.0,"event_name":"Upgrade Shrine","player_choice":"Upgraded","floor":5.0,"gold_loss":0.0,"damage_taken":0.0,"cards_upgraded":["Wild Strike"]},{"cards_removed":["Defend_R"],"damage_healed":0,"gold_gain":0,"player_choice":"Gave Gold","damage_taken":0,"max_hp_gain":0,"max_hp_loss":0,"event_name":"Beggar","floor":19,"gold_loss":75},{"damage_healed":0,"gold_gain":0,"player_choice":"Fought Bandits","damage_taken":0,"max_hp_gain":0,"max_hp_loss":0,"event_name":"Masked Bandits","floor":21,"gold_loss":0}],"is_beta":false,"boss_relics":[{"not_picked":["Fusion Hammer","Astrolabe"],"picked":"Mark of Pain"}],"items_purged_floors":[14],"is_endless":false,"potions_floor_spawned":[4,7,8,12,20],"killed_by":"Gremlin Leader","ascension_level":20}}