{"host":"d76q0rb9a0s9bgr5","time":1612552116,"event":{"mods":["BaseMod","Downfall","Hubris","Minty Spire (QoL Compilation)","StSLib"],"gold_per_floor":[99,111,128,143,143,143,195,206,206,206,206,223,373,387,405,505,505,505,525,543,543,558,574,600,600,600,613,613,271,271,671,681,681,681,681],"floor_reached":33,"language":"ENG","playtime":2046,"items_purged":["Pride"],"score":291,"play_id":"1a7c3c92-4cb4-4fcf-b687-7f36fe64c8fb","local_time":"20210205200836","is_ascension_mode":false,"campfire_choices":[{"data":"bronze:Goto","floor":1,"key":"SMITH"},{"data":"bronze:GetLatest","floor":9,"key":"SMITH"},{"data":"bronze:WhirlingStrike","floor":11,"key":"SMITH"},{"data":"bronze:Format","floor":18,"key":"SMITH"},{"data":"bronze:FineTuning","floor":28,"key":"SMITH"},{"data":"bronze:ChildClass","floor":30,"key":"SMITH"}],"circlet_count":0,"master_deck":["bronze:Strike","bronze:Strike","bronze:Strike","bronze:Strike","bronze:Defend","bronze:Defend+1","bronze:Defend","bronze:Defend+1","bronze:Replicate+1","bronze:Goto+1","bronze:GetLatest+1","bronze:Branch","bronze:WhirlingStrike+1","bronze:ChildClass+1","bronze:Format+1","bronze:FineTuning+1","bronze:DelayedSlice+1","Spot Weakness"],"relics":["bronze:BronzeCore","Velvet Choker","Nloth\u0027s Gift","Strawberry","Bag of Preparation","Toxic Egg 2","Old Coin","Sundial"],"acts_visited":["Exordium","TheCity"],"potions_floor_usage":[33,33,33],"damage_taken":[{"damage":0,"enemies":"Cultist","floor":2,"turns":4},{"damage":2,"enemies":"Small Slimes","floor":3,"turns":4},{"damage":0,"enemies":"Jaw Worm","floor":4,"turns":3},{"damage":13,"enemies":"Lots of Slimes","floor":8,"turns":2},{"damage":3,"enemies":"Exordium Wildlife","floor":12,"turns":2},{"damage":0,"enemies":"Large Slime","floor":14,"turns":2},{"damage":12,"enemies":"Exordium Thugs","floor":15,"turns":2},{"damage":0,"enemies":"SI_SHIV_ARCHETYPE","floor":16,"turns":5},{"damage":0,"enemies":"Spheric Guardian","floor":19,"turns":3},{"damage":0,"enemies":"Shell Parasite","floor":20,"turns":4},{"damage":0,"enemies":"Snecko","floor":22,"turns":5},{"damage":10,"enemies":"Centurion and Healer","floor":23,"turns":5},{"damage":0,"enemies":"Cultist and Chosen","floor":27,"turns":4},{"damage":2,"enemies":"downfall:FleeingMerchant","floor":29,"turns":4},{"damage":3,"enemies":"WA_ARCHETYPE_RETAIN","floor":31,"turns":4},{"damage":33,"enemies":"Shelled Parasite and Fungi","floor":32,"turns":4},{"damage":46,"enemies":"IC_MUSHROOM_ARCHETYPE","floor":33,"turns":4}],"seed_played":"-7800160767601617983","potions_obtained":[{"floor":12,"key":"SteroidPotion"},{"floor":14,"key":"Slimebound:ThreeZeroPotion"},{"floor":15,"key":"SkillPotion"},{"floor":23,"key":"ColorlessPotion"}],"is_trial":false,"path_per_floor":["R","M","M","M","?","?","T","M","R","T","R","M","?","M","M","B",null,"R","M","M","?","M","M","T","?","?","M","R","$","R","?","M","B"],"character_chosen":"THE_AUTOMATON","items_purchased":["Toxic Egg 2"],"campfire_rested":0,"item_purchase_floors":[29],"current_hp_per_floor":[77,77,75,75,75,75,75,62,62,62,62,59,59,59,47,47,77,77,77,77,77,77,67,74,74,74,74,74,72,72,69,36,0,0,0],"gold":681,"neow_bonus":"TEN_PERCENT_HP_BONUS","is_daily":false,"chose_seed":false,"campfire_upgraded":6,"win_rate":0.0,"timestamp":1612552116,"path_taken":["R","M","M","?","?","?","T","?","R","?","R","M","?","?","M","BOSS","R","M","?","?","?","M","T","?","?","M","R","$","R","?","M","BOSS"],"items_purchased_type":["Relic"],"build_version":"2020-12-22","purchased_purges":1,"victory":false,"max_hp_per_floor":[77,77,77,77,77,77,77,77,77,77,77,77,77,77,77,77,77,77,77,77,77,77,77,84,84,84,84,84,84,84,84,84,84,84,84],"card_choices":[{"not_picked":["bronze:BitShift","bronze:WildBeam"],"picked":"bronze:GetLatest","floor":2},{"not_picked":["bronze:Frontload","bronze:ItsAFeature"],"picked":"bronze:Branch","floor":3},{"not_picked":["bronze:BugBarrage","bronze:WildBeam"],"picked":"bronze:WhirlingStrike","floor":4},{"not_picked":["bronze:DelayedGuard","bronze:WhirlingStrike","bronze:Shield"],"picked":"SKIP","floor":8},{"not_picked":["bronze:Overheat","bronze:Invalidate"],"picked":"bronze:ChildClass","floor":12},{"not_picked":["bronze:DelayedSlice","bronze:CutThrough","bronze:Turbo"],"picked":"SKIP","floor":14},{"not_picked":["bronze:Safeguard","bronze:BitShift","bronze:CloningBeam"],"picked":"SKIP","floor":15},{"not_picked":["bronze:Break","bronze:BurnOut"],"picked":"bronze:Format","floor":16},{"not_picked":["bronze:Branch","bronze:Turbo","bronze:Iterate+1"],"picked":"SKIP","floor":19},{"not_picked":["bronze:DelayedGuard","bronze:WhirlingStrike"],"picked":"bronze:FineTuning","floor":20},{"not_picked":["bronze:Break","bronze:Invalidate"],"picked":"bronze:DelayedSlice+1","floor":22},{"not_picked":["bronze:Iterate","bronze:BitShift+1","bronze:Shield"],"picked":"SKIP","floor":23},{"not_picked":["bronze:Fortify","bronze:DarkDash","bronze:ClassDefault"],"picked":"SKIP","floor":27},{"not_picked":["bronze:Return","bronze:GetLatest","bronze:Backtrace"],"picked":"SKIP","floor":29},{"not_picked":["bronze:BronzeOrb","bronze:BronzeArmor+1","bronze:Turbo+1"],"picked":"SKIP","floor":32}],"player_experience":104881,"relics_obtained":[{"floor":7,"key":"War Paint"},{"floor":10,"key":"bronze:CableSpool"},{"floor":24,"key":"Strawberry"},{"floor":31,"key":"Old Coin"},{"floor":31,"key":"Sundial"}],"event_choices":[{"damage_healed":0,"gold_gain":0,"player_choice":"Read","damage_taken":0,"max_hp_gain":0,"max_hp_loss":0,"event_name":"The Library","floor":25,"gold_loss":0,"cards_obtained":["Spot Weakness"]},{"damage_healed":0,"gold_gain":0,"player_choice":"Stole Relic","damage_taken":0,"relics_obtained":["Bag of Preparation"],"max_hp_gain":0,"max_hp_loss":0,"event_name":"Addict","floor":26,"gold_loss":0,"cards_obtained":["Pride"]}],"is_beta":false,"boss_relics":[{"not_picked":["Philosopher\u0027s Stone","hubris:BlackHole"],"picked":"Velvet Choker"}],"items_purged_floors":[29],"is_endless":false,"potions_floor_spawned":[12,14,15,22,23,31,32],"killed_by":"IC_MUSHROOM_ARCHETYPE","ascension_level":0}}