{"host":"sav7uxregyirlf69","time":1612540171,"event":{"mods":["AchievementEnabler","BaseMod","Colored Map","DeckTracker","Keyboard Shortcuts","Minty Spire (QoL Compilation)","READ ME - Guardian Mod","StSLib","SuperFastMode"],"gold_per_floor":[118,35,35,54,64,64,64,89,89,103,103,113,124,142,142,220,220,234,73,91,91,91,91,106,106,106],"floor_reached":25,"language":"KOR","playtime":445,"items_purged":["Strike_G"],"score":410,"play_id":"c5d5883a-19c0-43e7-9ceb-d2d6fac853d3","local_time":"20210206004931","is_ascension_mode":true,"campfire_choices":[{"data":"Glass Knife","floor":6.0,"key":"SMITH"},{"data":"Dagger Spray","floor":15.0,"key":"SMITH"},{"data":"Tactician","floor":23,"key":"SMITH"}],"circlet_count":0,"master_deck":["AscendersBane","Strike_G","Strike_G","Strike_G","Defend_G","Defend_G","Defend_G","Defend_G","Defend_G","Survivor","Neutralize","Dash","Tactician+1","Glass Knife+1","Noxious Fumes","Dagger Spray+1","Blade Dance","Choke","Backflip","Die Die Die","Escape Plan","Dagger Throw","Writhe","Acrobatics"],"relics":["Ring of the Snake","NeowsBlessing","Pantograph","Ninja Scroll","SacredBark","FossilizedHelix"],"acts_visited":["Exordium","TheCity"],"potions_floor_usage":[25],"damage_taken":[{"damage":0.0,"enemies":"Jaw Worm","floor":1.0,"turns":1.0},{"damage":0.0,"enemies":"Cultist","floor":4.0,"turns":1.0},{"damage":0.0,"enemies":"Small Slimes","floor":5.0,"turns":1.0},{"damage":20.0,"enemies":"3 Sentries","floor":8.0,"turns":7.0},{"damage":0.0,"enemies":"Looter","floor":10.0,"turns":2.0},{"damage":9.0,"enemies":"Red Slaver","floor":12.0,"turns":4.0},{"damage":0.0,"enemies":"Exordium Wildlife","floor":13.0,"turns":2.0},{"damage":0.0,"enemies":"Large Slime","floor":14.0,"turns":4.0},{"damage":16.0,"enemies":"Slime Boss","floor":16.0,"turns":8.0},{"damage":26.0,"enemies":"Shell Parasite","floor":18.0,"turns":3.0},{"damage":12,"enemies":"2 Thieves","floor":20,"turns":4},{"damage":11,"enemies":"Centurion and Healer","floor":24,"turns":9},{"damage":103,"enemies":"Book of Stabbing","floor":25,"turns":7}],"seed_played":"8964804201686379124","potions_obtained":[{"floor":1.0,"key":"Poison Potion"},{"floor":5.0,"key":"LiquidBronze"},{"floor":12.0,"key":"BlessingOfTheForge"},{"floor":13.0,"key":"FairyPotion"}],"is_trial":false,"path_per_floor":["M","$","?","M","M","R","?","E","T","M","?","M","M","M","R","B",null,"M","$","M","T","?","R","M","E"],"character_chosen":"THE_SILENT","items_purchased":["Tactician","Regen Potion"],"campfire_rested":0,"item_purchase_floors":[2,19],"current_hp_per_floor":[59,59,59,59,59,59,59,39,39,39,39,30,30,30,30,39,59,33,33,21,21,21,21,10,0,0],"gold":106,"neow_bonus":"THREE_ENEMY_KILL","is_daily":false,"chose_seed":false,"campfire_upgraded":3,"win_rate":0.0,"timestamp":1612540171,"path_taken":["M","$","?","?","M","R","?","E","T","M","?","M","M","M","R","BOSS","M","$","M","?","?","R","M","E"],"items_purchased_type":["Card","Potion"],"build_version":"2020-12-22","purchased_purges":1,"victory":false,"max_hp_per_floor":[66,66,66,66,66,66,66,66,66,66,66,66,66,66,66,66,66,66,66,66,66,66,66,66,66,66],"card_choices":[{"not_picked":["Reflex","Prepared"],"picked":"Dash","floor":1.0},{"not_picked":["Noxious Fumes","Concentrate","Flechettes"],"picked":"SKIP","floor":4.0},{"not_picked":["Venomology","Dagger Throw"],"picked":"Dagger Spray","floor":8.0},{"not_picked":["Acrobatics","Deadly Poison"],"picked":"Blade Dance","floor":10.0},{"not_picked":["Flechettes","Dodge and Roll","Flying Knee"],"picked":"SKIP","floor":12.0},{"not_picked":["Underhanded Strike","Dodge and Roll"],"picked":"Backflip","floor":13.0},{"not_picked":["Deflect","Backflip","Cloak And Dagger"],"picked":"SKIP","floor":14.0},{"not_picked":["Doppelganger","Bullet Time"],"picked":"Die Die Die","floor":16.0},{"not_picked":["Dagger Spray","Eviscerate+1"],"picked":"Escape Plan","floor":18.0},{"not_picked":["Flechettes","Cloak And Dagger"],"picked":"Dagger Throw","floor":20},{"not_picked":["Escape Plan","Dagger Spray+1"],"picked":"Acrobatics","floor":24}],"player_experience":1499716,"relics_obtained":[{"floor":8.0,"key":"Pantograph"},{"floor":9.0,"key":"Ninja Scroll"}],"event_choices":[{"damage_healed":0.0,"max_hp_gain":0.0,"max_hp_loss":0.0,"gold_gain":0.0,"event_name":"Match and Keep!","player_choice":"2 cards matched","floor":3.0,"gold_loss":0.0,"damage_taken":0.0,"cards_obtained":["Glass Knife","Noxious Fumes"]},{"damage_healed":0.0,"max_hp_gain":0.0,"max_hp_loss":0.0,"gold_gain":0.0,"event_name":"Dead Adventurer","player_choice":"Searched \u00270\u0027 times","floor":7.0,"gold_loss":0.0,"damage_taken":0.0},{"damage_healed":0.0,"max_hp_gain":0.0,"max_hp_loss":0.0,"gold_gain":0.0,"cards_transformed":["Strike_G"],"event_name":"Transmorgrifier","player_choice":"Transformed","floor":11.0,"gold_loss":0.0,"damage_taken":0.0,"cards_obtained":["Choke"]},{"damage_healed":0,"gold_gain":0,"player_choice":"Opened","damage_taken":0,"relics_obtained":["FossilizedHelix"],"max_hp_gain":0,"max_hp_loss":0,"event_name":"The Mausoleum","floor":22,"gold_loss":0,"cards_obtained":["Writhe"]}],"is_beta":false,"boss_relics":[{"not_picked":["Snecko Eye","Busted Crown"],"picked":"SacredBark"}],"items_purged_floors":[19],"is_endless":false,"potions_floor_spawned":[1,5,12,13,14,20,24],"killed_by":"Book of Stabbing","ascension_level":20}}