{"host":"qxeepl7ydvsgmfdb","time":1612506065,"event":{"mods":["AchievementEnabler","BaseMod","Colored Powertips","Minty Spire (QoL Compilation)","Quick Restart","slay the spire mod where everything is the same but ironclad has a cowboy hat"],"gold_per_floor":[118,118,118,68,68,68,93,93,93,129,107,145,169,190,190,310,310,328,38,62,80,179,217,217,217,244,97,97,114,114,114,114,114,114],"floor_reached":33,"language":"ENG","playtime":813,"items_purged":[],"score":355,"play_id":"10bf3c65-6ff0-4a49-b063-29eda96dc76d","local_time":"20210205012105","is_ascension_mode":true,"campfire_choices":[{"data":"Zap","floor":6.0,"key":"SMITH"},{"data":"Dualcast","floor":8.0,"key":"SMITH"},{"floor":15.0,"key":"REST"},{"floor":24,"key":"REST"},{"floor":30,"key":"REST"},{"data":"Redo","floor":32,"key":"SMITH"}],"circlet_count":0,"master_deck":["Strike_B","Strike_B","Defend_B","Defend_B","Defend_B","Defend_B","Zap+1","Dualcast+1","Sweeping Beam","Leap","Cold Snap","Ball Lightning","Ball Lightning","Cold Snap","Redo+1","Melter","Zap+1"],"relics":["Cracked Core","NeowsBlessing","Bloody Idol","Letter Opener","MealTicket","Shuriken","WingedGreaves","Unceasing Top","MutagenicStrength","Tiny Chest","Bronze Scales"],"acts_visited":["Exordium","TheCity"],"potions_floor_usage":[23,23,33,33],"damage_taken":[{"damage":0.0,"enemies":"2 Louse","floor":1.0,"turns":1.0},{"damage":0.0,"enemies":"Small Slimes","floor":7.0,"turns":1.0},{"damage":0.0,"enemies":"Lagavulin","floor":10.0,"turns":1.0},{"damage":28.0,"enemies":"Gremlin Nob","floor":12.0,"turns":4.0},{"damage":5.0,"enemies":"Jaw Worm","floor":13.0,"turns":2.0},{"damage":6.0,"enemies":"Gremlin Gang","floor":14.0,"turns":3.0},{"damage":2.0,"enemies":"Slime Boss","floor":16.0,"turns":7.0},{"damage":17.0,"enemies":"Shell Parasite","floor":18.0,"turns":6.0},{"damage":4.0,"enemies":"Spheric Guardian","floor":20.0,"turns":3.0},{"damage":17.0,"enemies":"Centurion and Healer","floor":21.0,"turns":7.0},{"damage":32,"enemies":"Slavers","floor":23,"turns":6},{"damage":24,"enemies":"3 Cultists","floor":29,"turns":4},{"damage":88,"enemies":"Collector","floor":33,"turns":6}],"seed_played":"-7371696486526142834","potions_obtained":[{"floor":10.0,"key":"BlessingOfTheForge"},{"floor":12.0,"key":"GamblersBrew"},{"floor":16.0,"key":"PowerPotion"},{"floor":29,"key":"Swift Potion"}],"is_trial":false,"path_per_floor":["M","?","?","?","$","R","M","R","T","E","$","E","M","M","R","B",null,"M","$","M","M","?","E","R","?","T","$","?","M","R","?","R","B"],"character_chosen":"DEFECT","items_purchased":["Cold Snap","WingedGreaves","Bronze Scales"],"campfire_rested":3,"item_purchase_floors":[11,19,27],"current_hp_per_floor":[75,57,50,50,50,50,50,50,50,50,65,37,32,26,48,46,75,58,73,69,52,52,20,42,42,42,57,57,38,60,60,60,0,0],"gold":114,"neow_bonus":"THREE_ENEMY_KILL","is_daily":false,"chose_seed":false,"campfire_upgraded":3,"win_rate":0.0,"timestamp":1612506065,"path_taken":["M","?","?","?","?","R","M","R","T","E","$","E","?","M","R","BOSS","M","?","?","M","?","E","R","?","T","$","?","M","R","?","R","BOSS"],"items_purchased_type":["Card","Relic","Relic"],"build_version":"2020-12-22","purchased_purges":0,"victory":false,"max_hp_per_floor":[75,75,75,75,75,75,75,75,75,75,75,75,75,75,75,75,75,75,75,75,75,75,75,75,75,75,75,75,75,75,75,75,75,75],"card_choices":[{"not_picked":["Cold Snap","Go for the Eyes"],"picked":"Sweeping Beam","floor":1.0},{"not_picked":["Streamline","Barrage","Loop"],"picked":"SKIP","floor":7.0},{"not_picked":["Double Energy","Go for the Eyes"],"picked":"Leap","floor":10.0},{"not_picked":["Reinforced Body","Gash"],"picked":"Ball Lightning","floor":12.0},{"not_picked":["Lockon","Compile Driver"],"picked":"Ball Lightning","floor":13.0},{"not_picked":["Streamline","Gash","Consume"],"picked":"SKIP","floor":14.0},{"not_picked":["Lockon","Gash","Sweeping Beam"],"picked":"SKIP","floor":18.0},{"not_picked":["Gash","Turbo"],"picked":"Cold Snap","floor":20.0},{"not_picked":["Static Discharge","Barrage"],"picked":"Redo","floor":21.0},{"not_picked":["Sweeping Beam","Hologram","Fission"],"picked":"SKIP","floor":23},{"not_picked":["Gash","Beam Cell"],"picked":"Melter","floor":29}],"player_experience":168208,"relics_obtained":[{"floor":9.0,"key":"Letter Opener"},{"floor":10.0,"key":"MealTicket"},{"floor":12.0,"key":"Shuriken"},{"floor":23,"key":"Unceasing Top"},{"floor":26,"key":"Tiny Chest"}],"event_choices":[{"damage_healed":0.0,"max_hp_gain":0.0,"max_hp_loss":0.0,"gold_gain":0.0,"event_name":"Golden Idol","player_choice":"Take Damage","floor":2.0,"gold_loss":0.0,"damage_taken":18.0,"relics_obtained":["Golden Idol"]},{"cards_removed":["Strike_B"],"damage_healed":0.0,"max_hp_gain":0.0,"max_hp_loss":0.0,"gold_gain":0.0,"event_name":"Golden Wing","player_choice":"Card Removal","floor":3.0,"gold_loss":0.0,"damage_taken":7.0},{"cards_removed":["Strike_B"],"damage_healed":0.0,"max_hp_gain":0.0,"max_hp_loss":0.0,"gold_gain":0.0,"event_name":"The Cleric","player_choice":"Card Removal","floor":4.0,"gold_loss":50.0,"damage_taken":0.0},{"damage_healed":0.0,"max_hp_gain":0.0,"max_hp_loss":0.0,"gold_gain":99.0,"event_name":"Nest","player_choice":"Stole From Cult","floor":22.0,"gold_loss":0.0,"damage_taken":0.0},{"damage_healed":0,"gold_gain":0,"player_choice":"Inject Mutagens","damage_taken":0,"relics_obtained":["MutagenicStrength"],"max_hp_gain":0,"max_hp_loss":0,"event_name":"Drug Dealer","floor":25,"gold_loss":0},{"damage_healed":0,"gold_gain":0,"player_choice":"Gave Idol","damage_taken":0,"relics_obtained":["Bloody Idol"],"max_hp_gain":0,"max_hp_loss":0,"event_name":"Forgotten Altar","floor":28,"relics_lost":["Golden Idol"],"gold_loss":0},{"damage_healed":0,"gold_gain":0,"player_choice":"Copied","damage_taken":0,"max_hp_gain":0,"max_hp_loss":0,"event_name":"Duplicator","floor":31,"gold_loss":0,"cards_obtained":["Zap"]}],"is_beta":false,"boss_relics":[{"not_picked":["Ectoplasm","Fusion Hammer","Runic Pyramid"]}],"items_purged_floors":[],"is_endless":false,"potions_floor_spawned":[10,12,16,18,29],"killed_by":"Collector","ascension_level":4}}