{"host":"th1rgt4ohg3ajuw6","time":1612484370,"event":{"mods":["Act Like it!","BaseMod","Downfall","GifTheSpireLib","Minty Spire (QoL Compilation)","Pale of the Ancients","Shop Mod","StSLib","Stuff the Spire","Yuri Mod"],"gold_per_floor":[117,127,147,147,166,166,199,216,241,260,260,275,304,304,304,402,402,414,414,414,17,27,41,41,41,90,90,90,103,118,134,134,233,233,243,257,257,273,285,285,7,7,7,27,27,47,62,62,62,62,62],"floor_reached":50,"language":"ENG","playtime":4265,"items_purged":[],"score":585,"play_id":"b349ad89-6f7f-410c-9779-412cc5cd644e","local_time":"20210204161930","is_ascension_mode":false,"campfire_choices":[{"data":"Discovery","floor":6,"key":"SMITH"},{"floor":15,"key":"REST"},{"floor":25,"key":"REST"},{"data":"yuri:Parry","floor":28,"key":"SMITH"},{"floor":32,"key":"REST"},{"floor":40,"key":"REST"},{"floor":42,"key":"REST"},{"floor":49,"key":"REST"}],"circlet_count":0,"master_deck":["yuri:Oolong","yuri:yuriStab","Discovery+1","yuri:TeaSet","yuri:GreenTea","yuri:Stalk","yuri:GlitchedStrike","yuri:TPose","yuri:Parry+1","yuri:SturdyUniform","yuri:UnstableStrike","yuri:CalmingAura","yuri:GlitchedStrike","yuri:ThrowingKnives","yuri:MagneticKnives","yuri:Stare","yuri:BookPurple","yuri:TPose","yuri:ChibiInvasion","yuri:yuriHeavyStrike","yuri:CalmingAura","yuri:HeavierStrike","yuri:SturdyUniform","yuri:Spin","yuri:InduceGlitch","yuri:MultiDip+1","yuri:BookRed","yuri:SturdyUniform","yuri:Torment","yuri:CorruptHitbox","yuri:CalmingAura","yuri:MirrorInsanity","yuri:SeeingDouble","yuri:Stare","yuri:DragonForm","yuri:DisableStrike","yuri:SeeingDouble","yuri:yuriQuickStrike","yuri:AdaptiveAI","yuri:CalmingAura+1","yuri:GreenTea+1","yuri:UntestedCode+1","yuri:MPose+1","yuri:ThornRemove+1","yuri:InsanityDefense","yuri:BookGreen","yuri:NerfBat","Flash of Steel","yuri:GlitchedStrike","yuri:Spin","yuri:MultiDip+1","yuri:Stare+1","yuri:TPose"],"relics":["yuri:yuriKnife","Smiling Mask","StuffTheSpire:Mouthbags","Dream Catcher","Sozu","Strange Spoon","Bag of Marbles","Pandora\u0027s Box","Bag of Preparation","Blue Candle"],"acts_visited":["Exordium","TheCity","TheBeyond"],"potions_floor_usage":[13,29,33,33],"damage_taken":[{"damage":3,"enemies":"Cultist","floor":1,"turns":4},{"damage":2,"enemies":"Small Slimes","floor":2,"turns":3},{"damage":2,"enemies":"Jaw Worm","floor":3,"turns":3},{"damage":5,"enemies":"Looter","floor":5,"turns":3},{"damage":26,"enemies":"3 Sentries","floor":7,"turns":7},{"damage":5,"enemies":"Exordium Thugs","floor":8,"turns":4},{"damage":8,"enemies":"Large Slime","floor":10,"turns":5},{"damage":3,"enemies":"Blue Slaver","floor":12,"turns":4},{"damage":43,"enemies":"Gremlin Nob","floor":13,"turns":5},{"damage":27,"enemies":"Slime Boss","floor":16,"turns":9},{"damage":0,"enemies":"Spheric Guardian","floor":18,"turns":3},{"damage":1,"enemies":"Chosen","floor":22,"turns":3},{"damage":14,"enemies":"Snake Plant","floor":23,"turns":4},{"damage":35,"enemies":"Sentry and Sphere","floor":29,"turns":7},{"damage":23,"enemies":"Centurion and Healer","floor":30,"turns":3},{"damage":4,"enemies":"Cultist and Chosen","floor":31,"turns":6},{"damage":62,"enemies":"Collector","floor":33,"turns":13},{"damage":37,"enemies":"3 Darklings","floor":35,"turns":6},{"damage":14,"enemies":"3 Shapes","floor":36,"turns":4},{"damage":13,"enemies":"Sphere and 2 Shapes","floor":38,"turns":7},{"damage":46,"enemies":"3 Darklings","floor":39,"turns":7},{"damage":25,"enemies":"Writhing Mass","floor":44,"turns":9},{"damage":30,"enemies":"Spire Growth","floor":46,"turns":5},{"damage":3,"enemies":"Jaw Worm Horde","floor":47,"turns":4},{"damage":102,"enemies":"Time Eater","floor":50,"turns":13}],"seed_played":"-6446234349190656332","potions_obtained":[{"floor":1,"key":"BlessingOfTheForge"},{"floor":5,"key":"SpeedPotion"},{"floor":10,"key":"hexamod:SoulburnPotion"},{"floor":13,"key":"Regen Potion"}],"is_trial":false,"path_per_floor":["M","M","M","?","M","R","E","M","T","M","?","M","E","?","R","B",null,"M","?","?","$","M","M","$","R","T","?","R","M","M","M","R","B",null,"M","M","?","M","M","R","$","R","T","M","?","M","M","T","R","B"],"character_chosen":"YURI","items_purchased":["yuri:BookPurple","Strange Spoon","yuri:TPose","yuri:ChibiInvasion","yuri:yuriHeavyStrike","yuri:CalmingAura","yuri:InsanityDefense","yuri:BookGreen","yuri:NerfBat","Flash of Steel"],"campfire_rested":6,"item_purchase_floors":[21,21,21,21,21,21,41,41,41,41],"current_hp_per_floor":[77,79,77,77,76,76,60,59,59,61,76,77,34,34,58,41,80,80,80,80,80,79,65,65,80,80,80,80,63,44,46,70,27,80,51,37,37,43,10,34,34,58,58,52,52,34,43,43,67,0,0],"gold":62,"neow_bonus":"RANDOM_COLORLESS","is_daily":false,"chose_seed":false,"campfire_upgraded":2,"win_rate":0.0,"timestamp":1612484370,"path_taken":["M","?","M","?","M","R","E","M","T","M","?","M","E","?","R","BOSS","M","?","?","$","M","M","?","R","T","?","R","M","M","M","R","BOSS","M","M","?","?","M","R","$","R","T","M","?","M","M","?","R","BOSS"],"items_purchased_type":["Card","Relic","Card","Card","Card","Card","Card","Card","Card","Card"],"build_version":"2020-12-22","purchased_purges":0,"victory":false,"max_hp_per_floor":[80,80,80,80,80,80,80,80,80,80,80,80,80,80,80,80,80,80,80,80,80,80,80,80,80,80,80,80,80,80,80,80,80,80,80,80,80,80,80,80,80,80,80,80,80,80,80,80,80,78,78],"card_choices":[{"not_picked":["Trip","PanicButton"],"picked":"Discovery","floor":0},{"not_picked":["yuri:DejaVu","yuri:WickedSlash"],"picked":"yuri:Parry","floor":1},{"not_picked":["yuri:HeavierStrike","yuri:StealPen"],"picked":"yuri:TeaSet","floor":2},{"not_picked":["yuri:DejaVu","yuri:GrowingInsanity"],"picked":"yuri:GreenTea","floor":3},{"not_picked":["yuri:ThrowBook","yuri:yuriQuickStrike"],"picked":"yuri:Stalk","floor":5},{"not_picked":["yuri:GlitchRemove","yuri:GreenTea"],"picked":"yuri:GlitchedStrike","floor":7},{"not_picked":["yuri:MPose","yuri:SelfHarm"],"picked":"yuri:TPose","floor":8},{"not_picked":["yuri:Parry","yuri:HeavierStrike"],"picked":"yuri:SturdyUniform","floor":10},{"not_picked":["yuri:RecklessStrike","yuri:yuriQuickStrike"],"picked":"yuri:UnstableStrike","floor":12},{"not_picked":["yuri:GlitchedStrike","yuri:ThornRemove"],"picked":"yuri:CalmingAura","floor":13},{"not_picked":["yuri:ThrowBook","yuri:yuriQuickStrike"],"picked":"yuri:ThrowingKnives","floor":15},{"not_picked":["yuri:Suicide","yuri:MirrorInsanity"],"picked":"yuri:MagneticKnives","floor":16},{"not_picked":["yuri:ReloadGame","yuri:UntestedCode"],"picked":"yuri:Stare","floor":18},{"not_picked":["yuri:AdaptiveAI","yuri:DebugCard"],"picked":"yuri:HeavierStrike","floor":22},{"not_picked":["yuri:yuriHeavyStrike+1","yuri:yuriQuickStrike"],"picked":"yuri:SturdyUniform","floor":23},{"not_picked":["yuri:TPose","yuri:yuriHeavyStrike+1"],"picked":"yuri:Spin","floor":25},{"not_picked":["yuri:Spin","yuri:BookPurple+1"],"picked":"yuri:InduceGlitch","floor":29},{"not_picked":["yuri:Torment","yuri:Spin"],"picked":"yuri:MultiDip+1","floor":30},{"not_picked":["yuri:GlitchedStrike","yuri:Spin+1"],"picked":"yuri:BookRed","floor":31},{"not_picked":["yuri:GreenTea+1","yuri:TeaSet"],"picked":"yuri:SturdyUniform","floor":32},{"not_picked":["yuri:NoEscape","yuri:ConsumeGlitch"],"picked":"yuri:Torment","floor":33},{"not_picked":["yuri:HeavierStrike+1","yuri:Stare+1"],"picked":"yuri:CalmingAura+1","floor":35},{"not_picked":["yuri:TPose+1","yuri:UnstableStrike+1"],"picked":"yuri:GreenTea+1","floor":36},{"not_picked":["yuri:GrowingInsanity+1","yuri:Spin"],"picked":"yuri:UntestedCode+1","floor":38},{"not_picked":["yuri:yuriQuickStrike+1","yuri:DeepBreathing"],"picked":"yuri:MPose+1","floor":39},{"not_picked":["yuri:Skip+1","yuri:DebugCard"],"picked":"yuri:ThornRemove+1","floor":40},{"not_picked":["yuri:DeepBreathing","yuri:ThornRemove"],"picked":"yuri:GlitchedStrike","floor":42},{"not_picked":["yuri:Stalk","yuri:RecklessStrike"],"picked":"yuri:Spin","floor":44},{"not_picked":["yuri:yuriHeavyStrike+1","yuri:GlitchedStrike"],"picked":"yuri:MultiDip+1","floor":46},{"not_picked":["yuri:DragonForm","yuri:UntestedCode+1"],"picked":"yuri:Stare+1","floor":47},{"not_picked":["yuri:DebugCard","yuri:Stalk"],"picked":"yuri:TPose","floor":49}],"player_experience":269438,"relics_obtained":[{"floor":7,"key":"Smiling Mask"},{"floor":9,"key":"StuffTheSpire:Mouthbags"},{"floor":13,"key":"Dream Catcher"},{"floor":26,"key":"Bag of Marbles"},{"floor":43,"key":"Bag of Preparation"},{"floor":48,"key":"Blue Candle"}],"event_choices":[{"damage_healed":0,"gold_gain":0,"player_choice":"Ignored","damage_taken":0,"max_hp_gain":0,"max_hp_loss":0,"event_name":"Golden Wing","floor":4,"gold_loss":0},{"damage_healed":0,"gold_gain":0,"player_choice":"1 cards matched","damage_taken":0,"max_hp_gain":0,"max_hp_loss":0,"event_name":"Match and Keep!","floor":14,"gold_loss":0,"cards_obtained":["yuri:GlitchedStrike"]},{"damage_healed":0,"gold_gain":0,"player_choice":"Ignored","damage_taken":0,"max_hp_gain":0,"max_hp_loss":0,"event_name":"Beggar","floor":19,"gold_loss":0},{"damage_healed":0,"gold_gain":0,"player_choice":"Ignored","damage_taken":0,"max_hp_gain":0,"max_hp_loss":0,"event_name":"Vampires","floor":20,"gold_loss":0},{"damage_healed":0,"gold_gain":0,"player_choice":"Bought 0 Potions","damage_taken":0,"max_hp_gain":0,"max_hp_loss":0,"event_name":"The Woman in Blue","floor":37,"gold_loss":0},{"damage_healed":0,"gold_gain":0,"player_choice":"Ignored","damage_taken":0,"max_hp_gain":0,"max_hp_loss":0,"event_name":"Mysterious Sphere","floor":45,"gold_loss":0}],"is_beta":false,"boss_relics":[{"not_picked":["StuffTheSpire:RunicConfusion","Runic Dome"],"picked":"Sozu"},{"not_picked":["Black Star","Snecko Eye"],"picked":"Pandora\u0027s Box"}],"items_purged_floors":[],"is_endless":false,"potions_floor_spawned":[1,5,10,12,13,22,29,30,31,33,38,39,44,47],"killed_by":"Time Eater","ascension_level":0}}