{"host":"prxrhpgaxnj4om9r","time":1612523489,"event":{"mods":["AchievementEnabler","BaseMod","Minty Spire (QoL Compilation)"],"gold_per_floor":[109,119,137,137,137,169,169,182,228,228,252,174,201,232,232,337,337,362,362,389,400,426,426,447,55,81,81,107,151,125,125,125,239,248,274,283,71,71,71,71,100,100,153,180,180,239,0,0,0,0],"floor_reached":51,"language":"KOR","playtime":5230,"items_purged":[],"score":646,"play_id":"894b0ac6-19e2-4ed4-a65c-0a5400708931","local_time":"20210205201129","is_ascension_mode":true,"campfire_choices":[{"data":"ForeignInfluence","floor":7,"key":"SMITH"},{"data":"WindmillStrike","floor":10,"key":"SMITH"},{"data":"FearNoEvil","floor":15,"key":"SMITH"},{"floor":23,"key":"REST"},{"floor":32,"key":"REST"},{"floor":40,"key":"REST"},{"floor":42,"key":"REST"},{"floor":45,"key":"REST"},{"floor":49,"key":"REST"}],"circlet_count":0,"master_deck":["Strike_P+1","Strike_P+1","Strike_P+1","Strike_P","Defend_P","Defend_P","Defend_P","Eruption+1","Vigilance","EmptyFist+1","Tantrum","BowlingBash","ForeignInfluence+1","WindmillStrike+1","Consecrate","ThirdEye","FearNoEvil+1","LessonLearned+1","EmptyBody+1","MentalFortress+1","BattleHymn+1","JustLucky+1","Fasting2+1","CutThroughFate+1","Indignation+1","TalkToTheHand","ConjureBlade","CurseOfTheBell","Adaptation+1","Panache+1","SignatureMove","Consecrate+1","Halt+1","ThirdEye+1"],"relics":["PureWater","Whetstone","Mercury Hourglass","CeramicFish","Odd Mushroom","Fusion Hammer","InkBottle","Orichalcum","NlothsMask","Bag of Preparation","Calling Bell","Bag of Marbles","Frozen Egg 2","Turnip","Sling","Du-Vu Doll","Red Mask"],"acts_visited":["Exordium","TheCity","TheBeyond"],"potions_floor_usage":[6,13,14,16,22,24,25,29,29,33,35,44,50],"damage_taken":[{"damage":0,"enemies":"Cultist","floor":1,"turns":2},{"damage":2,"enemies":"Small Slimes","floor":2,"turns":2},{"damage":0,"enemies":"Jaw Worm","floor":3,"turns":1},{"damage":4,"enemies":"3 Sentries","floor":6,"turns":3},{"damage":0,"enemies":"2 Fungi Beasts","floor":8,"turns":1},{"damage":0,"enemies":"3 Louse","floor":11,"turns":1},{"damage":0,"enemies":"Red Slaver","floor":13,"turns":1},{"damage":8,"enemies":"The Mushroom Lair","floor":14,"turns":2},{"damage":31,"enemies":"Hexaghost","floor":16,"turns":7},{"damage":7,"enemies":"Shell Parasite","floor":18,"turns":2},{"damage":0,"enemies":"3 Byrds","floor":20,"turns":4},{"damage":19,"enemies":"Snake Plant","floor":21,"turns":3},{"damage":4,"enemies":"Sentry and Sphere","floor":22,"turns":3},{"damage":2,"enemies":"Cultist and Chosen","floor":24,"turns":4},{"damage":12,"enemies":"Snake Plant","floor":28,"turns":3},{"damage":11,"enemies":"Gremlin Leader","floor":29,"turns":3},{"damage":0,"enemies":"Colosseum Slavers","floor":31,"turns":3},{"damage":6,"enemies":"Automaton","floor":33,"turns":6},{"damage":6,"enemies":"3 Darklings","floor":35,"turns":7},{"damage":16,"enemies":"3 Shapes","floor":41,"turns":2},{"damage":50,"enemies":"Writhing Mass","floor":44,"turns":3},{"damage":3,"enemies":"Mind Bloom Boss Battle","floor":46,"turns":4},{"damage":57,"enemies":"Donu and Deca","floor":50,"turns":5}],"seed_played":"-193521149248922772","potions_obtained":[{"floor":2,"key":"BlessingOfTheForge"},{"floor":3,"key":"StancePotion"},{"floor":11,"key":"BlessingOfTheForge"},{"floor":13,"key":"Ancient Potion"},{"floor":20,"key":"BottledMiracle"},{"floor":21,"key":"PowerPotion"},{"floor":22,"key":"SkillPotion"},{"floor":28,"key":"FearPotion"},{"floor":29,"key":"Energy Potion"},{"floor":35,"key":"Energy Potion"},{"floor":44,"key":"SpeedPotion"}],"is_trial":false,"path_per_floor":["M","M","M","?","?","E","R","M","T","R","M","$","M","?","R","B",null,"M","?","M","M","M","R","M","$","T","?","M","E","$","?","R","B",null,"M","?","$","?","$","R","M","R","T","M","R","?","?","?","R","B",null],"character_chosen":"WATCHER","items_purchased":["LiquidBronze","Fruit Juice","Fasting2","InkBottle","TalkToTheHand","SignatureMove","Sling"],"campfire_rested":6,"item_purchase_floors":[12,25,25,25,30,37,37],"current_hp_per_floor":[72,70,70,75,75,71,71,71,71,71,71,71,71,63,63,32,77,70,70,70,51,47,70,68,73,73,73,61,50,50,50,74,68,82,76,76,76,76,76,82,66,82,82,32,56,53,53,53,76,19],"gold":0,"neow_bonus":"RANDOM_COMMON_RELIC","is_daily":false,"chose_seed":false,"campfire_upgraded":3,"win_rate":0.0,"timestamp":1612523489,"path_taken":["M","M","M","?","?","E","R","M","T","R","M","$","?","?","R","BOSS","M","?","M","?","M","R","M","$","T","?","?","E","$","?","R","BOSS","M","?","$","?","$","R","M","R","T","M","R","?","?","?","R","BOSS"],"items_purchased_type":["Potion","Potion","Card","Relic","Card","Card","Relic"],"build_version":"2020-12-22","purchased_purges":0,"victory":true,"max_hp_per_floor":[72,72,72,77,77,77,77,77,77,77,77,77,77,77,77,77,77,77,77,77,77,77,77,77,82,82,82,82,82,82,82,82,82,82,82,82,82,82,82,82,82,82,82,82,82,82,82,78,78,78],"card_choices":[{"not_picked":["Worship","ReachHeaven"],"picked":"EmptyFist","floor":1},{"not_picked":["Fasting2","BattleHymn"],"picked":"Tantrum","floor":2},{"not_picked":["FearNoEvil","SashWhip"],"picked":"BowlingBash","floor":3},{"not_picked":["CarveReality","BowlingBash"],"picked":"ForeignInfluence","floor":6},{"not_picked":["CrushJoints","Protect"],"picked":"WindmillStrike","floor":8},{"not_picked":["LikeWater","Weave"],"picked":"Consecrate","floor":11},{"not_picked":["PathToVictory","CrushJoints"],"picked":"ThirdEye","floor":13},{"not_picked":["FollowUp","FlurryOfBlows"],"picked":"FearNoEvil","floor":14},{"not_picked":["Omniscience","Blasphemy"],"picked":"LessonLearned","floor":16},{"not_picked":["Consecrate","ClearTheMind+1"],"picked":"EmptyBody+1","floor":18},{"not_picked":["Halt","FlyingSleeves"],"picked":"MentalFortress","floor":20},{"not_picked":["Crescendo","EmptyBody","Protect"],"picked":"SKIP","floor":21},{"not_picked":["Crescendo","SpiritShield"],"picked":"BattleHymn+1","floor":22},{"not_picked":["FlyingSleeves","CrushJoints"],"picked":"JustLucky+1","floor":24},{"not_picked":["Crescendo","LikeWater"],"picked":"CutThroughFate","floor":28},{"not_picked":["Consecrate","PathToVictory"],"picked":"Indignation+1","floor":29},{"not_picked":["Blasphemy","Brilliance"],"picked":"ConjureBlade","floor":33},{"not_picked":["ClearTheMind+1","SashWhip"],"picked":"Adaptation+1","floor":35},{"not_picked":["Dark Shackles","Swift Strike"],"picked":"Panache+1","floor":36},{"not_picked":["Tantrum+1","EmptyFist"],"picked":"Consecrate+1","floor":41},{"not_picked":["Swivel+1","JustLucky"],"picked":"Halt+1","floor":44},{"not_picked":["EmptyFist+1","MentalFortress+1"],"picked":"ThirdEye+1","floor":46}],"player_experience":263009,"relics_obtained":[{"floor":6,"key":"Mercury Hourglass"},{"floor":9,"key":"CeramicFish"},{"floor":14,"key":"Odd Mushroom"},{"floor":26,"key":"Orichalcum"},{"floor":29,"key":"Bag of Preparation"},{"floor":34,"key":"Bag of Marbles"},{"floor":34,"key":"Frozen Egg 2"},{"floor":34,"key":"Turnip"},{"floor":46,"key":"Du-Vu Doll"}],"event_choices":[{"damage_healed":0,"gold_gain":0,"player_choice":"Donut","damage_taken":0,"max_hp_gain":5,"max_hp_loss":0,"event_name":"Big Fish","floor":4,"gold_loss":0},{"damage_healed":0,"gold_gain":0,"player_choice":"Ignored","damage_taken":0,"max_hp_gain":0,"max_hp_loss":0,"event_name":"Golden Wing","floor":5,"gold_loss":0},{"damage_healed":0,"gold_gain":0,"player_choice":"Fought Mushrooms","damage_taken":0,"max_hp_gain":0,"max_hp_loss":0,"event_name":"Mushrooms","floor":14,"gold_loss":0},{"damage_healed":0,"gold_gain":0,"player_choice":"Upgraded","damage_taken":0,"max_hp_gain":0,"max_hp_loss":0,"event_name":"Upgrade Shrine","floor":19,"gold_loss":0,"cards_upgraded":["LessonLearned"]},{"damage_healed":0,"gold_gain":0,"player_choice":"Trade","damage_taken":0,"relics_obtained":["NlothsMask"],"max_hp_gain":0,"max_hp_loss":0,"event_name":"FaceTrader","floor":27,"gold_loss":0},{"damage_healed":0,"gold_gain":0,"player_choice":"Fight","damage_taken":0,"max_hp_gain":0,"max_hp_loss":0,"event_name":"Colosseum","floor":31,"gold_loss":0},{"damage_healed":0,"gold_gain":0,"player_choice":"Fled From Nobs","damage_taken":0,"max_hp_gain":0,"max_hp_loss":0,"event_name":"Colosseum","floor":31,"gold_loss":0},{"damage_healed":0,"gold_gain":0,"player_choice":"Memory 1","damage_taken":0,"max_hp_gain":0,"max_hp_loss":0,"event_name":"SensoryStone","floor":36,"gold_loss":0},{"cards_removed":["Defend_P"],"damage_healed":0,"gold_gain":0,"player_choice":"Removed Skill","damage_taken":0,"max_hp_gain":0,"max_hp_loss":0,"event_name":"Falling","floor":38,"gold_loss":0},{"damage_healed":0,"gold_gain":0,"player_choice":"Fight","damage_taken":0,"max_hp_gain":0,"max_hp_loss":0,"event_name":"MindBloom","floor":46,"gold_loss":0},{"damage_healed":0,"gold_gain":0,"player_choice":"Paid","damage_taken":0,"relics_obtained":["Red Mask"],"max_hp_gain":0,"max_hp_loss":0,"event_name":"Tomb of Lord Red Mask","floor":47,"gold_loss":239},{"damage_healed":0,"gold_gain":0,"player_choice":"Max HP","damage_taken":0,"max_hp_gain":0,"max_hp_loss":4,"event_name":"Winding Halls","floor":48,"gold_loss":0}],"is_beta":false,"boss_relics":[{"not_picked":["Empty Cage","Velvet Choker"],"picked":"Fusion Hammer"},{"not_picked":["VioletLotus","SlaversCollar"],"picked":"Calling Bell"}],"items_purged_floors":[],"is_endless":false,"potions_floor_spawned":[2,3,11,13,20,21,22,28,29,35,44],"ascension_level":1}}