{"host":"6p0attdrtjqaih7v","time":1612554016,"event":{"mods":["2.2 Compatiblity","AchievementEnabler","Bard","BaseMod","Better Skull","Better Third Choice","Colored Powertips","Hermit","Highlight Path","Key Reminder","Minty Spire (QoL Compilation)","Permanent Neow","Quick Restart","Random Character Button","Relic Stats","Reliquary","Replay The Spire","Robot Space Explorer","StSLib","The Witch"],"gold_per_floor":[119,129,140,154,154,180,180,180,180,180,213,231,250,264,264,264,264],"floor_reached":16,"language":"ENG","playtime":460,"items_purged":[],"score":228,"play_id":"ee195439-0f1e-4543-a35b-b369d4093c33","local_time":"20210205144016","is_ascension_mode":true,"campfire_choices":[{"data":"Carnage","floor":7,"key":"SMITH"},{"data":"Blood for Blood","floor":10,"key":"SMITH"},{"data":"Immolate","floor":15,"key":"SMITH"}],"circlet_count":0,"master_deck":["AscendersBane","Strike_R","Strike_R","Strike_R","Strike_R","Defend_R","Defend_R","Defend_R","Defend_R","Bash+1","Carnage+1","Anger","Spot Weakness","Blood for Blood+1","Shrug It Off","Immolate+1","Shrug It Off","Second Wind"],"relics":["Burning Blood","Gremlin Horn","FaceOfCleric","StrikeDummy","Replay:Bottled Steam"],"acts_visited":["Exordium"],"potions_floor_usage":[6,11,13,14],"damage_taken":[{"damage":4,"enemies":"2 Louse","floor":1,"turns":4},{"damage":0,"enemies":"Cultist","floor":2,"turns":2},{"damage":10,"enemies":"Small Slimes","floor":3,"turns":4},{"damage":9,"enemies":"Red Slaver","floor":4,"turns":2},{"damage":32,"enemies":"Gremlin Nob","floor":6,"turns":4},{"damage":15,"enemies":"Lagavulin","floor":11,"turns":6},{"damage":13,"enemies":"Large Slime","floor":12,"turns":3},{"damage":0,"enemies":"Lots of Slimes","floor":13,"turns":2},{"damage":9,"enemies":"Exordium Thugs","floor":14,"turns":3},{"damage":45,"enemies":"Slime Boss","floor":16,"turns":8}],"seed_played":"-2921266926578368678","potions_obtained":[{"floor":1,"key":"BloodPotion"},{"floor":4,"key":"EssenceOfSteel"},{"floor":6,"key":"Weak Potion"},{"floor":11,"key":"Fire Potion"},{"floor":12,"key":"Energy Potion"}],"is_trial":false,"path_per_floor":["M","M","M","M","?","E","R","?","T","R","E","M","M","M","R","B"],"character_chosen":"IRONCLAD","items_purchased":[],"campfire_rested":0,"item_purchase_floors":[],"current_hp_per_floor":[70,75,71,68,61,50,50,50,50,50,42,36,43,41,41,0,0],"gold":264,"neow_bonus":"UPGRADE_CARD","is_daily":false,"chose_seed":false,"campfire_upgraded":3,"win_rate":0.0,"timestamp":1612554016,"path_taken":["M","M","M","M","?","E","R","?","T","R","E","M","M","M","R","BOSS"],"items_purchased_type":[],"build_version":"2020-12-22","purchased_purges":0,"victory":false,"max_hp_per_floor":[75,75,75,75,75,75,75,75,75,75,76,77,78,79,79,79,79],"relic_stats":{"Gremlin Horn":[7,7],"FaceOfCleric":4,"counters":[10,38],"obtain_stats":[{"Gremlin Horn":6,"FaceOfCleric":8,"StrikeDummy":9,"Burning Blood":0,"Replay:Bottled Steam":11},{"Gremlin Horn":5,"FaceOfCleric":5,"StrikeDummy":5,"Burning Blood":0,"Replay:Bottled Steam":6},{"Gremlin Horn":16,"FaceOfCleric":16,"StrikeDummy":16,"Burning Blood":0,"Replay:Bottled Steam":22}],"Burning Blood":53},"card_choices":[{"not_picked":["Life Link","Pummel"],"picked":"Carnage","floor":1},{"not_picked":["Entrench","Intimidate"],"picked":"Anger","floor":2},{"not_picked":["Wild Strike","Intimidate"],"picked":"Spot Weakness","floor":3},{"not_picked":["Flex","Twin Strike"],"picked":"Blood for Blood","floor":4},{"not_picked":["Evolve","Rupture"],"picked":"Shrug It Off","floor":6},{"not_picked":["Pommel Strike","Brutality"],"picked":"Immolate","floor":11},{"not_picked":["Sword Boomerang","Pommel Strike"],"picked":"Shrug It Off","floor":12},{"not_picked":["Wild Strike","Clash","Cleave"],"picked":"SKIP","floor":13},{"not_picked":["Uppercut","Evolve"],"picked":"Second Wind","floor":14}],"player_experience":1016993,"relics_obtained":[{"floor":6,"key":"Gremlin Horn"},{"floor":9,"key":"StrikeDummy"},{"floor":11,"key":"Replay:Bottled Steam"}],"event_choices":[{"cards_removed":["Strike_R"],"damage_healed":0,"gold_gain":0,"player_choice":"Card Removal","damage_taken":7,"max_hp_gain":0,"max_hp_loss":0,"event_name":"Golden Wing","floor":5,"gold_loss":0},{"damage_healed":0,"gold_gain":0,"player_choice":"Trade","damage_taken":0,"relics_obtained":["FaceOfCleric"],"max_hp_gain":0,"max_hp_loss":0,"event_name":"FaceTrader","floor":8,"gold_loss":0}],"is_beta":false,"boss_relics":[],"items_purged_floors":[],"is_endless":false,"potions_floor_spawned":[1,4,6,11,12],"killed_by":"Slime Boss","ascension_level":20}}