{"host":"6r762osam2bvfm66","time":1612561231,"event":{"mods":["BaseMod","Colored Map","Minty Spire (QoL Compilation)"],"gold_per_floor":[110,110,60,76,36,70,89,118,118,131,131,143,157,168,168,271,271,288,338,322,341,354,354,354,354],"floor_reached":24,"language":"ENG","playtime":1270,"items_purged":[],"score":308,"play_id":"6b36ccd3-b8c0-45cb-92a9-40b840823f8b","local_time":"20210205154031","is_ascension_mode":true,"campfire_choices":[{"data":"Brutality","floor":11,"key":"SMITH"},{"data":"Rampage","floor":15,"key":"SMITH"},{"floor":23,"key":"DIG"}],"circlet_count":0,"master_deck":["Strike_R","Strike_R","Strike_R","Strike_R","Defend_R","Defend_R","Defend_R","Defend_R","Bash","Shrug It Off","Clothesline","Brutality+1","Rampage+1","Cleave","Battle Trance","Shrug It Off","Feed","True Grit","Carnage"],"relics":["Burning Blood","NeowsBlessing","Shovel","TungstenRod","Strawberry","Peace Pipe","Sozu","Matryoshka"],"acts_visited":["Exordium","TheCity"],"potions_floor_usage":[8,16,18],"damage_taken":[{"damage":0,"enemies":"Jaw Worm","floor":1,"turns":1},{"damage":0,"enemies":"2 Louse","floor":4,"turns":1},{"damage":0,"enemies":"Gremlin Nob","floor":6,"turns":1},{"damage":9,"enemies":"Cultist","floor":7,"turns":4},{"damage":33,"enemies":"Lagavulin","floor":8,"turns":6},{"damage":4,"enemies":"2 Fungi Beasts","floor":10,"turns":3},{"damage":19,"enemies":"Lots of Slimes","floor":12,"turns":4},{"damage":0,"enemies":"Blue Slaver","floor":13,"turns":5},{"damage":2,"enemies":"Looter","floor":14,"turns":4},{"damage":27,"enemies":"The Guardian","floor":16,"turns":12},{"damage":15,"enemies":"Spheric Guardian","floor":18,"turns":5},{"damage":17,"enemies":"2 Thieves","floor":20,"turns":4},{"damage":6,"enemies":"Shelled Parasite and Fungi","floor":21,"turns":12},{"damage":27,"enemies":"Cultist and Chosen","floor":22,"turns":6},{"damage":41,"enemies":"Book of Stabbing","floor":24,"turns":7}],"seed_played":"-1313813398853555387","potions_obtained":[{"floor":5,"key":"SmokeBomb"},{"floor":5,"key":"Swift Potion"},{"floor":5,"key":"LiquidMemories"},{"floor":8,"key":"ElixirPotion"},{"floor":12,"key":"EntropicBrew"},{"floor":16,"key":"AttackPotion"}],"is_trial":false,"path_per_floor":["M","?","?","M","?","E","M","E","T","M","R","M","M","M","R","B",null,"M","?","M","M","M","R","E"],"character_chosen":"IRONCLAD","items_purchased":[],"campfire_rested":0,"item_purchase_floors":[],"current_hp_per_floor":[78,75,75,80,80,80,77,57,57,59,59,46,52,56,56,35,74,65,65,54,57,39,39,0,0],"gold":354,"neow_bonus":"THREE_ENEMY_KILL","is_daily":false,"chose_seed":false,"campfire_upgraded":2,"win_rate":0.0,"timestamp":1612561231,"path_taken":["M","?","?","M","?","E","M","E","T","M","R","?","M","M","R","BOSS","M","?","?","M","M","R","E"],"items_purchased_type":[],"build_version":"2020-12-22","purchased_purges":0,"victory":false,"max_hp_per_floor":[80,80,80,80,80,80,80,87,87,87,87,87,87,87,87,87,87,87,87,87,90,93,93,93,93],"card_choices":[{"not_picked":["Thunderclap","True Grit"],"picked":"Shrug It Off","floor":1},{"not_picked":["Second Wind","Disarm"],"picked":"Clothesline","floor":4},{"not_picked":["Ghostly Armor","True Grit"],"picked":"Brutality","floor":6},{"not_picked":["Perfected Strike","Armaments"],"picked":"Rampage","floor":7},{"not_picked":["Heavy Blade","Shrug It Off"],"picked":"Cleave","floor":8},{"not_picked":["Shrug It Off","True Grit"],"picked":"Battle Trance","floor":10},{"not_picked":["Flex","Entrench"],"picked":"Shrug It Off","floor":12},{"not_picked":["Sword Boomerang","Armaments","Havoc"],"picked":"SKIP","floor":13},{"not_picked":["Power Through","Armaments","Headbutt"],"picked":"SKIP","floor":14},{"not_picked":["Bludgeon","Berserk"],"picked":"Feed","floor":16},{"not_picked":["Rampage","Sword Boomerang+1"],"picked":"True Grit","floor":18},{"not_picked":["Entrench","Battle Trance"],"picked":"Carnage","floor":20},{"not_picked":["Evolve","Clothesline","Searing Blow+1"],"picked":"SKIP","floor":21},{"not_picked":["Blood for Blood","Anger+1","True Grit"],"picked":"SKIP","floor":22}],"player_experience":51800,"relics_obtained":[{"floor":6,"key":"TungstenRod"},{"floor":8,"key":"Strawberry"},{"floor":9,"key":"Peace Pipe"},{"floor":23,"key":"Matryoshka"}],"event_choices":[{"damage_healed":0,"gold_gain":0,"player_choice":"Success","damage_taken":3,"relics_obtained":["Shovel"],"max_hp_gain":0,"max_hp_loss":0,"event_name":"Scrap Ooze","floor":2,"gold_loss":0},{"cards_removed":["Strike_R"],"damage_healed":0,"gold_gain":0,"player_choice":"Card Removal","damage_taken":0,"max_hp_gain":0,"max_hp_loss":0,"event_name":"The Cleric","floor":3,"gold_loss":50},{"damage_healed":0,"gold_gain":0,"player_choice":"Bought 3 Potions","damage_taken":0,"max_hp_gain":0,"max_hp_loss":0,"event_name":"The Woman in Blue","floor":5,"gold_loss":0},{"damage_healed":0,"gold_gain":100,"player_choice":"Bet on Murderer","damage_taken":0,"max_hp_gain":0,"max_hp_loss":0,"event_name":"The Joust","floor":19,"gold_loss":50}],"is_beta":false,"boss_relics":[{"not_picked":["Black Blood","Mark of Pain"],"picked":"Sozu"}],"items_purged_floors":[],"is_endless":false,"potions_floor_spawned":[8,12,14,16,20,22],"killed_by":"Book of Stabbing","ascension_level":6}}