{"host":"aapp7ew3jk5k1bvd","time":1612536356,"event":{"mods":["AchievementEnabler","BaseMod","Colored Map","Minty Spire (QoL Compilation)","Permanent Neow","StSLib","SuperFastMode"],"gold_per_floor":[210,135,154,104,104,104,4,18,100,119,134,31,49,65,65,163,163,174,174,174,174,12,12,12,12,12,12,31,42,59,59,59,59,59],"floor_reached":33,"language":"KOR","playtime":573,"items_purged":["Defend_R","Strike_R","Strike_R"],"score":237,"play_id":"164fda1f-285b-4c34-9a93-446c7f7429cc","local_time":"20210205234556","is_ascension_mode":false,"campfire_choices":[{"data":"Twin Strike","floor":6.0,"key":"SMITH"},{"data":"Spot Weakness","floor":15.0,"key":"SMITH"},{"data":"Flex","floor":23,"key":"SMITH"},{"data":"Offering","floor":25,"key":"SMITH"},{"floor":32,"key":"REST"}],"circlet_count":0,"master_deck":["Strike_R","Strike_R+1","Strike_R","Defend_R","Defend_R","Bash+1","Twin Strike+1","Spot Weakness+1","Flex","Shrug It Off","Offering+1","Flex+1","Pummel","Flex+1"],"relics":["Burning Blood"],"acts_visited":["Exordium","TheCity"],"potions_floor_usage":[18,30],"damage_taken":[{"damage":3.0,"enemies":"Jaw Worm","floor":1.0,"turns":5.0},{"damage":11.0,"enemies":"2 Louse","floor":3.0,"turns":3.0},{"damage":0.0,"enemies":"Small Slimes","floor":8.0,"turns":2.0},{"damage":6.0,"enemies":"Exordium Wildlife","floor":10.0,"turns":3.0},{"damage":3.0,"enemies":"2 Fungi Beasts","floor":11.0,"turns":3.0},{"damage":10.0,"enemies":"Looter","floor":13.0,"turns":2.0},{"damage":0.0,"enemies":"3 Louse","floor":14.0,"turns":3.0},{"damage":38.0,"enemies":"Slime Boss","floor":16.0,"turns":9.0},{"damage":16,"enemies":"2 Thieves","floor":18,"turns":4},{"damage":6,"enemies":"3 Byrds","floor":28,"turns":4},{"damage":9,"enemies":"Snake Plant","floor":29,"turns":2},{"damage":21,"enemies":"Cultist and Chosen","floor":30,"turns":5},{"damage":36,"enemies":"Champ","floor":33,"turns":7}],"seed_played":"1280855610107683975","potions_obtained":[{"floor":10.0,"key":"Energy Potion"},{"floor":11.0,"key":"CultistPotion"},{"floor":13.0,"key":"Block Potion"},{"floor":28,"key":"Block Potion"},{"floor":30,"key":"Dexterity Potion"}],"is_trial":false,"path_per_floor":["M","$","M","?","?","R","$","M","T","M","M","$","M","M","R","B",null,"M","?","T","?","$","R","$","R","T","?","M","M","M","?","R","B"],"character_chosen":"IRONCLAD","items_purchased":["Flex","Shrug It Off","Pummel"],"campfire_rested":1,"item_purchase_floors":[12,12,22],"current_hp_per_floor":[80,80,75,75,59,59,59,65,65,65,68,68,64,70,70,38,80,70,70,70,55,55,55,55,55,55,55,55,52,37,37,62,26,26],"gold":59,"neow_bonus":"HUNDRED_GOLD","is_daily":false,"chose_seed":false,"campfire_upgraded":4,"win_rate":0.0,"timestamp":1612536356,"path_taken":["M","$","M","?","?","R","$","M","T","M","M","$","M","?","R","BOSS","BOSS","M","?","?","?","$","R","?","R","T","?","M","M","M","?","R","BOSS"],"items_purchased_type":["Card","Card","Card"],"build_version":"2020-12-22","purchased_purges":3,"victory":false,"max_hp_per_floor":[80,80,80,80,80,80,80,80,80,80,80,80,80,80,80,80,80,80,80,80,85,85,85,85,85,85,85,85,85,85,85,85,85,85],"card_choices":[{"not_picked":["Havoc","Entrench"],"picked":"Twin Strike","floor":1.0},{"not_picked":["Headbutt","Thunderclap","Armaments"],"picked":"SKIP","floor":3.0},{"not_picked":["Reckless Charge","Armaments"],"picked":"Spot Weakness","floor":8.0},{"not_picked":["Headbutt","Exhume","Clash"],"picked":"SKIP","floor":10.0},{"not_picked":["Iron Wave","Headbutt","Searing Blow"],"picked":"SKIP","floor":11.0},{"not_picked":["True Grit","Iron Wave","Wild Strike"],"picked":"SKIP","floor":13.0},{"not_picked":["Sever Soul","Burning Pact","Clothesline"],"picked":"SKIP","floor":14.0},{"not_picked":["Berserk","Double Tap"],"picked":"Offering","floor":16},{"not_picked":["Warcry","Clothesline+1"],"picked":"Flex","floor":18},{"not_picked":["Clothesline","Wild Strike+1","Thunderclap"],"picked":"SKIP","floor":28},{"not_picked":["Heavy Blade","Dropkick"],"picked":"Flex+1","floor":29},{"not_picked":["Perfected Strike+1","Headbutt+1","True Grit"],"picked":"SKIP","floor":30}],"player_experience":1323417,"relics_obtained":[],"event_choices":[{"cards_removed":["Defend_R"],"damage_healed":0.0,"max_hp_gain":0.0,"max_hp_loss":0.0,"gold_gain":0.0,"event_name":"The Cleric","player_choice":"Card Removal","floor":4.0,"gold_loss":50.0,"damage_taken":0.0},{"damage_healed":0.0,"max_hp_gain":0.0,"max_hp_loss":0.0,"gold_gain":0.0,"event_name":"Shining Light","player_choice":"Entered Light","floor":5.0,"gold_loss":0.0,"damage_taken":16.0,"cards_upgraded":["Strike_R","Bash"]},{"damage_healed":0,"gold_gain":0,"player_choice":"Ignored","damage_taken":0,"max_hp_gain":0,"max_hp_loss":0,"event_name":"Vampires","floor":19,"gold_loss":0},{"damage_healed":0,"gold_gain":0,"player_choice":"Shed Blood","damage_taken":20,"max_hp_gain":5,"max_hp_loss":0,"event_name":"Forgotten Altar","floor":21,"gold_loss":0},{"damage_healed":0,"gold_gain":0,"player_choice":"Ignored","damage_taken":0,"max_hp_gain":0,"max_hp_loss":0,"event_name":"Cursed Tome","floor":27,"gold_loss":0}],"is_beta":false,"boss_relics":[{"not_picked":["Velvet Choker","SacredBark","Empty Cage"]}],"items_purged_floors":[2,7,22],"is_endless":false,"potions_floor_spawned":[10,11,13,28,30],"killed_by":"Champ","ascension_level":0}}