{"host":"uhnh33uh34qot0et","time":1612487926,"event":{"mods":["BaseMod","Colored Map","Downfall","Hermit","Marisa????????","Minty Spire (QoL Compilation)","StSLib","The Bug Knight","The Cursed","The Servant 0.9.4"],"gold_per_floor":[99,117,267,280,291,316,342,342,367,367,383,401,401,414,434,434,434],"floor_reached":16,"language":"ENG","playtime":669,"items_purged":[],"score":114,"play_id":"6fbbb7ad-5d66-417d-a782-f38fccb1fcfd","local_time":"20210205021846","is_ascension_mode":false,"campfire_choices":[{"data":"hermit:Snapshot","floor":1,"key":"SMITH"},{"data":"hermit:GoldenBullet","floor":8,"key":"SMITH"},{"floor":13,"key":"REST"}],"circlet_count":0,"master_deck":["hermit:Strike_Hermit","hermit:Strike_Hermit","hermit:Strike_Hermit","hermit:Strike_Hermit","hermit:Defend_Hermit+1","hermit:Defend_Hermit+1","hermit:Defend_Hermit","hermit:Defend_Hermit","hermit:Snapshot+1","hermit:Covet","hermit:GhostlyPresence","downfall:Icky","hermit:FullyLoaded","hermit:GoldenBullet+1","hermit:Quickdraw","hermit:Headshot","Parasite","hermit:HighCaliber","hermit:GhostlyPresence","hermit:CursedWeapon","hermit:Headshot"],"relics":["hermit:Momento","War Paint","Oddly Smooth Stone","Ancient Tea Set"],"acts_visited":["Exordium"],"potions_floor_usage":[6,6,6,16,16],"damage_taken":[{"damage":0,"enemies":"2 Louse","floor":2,"turns":2},{"damage":2,"enemies":"Jaw Worm","floor":4,"turns":6},{"damage":7,"enemies":"Small Slimes","floor":5,"turns":3},{"damage":31,"enemies":"3 Sentries","floor":6,"turns":12},{"damage":41,"enemies":"Lagavulin","floor":9,"turns":10},{"damage":1,"enemies":"Exordium Thugs","floor":11,"turns":3},{"damage":4,"enemies":"3 Louse","floor":12,"turns":2},{"damage":0,"enemies":"Red Slaver","floor":14,"turns":2},{"damage":10,"enemies":"Exordium Thugs","floor":15,"turns":2},{"damage":43,"enemies":"WA_ARCHETYPE_RETAIN","floor":16,"turns":7}],"seed_played":"4883036217734514014","potions_obtained":[{"floor":2,"key":"FearPotion"},{"floor":4,"key":"Ancient Potion"},{"floor":5,"key":"EssenceOfSteel"},{"floor":12,"key":"Energy Potion"},{"floor":14,"key":"SpeedPotion"}],"is_trial":false,"path_per_floor":["R","M","?","M","M","E","T","R","E","?","M","M","R","M","M","B"],"character_chosen":"HERMIT","items_purchased":[],"campfire_rested":1,"item_purchase_floors":[],"current_hp_per_floor":[82,82,82,80,73,42,42,42,1,21,20,16,40,40,30,0,0],"gold":434,"neow_bonus":"TEN_PERCENT_HP_BONUS","is_daily":false,"chose_seed":false,"campfire_upgraded":2,"win_rate":0.0,"timestamp":1612487926,"path_taken":["R","M","?","M","M","E","T","R","E","?","M","M","R","M","M","BOSS"],"items_purchased_type":[],"build_version":"2020-12-22","purchased_purges":0,"victory":false,"max_hp_per_floor":[82,82,82,82,82,82,82,82,82,82,82,82,82,82,82,82,82],"card_choices":[{"not_picked":["hermit:EyeOfTheStorm","hermit:FlashPowder"],"picked":"hermit:GhostlyPresence","floor":2},{"not_picked":["hermit:Coalescence","hermit:BodyArmor"],"picked":"hermit:FullyLoaded","floor":4},{"not_picked":["hermit:GhostlyPresence","hermit:Enervate"],"picked":"hermit:GoldenBullet","floor":5},{"not_picked":["hermit:SprayPray","hermit:Dissolve"],"picked":"hermit:Quickdraw","floor":6},{"not_picked":["hermit:Enervate","hermit:Manifest"],"picked":"hermit:Headshot","floor":9},{"not_picked":["hermit:Feint","hermit:Enervate"],"picked":"hermit:HighCaliber","floor":11},{"not_picked":["hermit:HoleUp","hermit:Horror"],"picked":"hermit:GhostlyPresence","floor":12},{"not_picked":["hermit:Desperado","hermit:Combo"],"picked":"hermit:CursedWeapon","floor":14},{"not_picked":["hermit:Misfire","hermit:CalledShot"],"picked":"hermit:Headshot","floor":15}],"player_experience":7930,"relics_obtained":[{"floor":6,"key":"War Paint"},{"floor":7,"key":"Oddly Smooth Stone"},{"floor":9,"key":"Ancient Tea Set"}],"event_choices":[{"damage_healed":20,"gold_gain":0,"player_choice":"Healed and dodged fight","damage_taken":0,"max_hp_gain":0,"max_hp_loss":0,"event_name":"Mushrooms","floor":10,"gold_loss":0,"cards_obtained":["Parasite"]}],"is_beta":false,"boss_relics":[],"items_purged_floors":[],"is_endless":false,"potions_floor_spawned":[2,4,5,12,14],"killed_by":"WA_ARCHETYPE_RETAIN","ascension_level":0}}