{"host":"y9jgkjnf95sujozk","time":1612537915,"event":{"mods":["2.2 Compatiblity","AchievementEnabler","Act Like it!","BaseMod","BetterRewards","Block Reminder","Colored Map","Colored Powertips","Friendly Minions","Gensokyo","GifTheSpireLib","Hallownest","Hermit","Highlight Path","HololiveMod","Hubris","Infinite Spire","Jorbs\u0027s Wanderer Trilogy","Koishi","Marisa（霧雨　魔理沙）","Minty Spire (QoL Compilation)","Quick Restart","Random Character Button","Rare Cards Sparkle","Reimu（博??梦）","Remilia（蕾米莉?）","Replay The Spire","Shop Mod","StSLib","SuperFastMode","The Bug Knight","The Cursed","The Disciple","The Hierophant","The Jungle","The Poker Player","The Runesmith","The Senshi","The Servant 0.9.4"],"gold_per_floor":[110,110,110,20,30,30,65,65,65,79,95,22,22,32,32,131,131,73,48,63,73,73,73,96,126,126,126,126,145,145,165,165,263,263,277,291,309,184,207,247,247],"floor_reached":40,"language":"ENG","playtime":1533,"items_purged":[],"score":639,"play_id":"f21e1750-e2c4-49dd-8444-c86dd2790e78","local_time":"20210205161155","is_ascension_mode":true,"campfire_choices":[{"data":"CharismaGuard","floor":6,"key":"SMITH"},{"data":"VampireSweep","floor":8,"key":"SMITH"},{"floor":15,"key":"REST"},{"floor":23,"key":"REST"},{"floor":27,"key":"REST"},{"floor":30,"key":"REST"},{"data":"UnstableMagic","floor":32,"key":"SMITH"}],"circlet_count":0,"master_deck":["Strike_RM","Strike_RM","Strike_RM","Strike_RM","Defend_RM","Defend_RM+1","Defend_RM","Defend_RM","RedMoon","ScarletShoot","VampireClaw","Panache","NightDance","hubris:Insight","CharismaGuard+1","VampireSweep+1","StarOfDavid","CharismaGuard","VampireClaw","ReplayTheSpireMod:Private Reserves","VampireClaw","ReincarnationDial","TricksterDevil","VampireClaw","VampireKiss","NightDance","EmergencyRegeneration+1","UnstableMagic+1","BloodHunter+1","VampireKiss+1","ChaoticDestiny","ScarletDevilSign+1","ScarletImprint+1","FavorOfDestiny+1"],"relics":["ScarletHat","Thread and Needle","HandDrill","infinitespire:Beetle Shell","Hallownest:DreamNailRelic","hubris:MedicalManual","Quantum Egg","Replay:Bronze Core","Replay:Wax Seal","Red Mask","Bag of Marbles","Philosopher\u0027s Stone","Hallownest:SoulVesselRelic","ScarletDevilRocket"],"acts_visited":["Exordium","TheCity","TheCity"],"potions_floor_usage":[7,7,16,16,25,25,33,37,40,40,40],"damage_taken":[{"damage":0,"enemies":"Hallownest:2_Tiktiks_and_1_Crawlid","floor":1,"turns":4},{"damage":0,"enemies":"Hallownest:2_Baldur","floor":5,"turns":2},{"damage":0,"enemies":"Hallownest:eliteMossKnight","floor":7,"turns":6},{"damage":0,"enemies":"Hallownest:monsterHuskGuard","floor":10,"turns":3},{"damage":14,"enemies":"Hallownest:2_Tiktiks_1_Baldur_1_Crawlid","floor":11,"turns":7},{"damage":0,"enemies":"Hallownest:Wandering_and_Horned","floor":14,"turns":4},{"damage":1,"enemies":"Hallownest:BossBrokenVessel","floor":16,"turns":9},{"damage":0,"enemies":"2 Thieves","floor":18,"turns":6},{"damage":0,"enemies":"Shell Parasite","floor":20,"turns":7},{"damage":5,"enemies":"Chosen and Byrds","floor":21,"turns":9},{"damage":72,"enemies":"Masked Bandits","floor":25,"turns":6},{"damage":20,"enemies":"Cultist and Chosen","floor":29,"turns":8},{"damage":0,"enemies":"Shelled Parasite and Fungi","floor":31,"turns":4},{"damage":140,"enemies":"hubris:MusketHawk","floor":33,"turns":16},{"damage":23,"enemies":"Hallownest:3_Siblings","floor":35,"turns":10},{"damage":27,"enemies":"Hallownest:Shield_Heavy","floor":36,"turns":6},{"damage":41,"enemies":"Hallownest:2_Wing_and_1_Kings","floor":37,"turns":8},{"damage":145,"enemies":"Hallownest:BossGreyPrinceZote","floor":40,"turns":8}],"seed_played":"-3468897830784345995","potions_obtained":[{"floor":1,"key":"Energy Potion"},{"floor":5,"key":"DestinyDice"},{"floor":10,"key":"ZuzhouPotion:ReiMu"},{"floor":14,"key":"SkillPotion"},{"floor":18,"key":"SpeedPotion"},{"floor":20,"key":"DuplicationPotion"},{"floor":25,"key":"LiquidMemories"},{"floor":33,"key":"Ancient Potion"},{"floor":35,"key":"Weak Potion"},{"floor":36,"key":"EssenceOfSteel"},{"floor":37,"key":"DistilledChaos"}],"is_trial":false,"path_per_floor":["M","?","?","$","M","R","E","R","T","M","M","$","?","M","R","B",null,"M","$","M","M","?","R","T","?","T","R","?","M","R","M","R","B",null,"M","M","M","?","T","B"],"character_chosen":"REMILIA","items_purchased":["VampireClaw","HandDrill","infinitespire:Beetle Shell","Panache","hubris:Insight","VampireClaw","VampireKiss"],"campfire_rested":4,"item_purchase_floors":[0,0,0,0,4,12,19],"current_hp_per_floor":[75,75,75,75,75,75,75,75,75,75,61,61,61,62,75,75,75,75,75,75,73,73,78,78,30,30,53,53,58,78,78,78,14,78,68,60,52,52,52,0,0],"gold":247,"neow_bonus":"","is_daily":false,"chose_seed":false,"campfire_upgraded":3,"win_rate":0.0,"timestamp":1612537915,"path_taken":["M","?","?","$","M","R","E","R","T","?","M","?","?","M","R","BOSS","M","$","?","?","?","R","?","?","T","R","?","?","R","M","R","BOSS","M","?","M","?","?","BOSS"],"items_purchased_type":["Card","Relic","Relic","Card","Card","Card","Card"],"build_version":"2020-12-22","purchased_purges":0,"victory":false,"max_hp_per_floor":[75,75,75,75,75,75,75,75,75,75,75,75,75,75,75,75,75,75,75,75,78,78,78,78,78,78,78,78,78,78,78,78,78,78,81,81,81,81,81,81,81],"card_choices":[{"not_picked":["ScarletNetherworld","SuperhumanBloodyKnife"],"picked":"NightDance","floor":1},{"not_picked":["EndlessAdversity","UnderTheZenith"],"picked":"CharismaGuard","floor":5},{"not_picked":["SuperhumanBloodyKnife","RedMagic"],"picked":"VampireSweep","floor":7},{"not_picked":["CharismaGuard","FavorOfDestiny"],"picked":"StarOfDavid","floor":10},{"not_picked":["BlasphemousPunishment","LeisurelyOfLord"],"picked":"CharismaGuard","floor":11},{"not_picked":["Midas Touch","ReplayTheSpireMod:Trickstab"],"picked":"ReplayTheSpireMod:Private Reserves","floor":13},{"not_picked":["EmergencyRegeneration","BlasphemousPunishment"],"picked":"VampireClaw","floor":13},{"not_picked":["BombardNight","GlobalNightmare"],"picked":"ReincarnationDial","floor":14},{"not_picked":["ForecastOfChange","ScarletCoffin"],"picked":"TricksterDevil","floor":16},{"not_picked":["BloodyMagicSquare","RedRainbow+1"],"picked":"VampireClaw","floor":18},{"not_picked":["EmergencyRegeneration","ScarletNetherworld"],"picked":"NightDance","floor":20},{"not_picked":["FavorOfDestiny","EndlessAdversity"],"picked":"EmergencyRegeneration+1","floor":21},{"not_picked":["CharismaGuard","BlasphemousPunishment"],"picked":"UnstableMagic","floor":25},{"not_picked":["UnderTheZenith","EndlessAdversity+1"],"picked":"BloodHunter+1","floor":29},{"not_picked":["DiffusionOfMisfortune","UnderTheZenith+1"],"picked":"VampireKiss+1","floor":31},{"not_picked":["BloodyHallows","ForecastOfChange"],"picked":"ChaoticDestiny","floor":33},{"not_picked":["Stigmanizer+1","ForbiddenFruit+1"],"picked":"ScarletDevilSign+1","floor":35},{"not_picked":["LeisurelyOfLord+1","EternalNight"],"picked":"ScarletImprint+1","floor":36},{"not_picked":["BadLadyScramble+1","RedNightlessCastle+1"],"picked":"FavorOfDestiny+1","floor":37}],"player_experience":127125,"relics_obtained":[{"floor":7,"key":"hubris:MedicalManual"},{"floor":9,"key":"Quantum Egg"},{"floor":24,"key":"Replay:Wax Seal"},{"floor":25,"key":"Red Mask"},{"floor":26,"key":"Bag of Marbles"},{"floor":39,"key":"ScarletDevilRocket"}],"event_choices":[{"damage_healed":0,"gold_gain":0,"player_choice":"Fought Bandits","damage_taken":0,"max_hp_gain":0,"max_hp_loss":0,"event_name":"Masked Bandits","floor":25,"gold_loss":0},{"damage_healed":0,"gold_gain":0,"player_choice":"Ignored","damage_taken":0,"max_hp_gain":0,"max_hp_loss":0,"event_name":"Purifier","floor":28,"gold_loss":0}],"is_beta":false,"boss_relics":[{"not_picked":["hubris:CrackedHourglass","hubris:ScarierMask"],"picked":"Replay:Bronze Core"},{"not_picked":["Calling Bell","Ring of Chaos"],"picked":"Philosopher\u0027s Stone"}],"items_purged_floors":[],"is_endless":false,"potions_floor_spawned":[1,5,10,14,18,20,25,33,35,36,37],"killed_by":"Hallownest:BossGreyPrinceZote","ascension_level":1}}