{"host":"vddnn8yddbh0df4g","time":1612484866,"event":{"mods":["Act Like it!","BaseMod","Beaked The Cultist","Bestiary","Downfall","Minty Spire (QoL Compilation)","Shop Mod","StSLib","SuperFastMode"],"gold_per_floor":[99,99,99,99,99,129,154,164,198,98,124,124,158,308,323,425,425,425,443,443,282,282,46,72,72,152,168,68,68,68,131,141,269,269,269,288,308,308,56,89,113,113,169,169,217,217,117,152,171,171,171,171],"floor_reached":50,"language":"ENG","playtime":2541,"items_purged":["sneckomod:MixItUp","sneckomod:Strike"],"score":770,"play_id":"1e61a507-3b32-4330-97e8-c57822e58ae0","local_time":"20210204192746","is_ascension_mode":true,"campfire_choices":[{"data":"sneckomod:SnekBite","floor":1.0,"key":"SMITH"},{"data":"sneckomod:TailWhip","floor":10.0,"key":"SMITH"},{"data":"sneckomod:UnknownUncommonPower","floor":12.0,"key":"SMITH"},{"data":"sneckomod:UnknownRarePower","floor":18.0,"key":"SMITH"},{"data":"sneckomod:CheapStock","floor":25.0,"key":"SMITH"},{"data":"sneckomod:Memorize","floor":28.0,"key":"SMITH"},{"data":"sneckomod:UnknownRarePower","floor":35.0,"key":"SMITH"},{"floor":44.0,"key":"RECALL"},{"floor":47.0,"key":"REST"}],"circlet_count":0,"master_deck":["sneckomod:Strike","sneckomod:Defend","sneckomod:Defend","sneckomod:Defend","sneckomod:TailWhip+1","sneckomod:SnekBite+1","sneckomod:Unknown","sneckomod:SoulDraw","sneckomod:UnknownUncommonPower+1","sneckomod:UnknownVulnerable","sneckomod:DiceCrush","sneckomod:SlitherStrike","sneckomod:MorePower","sneckomod:UnknownExhaust+1","sneckomod:MasterEye+1","sneckomod:UnknownStrength","sneckomod:UnknownStrength+1","sneckomod:UnknownColorless+1","sneckomod:CheapStock+1","sneckomod:SnakeSap","sneckomod:UnknownRareAttack+1","Echo Form+1","BattleHymn+1","sneckomod:SnakeSap","sneckomod:QuickMove","sneckomod:UnknownBoss+1","sneckomod:UnknownRarePower+1","Wireheading","sneckomod:WideSting+1","sneckomod:UnknownRarePower+1","sneckomod:DefensiveFlair+1","expansioncontent:Chronoboost","sneckomod:UnknownRareSkill+1","sneckomod:UnknownStrength+1","sneckomod:CheapStock","Echo Form+1","sneckomod:SoulCleanse","MasterReality","Parasite","sneckomod:TrashToTreasure","bronze:FunctionCard"],"relics":["sneckomod:SuperSneckoSoul","downfall:HeartsMalice","downfall:ShatteredFragment","Pen Nib","beaked:ShinyBauble","downfall:HeartBlessingGreen","Darkstone Periapt","Anchor","Sozu","Enchiridion","Bag of Preparation","downfall:HeartBlessingBlue","MutagenicStrength","InkBottle","MerchantsRug","Medical Kit","Strawberry","Vajra","Blue Candle","sneckomod:LoadedDie","Peace Pipe","downfall:HeartBlessingRed"],"acts_visited":["Exordium","TheCity","TheBeyond"],"potions_floor_usage":[],"damage_taken":[{"damage":0.0,"enemies":"Jaw Worm","floor":2.0,"turns":1.0},{"damage":0.0,"enemies":"2 Louse","floor":3.0,"turns":1.0},{"damage":0.0,"enemies":"Small Slimes","floor":4.0,"turns":1.0},{"damage":19.0,"enemies":"Lagavulin","floor":6.0,"turns":5.0},{"damage":9.0,"enemies":"Blue Slaver","floor":8.0,"turns":3.0},{"damage":3.0,"enemies":"Gremlin Nob","floor":9.0,"turns":3.0},{"damage":0.0,"enemies":"Lagavulin","floor":11.0,"turns":4.0},{"damage":12.0,"enemies":"3 Sentries","floor":13.0,"turns":4.0},{"damage":1.0,"enemies":"Large Slime","floor":15.0,"turns":6.0},{"damage":23.0,"enemies":"SI_SHIV_ARCHETYPE","floor":16.0,"turns":7.0},{"damage":0.0,"enemies":"Chosen","floor":19.0,"turns":4.0},{"damage":0.0,"enemies":"downfall:FleeingMerchant","floor":21.0,"turns":4.0},{"damage":0.0,"enemies":"downfall:FleeingMerchant","floor":23.0,"turns":4.0},{"damage":0.0,"enemies":"downfall:FleeingMerchant","floor":26.0,"turns":1.0},{"damage":5.0,"enemies":"Snake Plant","floor":27.0,"turns":4.0},{"damage":28.0,"enemies":"Gremlin Leader","floor":31.0,"turns":7.0},{"damage":0.0,"enemies":"Centurion and Healer","floor":32.0,"turns":3.0},{"damage":37.0,"enemies":"DF_ARCHETYPE_CLAW","floor":33.0,"turns":6.0},{"damage":0.0,"enemies":"Orb Walker","floor":36.0,"turns":3.0},{"damage":11.0,"enemies":"3 Darklings","floor":37.0,"turns":4.0},{"damage":70.0,"enemies":"Nemesis","floor":40.0,"turns":7.0},{"damage":0.0,"enemies":"Giant Head","floor":43.0,"turns":5.0},{"damage":28.0,"enemies":"2 Orb Walkers","floor":45.0,"turns":3.0},{"damage":13.0,"enemies":"Writhing Mass","floor":48.0,"turns":5.0},{"damage":7.0,"enemies":"Maw","floor":49.0,"turns":5.0},{"damage":60,"enemies":"IC_BLOCK_ARCHETYPE","floor":50,"turns":7}],"seed_played":"5065127798930261203","potions_obtained":[{"floor":8.0,"key":"FearPotion"},{"floor":9.0,"key":"hexamod:SoulburnPotion"},{"floor":11.0,"key":"EssenceOfSteel"}],"is_trial":false,"path_per_floor":["R","M","M","M","?","E","T","M","E","R","E","R","E","?","M","B",null,"R","M","?","$","?","$","T","R","$","M","R","?","R","E","M","B",null,"R","M","M","?","$","E","T","?","E","R","?","?","R","M","M","B"],"character_chosen":"THE_SNECKO","items_purchased":["sneckomod:UnknownStrength","Bag of Preparation","sneckomod:CheapStock","Lee\u0027s Waffle","MerchantsRug","Medical Kit"],"campfire_rested":1,"item_purchase_floors":[21,23,23,26,39,39],"current_hp_per_floor":[90,90,90,90,69,50,50,41,38,38,38,38,26,32,31,8,96,96,96,96,96,80,80,80,80,103,98,108,108,108,86,86,49,113,113,113,102,102,102,39,39,34,34,34,6,6,42,35,38,0,0,0],"gold":171,"neow_bonus":"THREE_ENEMY_KILL","is_daily":false,"chose_seed":false,"campfire_upgraded":7,"win_rate":0.0,"timestamp":1612484866,"path_taken":["R","M","M","M","?","E","T","M","E","R","E","R","E","?","M","BOSS","R","M","?","$","?","$","T","R","$","M","R","?","R","E","M","BOSS","R","M","M","?","$","E","T","?","E","R","?","?","R","M","M","BOSS"],"items_purchased_type":["Card","Relic","Card","Relic","Relic","Relic"],"build_version":"2020-12-22","purchased_purges":2,"victory":false,"max_hp_per_floor":[90,90,90,90,90,90,90,90,90,90,90,90,90,96,96,96,96,96,96,96,96,96,96,96,96,103,103,113,113,113,113,113,113,113,113,113,113,113,113,120,120,120,120,120,120,120,120,126,126,126,126,126],"card_choices":[{"not_picked":["sneckomod:UnknownCommonSkill","sneckomod:WideSting"],"picked":"sneckomod:SoulDraw","floor":2.0},{"not_picked":["sneckomod:QuickBite","sneckomod:SoulCleanse"],"picked":"sneckomod:UnknownUncommonPower","floor":3.0},{"not_picked":["sneckomod:UnknownUncommonAttack","sneckomod:UnknownCommonAttack"],"picked":"sneckomod:UnknownVulnerable","floor":4.0},{"not_picked":["sneckomod:Unknown2Cost","sneckomod:Mudshield"],"picked":"sneckomod:DiceCrush","floor":6.0},{"not_picked":["sneckomod:UnknownBlock","sneckomod:SoulDraw","sneckomod:Unknown2Cost"],"picked":"SKIP","floor":8.0},{"not_picked":["sneckomod:UnknownDraw","sneckomod:Unknown1Cost"],"picked":"sneckomod:UnknownUncommonPower","floor":9.0},{"not_picked":["sneckomod:Unknown1Cost","sneckomod:ImprovisedGuard"],"picked":"sneckomod:SlitherStrike","floor":11.0},{"not_picked":["sneckomod:DiceCrush","sneckomod:UnknownUncommonPower"],"picked":"sneckomod:MixItUp","floor":13.0},{"not_picked":["sneckomod:UnknownClassTHE_BRONZE_AUTOMATON","sneckomod:DiceCrush"],"picked":"sneckomod:MorePower","floor":15.0},{"not_picked":["sneckomod:UnknownDraw+1","sneckomod:UnknownVulnerable+1"],"picked":"sneckomod:UnknownExhaust+1","floor":16.0},{"not_picked":["sneckomod:UnknownBoss","sneckomod:DangerNoodle"],"picked":"sneckomod:UnknownRarePower","floor":16.0},{"not_picked":["sneckomod:UnknownBlock","sneckomod:Unknown1Cost"],"picked":"sneckomod:UnknownClassPURPLE+1","floor":19.0},{"not_picked":["sneckomod:TrashToTreasure","sneckomod:UnknownDexterity"],"picked":"sneckomod:MasterEye+1","floor":21.0},{"not_picked":["sneckomod:UnknownStrike+1","sneckomod:UnknownExhaust+1"],"picked":"sneckomod:UnknownStrength+1","floor":23.0},{"not_picked":["sneckomod:UnknownDexterity","sneckomod:SlitherStrike"],"picked":"sneckomod:UnknownColorless+1","floor":23.0},{"not_picked":["sneckomod:UnknownCommonSkill","sneckomod:ImprovisedGuard"],"picked":"sneckomod:SnakeSap","floor":26.0},{"not_picked":["sneckomod:Unknown3Cost+1","sneckomod:UnknownExhaust+1"],"picked":"sneckomod:UnknownRareAttack+1","floor":27.0},{"not_picked":["sneckomod:UnknownClassPURPLE","sneckomod:UnknownVulnerable"],"picked":"sneckomod:Memorize","floor":27.0},{"not_picked":["sneckomod:UnknownColorless","sneckomod:DiceCrush"],"picked":"sneckomod:SnakeSap","floor":31.0},{"not_picked":["sneckomod:UnknownColorless+1","sneckomod:UnknownUncommonSkill+1"],"picked":"sneckomod:Unknown3Cost+1","floor":32.0},{"not_picked":["sneckomod:UnknownCommonSkill","sneckomod:ImprovisedGuard"],"picked":"sneckomod:QuickMove","floor":32.0},{"not_picked":["sneckomod:UnknownStrength+1","sneckomod:UnknownUncommonAttack+1"],"picked":"sneckomod:UnknownBoss+1","floor":33.0},{"not_picked":["sneckomod:SoulExchange","sneckomod:GlitteringGambit"],"picked":"sneckomod:UnknownRarePower","floor":33.0},{"not_picked":["sneckomod:UnknownClassTHE_BRONZE_AUTOMATON","sneckomod:DiceCrush+1"],"picked":"sneckomod:WideSting+1","floor":36.0},{"not_picked":["sneckomod:UnknownRareAttack+1","sneckomod:UnknownBlock+1"],"picked":"sneckomod:UnknownRarePower+1","floor":37.0},{"not_picked":["sneckomod:UnknownClassBLUE+1","sneckomod:UnknownBlock"],"picked":"sneckomod:DefensiveFlair+1","floor":37.0},{"not_picked":["expansioncontent:YouAreMine","expansioncontent:GuardianWhirl"],"picked":"expansioncontent:Chronoboost","floor":38.0},{"not_picked":["sneckomod:UnknownUncommonAttack+1","sneckomod:UnknownClassTHE_BRONZE_AUTOMATON+1"],"picked":"sneckomod:UnknownRareSkill+1","floor":40.0},{"not_picked":["sneckomod:DangerNoodle","sneckomod:UnknownStrike+1","sneckomod:DiceCrush"],"picked":"SKIP","floor":40.0},{"not_picked":["sneckomod:UnknownClassBLUE+1","sneckomod:UnknownUncommonAttack+1"],"picked":"sneckomod:UnknownStrength+1","floor":43.0},{"not_picked":["sneckomod:UnknownClassTHE_BRONZE_AUTOMATON","sneckomod:UnknownClassBLUE+1"],"picked":"sneckomod:CheapStock","floor":43.0},{"not_picked":["sneckomod:SnekBeam+1","sneckomod:IronFang"],"picked":"sneckomod:SoulCleanse","floor":45.0},{"not_picked":["sneckomod:UnknownClassPURPLE+1","sneckomod:UnknownBlock"],"picked":"sneckomod:TrashToTreasure","floor":48.0},{"not_picked":["sneckomod:Memorize","sneckomod:UnknownDraw+1","sneckomod:QuickBite"],"picked":"SKIP","floor":49.0}],"player_experience":681676,"relics_obtained":[{"floor":6.0,"key":"Pen Nib"},{"floor":7.0,"key":"Boot"},{"floor":9.0,"key":"beaked:ShinyBauble"},{"floor":11.0,"key":"Darkstone Periapt"},{"floor":13.0,"key":"Anchor"},{"floor":22.0,"key":"Enchiridion"},{"floor":31.0,"key":"InkBottle"},{"floor":40.0,"key":"Strawberry"},{"floor":41.0,"key":"Vajra"},{"floor":43.0,"key":"sneckomod:LoadedDie"},{"floor":45.0,"key":"Peace Pipe"}],"event_choices":[{"damage_healed":0.0,"max_hp_gain":0.0,"max_hp_loss":0.0,"gold_gain":0.0,"event_name":"Drug Dealer","player_choice":"Inject Mutagens","floor":29.0,"gold_loss":0.0,"damage_taken":0.0,"relics_obtained":["MutagenicStrength"]},{"damage_healed":0.0,"max_hp_gain":0.0,"max_hp_loss":0.0,"gold_gain":0.0,"event_name":"Mysterious Sphere","player_choice":"Fight","floor":45.0,"gold_loss":0.0,"damage_taken":0.0},{"cards_removed":["sneckomod:Strike"],"damage_healed":0.0,"max_hp_gain":0.0,"max_hp_loss":0.0,"gold_gain":0.0,"event_name":"Falling","player_choice":"Removed Attack","floor":46.0,"gold_loss":0.0,"damage_taken":0.0}],"is_beta":false,"boss_relics":[{"not_picked":["Tiny House","Velvet Choker"],"picked":"Sozu"},{"not_picked":["Pandora\u0027s Box","Philosopher\u0027s Stone"],"picked":"sneckomod:SuperSneckoSoul"}],"items_purged_floors":[21,26],"is_endless":false,"potions_floor_spawned":[8,9,11,19,27,31,36,45],"killed_by":"IC_BLOCK_ARCHETYPE","ascension_level":1}}