{"host":"vumwfieg2b2mnrfl","time":1612501793,"event":{"mods":["AchievementEnabler","BaseMod","Minty Spire (QoL Compilation)","Rare Cards Sparkle","Relic Stats"],"gold_per_floor":[110,122,47,47,65,97,97,97,123,173,173,194,215,255,255,353,353,353,353,353,353,353,353,353],"floor_reached":23,"language":"ENG","playtime":862,"items_purged":["Regret"],"score":402,"play_id":"5d4c13d3-28b2-46ff-95fa-49bb015cebb9","local_time":"20210204230953","is_ascension_mode":true,"campfire_choices":[{"floor":7,"key":"REST"},{"data":"Barricade","floor":11,"key":"SMITH"},{"floor":15,"key":"REST"}],"circlet_count":0,"master_deck":["AscendersBane","Strike_R","Strike_R+1","Strike_R","Strike_R","Strike_R","Defend_R","Defend_R","Defend_R","Defend_R+1","Bash","Battle Trance","Disarm","Flame Barrier","Barricade+1","Battle Trance","Inflame","Demon Form","Armaments"],"relics":["Burning Blood","Charon\u0027s Ashes","Omamori","Golden Idol","Potion Belt","Ancient Tea Set","Ectoplasm"],"acts_visited":["Exordium","TheCity"],"potions_floor_usage":[13,18,22,23],"damage_taken":[{"damage":9,"enemies":"Small Slimes","floor":1,"turns":4},{"damage":10,"enemies":"2 Louse","floor":2,"turns":3},{"damage":4,"enemies":"Cultist","floor":5,"turns":3},{"damage":15,"enemies":"3 Sentries","floor":6,"turns":6},{"damage":18,"enemies":"Lots of Slimes","floor":12,"turns":5},{"damage":0,"enemies":"Looter","floor":13,"turns":3},{"damage":44,"enemies":"Gremlin Nob","floor":14,"turns":6},{"damage":13,"enemies":"The Guardian","floor":16,"turns":24},{"damage":16,"enemies":"Shell Parasite","floor":18,"turns":9},{"damage":28,"enemies":"Spheric Guardian","floor":19,"turns":8},{"damage":64,"enemies":"Snecko","floor":22,"turns":12},{"damage":21,"enemies":"Slavers","floor":23,"turns":1}],"seed_played":"-6502474054734836515","potions_obtained":[{"floor":2,"key":"Fire Potion"},{"floor":5,"key":"Dexterity Potion"},{"floor":14,"key":"Dexterity Potion"},{"floor":18,"key":"FairyPotion"},{"floor":19,"key":"FearPotion"}],"is_trial":false,"path_per_floor":["M","M","$","?","M","E","R","?","T","?","R","M","M","E","R","B",null,"M","M","?","?","M","E"],"character_chosen":"IRONCLAD","items_purchased":[],"campfire_rested":2,"item_purchase_floors":[],"current_hp_per_floor":[65,61,61,38,40,31,53,53,53,53,53,41,47,9,31,24,62,52,30,30,30,10,0,0],"gold":353,"neow_bonus":"ONE_RARE_RELIC","is_daily":false,"chose_seed":false,"campfire_upgraded":1,"win_rate":0.0,"timestamp":1612501793,"path_taken":["M","M","$","?","M","E","R","?","T","?","R","?","M","E","R","BOSS","M","?","?","?","M","E"],"items_purchased_type":[],"build_version":"2020-12-22","purchased_purges":1,"victory":false,"max_hp_per_floor":[75,75,75,75,75,75,75,75,75,75,75,75,75,75,75,75,75,75,75,75,75,75,75,75],"relic_stats":{"counters":[12,84],"Golden Idol":48,"Charon\u0027s Ashes":[108],"Ectoplasm":108,"obtain_stats":[{"Potion Belt":9,"Golden Idol":8,"Charon\u0027s Ashes":0,"Ectoplasm":17,"Omamori":6,"Ancient Tea Set":14,"Burning Blood":0},{"Potion Belt":4,"Golden Idol":4,"Charon\u0027s Ashes":0,"Ectoplasm":8,"Omamori":4,"Ancient Tea Set":7,"Burning Blood":0},{"Potion Belt":16,"Golden Idol":16,"Charon\u0027s Ashes":0,"Ectoplasm":54,"Omamori":16,"Ancient Tea Set":30,"Burning Blood":0}],"Burning Blood":66},"card_choices":[{"not_picked":["Pommel Strike","Clash"],"picked":"Battle Trance","floor":1},{"not_picked":["Flex","Pommel Strike"],"picked":"Disarm","floor":2},{"not_picked":["Heavy Blade","Warcry"],"picked":"Flame Barrier","floor":5},{"not_picked":["Entrench","Feel No Pain"],"picked":"Barricade","floor":6},{"not_picked":["Body Slam","Flex"],"picked":"Battle Trance","floor":12},{"not_picked":["Evolve","Intimidate","Havoc"],"picked":"SKIP","floor":13},{"not_picked":["Sword Boomerang","Barricade"],"picked":"Inflame","floor":14},{"not_picked":["Corruption","Offering"],"picked":"Demon Form","floor":16},{"not_picked":["Shockwave","True Grit+1"],"picked":"Armaments","floor":18},{"not_picked":["Fire Breathing","Wild Strike","Rage"],"picked":"SKIP","floor":19},{"not_picked":["Seeing Red","Metallicize","Bloodletting"],"picked":"SKIP","floor":22}],"player_experience":527799,"relics_obtained":[{"floor":6,"key":"Omamori"},{"floor":9,"key":"Potion Belt"},{"floor":14,"key":"Ancient Tea Set"}],"event_choices":[{"damage_healed":0,"gold_gain":0,"player_choice":"Entered Light","damage_taken":23,"max_hp_gain":0,"max_hp_loss":0,"event_name":"Shining Light","floor":4,"gold_loss":0,"cards_upgraded":["Defend_R","Strike_R"]},{"damage_healed":0,"gold_gain":0,"player_choice":"Take Wound","damage_taken":0,"relics_obtained":["Golden Idol"],"max_hp_gain":0,"max_hp_loss":0,"event_name":"Golden Idol","floor":8,"gold_loss":0,"cards_obtained":["Injury"]},{"damage_healed":0,"gold_gain":50,"player_choice":"Pray","damage_taken":0,"max_hp_gain":0,"max_hp_loss":0,"event_name":"Golden Shrine","floor":10,"gold_loss":0},{"damage_healed":0,"gold_gain":0,"player_choice":"Ignored","damage_taken":0,"max_hp_gain":0,"max_hp_loss":0,"event_name":"Ghosts","floor":20,"gold_loss":0},{"damage_healed":0,"gold_gain":50,"player_choice":"Stole From Cult","damage_taken":0,"max_hp_gain":0,"max_hp_loss":0,"event_name":"Nest","floor":21,"gold_loss":0}],"is_beta":false,"boss_relics":[{"not_picked":["Astrolabe","Black Star"],"picked":"Ectoplasm"}],"items_purged_floors":[3],"is_endless":false,"potions_floor_spawned":[2,5,6,14,18,19],"killed_by":"Slavers","ascension_level":20}}