{"host":"tpad8qsc9e0g0pa5","time":1612509788,"event":{"mods":["BaseMod","Minty Spire (QoL Compilation)","Quick Restart","StSLib","The Cursed"],"gold_per_floor":[114,114,114,2,2,44,73,96,169,169,119,164,191,216,216,216,216],"floor_reached":16,"language":"ZHS","playtime":1666,"items_purged":["Defend_G"],"score":155,"play_id":"f5355552-6d25-481a-8803-1f636fba466b","local_time":"20210205152308","is_ascension_mode":true,"campfire_choices":[{"data":"Calculated Gamble","floor":15,"key":"SMITH"}],"circlet_count":0,"master_deck":["Strike_G","Strike_G","Defend_G","Defend_G","Defend_G","Defend_G","Survivor","Neutralize","Quick Slash","Calculated Gamble+1","Backflip","Escape Plan","Heel Hook","Bullet Time","Heel Hook+1"],"relics":["Ring of the Snake","NeowsBlessing","Golden Idol","CeramicFish","Molten Egg 2","Toy Ornithopter"],"acts_visited":["Exordium"],"potions_floor_usage":[12,12,16],"damage_taken":[{"damage":0,"enemies":"2 Louse","floor":1,"turns":1},{"damage":0,"enemies":"Lagavulin","floor":6,"turns":1},{"damage":0,"enemies":"Small Slimes","floor":7,"turns":1},{"damage":1,"enemies":"Jaw Worm","floor":8,"turns":3},{"damage":12,"enemies":"3 Sentries","floor":12,"turns":9},{"damage":0,"enemies":"Looter","floor":13,"turns":3},{"damage":0,"enemies":"3 Louse","floor":14,"turns":4},{"damage":42,"enemies":"Hexaghost","floor":16,"turns":12}],"seed_played":"375019026435829588","potions_obtained":[{"floor":1,"key":"Explosive Potion"},{"floor":6,"key":"ColorlessPotion"},{"floor":13,"key":"Weak Potion"}],"is_trial":false,"path_per_floor":["M","?","?","$","?","E","M","M","T","?","?","E","M","M","R","B"],"character_chosen":"THE_SILENT","items_purchased":["Calculated Gamble"],"campfire_rested":0,"item_purchase_floors":[4],"current_hp_per_floor":[70,75,68,68,50,50,50,49,49,49,49,37,37,37,37,0,0],"gold":216,"neow_bonus":"THREE_ENEMY_KILL","is_daily":false,"chose_seed":false,"campfire_upgraded":1,"win_rate":0.0,"timestamp":1612509788,"path_taken":["M","?","?","?","?","E","M","M","T","?","?","E","M","M","R","BOSS"],"items_purchased_type":["Card"],"build_version":"2020-12-22","purchased_purges":1,"victory":false,"max_hp_per_floor":[70,75,75,75,75,75,75,75,75,75,75,75,75,75,75,75,75],"card_choices":[{"not_picked":["Distraction","Outmaneuver"],"picked":"Quick Slash","floor":1},{"not_picked":["Distraction","Deflect"],"picked":"Backflip","floor":6},{"not_picked":["Outmaneuver","Endless Agony"],"picked":"Escape Plan","floor":7},{"not_picked":["Underhanded Strike","Tactician"],"picked":"Heel Hook","floor":8},{"not_picked":["Backstab+1","Dagger Throw+1"],"picked":"Bullet Time","floor":12},{"not_picked":["Bane+1","Dash+1"],"picked":"Heel Hook+1","floor":13},{"not_picked":["Poisoned Stab+1","Deadly Poison","Catalyst"],"picked":"SKIP","floor":14}],"player_experience":250185,"relics_obtained":[{"floor":6,"key":"CeramicFish"},{"floor":9,"key":"Molten Egg 2"},{"floor":12,"key":"Toy Ornithopter"}],"event_choices":[{"damage_healed":0,"gold_gain":0,"player_choice":"Donut","damage_taken":0,"max_hp_gain":5,"max_hp_loss":0,"event_name":"Big Fish","floor":2,"gold_loss":0},{"cards_removed":["Strike_G"],"damage_healed":0,"gold_gain":0,"player_choice":"Card Removal","damage_taken":7,"max_hp_gain":0,"max_hp_loss":0,"event_name":"Golden Wing","floor":3,"gold_loss":0},{"damage_healed":0,"gold_gain":0,"player_choice":"Take Damage","damage_taken":18,"relics_obtained":["Golden Idol"],"max_hp_gain":0,"max_hp_loss":0,"event_name":"Golden Idol","floor":5,"gold_loss":0},{"cards_removed":["Strike_G"],"damage_healed":0,"gold_gain":0,"player_choice":"Forget","damage_taken":0,"max_hp_gain":0,"max_hp_loss":0,"event_name":"Living Wall","floor":10,"gold_loss":0},{"cards_removed":["Strike_G"],"damage_healed":0,"gold_gain":0,"player_choice":"Card Removal","damage_taken":0,"max_hp_gain":0,"max_hp_loss":0,"event_name":"The Cleric","floor":11,"gold_loss":50}],"is_beta":false,"boss_relics":[],"items_purged_floors":[4],"is_endless":false,"potions_floor_spawned":[1,6,13],"killed_by":"Hexaghost","ascension_level":3}}