{"host":"vp4kanoy3sgrizh7","time":1612494575,"event":{"mods":["100% Spire Juice","ATMod(阿瑾Mod)","Act Like it!","Arknights","BaseMod","Downfall","Energized Spire","Gensokyo","GungeonMod","Hermit","HumanHunterMod(怪物杀人mod)","Minty Spire (QoL Compilation)","MostiFishMod","Pale of the Ancients","Reliquary","Replay The Spire","RumiaBox-露米娅的神秘盒子","Shop Mod","StSLib","The Cursed","The Hierophant","The Mystic","The Poker Player","Warlord Emblem","[IsaacMod]以撒尖塔","noobMod","【功能Mod】聪明的最终Boss","【遗物卡牌】REMEMod"],"gold_per_floor":[114,133,152,169,182,182,207,207,207,227,244,279,279,297,297,399,399,418,418,431,356,356],"floor_reached":21,"language":"ZHS","playtime":1428,"items_purged":[],"score":320,"play_id":"1e053cfe-389e-4dc0-a3aa-1ea8b8e1901f","local_time":"20210205110935","is_ascension_mode":false,"campfire_choices":[{"data":"AT_RealColorLess","floor":6,"key":"SMITH"},{"data":"DevaForm","floor":13,"key":"SMITH"},{"data":"AT_IrregularMenstruation","floor":15,"key":"SMITH"}],"circlet_count":0,"master_deck":["Strike_P","Strike_P","Defend_P","Defend_P","Defend_P","Defend_P","Eruption","Vigilance","AT_RealColorLess+1","BloodyBrimstone","DevaForm+1","Indignation","PathToVictory","Adaptation","PathToVictory","Crescendo","Replay:Vibes","MostiFishMod:Dust","MostiFishMod:Speedup"],"relics":["PureWater","ice","HushsDoor","PatriotShield","Void","SynthV:TestCard","AT_BladeRuinedKing","SoulBox"],"acts_visited":["Exordium","TheCity"],"potions_floor_usage":[16,16],"damage_taken":[{"damage":0,"enemies":"Cultist","floor":1,"turns":1},{"damage":0,"enemies":"Small Slimes","floor":2,"turns":1},{"damage":0,"enemies":"2 Louse","floor":3,"turns":1},{"damage":0,"enemies":"Lots of Slimes","floor":4,"turns":6},{"damage":0,"enemies":"Red Slaver","floor":5,"turns":2},{"damage":19,"enemies":"Lagavulin","floor":7,"turns":3},{"damage":0,"enemies":"2 Fungi Beasts","floor":10,"turns":3},{"damage":0,"enemies":"Exordium Thugs","floor":11,"turns":3},{"damage":0,"enemies":"Gremlin Nob","floor":12,"turns":2},{"damage":47,"enemies":"Exordium Wildlife","floor":14,"turns":6},{"damage":0,"enemies":"Slime Boss","floor":16,"turns":6},{"damage":6,"enemies":"Chosen","floor":18,"turns":4},{"damage":22,"enemies":"3 Byrds","floor":20,"turns":4},{"damage":23,"enemies":"Hiden Room Battle","floor":21,"turns":2}],"seed_played":"-8324225031149768224","potions_obtained":[{"floor":3,"key":"Fire Potion"},{"floor":7,"key":"Elixir"},{"floor":11,"key":"Energy Potion"},{"floor":16,"key":"bronze:BurnAndBuffPotion"}],"is_trial":false,"path_per_floor":["M","M","M","M","M","R","E","?","T","M","M","E","R","M","R","B",null,"M","?","M","?"],"character_chosen":"WATCHER","items_purchased":[],"campfire_rested":0,"item_purchase_floors":[],"current_hp_per_floor":[72,72,72,72,72,72,53,53,53,53,53,53,53,6,6,73,75,69,69,47,9,9],"gold":356,"neow_bonus":"THREE_ENEMY_KILL","is_daily":false,"chose_seed":false,"campfire_upgraded":3,"win_rate":0.0,"timestamp":1612494575,"path_taken":["M","M","M","M","M","R","E","?","T","M","M","E","R","M","R","BOSS","M","?","M","?"],"items_purchased_type":[],"build_version":"2020-12-22","purchased_purges":0,"victory":false,"max_hp_per_floor":[72,72,72,72,72,72,72,72,72,72,72,72,72,72,72,75,75,90,90,117,125,125],"card_choices":[{"not_picked":[],"picked":"BloodyBrimstone","floor":0},{"not_picked":["CutThroughFate","Replay:DivineShield"],"picked":"Indignation","floor":1},{"not_picked":["Crescendo","Perseverance","MostiFishMod:Clarity","SashWhip","AT_DivineConfetti"],"picked":"SKIP","floor":2},{"not_picked":["Replay:AtTheReady","Replay:ManipulateFuture","SandsOfTime","Wallop"],"picked":"PathToVictory","floor":3},{"not_picked":["Crescendo","EmptyBody","Evaluate","CutThroughFate"],"picked":"Adaptation","floor":4},{"not_picked":["Bomb","Consecrate","Replay:BluntJabs","Swivel"],"picked":"PathToVictory","floor":5},{"not_picked":["Wallop","AT_SoftenMuscles","DeceiveReality","SashWhip","Fasting2"],"picked":"SKIP","floor":7},{"not_picked":["MostiFishMod:ScryFuture","SashWhip","REME_Repentance","Replay:AtTheReady"],"picked":"InnerPeace","floor":10},{"not_picked":["REME_Repentance","Replay:BluntJabs","EmptyBody","CutThroughFate"],"picked":"Crescendo","floor":11},{"not_picked":["Vengeance","EmptyFist","Protect","CutThroughFate"],"picked":"Replay:Vibes","floor":12},{"not_picked":["Bomb","JustLucky","Indignation","Collect"],"picked":"AT_IrregularMenstruation","floor":14},{"not_picked":["Brilliance","MostiFishMod:OutWit","MostiFishMod:StarLaLaLa","MostiFishMod:StarHerder"],"picked":"MostiFishMod:Dust","floor":16},{"not_picked":["FlyingSleeves+1","Halt","FlurryOfBlows","Replay:BluntJabs+1"],"picked":"MostiFishMod:Speedup","floor":18},{"not_picked":["Evaluate","Halt+1","Replay:ManipulateFuture","FlurryOfBlows","AT_RealFormLess"],"picked":"SKIP","floor":20}],"player_experience":46583,"relics_obtained":[{"floor":1,"key":"SynthV:TestCard"},{"floor":1,"key":"Baka"},{"floor":7,"key":"Toy Ornithopter"},{"floor":9,"key":"AT_BladeRuinedKing"},{"floor":12,"key":"InkBottle"}],"event_choices":[{"damage_healed":0,"gold_gain":0,"player_choice":"Fight","damage_taken":0,"max_hp_gain":0,"max_hp_loss":0,"event_name":"HidenRoomEvent","floor":21,"gold_loss":0}],"is_beta":false,"boss_relics":[{"not_picked":["Cursed Key","energizedSpire:DeadBattery"],"picked":"SoulBox"},{"not_picked":[]}],"items_purged_floors":[],"is_endless":false,"potions_floor_spawned":[3,7,11,12,14,16],"killed_by":"Hiden Room Battle","ascension_level":0}}