{"host":"rgy6n2eoa9ji6d0c","time":1612519023,"event":{"mods":["BaseMod","Colored Map","Colored Powertips","Downfall","Minty Spire (QoL Compilation)","Quick Restart","Relic Sorter","StSLib"],"gold_per_floor":[99,99,99,118,130,61,87,87,162,192,205,215,215,243,253,350,350,350,365,365,383,383,412,412,439,456,472,472,489,489,523,546,658,658,358,377,392,311,411,441,441,441,480,494,494,494,67,94,108,108,108,152,27,27,27,27],"floor_reached":57,"language":"ENG","playtime":2907,"items_purged":["Slimebound:Strike_Slimebound","Slimebound:Tackle","downfall:Bewildered"],"score":1771,"play_id":"c59d7113-b8ee-48d2-b4e8-d2e2a7f3038c","local_time":"20210205105703","is_ascension_mode":true,"campfire_choices":[{"floor":1.0,"key":"RECALL"},{"data":"Slimebound:FirmFortitude","floor":13.0,"key":"SMITH"},{"data":"Slimebound:LevelUp","floor":18.0,"key":"SMITH"},{"data":"Slimebound:LevelUp","floor":28.0,"key":"SMITH"},{"data":"Slimebound:MassRepurpose","floor":35.0,"key":"SMITH"},{"data":"Slimebound:SplitAcid","floor":42.0,"key":"SMITH"},{"data":"Slimebound:SplitAcid","floor":46.0,"key":"SMITH"},{"data":"Slimebound:SplitAcid","floor":54.0,"key":"SMITH"}],"circlet_count":0,"master_deck":["Slimebound:Strike_Slimebound+1","Slimebound:Strike_Slimebound+1","Slimebound:Defend_Slimebound","Slimebound:Defend_Slimebound","Slimebound:Defend_Slimebound+1","Slimebound:Defend_Slimebound","Slimebound:Split+1","Slimebound:CorrosiveSpit+1","Slimebound:RainOfGoop","Slimebound:SplitBruiser","Slimebound:FirmFortitude+1","Slimebound:SplitBruiser","Slimebound:SplitAcid+1","Slimebound:SplitAcid+1","Slimebound:LevelUp+1","Slimebound:SplitAcid+1","Slimebound:LevelUp+1","Slimebound:SplitBruiser","Slimebound:SelfFormingGoo+1","Slimebound:SplitMire","Slimebound:SamplingLick+1","Slimebound:DuplicatedForm+1","Slimebound:MassRepurpose+1","Slimebound:SplitBruiser","Slimebound:SelfFormingGoo+1","Slimebound:SplitBruiser","Slimebound:HauntingLick+1","Slimebound:HauntingLick+1","Slimebound:SplitAcid+1","Slimebound:Repurpose+1"],"relics":["Black Star","Guardian:PocketSentry","CaptainsWheel","Gremlin Horn","Anchor","SlaversCollar","sneckomod:BabySnecko","Enchiridion","Juzu Bracelet","Frozen Egg 2","Incense Burner","Shuriken","Boot","CeramicFish","Busted Crown","downfall:HeartBlessingRed","downfall:HeartBlessingGreen","downfall:HeartBlessingBlue","Pantograph","FossilizedHelix","Slimebound:AggressiveSlimeRelic","Slimebound:SlimedSkullRelic","Question Card","Du-Vu Doll","ClockworkSouvenir","Pear","Meat on the Bone","Vajra","White Beast Statue","Strange Spoon"],"acts_visited":["Exordium","TheCity","TheBeyond","TheEnding"],"potions_floor_usage":[56,56,56],"damage_taken":[{"damage":0.0,"enemies":"Small Slimes","floor":4.0,"turns":3.0},{"damage":5.0,"enemies":"2 Louse","floor":5.0,"turns":2.0},{"damage":8.0,"enemies":"downfall:FleeingMerchant","floor":6.0,"turns":4.0},{"damage":23.0,"enemies":"3 Sentries","floor":10.0,"turns":4.0},{"damage":0.0,"enemies":"Cultist","floor":11.0,"turns":2.0},{"damage":0.0,"enemies":"3 Louse","floor":12.0,"turns":1.0},{"damage":3.0,"enemies":"Lagavulin","floor":14.0,"turns":3.0},{"damage":0.0,"enemies":"Large Slime","floor":15.0,"turns":3.0},{"damage":10.0,"enemies":"DF_ARCHETYPE_STREAMLINE","floor":16.0,"turns":6.0},{"damage":0.0,"enemies":"Chosen","floor":19.0,"turns":4.0},{"damage":0.0,"enemies":"3 Byrds","floor":21.0,"turns":3.0},{"damage":5.0,"enemies":"Book of Stabbing","floor":23.0,"turns":4.0},{"damage":20.0,"enemies":"Slavers","floor":25.0,"turns":2.0},{"damage":0.0,"enemies":"3 Cultists","floor":26.0,"turns":2.0},{"damage":0.0,"enemies":"Snecko","floor":27.0,"turns":4.0},{"damage":0.0,"enemies":"Snake Plant","floor":29.0,"turns":3.0},{"damage":11.0,"enemies":"Book of Stabbing","floor":31.0,"turns":4.0},{"damage":8.0,"enemies":"Centurion and Healer","floor":32.0,"turns":4.0},{"damage":0.0,"enemies":"IC_MUSHROOM_ARCHETYPE","floor":33.0,"turns":4.0},{"damage":0.0,"enemies":"Orb Walker","floor":36.0,"turns":2.0},{"damage":0.0,"enemies":"3 Shapes","floor":37.0,"turns":3.0},{"damage":15.0,"enemies":"downfall:FleeingMerchant","floor":38.0,"turns":4.0},{"damage":28.0,"enemies":"Giant Head","floor":40.0,"turns":7.0},{"damage":0.0,"enemies":"Reptomancer","floor":43.0,"turns":4.0},{"damage":6.0,"enemies":"3 Darklings","floor":44.0,"turns":3.0},{"damage":0.0,"enemies":"downfall:FleeingMerchant","floor":47.0,"turns":2.0},{"damage":0.0,"enemies":"Transient","floor":48.0,"turns":5.0},{"damage":0.0,"enemies":"Sphere and 2 Shapes","floor":49.0,"turns":3.0},{"damage":4.0,"enemies":"SI_POISON_ARCHETYPE","floor":50.0,"turns":6.0},{"damage":49.0,"enemies":"downfall:CharBossMerchant","floor":52.0,"turns":7.0},{"damage":39.0,"enemies":"downfall:NeowBoss","floor":55.0,"turns":10.0},{"damage":65,"enemies":"downfall:NeowBossFinal","floor":56,"turns":9}],"seed_played":"-1436266746788431299","potions_obtained":[{"floor":5.0,"key":"Fire Potion"},{"floor":11.0,"key":"Slimebound:SpawnSlimePotion"},{"floor":12.0,"key":"BlessingOfTheForge"},{"floor":15.0,"key":"ColorlessPotion"},{"floor":32.0,"key":"Energy Potion"},{"floor":33.0,"key":"Slimebound:SlimedPotion"},{"floor":44.0,"key":"BlessingOfTheForge"}],"is_trial":false,"path_per_floor":["R","?","?","M","M","$","T","?","?","E","M","M","R","E","M","B",null,"R","M","?","M","?","E","T","E","M","M","R","M","?","E","M","B",null,"R","M","M","$","?","E","T","R","E","M","T","R","$","M","M","B",null,"E","$","R","B","B",null],"character_chosen":"SLIMEBOUND","items_purchased":["Slimebound:SplitBruiser","ClockworkSouvenir","Pear","Meat on the Bone"],"campfire_rested":0,"item_purchase_floors":[6,47,47,47],"current_hp_per_floor":[65,65,65,65,60,52,52,57,57,34,34,34,34,31,31,21,70,70,70,70,70,54,49,49,44,44,44,44,44,44,33,25,25,70,80,80,80,80,80,67,67,67,67,61,61,61,71,71,71,86,90,68,68,68,66,37],"gold":27,"neow_bonus":"BOSS_RELIC","is_daily":false,"chose_seed":false,"campfire_upgraded":7,"win_rate":0.0,"timestamp":1612519023,"path_taken":["R","?","?","?","M","$","T","?","?","E","M","M","R","E","M","BOSS","R","M","?","M","?","E","T","E","M","M","R","M","?","E","M","BOSS","R","M","M","?","?","E","T","R","E","M","?","R","$","M","M","BOSS","E","$","R","BOSS","BOSS"],"items_purchased_type":["Card","Relic","Relic","Relic"],"build_version":"2020-12-22","purchased_purges":3,"victory":true,"max_hp_per_floor":[65,65,65,65,65,65,65,70,70,70,70,70,70,70,70,70,70,70,70,70,70,70,70,70,70,70,70,70,70,70,70,70,70,70,80,80,80,80,80,80,80,80,80,80,80,80,90,90,90,90,90,90,90,90,90,90],"card_choices":[{"not_picked":["Slimebound:LeechingTouch","Slimebound:LeechEnergy"],"picked":"Slimebound:RainOfGoop","floor":4.0},{"not_picked":["Slimebound:Chomp","Slimebound:ItLooksTasty"],"picked":"Slimebound:SplitBruiser","floor":5.0},{"not_picked":["Slimebound:HauntingLick","Slimebound:GoopSpray"],"picked":"Slimebound:FirmFortitude","floor":6.0},{"not_picked":["Slimebound:HauntingLick","Slimebound:Schlurp"],"picked":"Slimebound:SplitAcid","floor":10.0},{"not_picked":["Slimebound:Prepare","Slimebound:GoopSpray"],"picked":"Slimebound:SplitAcid","floor":11.0},{"not_picked":["Slimebound:SplitLeeching","Slimebound:SamplingLick"],"picked":"Slimebound:LevelUp","floor":12.0},{"not_picked":["Slimebound:SplitBruiser","Slimebound:LeechEnergy"],"picked":"Slimebound:SplitAcid","floor":14.0},{"not_picked":["Slimebound:SamplingLick","Slimebound:SlimeSpikes"],"picked":"Slimebound:LevelUp","floor":15.0},{"not_picked":["Slimebound:Prepare+1","Slimebound:LeechEnergy","Slimebound:LeechingTouch"],"picked":"SKIP","floor":19.0},{"not_picked":["Slimebound:DisruptingSlam+1","Slimebound:FinishingTackle"],"picked":"Slimebound:SplitBruiser","floor":21.0},{"not_picked":["Slimebound:LeechingTouch","Slimebound:FlameTackle","Slimebound:RollThrough"],"picked":"SKIP","floor":23.0},{"not_picked":["Slimebound:TongueLash","Slimebound:BestDefense+1"],"picked":"Slimebound:SelfFormingGoo+1","floor":25.0},{"not_picked":["Slimebound:Replication","Slimebound:LivingWall"],"picked":"Slimebound:SplitMire","floor":26.0},{"not_picked":["Slimebound:HauntingLick","Slimebound:MegaLick"],"picked":"Slimebound:SamplingLick+1","floor":27.0},{"not_picked":["Slimebound:RejuvenatingLick","Slimebound:DuplicatedForm+1","Slimebound:FormOfPuddle"],"picked":"SKIP","floor":29.0},{"not_picked":["Slimebound:Schlurp","Slimebound:SlimeSpikes"],"picked":"Slimebound:MassRepurpose","floor":31.0},{"not_picked":["Slimebound:ForwardTackle","Slimebound:HauntingLick"],"picked":"Slimebound:SplitBruiser","floor":32.0},{"not_picked":["Slimebound:FirmFortitude","Slimebound:LeechLife"],"picked":"Slimebound:SelfFormingGoo+1","floor":33.0},{"not_picked":["Slimebound:LeechEnergy"],"picked":"SKIP","floor":36.0},{"not_picked":["Slimebound:LeechEnergy+1"],"picked":"SKIP","floor":37.0},{"not_picked":[],"picked":"Slimebound:SplitBruiser","floor":38.0},{"not_picked":["Slimebound:GrowthPunch"],"picked":"SKIP","floor":40.0},{"not_picked":[],"picked":"Slimebound:HauntingLick+1","floor":43.0},{"not_picked":["Slimebound:Equalize","Slimebound:ComboTackle+1"],"picked":"SKIP","floor":44.0},{"not_picked":["Slimebound:DisruptingSlam"],"picked":"Slimebound:HauntingLick+1","floor":47.0},{"not_picked":["Slimebound:Replication"],"picked":"Slimebound:SplitAcid+1","floor":48.0},{"not_picked":["Slimebound:SlimeSpikes+1","Slimebound:LivingWall"],"picked":"SKIP","floor":49.0},{"not_picked":["Slimebound:GrowthPunch"],"picked":"Slimebound:Repurpose+1","floor":52.0}],"player_experience":1518706,"relics_obtained":[{"floor":7.0,"key":"Guardian:PocketSentry"},{"floor":10.0,"key":"CaptainsWheel"},{"floor":10.0,"key":"Gremlin Horn"},{"floor":14.0,"key":"War Paint"},{"floor":14.0,"key":"Anchor"},{"floor":22.0,"key":"Enchiridion"},{"floor":23.0,"key":"Juzu Bracelet"},{"floor":23.0,"key":"Frozen Egg 2"},{"floor":25.0,"key":"Incense Burner"},{"floor":25.0,"key":"Shuriken"},{"floor":31.0,"key":"Boot"},{"floor":31.0,"key":"CeramicFish"},{"floor":40.0,"key":"Pantograph"},{"floor":40.0,"key":"FossilizedHelix"},{"floor":41.0,"key":"Slimebound:AggressiveSlimeRelic"},{"floor":43.0,"key":"Slimebound:SlimedSkullRelic"},{"floor":43.0,"key":"Question Card"},{"floor":45.0,"key":"Du-Vu Doll"},{"floor":52.0,"key":"Vajra"},{"floor":52.0,"key":"White Beast Statue"}],"event_choices":[{"damage_healed":0.0,"max_hp_gain":5.0,"max_hp_loss":0.0,"gold_gain":0.0,"event_name":"Big Fish","player_choice":"Donut","floor":8.0,"gold_loss":0.0,"damage_taken":0.0}],"is_beta":false,"boss_relics":[{"not_picked":["bronze:MakeshiftBattery","Fusion Hammer"],"picked":"SlaversCollar"},{"not_picked":["Pandora\u0027s Box","Calling Bell"],"picked":"Busted Crown"}],"items_purged_floors":[38,47,53],"is_endless":false,"potions_floor_spawned":[5,11,12,15,21,26,27,32,33,40,44,48],"ascension_level":1}}