{"host":"vyrim7c8c6ucsmzk","time":1612490008,"event":{"mods":["BaseMod","Colored Map","Downfall","Minty Spire (QoL Compilation)","StSLib"],"gold_per_floor":[349,349,367,37,55,55,55,65,65,77,252,262,162,162,177,177,177,177],"floor_reached":16,"language":"ENG","playtime":925,"items_purged":["Guardian:Strike_Guardian"],"score":117,"play_id":"7bc616a1-f95f-4697-b1c8-a9a973e3a50c","local_time":"20210204205328","is_ascension_mode":false,"campfire_choices":[{"data":"Guardian:TwinSlam","floor":1,"key":"SMITH"},{"data":"Guardian:RefractedBeam","floor":6,"key":"SMITH"},{"data":"Guardian:RefractedBeam+1","floor":13,"key":"SMITH"}],"circlet_count":0,"master_deck":["Guardian:Strike_Guardian","Guardian:Strike_Guardian","Guardian:Strike_Guardian","Guardian:Defend_Guardian","Guardian:Defend_Guardian","Guardian:Defend_Guardian","Guardian:Defend_Guardian","Guardian:CurlUp","Guardian:TwinSlam+1","Guardian:VentSteam","Guardian:TimeBomb","Guardian:RefractedBeam+2","Guardian:DonusPower","Guardian:BaubleBeam","Guardian:ShieldCharger"],"relics":["Guardian:ModeShifter","Omamori","Potion Belt","downfall:HeartBlessingBlue","Question Card"],"acts_visited":["Exordium"],"potions_floor_usage":[10,12,16],"damage_taken":[{"damage":0,"enemies":"Small Slimes","floor":3,"turns":3},{"damage":10,"enemies":"downfall:FleeingMerchant","floor":4,"turns":4},{"damage":11,"enemies":"Jaw Worm","floor":5,"turns":2},{"damage":0,"enemies":"2 Louse","floor":8,"turns":2},{"damage":8,"enemies":"Lots of Slimes","floor":10,"turns":4},{"damage":0,"enemies":"Large Slime","floor":12,"turns":2},{"damage":8,"enemies":"Exordium Wildlife","floor":15,"turns":4},{"damage":29,"enemies":"IC_STATUS_ARCHETYPE","floor":16,"turns":10}],"seed_played":"-6692932370564079566","potions_obtained":[{"floor":5,"key":"SteroidPotion"},{"floor":8,"key":"Guardian:DefensiveModePotion"},{"floor":10,"key":"Block Potion"}],"is_trial":false,"path_per_floor":["R","?","M","$","M","R","T","M","?","M","?","M","R","T","M","B"],"character_chosen":"GUARDIAN","items_purchased":["Guardian:Gem_Red","Omamori","Guardian:RefractedBeam"],"campfire_rested":0,"item_purchase_floors":[4,4,4],"current_hp_per_floor":[56,61,61,51,40,40,40,40,28,20,20,20,30,30,22,0,0,0],"gold":177,"neow_bonus":"TWO_FIFTY_GOLD","is_daily":false,"chose_seed":false,"campfire_upgraded":3,"win_rate":0.0,"timestamp":1612490008,"path_taken":["R","?","M","$","M","R","T","M","?","M","?","M","R","?","M","BOSS"],"items_purchased_type":["Card","Relic","Card"],"build_version":"2020-12-22","purchased_purges":1,"victory":false,"max_hp_per_floor":[80,85,85,85,85,85,85,85,85,85,85,85,95,95,95,95,95,95],"card_choices":[{"not_picked":["Guardian:CrystalBeam","Guardian:ArmoredProtocol"],"picked":"Guardian:VentSteam","floor":3},{"not_picked":["Guardian:PrimingBeam","Guardian:BronzeOrb"],"picked":"Guardian:TimeBomb","floor":4},{"not_picked":["Guardian:Incinerate","Guardian:Gem_Green"],"picked":"Guardian:DonusPower","floor":5},{"not_picked":["Guardian:DonusPower","Guardian:GuardianWhirl"],"picked":"Guardian:BaubleBeam","floor":8},{"not_picked":["Guardian:Suspension","Guardian:Planning"],"picked":"Guardian:Gem_Blue","floor":10},{"not_picked":["Guardian:RollAttack","Guardian:PrismaticBeam","Guardian:ChargeCore"],"picked":"SKIP","floor":12},{"not_picked":["Guardian:WalkerClaw","Guardian:Gem_Lightblue","Guardian:StasisStrike"],"picked":"Guardian:ShieldCharger","floor":15}],"player_experience":1346245,"relics_obtained":[{"floor":14,"key":"Question Card"}],"event_choices":[{"damage_healed":0,"gold_gain":0,"player_choice":"Donut","damage_taken":0,"max_hp_gain":5,"max_hp_loss":0,"event_name":"Big Fish","floor":2,"gold_loss":0},{"damage_healed":0,"gold_gain":0,"player_choice":"Success","damage_taken":12,"relics_obtained":["Potion Belt"],"max_hp_gain":0,"max_hp_loss":0,"event_name":"Scrap Ooze","floor":9,"gold_loss":0}],"is_beta":false,"boss_relics":[],"items_purged_floors":[4],"is_endless":false,"potions_floor_spawned":[5,8,10],"killed_by":"IC_STATUS_ARCHETYPE","ascension_level":0}}