{"host":"6r762osam2bvfm66","time":1612568952,"event":{"mods":["BaseMod","Colored Map","Minty Spire (QoL Compilation)"],"gold_per_floor":[111,124,135,146,162,190,140,123,123,48,48,79,90,165,165,165,165],"floor_reached":16,"language":"ENG","playtime":809,"items_purged":["Strike_R"],"score":148,"play_id":"803ef296-9b6a-4b2b-8a82-5ce0692eb370","local_time":"20210205174912","is_ascension_mode":true,"campfire_choices":[{"data":"Double Tap","floor":11,"key":"SMITH"},{"data":"Rupture","floor":15,"key":"SMITH"}],"circlet_count":0,"master_deck":["Strike_R","Strike_R","Strike_R","Defend_R","Defend_R","Defend_R","Defend_R","Bash","Double Tap+1","Heavy Blade","Battle Trance","Pommel Strike","Clothesline","Rupture+1"],"relics":["Burning Blood","Oddly Smooth Stone","Question Card","Tiny Chest"],"acts_visited":["Exordium"],"potions_floor_usage":[6,12,16,16],"damage_taken":[{"damage":8,"enemies":"2 Louse","floor":1,"turns":4},{"damage":4,"enemies":"Jaw Worm","floor":2,"turns":4},{"damage":10,"enemies":"Small Slimes","floor":3,"turns":4},{"damage":12,"enemies":"Looter","floor":4,"turns":4},{"damage":11,"enemies":"Blue Slaver","floor":5,"turns":5},{"damage":36,"enemies":"Gremlin Nob","floor":6,"turns":4},{"damage":11,"enemies":"Exordium Thugs","floor":8,"turns":4},{"damage":18,"enemies":"3 Sentries","floor":12,"turns":9},{"damage":0,"enemies":"Looter","floor":13,"turns":4},{"damage":19,"enemies":"Hexaghost","floor":16,"turns":9}],"seed_played":"3209759447471069811","potions_obtained":[{"floor":4,"key":"PowerPotion"},{"floor":5,"key":"EssenceOfSteel"},{"floor":6,"key":"EssenceOfSteel"},{"floor":13,"key":"Strength Potion"}],"is_trial":false,"path_per_floor":["M","M","M","M","M","E","?","M","T","$","R","E","M","?","R","B"],"character_chosen":"IRONCLAD","items_purchased":[],"campfire_rested":0,"item_purchase_floors":[],"current_hp_per_floor":[70,72,68,62,57,27,27,22,22,22,22,10,16,16,16,0,0],"gold":165,"neow_bonus":"ONE_RANDOM_RARE_CARD","is_daily":false,"chose_seed":false,"campfire_upgraded":2,"win_rate":0.0,"timestamp":1612568952,"path_taken":["M","M","M","M","M","E","?","M","T","$","R","E","M","?","R","BOSS"],"items_purchased_type":[],"build_version":"2020-12-22","purchased_purges":1,"victory":false,"max_hp_per_floor":[80,80,80,80,80,80,80,80,80,80,80,80,80,80,80,80,80],"card_choices":[{"not_picked":["Clash","Flex","Burning Pact"],"picked":"SKIP","floor":1},{"not_picked":["Havoc","Iron Wave"],"picked":"Heavy Blade","floor":2},{"not_picked":["Armaments","Flex"],"picked":"Battle Trance","floor":3},{"not_picked":["Blood for Blood","Havoc","Body Slam"],"picked":"SKIP","floor":4},{"not_picked":["Armaments","Iron Wave"],"picked":"Pommel Strike","floor":5},{"not_picked":["Dual Wield","Berserk","Heavy Blade"],"picked":"SKIP","floor":6},{"not_picked":["Flex","Iron Wave"],"picked":"Clothesline","floor":8},{"not_picked":["Evolve","Heavy Blade","Dual Wield","Pummel"],"picked":"SKIP","floor":12},{"not_picked":["Whirlwind","Warcry","Metallicize"],"picked":"Rupture","floor":13}],"player_experience":53940,"relics_obtained":[{"floor":6,"key":"Oddly Smooth Stone"},{"floor":9,"key":"Question Card"},{"floor":12,"key":"Tiny Chest"}],"event_choices":[{"cards_removed":["Strike_R"],"damage_healed":0,"gold_gain":0,"player_choice":"Card Removal","damage_taken":0,"max_hp_gain":0,"max_hp_loss":0,"event_name":"The Cleric","floor":7,"gold_loss":50},{"damage_healed":0,"gold_gain":75,"player_choice":"Gained Gold","damage_taken":0,"max_hp_gain":0,"max_hp_loss":0,"event_name":"Golden Wing","floor":14,"gold_loss":0}],"is_beta":false,"boss_relics":[],"items_purged_floors":[10],"is_endless":false,"potions_floor_spawned":[4,5,6,13],"killed_by":"Hexaghost","ascension_level":6}}