{"host":"gknpnudn4hog7rzv","time":1612560071,"event":{"mods":["BaseMod","BetterRewards","Downfall","Hermit","Minty Spire (QoL Compilation)","Robot Space Explorer","StSLib","The Bug Knight"],"gold_per_floor":[110,185,185,200,211,211,211,211,211,227,227,244,275,287,287,386,386,402,501,519,533,40,74,74,86,138,53,70,101,34,47,47,47,47],"floor_reached":33,"language":"ENG","playtime":1097,"items_purged":[],"score":373,"play_id":"68529782-e8af-49d2-9843-5719f978038e","local_time":"20210205142111","is_ascension_mode":true,"campfire_choices":[{"data":"RobotSpaceExplorer:StarDust","floor":6,"key":"SMITH"},{"data":"RobotSpaceExplorer:Probe","floor":8,"key":"SMITH"},{"floor":11,"key":"REST"},{"floor":15,"key":"REST"},{"floor":24,"key":"REST"},{"floor":32,"key":"REST"}],"circlet_count":0,"master_deck":["RobotSpaceExplorer:Strike","RobotSpaceExplorer:Strike","RobotSpaceExplorer:Strike","RobotSpaceExplorer:Strike","RobotSpaceExplorer:Defend","RobotSpaceExplorer:Defend","RobotSpaceExplorer:Defend","RobotSpaceExplorer:Defend","RobotSpaceExplorer:Scan","RobotSpaceExplorer:MiniLasers+1","RobotSpaceExplorer:Probe+1","RobotSpaceExplorer:StarDust+1","RobotSpaceExplorer:GlueShot","RobotSpaceExplorer:ScrapMissile","CurseOfTheBell","RobotSpaceExplorer:MiniDrones","RobotSpaceExplorer:FreezeRay+1","RobotSpaceExplorer:Pulsar+1","RobotSpaceExplorer:StunGrenade","RobotSpaceExplorer:ShovelStrike","RobotSpaceExplorer:StarDust+1","RobotSpaceExplorer:StunGrenade+1"],"relics":["RobotSpaceExplorer:RoboCore","Oddly Smooth Stone","Nunchaku","Calling Bell","Boot","Frozen Egg 2","Du-Vu Doll","Anchor","Kunai","FossilizedHelix","Centennial Puzzle","Sundial","Akabeko"],"acts_visited":["Exordium","TheCity"],"potions_floor_usage":[5,12,13,14,21,23,23,23,33],"damage_taken":[{"damage":2,"enemies":"Jaw Worm","floor":1,"turns":3},{"damage":5,"enemies":"Small Slimes","floor":4,"turns":3},{"damage":0,"enemies":"2 Louse","floor":5,"turns":2},{"damage":24,"enemies":"Gremlin Gang","floor":10,"turns":5},{"damage":0,"enemies":"Blue Slaver","floor":12,"turns":3},{"damage":8,"enemies":"Lagavulin","floor":13,"turns":5},{"damage":30,"enemies":"2 Fungi Beasts","floor":14,"turns":4},{"damage":0,"enemies":"Slime Boss","floor":16,"turns":8},{"damage":12,"enemies":"2 Thieves","floor":18,"turns":4},{"damage":14,"enemies":"Chosen","floor":20,"turns":5},{"damage":16,"enemies":"Sentry and Sphere","floor":21,"turns":5},{"damage":6,"enemies":"Gremlin Leader","floor":23,"turns":6},{"damage":16,"enemies":"Snake Plant","floor":25,"turns":4},{"damage":3,"enemies":"Shelled Parasite and Fungi","floor":28,"turns":6},{"damage":20,"enemies":"Slavers","floor":29,"turns":5},{"damage":0,"enemies":"Cultist and Chosen","floor":31,"turns":5},{"damage":59,"enemies":"Collector","floor":33,"turns":6}],"seed_played":"8594262022055484282","potions_obtained":[{"floor":4,"key":"Regen Potion"},{"floor":10,"key":"SkillPotion"},{"floor":12,"key":"hexamod:SoulburnPotion"},{"floor":13,"key":"Weak Potion"},{"floor":18,"key":"BlessingOfTheForge"},{"floor":21,"key":"Weak Potion"},{"floor":31,"key":"RobotSpaceExplorer:RecyclePotion"}],"is_trial":false,"path_per_floor":["M","?","?","M","M","R","?","R","T","M","R","M","E","M","R","B",null,"M","?","M","M","$","E","R","M","T","?","M","E","$","M","R","B"],"character_chosen":"RobotSpaceExplorer","items_purchased":["Anchor","Kunai","Energy Potion","Fire Potion","RobotSpaceExplorer:StarDust+1"],"campfire_rested":4,"item_purchase_floors":[22,22,22,22,30],"current_hp_per_floor":[73,62,62,57,66,66,66,66,66,42,64,64,56,26,48,48,75,63,63,49,33,33,27,49,33,33,33,30,10,10,10,32,0,0],"gold":47,"neow_bonus":"THREE_CARDS","is_daily":false,"chose_seed":false,"campfire_upgraded":2,"win_rate":0.0,"timestamp":1612560071,"path_taken":["M","?","?","M","M","R","?","R","T","M","R","M","E","?","R","BOSS","M","?","M","M","$","E","R","M","T","?","M","E","$","M","R","BOSS"],"items_purchased_type":["Relic","Relic","Potion","Potion","Card"],"build_version":"2020-12-22","purchased_purges":0,"victory":false,"max_hp_per_floor":[75,75,75,75,75,75,75,75,75,75,75,75,75,75,75,75,75,75,75,75,75,75,75,75,75,75,75,75,75,75,75,75,75,75],"card_choices":[{"not_picked":["RobotSpaceExplorer:SwiftStep","RobotSpaceExplorer:FranticSearch"],"picked":"RobotSpaceExplorer:Probe","floor":0},{"not_picked":["RobotSpaceExplorer:Fix","RobotSpaceExplorer:GearShield","RobotSpaceExplorer:FranticSearch"],"picked":"SKIP","floor":1},{"not_picked":["RobotSpaceExplorer:BigMissile","RobotSpaceExplorer:Calculate"],"picked":"RobotSpaceExplorer:StarDust","floor":4},{"not_picked":["RobotSpaceExplorer:FrostMissile","RobotSpaceExplorer:TurboDodge","RobotSpaceExplorer:Counterblock"],"picked":"SKIP","floor":5},{"not_picked":["RobotSpaceExplorer:SlimeMissile","RobotSpaceExplorer:FranticSearch"],"picked":"RobotSpaceExplorer:GlueShot","floor":10},{"not_picked":["RobotSpaceExplorer:DualCore","RobotSpaceExplorer:ShockKick","RobotSpaceExplorer:Counterblock"],"picked":"SKIP","floor":12},{"not_picked":["RobotSpaceExplorer:Ammunition","RobotSpaceExplorer:DoubleBlock"],"picked":"RobotSpaceExplorer:ScrapMissile","floor":13},{"not_picked":["RobotSpaceExplorer:StunGrenade","RobotSpaceExplorer:MetalStrike","RobotSpaceExplorer:ScrapShield"],"picked":"SKIP","floor":14},{"not_picked":["RobotSpaceExplorer:StarLightning","RobotSpaceExplorer:SlimeMissile"],"picked":"RobotSpaceExplorer:MiniDrones","floor":18},{"not_picked":["RobotSpaceExplorer:FranticSearch","RobotSpaceExplorer:RigExplosive","RobotSpaceExplorer:GlueShot"],"picked":"SKIP","floor":20},{"not_picked":["RobotSpaceExplorer:PowerCollector+1","RobotSpaceExplorer:ImprovisedAttack+1"],"picked":"RobotSpaceExplorer:FreezeRay+1","floor":21},{"not_picked":["RobotSpaceExplorer:ShockKick","RobotSpaceExplorer:SurgingShield","RobotSpaceExplorer:HighVoltage"],"picked":"SKIP","floor":23},{"not_picked":["RobotSpaceExplorer:FreezeRay+1","RobotSpaceExplorer:DoubleFind"],"picked":"RobotSpaceExplorer:Pulsar+1","floor":25},{"not_picked":["RobotSpaceExplorer:FrostMissile+1","RobotSpaceExplorer:GlueSpray"],"picked":"RobotSpaceExplorer:StunGrenade","floor":28},{"not_picked":["RobotSpaceExplorer:SurgingShield","RobotSpaceExplorer:Blaster"],"picked":"RobotSpaceExplorer:ShovelStrike","floor":29},{"not_picked":["RobotSpaceExplorer:ImprovisedAttack","RobotSpaceExplorer:ShovelStrike"],"picked":"RobotSpaceExplorer:StunGrenade+1","floor":31}],"player_experience":383428,"relics_obtained":[{"floor":9,"key":"Oddly Smooth Stone"},{"floor":13,"key":"Nunchaku"},{"floor":17,"key":"Boot"},{"floor":17,"key":"Frozen Egg 2"},{"floor":17,"key":"Du-Vu Doll"},{"floor":23,"key":"FossilizedHelix"},{"floor":26,"key":"Centennial Puzzle"},{"floor":29,"key":"Akabeko"}],"event_choices":[{"damage_healed":0,"gold_gain":75,"player_choice":"Gather Gold","damage_taken":11,"max_hp_gain":0,"max_hp_loss":0,"event_name":"World of Goop","floor":2,"gold_loss":0},{"damage_healed":0,"gold_gain":0,"player_choice":"Grow","damage_taken":0,"max_hp_gain":0,"max_hp_loss":0,"event_name":"Living Wall","floor":3,"gold_loss":0,"cards_upgraded":["RobotSpaceExplorer:MiniLasers"]},{"damage_healed":0,"gold_gain":0,"player_choice":"Ignored","damage_taken":0,"max_hp_gain":0,"max_hp_loss":0,"event_name":"Transmorgrifier","floor":7,"gold_loss":0},{"damage_healed":0,"gold_gain":99,"player_choice":"Stole From Cult","damage_taken":0,"max_hp_gain":0,"max_hp_loss":0,"event_name":"Nest","floor":19,"gold_loss":0},{"damage_healed":0,"gold_gain":0,"player_choice":"Obtained Relic","damage_taken":0,"relics_obtained":["Sundial"],"max_hp_gain":0,"max_hp_loss":0,"event_name":"Addict","floor":27,"gold_loss":85}],"is_beta":false,"boss_relics":[{"not_picked":["Fusion Hammer","SacredBark"],"picked":"Calling Bell"}],"items_purged_floors":[],"is_endless":false,"potions_floor_spawned":[4,10,12,13,18,21,31],"killed_by":"Collector","ascension_level":2}}