{"host":"e5u7qs1emxzejr12","time":1612517120,"event":{"mods":["100% Spire Juice","2.2 Compatiblity","Act Like it!","Arknights","Ascension Unlocker","BaseMod","CapriCore","Card Forge","Colored Powertips","Custom Start","GifTheSpireLib","Highlight Path","Minty Spire (QoL Compilation)","MostiFishMod","Quick Restart","Relic Filter Mod","Reliquary","Replay The Spire","StSLib","SuperFastMode","The Blackbeard","WarShipGirlsR/战舰少女R mod","篝火指南"],"gold_per_floor":[144,144,144,180,330,435,513,339,339,420,507,507,603,639,400,632,632,683,683,340,340,262,337,436,532,556,661,583,673,769,769,769],"floor_reached":31,"language":"ZHS","playtime":1602,"items_purged":[],"score":991,"play_id":"69cc8595-f616-4f13-a548-878cde5f477b","local_time":"20210205172520","daily_mods":["Heirloom","Flight","DeadlyEvents","Elite Swarm","Midas"],"is_ascension_mode":true,"campfire_choices":[{"floor":12.0,"key":"RECALL"}],"circlet_count":0,"master_deck":["AscendersBane","Zap+1","Static Discharge+1","MostiFishMod:InterfaceCompatibility+1","Core Surge+1","Storm+1","Amplify+1","MostiFishMod:TalkingToTheRain+1","Buffer+1","Creative AI+1","Crystallizer+1","Electrodynamics+1","Heatsinks+1","Seek+1","ReplayTheSpireMod:GoodbyeWorld+1","Fission+1"],"relics":["Cracked Core","Hammer of Thor","Seething Fire","Anvil of the Gods","DaveBox","SynthV","OriginationStaff","SynthV:TestCard","Turnip","Bottled Flame","Replay:Wax Seal","Shovel","HollowDreamFlower","reliquary:WeakTea","MealTicket","Fusion Hammer","Calipers","reliquary:Sideboard","Ancient Tea Set","Pear","Replay:Accelerometer","reliquary:Boomerang","ReplayTheSpireMod:Lightbulb","Pen Nib","Gremlin Horn"],"acts_visited":["Exordium","TheCity"],"potions_floor_usage":[31,31],"damage_taken":[{"damage":2.0,"enemies":"Jaw Worm","floor":1.0,"turns":4.0},{"damage":1.0,"enemies":"Small Slimes","floor":4.0,"turns":2.0},{"damage":11.0,"enemies":"Gremlin Nob","floor":6.0,"turns":3.0},{"damage":6.0,"enemies":"3 Sentries","floor":7.0,"turns":3.0},{"damage":0.0,"enemies":"Gremlin Nob","floor":10.0,"turns":2.0},{"damage":0.0,"enemies":"3 Sentries","floor":11.0,"turns":5.0},{"damage":0.0,"enemies":"Lagavulin","floor":13.0,"turns":2.0},{"damage":0.0,"enemies":"Cultist","floor":14.0,"turns":3.0},{"damage":41.0,"enemies":"Fading Forest","floor":16.0,"turns":11.0},{"damage":6.0,"enemies":"3 Byrds","floor":18.0,"turns":2.0},{"damage":7.0,"enemies":"Slavers","floor":23.0,"turns":2.0},{"damage":18.0,"enemies":"Gremlin Leader","floor":24.0,"turns":3.0},{"damage":14.0,"enemies":"Book of Stabbing","floor":25.0,"turns":3.0},{"damage":14.0,"enemies":"Slavers","floor":27.0,"turns":2.0},{"damage":14,"enemies":"Book of Stabbing","floor":29,"turns":3},{"damage":27,"enemies":"Slavers","floor":30,"turns":2},{"damage":11,"enemies":"Shell Parasite","floor":31,"turns":1}],"seed_played":"8058459411318850778","potions_obtained":[{"floor":1.0,"key":"FearPotion"},{"floor":3.0,"key":"EssenceOfDarkness"},{"floor":3.0,"key":"EntropicBrew"},{"floor":23.0,"key":"SkillPotion"}],"is_trial":true,"path_per_floor":["M","?","?","M","?","E","E","$","T","E","E","R","E","M","R","B",null,"M","?","$","?","$","E","E","E","T","E","R","E","E","M"],"character_chosen":"DEFECT","items_purchased":["Replay:Wax Seal","Storm","MealTicket","Crystallizer","Calipers","Heatsinks","ReplayTheSpireMod:GoodbyeWorld"],"campfire_rested":0,"item_purchase_floors":[8,8,15,15,20,22,28],"current_hp_per_floor":[62,62,62,61,61,50,44,44,44,44,44,44,48,52,52,16,57,55,55,70,70,71,64,60,50,50,40,40,30,7,0,0],"gold":769,"neow_bonus":"","is_daily":false,"chose_seed":false,"campfire_upgraded":0,"win_rate":0.0,"timestamp":1612517120,"path_taken":["M","?","?","?","?","E","E","?","T","E","?","R","E","M","R","BOSS","M","?","$","?","?","E","E","E","T","E","R","E","E","?"],"items_purchased_type":["Relic","Card","Relic","Card","Relic","Card","Card"],"build_version":"2020-12-22","purchased_purges":0,"victory":false,"max_hp_per_floor":[71,71,71,71,71,71,71,71,71,71,71,71,71,71,71,71,71,71,71,71,71,71,71,81,81,81,81,81,81,81,81,81],"card_choices":[{"not_picked":["Fusion","BasicCrystalCard"],"picked":"Static Discharge","floor":1.0},{"not_picked":["ReplayTheSpireMod:System Scan","Genetic Algorithm","Sweeping Beam","Force Field","Undo"],"picked":"SKIP","floor":4.0},{"not_picked":["Multi-Cast","MostiFishMod:Exploitation","MostiFishMod:Overload","Biased Cognition"],"picked":"MostiFishMod:InterfaceCompatibility","floor":6.0},{"not_picked":["MostiFishMod:Exploitation","MostiFishMod:Overload","Mirror Shield","Biased Cognition"],"picked":"Core Surge","floor":7.0},{"not_picked":["ReplayRNGCard","MostiFishMod:InterfaceCompatibility","Multi-Cast","Fission"],"picked":"MostiFishMod:ActiveDefenseSystem","floor":10.0},{"not_picked":["MostiFishMod:DawningShadow","MostiFishMod:Nova","MostiFishMod:Overload","Core Surge"],"picked":"Amplify","floor":11.0},{"not_picked":["Hyperbeam","MostiFishMod:IntelligentEquipment","MostiFishMod:Nova","Echo Form"],"picked":"MostiFishMod:TalkingToTheRain","floor":13.0},{"not_picked":["Cold Snap","Leap","Turbo","Streamline","Sweeping Beam"],"picked":"SKIP","floor":14.0},{"not_picked":["MostiFishMod:Hijack","MostiFishMod:Distribution","MostiFishMod:Prepare","MostiFishMod:DeathFromBelow"],"picked":"Electrodynamics","floor":16.0},{"not_picked":["Chill","BasicCrystalCard","Stack","Hologram+1","Leap"],"picked":"SKIP","floor":18.0},{"not_picked":["MostiFishMod:ActiveDefenseSystem","Core Surge","MostiFishMod:DeathFromBelow","Creative AI","MostiFishMod:StarOceanB"],"picked":"SKIP","floor":23.0},{"not_picked":["MostiFishMod:IntelligentEquipment","Core Surge","Multi-Cast","Echo Form","Electrodynamics"],"picked":"SKIP","floor":24.0},{"not_picked":["Buffer","Electrodynamics","MostiFishMod:TalkingToTheRain","Reboot"],"picked":"Seek","floor":25.0},{"not_picked":["MostiFishMod:TalkingToTheRain","ReplayTheSpireMod:Omega Cannon","Machine Learning","Rainbow"],"picked":"Fission","floor":27.0},{"not_picked":["MostiFishMod:Nova","MostiFishMod:ActiveDefenseSystem","Rainbow","Echo Form","MostiFishMod:DeathFromBelow"],"picked":"SKIP","floor":29},{"not_picked":["MostiFishMod:Nova","MostiFishMod:ActiveDefenseSystem","Rainbow","Echo Form","MostiFishMod:DeathFromBelow"],"picked":"SKIP","floor":29},{"not_picked":["Creative AI","Rainbow","Meteor Strike","Fission","MostiFishMod:DeathFromBelow"],"picked":"SKIP","floor":30}],"player_experience":73042,"relics_obtained":[{"floor":1.0,"key":"SynthV:TestCard"},{"floor":6.0,"key":"Turnip"},{"floor":7.0,"key":"Bottled Flame"},{"floor":10.0,"key":"Shovel"},{"floor":11.0,"key":"HollowDreamFlower"},{"floor":13.0,"key":"reliquary:WeakTea"},{"floor":23.0,"key":"Ancient Tea Set"},{"floor":24.0,"key":"Pear"},{"floor":25.0,"key":"Replay:Accelerometer"},{"floor":26.0,"key":"reliquary:Boomerang"},{"floor":27.0,"key":"ReplayTheSpireMod:Lightbulb"},{"floor":29,"key":"Pen Nib"},{"floor":30,"key":"Gremlin Horn"}],"event_choices":[{"damage_healed":0.0,"max_hp_gain":0.0,"max_hp_loss":0.0,"gold_gain":0.0,"event_name":"Lab","player_choice":"Got Potions","floor":3.0,"gold_loss":0.0,"damage_taken":0.0},{"damage_healed":0.0,"max_hp_gain":0.0,"max_hp_loss":0.0,"gold_gain":150.0,"event_name":"Liars Game","player_choice":"AGREE","floor":5.0,"gold_loss":0.0,"damage_taken":0.0,"cards_obtained":["Doubt"]},{"damage_healed":0.0,"max_hp_gain":0.0,"max_hp_loss":0.0,"gold_gain":0.0,"event_name":"Cursed Tome","player_choice":"Ignored","floor":19.0,"gold_loss":0.0,"damage_taken":0.0}],"is_beta":false,"boss_relics":[{"not_picked":["Black Star","reliquary:Craggleroot"],"picked":"Fusion Hammer"}],"items_purged_floors":[],"is_endless":false,"potions_floor_spawned":[1,7,13,14,23,24,25,27],"killed_by":"Shell Parasite","ascension_level":20}}