{"host":"yqw1zpryoutrnocq","time":1612545274,"event":{"mods":["2.2 Compatiblity","AchievementEnabler","BaseMod","Colored Map","Custom Start","DeckTracker","Minty Spire (QoL Compilation)","StSLib","SuperFastMode"],"gold_per_floor":[113,63,238,313,65,94,94,123,146,163,177,194,194,204,204,204,204],"floor_reached":16,"language":"KOR","playtime":264,"items_purged":[],"score":225,"play_id":"ad213c9c-ccac-4cfa-8089-7599e8aad710","local_time":"20210205111434","is_ascension_mode":true,"campfire_choices":[{"data":"Rip and Tear","floor":7,"key":"SMITH"},{"data":"Double Energy","floor":13,"key":"SMITH"},{"data":"Thunder Strike","floor":15,"key":"SMITH"}],"circlet_count":0,"master_deck":["Strike_B","Strike_B","Strike_B","Defend_B","Defend_B","Defend_B","Defend_B","Zap","Dualcast","Rip and Tear+1","Doubt","Coolheaded","Self Repair","Coolheaded","Double Energy+1","Coolheaded","Thunder Strike+1","Turbo","Coolheaded"],"relics":["Cracked Core","NeowsBlessing","Bag of Preparation","Pear","Bag of Marbles","MealTicket"],"acts_visited":["Exordium"],"potions_floor_usage":[16],"damage_taken":[{"damage":0,"enemies":"2 Louse","floor":1,"turns":1},{"damage":0,"enemies":"Gremlin Nob","floor":6,"turns":1},{"damage":0,"enemies":"3 Sentries","floor":8,"turns":1},{"damage":12,"enemies":"Jaw Worm","floor":10,"turns":2},{"damage":0,"enemies":"Cultist","floor":11,"turns":4},{"damage":29,"enemies":"Gremlin Gang","floor":12,"turns":4},{"damage":12,"enemies":"Lots of Slimes","floor":14,"turns":4},{"damage":50,"enemies":"Hexaghost","floor":16,"turns":9}],"seed_played":"7524596693366802182","potions_obtained":[{"floor":1,"key":"Dexterity Potion"},{"floor":6,"key":"PowerPotion"},{"floor":11,"key":"GamblersBrew"}],"is_trial":false,"path_per_floor":["M","?","?","?","$","E","R","E","T","M","M","M","R","M","R","B"],"character_chosen":"DEFECT","items_purchased":["Coolheaded","Self Repair","Bag of Preparation"],"campfire_rested":0,"item_purchase_floors":[5,5,5],"current_hp_per_floor":[75,75,75,64,64,74,74,74,74,69,76,54,54,49,49,0,0],"gold":204,"neow_bonus":"THREE_ENEMY_KILL","is_daily":false,"chose_seed":false,"campfire_upgraded":3,"win_rate":0.0,"timestamp":1612545274,"path_taken":["M","?","?","?","$","E","R","E","T","M","M","M","R","?","R","BOSS"],"items_purchased_type":["Card","Card","Relic"],"build_version":"2020-12-22","purchased_purges":0,"victory":false,"max_hp_per_floor":[75,75,75,75,75,85,85,85,85,85,85,85,85,85,85,85,85],"card_choices":[{"not_picked":["Turbo","Compile Driver"],"picked":"Rip and Tear","floor":1},{"not_picked":["Ball Lightning","Rebound"],"picked":"Coolheaded","floor":6},{"not_picked":["Stack","Gash"],"picked":"Double Energy","floor":8},{"not_picked":["Go for the Eyes","Reprogram"],"picked":"Coolheaded","floor":10},{"not_picked":["BootSequence","Genetic Algorithm"],"picked":"Thunder Strike","floor":11},{"not_picked":["Steam","Gash"],"picked":"Turbo","floor":12},{"not_picked":["Leap","Turbo"],"picked":"Coolheaded","floor":14}],"player_experience":287453,"relics_obtained":[{"floor":6,"key":"Pear"},{"floor":8,"key":"Bag of Marbles"},{"floor":9,"key":"MealTicket"}],"event_choices":[{"cards_removed":["Strike_B"],"damage_healed":0,"gold_gain":0,"player_choice":"Card Removal","damage_taken":0,"max_hp_gain":0,"max_hp_loss":0,"event_name":"The Cleric","floor":2,"gold_loss":50},{"damage_healed":0,"gold_gain":175,"player_choice":"AGREE","damage_taken":0,"max_hp_gain":0,"max_hp_loss":0,"event_name":"Liars Game","floor":3,"gold_loss":0,"cards_obtained":["Doubt"]},{"damage_healed":0,"gold_gain":75,"player_choice":"Gather Gold","damage_taken":11,"max_hp_gain":0,"max_hp_loss":0,"event_name":"World of Goop","floor":4,"gold_loss":0}],"is_beta":false,"boss_relics":[],"items_purged_floors":[],"is_endless":false,"potions_floor_spawned":[1,6,11],"killed_by":"Hexaghost","ascension_level":5}}