{"host":"eaiphzh066bwqdh7","time":1612491002,"event":{"mods":["BaseMod","Better Note","Halation","Hubris","Minty Spire (QoL Compilation)","Reliquary","Replay The Spire","StSLib"],"gold_per_floor":[117,42,42,54,54,89,89,114,114,114,126,143,143,154,154,251,251,265,265,265,288,288,288,306,306,329,329,329],"floor_reached":27,"language":"ENG","playtime":460,"items_purged":["Defend_P"],"score":367,"play_id":"27364d39-2149-4738-a256-d85cbcb905cb","local_time":"20210204211002","is_ascension_mode":true,"campfire_choices":[{"data":"Brilliance","floor":7,"key":"SMITH"},{"data":"Eruption","floor":10,"key":"SMITH"},{"data":"Vigilance","floor":13,"key":"SMITH"},{"data":"Wish","floor":15,"key":"SMITH"},{"floor":23,"key":"REST"},{"data":"Vault","floor":25,"key":"SMITH"}],"circlet_count":0,"master_deck":["Strike_P","Strike_P","Strike_P","Defend_P+1","Defend_P+1","Eruption+1","Vigilance+1","Brilliance+1","Wish+1","Vault+1","PathToVictory+1"],"relics":["PureWater","NeowsBlessing","hubris:CrystalStatue","NlothsMask","reliquary:Knoch","hubris:OldNail","Empty Cage","hubris:Towel","reliquary:TuningFork","War Paint"],"acts_visited":["Exordium","TheCity"],"potions_floor_usage":[6,11,12,12,18,27],"damage_taken":[{"damage":0,"enemies":"Small Slimes","floor":1,"turns":1},{"damage":0,"enemies":"Cultist","floor":4,"turns":1},{"damage":0,"enemies":"Lagavulin","floor":6,"turns":2},{"damage":0,"enemies":"Gremlin Nob","floor":8,"turns":2},{"damage":0,"enemies":"2 Louse","floor":11,"turns":1},{"damage":0,"enemies":"Looter","floor":12,"turns":2},{"damage":0,"enemies":"Blue Slaver","floor":14,"turns":1},{"damage":0,"enemies":"Slime Boss","floor":16,"turns":4},{"damage":22,"enemies":"2 Thieves","floor":18,"turns":3},{"damage":7,"enemies":"Chosen","floor":24,"turns":3},{"damage":77,"enemies":"Book of Stabbing","floor":27,"turns":6}],"seed_played":"4974214073971092845","potions_obtained":[{"floor":1,"key":"SpeedPotion"},{"floor":6,"key":"EntropicBrew"},{"floor":12,"key":"ColorlessPotion"},{"floor":24,"key":"SteroidPotion"}],"is_trial":false,"path_per_floor":["M","$","?","M","?","E","R","E","T","R","M","M","R","M","R","B",null,"M","?","?","T","?","R","M","R","T","E"],"character_chosen":"WATCHER","items_purchased":[],"campfire_rested":1,"item_purchase_floors":[],"current_hp_per_floor":[72,72,72,72,72,72,72,72,72,72,72,72,72,72,72,72,72,50,37,37,37,62,77,70,70,70,0,0],"gold":329,"neow_bonus":"THREE_ENEMY_KILL","is_daily":false,"chose_seed":false,"campfire_upgraded":5,"win_rate":0.0,"timestamp":1612491002,"path_taken":["M","$","?","?","?","E","R","E","T","R","?","M","R","M","R","BOSS","M","?","?","?","?","R","M","R","T","E"],"items_purchased_type":[],"build_version":"2020-12-22","purchased_purges":1,"victory":false,"max_hp_per_floor":[72,72,72,72,72,72,72,72,72,72,72,72,72,72,72,72,72,72,77,77,77,77,77,77,77,77,77,77],"card_choices":[{"not_picked":["ThirdEye","Consecrate","FlurryOfBlows"],"picked":"SKIP","floor":1},{"not_picked":["Replay:AtTheReady","EmptyFist","Adaptation"],"picked":"SKIP","floor":4},{"not_picked":["CutThroughFate","Weave"],"picked":"Brilliance","floor":6},{"not_picked":["SignatureMove","CutThroughFate","FearNoEvil"],"picked":"SKIP","floor":8},{"not_picked":["ClearTheMind","Evaluate","BowlingBash"],"picked":"SKIP","floor":11},{"not_picked":["BowlingBash","Replay:Hum","FlyingSleeves"],"picked":"SKIP","floor":12},{"not_picked":["SashWhip","CarveReality"],"picked":"Wish","floor":14},{"not_picked":["Establishment","Replay:LoomingThreat"],"picked":"Vault","floor":16},{"not_picked":["Replay:ManipulateFuture","FollowUp","Protect+1"],"picked":"SKIP","floor":18},{"not_picked":["WaveOfTheHand","SandsOfTime"],"picked":"PathToVictory+1","floor":24}],"player_experience":255642,"relics_obtained":[{"floor":6,"key":"reliquary:Knoch"},{"floor":8,"key":"hubris:OldNail"},{"floor":21,"key":"reliquary:TuningFork"},{"floor":26,"key":"War Paint"}],"event_choices":[{"damage_healed":0,"gold_gain":0,"player_choice":"Gave Potion","damage_taken":0,"relics_obtained":["hubris:CrystalStatue"],"max_hp_gain":0,"max_hp_loss":0,"event_name":"WeMeetAgain","floor":3,"gold_loss":0},{"damage_healed":0,"gold_gain":0,"player_choice":"Trade","damage_taken":0,"relics_obtained":["NlothsMask"],"max_hp_gain":0,"max_hp_loss":0,"event_name":"FaceTrader","floor":5,"gold_loss":0},{"damage_healed":0,"gold_gain":0,"player_choice":"Shed Blood","damage_taken":18,"max_hp_gain":5,"max_hp_loss":0,"event_name":"Forgotten Altar","floor":19,"gold_loss":0},{"damage_healed":25,"gold_gain":0,"player_choice":"Heal","damage_taken":0,"max_hp_gain":0,"max_hp_loss":0,"event_name":"The Library","floor":22,"gold_loss":0}],"is_beta":false,"boss_relics":[{"not_picked":["hubris:HollowSoul","Pandora\u0027s Box"],"picked":"Empty Cage"}],"items_purged_floors":[2],"is_endless":false,"potions_floor_spawned":[1,6,8,12,24],"killed_by":"Book of Stabbing","ascension_level":3}}