{"host":"jbmvtpvel2a8rbg6","time":1612550058,"event":{"mods":["Aspiration","BaseMod","Better Match","Better Sensory Stone","Better Skull","Conspire","Downfall","Energized Spire","GungeonMod","Hubris","Infinite Spire","Minty Spire (QoL Compilation)","RRrroohrrRGHHhhh!!","Reliquary","Replay The Spire","StSLib","Wandering Minibosses"],"gold_per_floor":[119,130,145,145,145,175,175,195,195,220,220,233,250,250,250],"floor_reached":14,"language":"ENG","playtime":692,"items_purged":[],"score":102,"play_id":"4c1c8e52-6f8b-47a3-bd1b-7e6f8fce2a94","local_time":"20210205103418","is_ascension_mode":false,"campfire_choices":[{"data":"DemoMod:LifeOrb","floor":7,"key":"SMITH"},{"floor":11,"key":"REST"}],"circlet_count":0,"master_deck":["DemoMod:Strike_Huntress","DemoMod:Strike_Huntress","DemoMod:Defend_Huntress","DemoMod:Defend_Huntress","DemoMod:Defend_Huntress","DemoMod:Defend_Huntress","DemoMod:Roll","DemoMod:ManualReload","DemoMod:RustySidearm","DemoMod:CrossBow","DemoMod:LifeOrb+1","DemoMod:Evolver","DemoMod:DoubleSwitch","DemoMod:ProbeStrike","DemoMod:TripleGun"],"relics":["Guardian:ModeShifter","NeowsBlessing","infinitespire:Cubic Diamond","hubris:MedicalManual","Pen Nib","InkBottle"],"acts_visited":["Exordium"],"potions_floor_usage":[8,10,13],"damage_taken":[{"damage":0,"enemies":"conspire:RoseBush","floor":1,"turns":1},{"damage":0,"enemies":"Small Slimes","floor":2,"turns":1},{"damage":0,"enemies":"Cultist","floor":3,"turns":1},{"damage":27,"enemies":"Gremlin Nob","floor":6,"turns":5},{"damage":0,"enemies":"Large Slime","floor":8,"turns":5},{"damage":35,"enemies":"Lagavulin","floor":10,"turns":6},{"damage":3,"enemies":"Red Slaver","floor":12,"turns":3},{"damage":14,"enemies":"Exordium Wildlife","floor":13,"turns":5},{"damage":20,"enemies":"3 Sentries","floor":14,"turns":2}],"seed_played":"6225986337053072603","potions_obtained":[{"floor":6,"key":"SkillPotion"},{"floor":8,"key":"SkillPotion"},{"floor":10,"key":"Ancient Potion"},{"floor":12,"key":"SkillPotion"}],"is_trial":false,"path_per_floor":["M","M","M","?","?","E","R","M","T","E","R","M","M","E"],"character_chosen":"HUNTRESS","items_purchased":[],"campfire_rested":1,"item_purchase_floors":[],"current_hp_per_floor":[70,70,70,70,70,43,43,43,43,8,29,26,12,0,0],"gold":250,"neow_bonus":"THREE_ENEMY_KILL","is_daily":false,"chose_seed":false,"campfire_upgraded":1,"win_rate":0.0,"timestamp":1612550058,"path_taken":["M","?","M","?","?","E","R","M","T","E","R","M","M","E"],"items_purchased_type":[],"build_version":"2020-12-22","purchased_purges":0,"victory":false,"max_hp_per_floor":[70,70,70,70,70,70,70,70,70,70,70,70,70,70,70],"card_choices":[{"not_picked":["DemoMod:GunstockTap","DemoMod:HardPowerCard"],"picked":"DemoMod:LifeOrb","floor":1},{"not_picked":["DemoMod:FastSwitch","DemoMod:Camera"],"picked":"DemoMod:Evolver","floor":2},{"not_picked":["DemoMod:GunstockTap","DemoMod:StickyCrossBow","DemoMod:JK47"],"picked":"SKIP","floor":3},{"not_picked":["DemoMod:GunstockTap","DemoMod:HighKaliber","DemoMod:MegaHand"],"picked":"SKIP","floor":6},{"not_picked":["DemoMod:BoxingGlove","DemoMod:FightSabre"],"picked":"DemoMod:ProbeStrike","floor":8},{"not_picked":["DemoMod:AC15","DemoMod:CombinedRifle","DemoMod:StickyCrossBow"],"picked":"SKIP","floor":10},{"not_picked":["DemoMod:ZorGun","DemoMod:HungryBullets","DemoMod:HighKaliber"],"picked":"SKIP","floor":12},{"not_picked":["DemoMod:BattleInHaste","DemoMod:ConditionalReflex"],"picked":"DemoMod:TripleGun","floor":13}],"player_experience":838746,"relics_obtained":[{"floor":6,"key":"hubris:MedicalManual"},{"floor":9,"key":"Pen Nib"},{"floor":10,"key":"InkBottle"}],"event_choices":[{"damage_healed":0,"gold_gain":0,"cards_transformed":["DemoMod:Strike_Huntress"],"player_choice":"Transformed","damage_taken":0,"max_hp_gain":0,"max_hp_loss":0,"event_name":"Transmorgrifier","floor":5,"gold_loss":0,"cards_obtained":["DemoMod:DoubleSwitch"]}],"is_beta":false,"boss_relics":[],"items_purged_floors":[],"is_endless":false,"potions_floor_spawned":[6,8,10,12],"killed_by":"3 Sentries","ascension_level":0}}