{"host":"9i65z0zqo49crzwy","time":1612497398,"event":{"mods":["AchievementEnabler","Aspiration","Bard","BaseMod","Beaked The Cultist","Bestiary","Better Altar","Better Match","Better Note","Better Sensory Stone","Better Skull","Better Third Choice","BetterRewards","CCEM2","Clawfect","Colored Map","Colored Powertips","Conspire","Downfall","GifTheSpireLib","Halation","Hermit","Highlight Path","Hubris","Hunter ??","Infinite Spire","Jedi Mod","Jorbs\u0027s Wanderer Trilogy","Mad Scientist","Marisa????????","Mimic Mod","Minty Spire (QoL Compilation)","Permanent Neow","Quick Restart","Replay The Spire","Shade Mod","Shop Mod","Spicy Shops","StSLib","Stuff the Spire","The Administrix","The Alterego","The Blackbeard","The Bug Knight","The Caster","The Cursed","The Disciple","The Dragon Tamer","The Gatherer","The Hierophant","The IronCluck","The Jungle","The Mystic","The Necromancer","The Problem Sleuth","The Runesmith","The Servant 0.9.4","The Spell Scribe","The Witch","Treasure Hunter","Unceasing Turn Reminder"],"gold_per_floor":[100,115,115,131,131,131,131,131,67,67,87,99,132,145,157,158,158],"floor_reached":16,"language":"ENG","playtime":1157,"items_purged":[],"score":102,"play_id":"aa6eca40-a008-4e06-9e9b-650691305ae8","local_time":"20210204195638","is_ascension_mode":false,"campfire_choices":[{"data":"alterego_mod:Impale","floor":1,"key":"SMITH"},{"data":"alterego_mod:BrynhildrsRune","floor":6,"key":"SMITH"},{"data":"alterego_mod:BigMeatyClaws","floor":10,"key":"SMITH"}],"circlet_count":0,"master_deck":["alterego_mod:Strike","alterego_mod:Strike","alterego_mod:Strike","alterego_mod:Strike","alterego_mod:Defend","alterego_mod:Defend","alterego_mod:Defend","alterego_mod:Defend","alterego_mod:Impale+1","alterego_mod:BigMeatyClaws+1","alterego_mod:BrynhildrsRune+1","alterego_mod:Undulate","TH:PixieDust","alterego_mod:HighServant","alterego_mod:PerceptionDisorder","TH:CopperCoins","alterego_mod:Venus","alterego_mod:Pet","alterego_mod:Schoolgirl"],"relics":["alterego_mod:MasochisticConstitution","Replay:Bottled Flurry"],"acts_visited":["Exordium"],"potions_floor_usage":[13,16],"damage_taken":[{"damage":9,"enemies":"2 Louse","floor":2,"turns":3},{"damage":4,"enemies":"Cultist","floor":4,"turns":4},{"damage":1,"enemies":"downfall:FleeingMerchant","floor":9,"turns":4},{"damage":8,"enemies":"conspire:RoseBush","floor":11,"turns":6},{"damage":21,"enemies":"Large Slime","floor":12,"turns":14},{"damage":18,"enemies":"Gremlin Nob","floor":13,"turns":3},{"damage":2,"enemies":"Blue Slaver","floor":14,"turns":4},{"damage":35,"enemies":"conspire:2 RoseBushes","floor":15,"turns":8},{"damage":32,"enemies":"IC_STATUS_ARCHETYPE","floor":16,"turns":8}],"seed_played":"3458121395462795359","potions_obtained":[{"floor":2,"key":"Swift Potion"},{"floor":11,"key":"hexamod:SoulburnPotion"},{"floor":13,"key":"BlessingOfTheForge"},{"floor":15,"key":"champ:CounterPotion"}],"is_trial":false,"path_per_floor":["R","M","?","M","?","R","T","?","$","R","M","M","E","M","M","B"],"character_chosen":"The_Alterego","items_purchased":["alterego_mod:PerceptionDisorder"],"campfire_rested":0,"item_purchase_floors":[9],"current_hp_per_floor":[49,48,48,52,52,52,52,52,52,52,52,53,43,49,29,0,0],"gold":158,"neow_bonus":"THREE_RARE_CARDS","is_daily":false,"chose_seed":false,"campfire_upgraded":3,"win_rate":0.0,"timestamp":1612497398,"path_taken":["R","M","?","?","?","R","T","?","?","R","M","M","E","M","M","BOSS"],"items_purchased_type":["Card"],"build_version":"2020-12-22","purchased_purges":0,"victory":false,"max_hp_per_floor":[70,71,71,72,72,72,72,72,73,73,74,75,76,77,78,78,78],"card_choices":[{"not_picked":["alterego_mod:Jiggle","alterego_mod:GoddessCore"],"picked":"alterego_mod:Undulate","floor":2},{"not_picked":["alterego_mod:Complex","alterego_mod:Maid","alterego_mod:1TonWallop"],"picked":"SKIP","floor":4},{"not_picked":["TH:ArmorSpikes"],"picked":"TH:PixieDust","floor":7},{"not_picked":["alterego_mod:DiscoLights","alterego_mod:TrickOrTreatment"],"picked":"alterego_mod:HighServant","floor":9},{"not_picked":["alterego_mod:Maid","alterego_mod:DustData","alterego_mod:Crossover"],"picked":"SKIP","floor":11},{"not_picked":["alterego_mod:Swimsuit","alterego_mod:HighServant","alterego_mod:Cushion"],"picked":"SKIP","floor":12},{"not_picked":["TH:TreasureMap"],"picked":"TH:CopperCoins","floor":13},{"not_picked":["alterego_mod:Punishment","alterego_mod:BusterCard"],"picked":"alterego_mod:Venus","floor":13},{"not_picked":["alterego_mod:GoddessCore","alterego_mod:Birthday"],"picked":"alterego_mod:Pet","floor":14},{"not_picked":["alterego_mod:Cycle","alterego_mod:SakuraFive"],"picked":"alterego_mod:Schoolgirl","floor":15}],"player_experience":131474,"relics_obtained":[{"floor":13,"key":"Replay:Bottled Flurry"}],"event_choices":[{"damage_healed":0,"gold_gain":0,"player_choice":"Ignored","damage_taken":0,"max_hp_gain":0,"max_hp_loss":0,"event_name":"betterNote:BetterNote","floor":3,"gold_loss":0,"cards_obtained":["Jack Of All Trades"]},{"damage_healed":0,"gold_gain":1,"player_choice":"1","damage_taken":0,"max_hp_gain":0,"max_hp_loss":0,"event_name":"betterStone:BetterStone","floor":8,"gold_loss":0}],"is_beta":false,"boss_relics":[],"items_purged_floors":[],"is_endless":false,"potions_floor_spawned":[2,11,13,15],"killed_by":"IC_STATUS_ARCHETYPE","ascension_level":0}}