{"host":"la6t950uoatqs0xt","time":1612504700,"event":{"mods":["AchievementEnabler","BaseMod","Colored Powertips","Minty Spire (QoL Compilation)","Quick Restart","Rare Cards Sparkle"],"gold_per_floor":[109,123,141,156,156,156,156,156,210,210,227,241,241,252,252,351,351,368,381,395,395,395],"floor_reached":21,"language":"ENG","playtime":566,"items_purged":[],"score":201,"play_id":"e5939518-9472-4769-95ac-2eaacc21e949","local_time":"20210205005820","is_ascension_mode":true,"campfire_choices":[{"data":"Zap","floor":6,"key":"SMITH"},{"data":"Ball Lightning","floor":8,"key":"SMITH"},{"data":"Redo","floor":10,"key":"SMITH"},{"floor":13,"key":"REST"},{"data":"Static Discharge","floor":15,"key":"SMITH"}],"circlet_count":0,"master_deck":["Strike_B","Strike_B","Strike_B","Strike_B","Defend_B","Defend_B","Defend_B","Defend_B","Zap+1","Dualcast","Conserve Battery","Redo+1","Barrage","Ball Lightning+1","Static Discharge+1","Electrodynamics","Redo"],"relics":["Cracked Core","Cables","Mummified Hand","Dream Catcher"],"acts_visited":["Exordium","TheCity"],"potions_floor_usage":[16,16,16],"damage_taken":[{"damage":6,"enemies":"Cultist","floor":1,"turns":4},{"damage":0,"enemies":"Jaw Worm","floor":2,"turns":3},{"damage":2,"enemies":"Small Slimes","floor":3,"turns":4},{"damage":9,"enemies":"2 Fungi Beasts","floor":4,"turns":4},{"damage":15,"enemies":"Exordium Wildlife","floor":11,"turns":3},{"damage":0,"enemies":"Blue Slaver","floor":12,"turns":3},{"damage":5,"enemies":"Exordium Thugs","floor":14,"turns":4},{"damage":33,"enemies":"The Guardian","floor":16,"turns":8},{"damage":31,"enemies":"2 Thieves","floor":18,"turns":4},{"damage":20,"enemies":"Shell Parasite","floor":19,"turns":4},{"damage":29,"enemies":"Centurion and Healer","floor":20,"turns":3},{"damage":3,"enemies":"Snake Plant","floor":21,"turns":1}],"seed_played":"-972152274252744599","potions_obtained":[{"floor":1,"key":"BlessingOfTheForge"},{"floor":3,"key":"ColorlessPotion"},{"floor":11,"key":"EssenceOfSteel"},{"floor":14,"key":"PotionOfCapacity"}],"is_trial":false,"path_per_floor":["M","M","M","M","T","R","T","R","T","R","M","M","R","M","R","B",null,"M","M","M","M"],"character_chosen":"DEFECT","items_purchased":[],"campfire_rested":1,"item_purchase_floors":[],"current_hp_per_floor":[76,76,74,65,65,65,65,65,65,65,50,50,74,69,69,36,82,51,31,2,0,0],"gold":395,"neow_bonus":"TEN_PERCENT_HP_BONUS","is_daily":false,"chose_seed":false,"campfire_upgraded":4,"win_rate":0.0,"timestamp":1612504700,"path_taken":["M","M","M","M","?","R","?","R","T","R","M","M","R","M","R","BOSS","M","M","M","M"],"items_purchased_type":[],"build_version":"2020-12-22","purchased_purges":0,"victory":false,"max_hp_per_floor":[82,82,82,82,82,82,82,82,82,82,82,82,82,82,82,82,82,82,82,82,82,82],"card_choices":[{"not_picked":["Rip and Tear","Coolheaded"],"picked":"Conserve Battery","floor":1},{"not_picked":["Hello World","Coolheaded"],"picked":"Redo","floor":2},{"not_picked":["Chill","Hologram"],"picked":"Barrage","floor":3},{"not_picked":["Beam Cell","Redo"],"picked":"Ball Lightning","floor":4},{"not_picked":["Heatsinks","Gash"],"picked":"Static Discharge","floor":11},{"not_picked":["Reinforced Body","Sweeping Beam","Hologram"],"picked":"SKIP","floor":12},{"not_picked":["Fusion","Beam Cell","Genetic Algorithm"],"picked":"SKIP","floor":14},{"not_picked":["Biased Cognition","All For One"],"picked":"Electrodynamics","floor":16},{"not_picked":["Glacier","Steam Power+1"],"picked":"Redo","floor":18},{"not_picked":["Reinforced Body","Barrage","Melter+1"],"picked":"SKIP","floor":19},{"not_picked":["Leap","Streamline+1","Rebound"],"picked":"SKIP","floor":20}],"player_experience":283183,"relics_obtained":[{"floor":5,"key":"Cables"},{"floor":7,"key":"Mummified Hand"},{"floor":9,"key":"Dream Catcher"}],"event_choices":[],"is_beta":false,"boss_relics":[{"not_picked":["Runic Pyramid","Sozu","Fusion Hammer"]}],"items_purged_floors":[],"is_endless":false,"potions_floor_spawned":[1,3,11,14],"killed_by":"Snake Plant","ascension_level":3}}