{"host":"f3zi5bw4of71qj4o","time":1612550319,"event":{"mods":["BaseMod","DeckTracker","Highlight Path","Minty Spire (QoL Compilation)","Relic Stats","StSLib","SuperFastMode"],"gold_per_floor":[110,410,15,30,30,30,30],"floor_reached":6,"language":"ENG","playtime":356,"items_purged":["Strike_B"],"score":68,"play_id":"21e8c739-13a3-4218-8b71-ef20d6644ad4","local_time":"20210205193839","is_ascension_mode":true,"campfire_choices":[],"circlet_count":0,"master_deck":["AscendersBane","Strike_B","Strike_B","Strike_B","Defend_B","Defend_B","Defend_B","Zap","Dualcast","Blizzard","Static Discharge","Sweeping Beam","Streamline"],"relics":["Fusion Hammer","Old Coin","Strange Spoon"],"acts_visited":["Exordium"],"potions_floor_usage":[],"damage_taken":[{"damage":3.0,"enemies":"2 Louse","floor":1.0,"turns":2.0},{"damage":0.0,"enemies":"Small Slimes","floor":4.0,"turns":2.0},{"damage":35,"enemies":"3 Sentries","floor":6,"turns":4}],"seed_played":"-2918073571849622878","potions_obtained":[{"floor":1.0,"key":"PotionOfCapacity"}],"is_trial":false,"path_per_floor":["M","?","$","M","?","E"],"character_chosen":"DEFECT","items_purchased":["Strange Spoon","Static Discharge","Sweeping Beam","Explosive Potion"],"campfire_rested":0,"item_purchase_floors":[3,3,3,3],"current_hp_per_floor":[61,26,26,26,26,0,0],"gold":30,"neow_bonus":"BOSS_RELIC","is_daily":false,"chose_seed":false,"campfire_upgraded":0,"win_rate":0.0,"timestamp":1612550319,"path_taken":["M","?","$","M","?","E"],"items_purchased_type":["Relic","Card","Card","Potion"],"build_version":"2020-12-22","purchased_purges":1,"victory":false,"max_hp_per_floor":[71,71,71,71,71,71,71],"relic_stats":{"Strange Spoon":[0],"counters":[3,8],"obtain_stats":[{"Strange Spoon":3,"Fusion Hammer":0,"Cracked Core":0,"Old Coin":2},{"Strange Spoon":1,"Fusion Hammer":0,"Cracked Core":0,"Old Coin":1},{"Strange Spoon":2,"Fusion Hammer":0,"Cracked Core":0,"Old Coin":2}]},"card_choices":[{"not_picked":["Redo","Leap"],"picked":"Blizzard","floor":1.0},{"not_picked":["Go for the Eyes","White Noise"],"picked":"Streamline","floor":4.0}],"player_experience":2578681,"relics_obtained":[],"event_choices":[{"damage_healed":0.0,"max_hp_gain":0.0,"max_hp_loss":0.0,"gold_gain":0.0,"event_name":"Scrap Ooze","player_choice":"Success","floor":2.0,"gold_loss":0.0,"damage_taken":35.0,"relics_obtained":["Old Coin"]},{"cards_removed":["Defend_B"],"damage_healed":0,"gold_gain":0,"player_choice":"Forget","damage_taken":0,"max_hp_gain":0,"max_hp_loss":0,"event_name":"Living Wall","floor":5,"gold_loss":0}],"is_beta":false,"boss_relics":[],"items_purged_floors":[3],"is_endless":false,"potions_floor_spawned":[1],"killed_by":"3 Sentries","ascension_level":20}}