{"host":"gknpnudn4hog7rzv","time":1612553782,"event":{"mods":["BaseMod","BetterRewards","Downfall","Hermit","Minty Spire (QoL Compilation)","Robot Space Explorer","StSLib","The Bug Knight"],"gold_per_floor":[116,127,29,49,73,73,2,33,85,85,103,103,68,84,84,183,183,197,197,197,40,50,50,149,177,201,213,9,0,0,0,0,0,0],"floor_reached":33,"language":"ENG","playtime":619,"items_purged":[],"score":274,"play_id":"a4293098-182b-4403-994b-2046a2e59327","local_time":"20210205123622","is_ascension_mode":true,"campfire_choices":[{"data":"RobotSpaceExplorer:PlasmaMissile","floor":6,"key":"SMITH"},{"data":"RobotSpaceExplorer:StarDust","floor":10,"key":"SMITH"},{"data":"RobotSpaceExplorer:ShovelStrike","floor":12,"key":"SMITH"},{"floor":15,"key":"REST"},{"data":"RobotSpaceExplorer:PowerGlove","floor":23,"key":"SMITH"},{"floor":30,"key":"REST"},{"floor":32,"key":"REST"}],"circlet_count":0,"master_deck":["RobotSpaceExplorer:Strike+1","RobotSpaceExplorer:Strike+1","RobotSpaceExplorer:Strike+1","RobotSpaceExplorer:Defend+1","RobotSpaceExplorer:Defend+1","RobotSpaceExplorer:Defend+1","RobotSpaceExplorer:Defend+1","RobotSpaceExplorer:Scan","RobotSpaceExplorer:MiniLasers","RobotSpaceExplorer:PlasmaMissile+1","RobotSpaceExplorer:MiniDrones","RobotSpaceExplorer:ShovelStrike","RobotSpaceExplorer:ShovelStrike+1","RobotSpaceExplorer:StarDust+1","RobotSpaceExplorer:ScrapMissile","RobotSpaceExplorer:PowerGlove+1","RobotSpaceExplorer:Probe+1","RobotSpaceExplorer:ChargingLaser"],"relics":["RobotSpaceExplorer:RoboCore","PreservedInsect","Sundial","Art of War","Vajra","Oddly Smooth Stone","Akabeko","Blood Vial"],"acts_visited":["Exordium","TheCity"],"potions_floor_usage":[2,4,16,18,25,33],"damage_taken":[{"damage":0,"enemies":"Cultist","floor":1,"turns":4},{"damage":4,"enemies":"2 Louse","floor":2,"turns":2},{"damage":0,"enemies":"Jaw Worm","floor":4,"turns":1},{"damage":14,"enemies":"Gremlin Nob","floor":8,"turns":3},{"damage":15,"enemies":"3 Louse","floor":11,"turns":3},{"damage":8,"enemies":"Large Slime","floor":14,"turns":5},{"damage":11,"enemies":"Slime Boss","floor":16,"turns":5},{"damage":3,"enemies":"Spheric Guardian","floor":18,"turns":3},{"damage":2,"enemies":"Chosen","floor":22,"turns":4},{"damage":42,"enemies":"Book of Stabbing","floor":25,"turns":4},{"damage":22,"enemies":"Shelled Parasite and Fungi","floor":27,"turns":6},{"damage":67,"enemies":"Champ","floor":33,"turns":7}],"seed_played":"2409199549556114004","potions_obtained":[{"floor":1,"key":"GamblersBrew"},{"floor":2,"key":"FearPotion"},{"floor":14,"key":"hexamod:SoulburnPotion"},{"floor":16,"key":"BlessingOfTheForge"},{"floor":22,"key":"bronze:BurnAndBuffPotion"}],"is_trial":false,"path_per_floor":["M","M","$","M","T","R","$","E","T","R","M","R","?","M","R","B",null,"M","?","?","$","M","R","?","E","T","M","$","?","R","?","R","B"],"character_chosen":"RobotSpaceExplorer","items_purchased":["RobotSpaceExplorer:MiniDrones","RobotSpaceExplorer:ShovelStrike","RobotSpaceExplorer:StarDust","Vajra","Blood Vial","Fire Potion"],"campfire_rested":3,"item_purchase_floors":[3,3,7,21,28,28],"current_hp_per_floor":[82,78,78,78,78,78,78,64,64,64,49,49,69,61,82,71,82,79,79,79,79,77,77,77,35,35,13,13,13,37,37,61,0,0],"gold":0,"neow_bonus":"TEN_PERCENT_HP_BONUS","is_daily":false,"chose_seed":false,"campfire_upgraded":4,"win_rate":0.0,"timestamp":1612553782,"path_taken":["M","M","$","M","?","R","$","E","T","R","M","R","?","M","R","BOSS","M","?","?","$","M","R","?","E","T","?","$","?","R","?","R","BOSS"],"items_purchased_type":["Card","Card","Card","Relic","Relic","Potion"],"build_version":"2020-12-22","purchased_purges":0,"victory":false,"max_hp_per_floor":[82,82,82,82,82,82,82,82,82,82,82,82,82,82,82,82,82,82,82,82,82,82,82,82,82,82,82,82,82,82,82,82,82,82],"card_choices":[{"not_picked":["RobotSpaceExplorer:ExhaustFan","RobotSpaceExplorer:BigMissile","RobotSpaceExplorer:DoubleFind"],"picked":"SKIP","floor":1},{"not_picked":["RobotSpaceExplorer:ExhaustFan","RobotSpaceExplorer:TurboDodge"],"picked":"RobotSpaceExplorer:PlasmaMissile","floor":2},{"not_picked":["RobotSpaceExplorer:Smokescreen","RobotSpaceExplorer:MakeshiftVolley"],"picked":"RobotSpaceExplorer:ShovelStrike","floor":4},{"not_picked":["RobotSpaceExplorer:JunkDive","RobotSpaceExplorer:Calculate","RobotSpaceExplorer:ScrapToss"],"picked":"SKIP","floor":8},{"not_picked":["RobotSpaceExplorer:ExhaustFan","RobotSpaceExplorer:IronShell","RobotSpaceExplorer:ImprovisedAttack"],"picked":"SKIP","floor":11},{"not_picked":["RobotSpaceExplorer:SwiftStep","RobotSpaceExplorer:SelfCleaning","RobotSpaceExplorer:ShovelStrike"],"picked":"SKIP","floor":14},{"not_picked":["RobotSpaceExplorer:MiniDrones+1","RobotSpaceExplorer:ShockKick"],"picked":"RobotSpaceExplorer:ScrapMissile","floor":18},{"not_picked":["RobotSpaceExplorer:Counterblock","RobotSpaceExplorer:ShockKick","RobotSpaceExplorer:Autoloader"],"picked":"SKIP","floor":22},{"not_picked":["RobotSpaceExplorer:IronShell+1","RobotSpaceExplorer:ShovelStrike"],"picked":"RobotSpaceExplorer:Probe+1","floor":25},{"not_picked":["RobotSpaceExplorer:LaserBurst+1","RobotSpaceExplorer:ToxicBomb+1","RobotSpaceExplorer:MetalStrike"],"picked":"SKIP","floor":27}],"player_experience":377652,"relics_obtained":[{"floor":5,"key":"PreservedInsect"},{"floor":8,"key":"Sundial"},{"floor":9,"key":"Art of War"},{"floor":25,"key":"Oddly Smooth Stone"},{"floor":26,"key":"Akabeko"}],"event_choices":[{"damage_healed":20,"gold_gain":0,"player_choice":"Healed","damage_taken":0,"max_hp_gain":0,"max_hp_loss":0,"event_name":"The Cleric","floor":13,"gold_loss":35},{"damage_healed":0,"gold_gain":0,"player_choice":"Simplicity","damage_taken":0,"max_hp_gain":0,"max_hp_loss":0,"event_name":"Back to Basics","floor":19,"gold_loss":0,"cards_upgraded":["RobotSpaceExplorer:Strike","RobotSpaceExplorer:Strike","RobotSpaceExplorer:Strike","RobotSpaceExplorer:Strike","RobotSpaceExplorer:Defend","RobotSpaceExplorer:Defend","RobotSpaceExplorer:Defend","RobotSpaceExplorer:Defend"]},{"damage_healed":0,"gold_gain":0,"player_choice":"Read","damage_taken":0,"max_hp_gain":0,"max_hp_loss":0,"event_name":"The Library","floor":20,"gold_loss":0,"cards_obtained":["RobotSpaceExplorer:PowerGlove"]},{"damage_healed":0,"gold_gain":99,"player_choice":"Stole From Cult","damage_taken":0,"max_hp_gain":0,"max_hp_loss":0,"event_name":"Nest","floor":24,"gold_loss":0},{"damage_healed":0,"gold_gain":0,"player_choice":"Paid Fearfully","damage_taken":0,"max_hp_gain":0,"max_hp_loss":0,"event_name":"Masked Bandits","floor":29,"gold_loss":9},{"damage_healed":0,"gold_gain":0,"cards_transformed":["RobotSpaceExplorer:Strike"],"player_choice":"Transformed","damage_taken":0,"max_hp_gain":0,"max_hp_loss":0,"event_name":"Transmorgrifier","floor":31,"gold_loss":0,"cards_obtained":["RobotSpaceExplorer:ChargingLaser"]}],"is_beta":false,"boss_relics":[{"not_picked":["bronze:MakeshiftBattery","Velvet Choker","Busted Crown"]}],"items_purged_floors":[],"is_endless":false,"potions_floor_spawned":[1,2,14,16,22],"killed_by":"Champ","ascension_level":1}}