{"host":"la6t950uoatqs0xt","time":1612499825,"event":{"mods":["AchievementEnabler","BaseMod","Colored Powertips","Minty Spire (QoL Compilation)","Quick Restart","Rare Cards Sparkle"],"gold_per_floor":[119,119,133,14,0,25,25,25,49,63,5,38,38,67,67,162,212,229,246,3,16,16,16,28,55,55,55,71,89,106,106,106],"floor_reached":31,"language":"ENG","playtime":1031,"items_purged":[],"score":328,"play_id":"4f6deb67-1363-497f-ba62-ec01a00ad36e","local_time":"20210204233705","is_ascension_mode":true,"campfire_choices":[{"data":"Inflame","floor":7,"key":"SMITH"},{"floor":13,"key":"REST"},{"data":"Uppercut","floor":15,"key":"SMITH"},{"floor":23,"key":"REST"},{"floor":27,"key":"REST"}],"circlet_count":0,"master_deck":["Strike_R","Strike_R","Strike_R+1","Strike_R","Strike_R","Defend_R","Defend_R+1","Defend_R","Defend_R","Bash","Uppercut+1","Inflame+1","Twin Strike+1","Wild Strike","Wild Strike","Flex","Pommel Strike","Perfected Strike","Perfected Strike","Inflame","Twin Strike"],"relics":["Burning Blood","TungstenRod","Lantern","Potion Belt","Boot","Whetstone","Tiny House","Singing Bowl","Oddly Smooth Stone","Strawberry"],"acts_visited":["Exordium","TheCity"],"potions_floor_usage":[16,18,25,30,31,31],"damage_taken":[{"damage":4,"enemies":"2 Louse","floor":1,"turns":4},{"damage":9,"enemies":"Jaw Worm","floor":3,"turns":4},{"damage":26,"enemies":"Gremlin Nob","floor":6,"turns":5},{"damage":0,"enemies":"Cultist","floor":10,"turns":3},{"damage":22,"enemies":"Lagavulin","floor":12,"turns":6},{"damage":24,"enemies":"3 Sentries","floor":14,"turns":7},{"damage":20,"enemies":"Hexaghost","floor":16,"turns":9},{"damage":32,"enemies":"3 Byrds","floor":18,"turns":5},{"damage":0,"enemies":"Chosen","floor":19,"turns":3},{"damage":11,"enemies":"Centurion and Healer","floor":21,"turns":6},{"damage":14,"enemies":"Snake Plant","floor":24,"turns":3},{"damage":47,"enemies":"Gremlin Leader","floor":25,"turns":6},{"damage":26,"enemies":"Sentry and Sphere","floor":28,"turns":5},{"damage":0,"enemies":"Centurion and Healer","floor":29,"turns":5},{"damage":31,"enemies":"3 Cultists","floor":30,"turns":5},{"damage":34,"enemies":"Slavers","floor":31,"turns":2}],"seed_played":"-5911870335405276352","potions_obtained":[{"floor":3,"key":"Ancient Potion"},{"floor":10,"key":"AttackPotion"},{"floor":16,"key":"Explosive Potion"},{"floor":17,"key":"CultistPotion"},{"floor":21,"key":"AttackPotion"},{"floor":25,"key":"PowerPotion"},{"floor":28,"key":"ColorlessPotion"}],"is_trial":false,"path_per_floor":["M","?","M","$","?","E","R","$","T","M","?","E","R","E","R","B",null,"M","M","$","M","?","R","M","E","T","R","M","M","M","E"],"character_chosen":"IRONCLAD","items_purchased":["Inflame","Twin Strike","Singing Bowl"],"campfire_rested":3,"item_purchase_floors":[4,4,20],"current_hp_per_floor":[88,88,85,85,85,65,65,65,65,71,71,55,81,63,63,49,93,67,73,73,68,51,80,72,33,40,72,52,58,33,0,0],"gold":106,"neow_bonus":"TEN_PERCENT_HP_BONUS","is_daily":false,"chose_seed":false,"campfire_upgraded":2,"win_rate":0.0,"timestamp":1612499825,"path_taken":["M","?","M","$","?","E","R","?","T","M","?","E","R","E","R","BOSS","M","M","$","M","?","R","M","E","T","R","M","M","M","E"],"items_purchased_type":["Card","Card","Relic"],"build_version":"2020-12-22","purchased_purges":0,"victory":false,"max_hp_per_floor":[88,88,88,88,88,88,88,88,88,88,88,88,88,88,88,88,93,93,93,93,93,98,98,98,100,107,107,107,107,107,107,107],"card_choices":[{"not_picked":["True Grit","Havoc"],"picked":"Uppercut","floor":1},{"not_picked":["Burning Pact","True Grit","Second Wind"],"picked":"SKIP","floor":3},{"not_picked":["Thunderclap","Warcry","Hemokinesis"],"picked":"SKIP","floor":6},{"not_picked":["Body Slam","Clash","Blood for Blood"],"picked":"SKIP","floor":10},{"not_picked":["Iron Wave","Burning Pact","Feel No Pain"],"picked":"SKIP","floor":12},{"not_picked":["Dark Embrace","Flame Barrier","Sword Boomerang"],"picked":"SKIP","floor":14},{"not_picked":["Armaments","Warcry"],"picked":"Wild Strike","floor":17},{"not_picked":["Cleave","Rage"],"picked":"Wild Strike","floor":18},{"not_picked":["Infernal Blade","Cleave"],"picked":"Flex","floor":19},{"not_picked":["Rupture","Clothesline"],"picked":"Pommel Strike","floor":21},{"not_picked":["Bludgeon","Warcry+1"],"picked":"Perfected Strike","floor":24},{"not_picked":["Dropkick","Shrug It Off","Bloodletting+1"],"picked":"Singing Bowl","floor":25},{"not_picked":["Fire Breathing+1","Heavy Blade+1"],"picked":"Perfected Strike","floor":28},{"not_picked":["Blood for Blood","Dual Wield"],"picked":"Inflame","floor":29},{"not_picked":["Anger","Rage"],"picked":"Twin Strike","floor":30}],"player_experience":278503,"relics_obtained":[{"floor":6,"key":"TungstenRod"},{"floor":9,"key":"Lantern"},{"floor":12,"key":"Boot"},{"floor":14,"key":"Whetstone"},{"floor":25,"key":"Oddly Smooth Stone"},{"floor":26,"key":"Strawberry"}],"event_choices":[{"damage_healed":0,"gold_gain":0,"player_choice":"Ignored","damage_taken":0,"max_hp_gain":0,"max_hp_loss":0,"event_name":"Liars Game","floor":2,"gold_loss":0},{"damage_healed":0,"gold_gain":0,"player_choice":"Left Gold","damage_taken":0,"max_hp_gain":0,"max_hp_loss":0,"event_name":"World of Goop","floor":5,"gold_loss":14},{"damage_healed":0,"gold_gain":0,"player_choice":"Paid Gold","damage_taken":0,"relics_obtained":["Potion Belt"],"max_hp_gain":0,"max_hp_loss":0,"event_name":"WeMeetAgain","floor":11,"gold_loss":58},{"damage_healed":0,"gold_gain":0,"player_choice":"Shed Blood","damage_taken":23,"max_hp_gain":5,"max_hp_loss":0,"event_name":"Forgotten Altar","floor":22,"gold_loss":0}],"is_beta":false,"boss_relics":[{"not_picked":["Runic Dome","Snecko Eye"],"picked":"Tiny House"}],"items_purged_floors":[],"is_endless":false,"potions_floor_spawned":[3,10,16,21,25,28],"killed_by":"Slavers","ascension_level":2}}