{"host":"3twtdwjpiqhvvn5s","time":1612498039,"event":{"mods":["AchievementEnabler","Act Like it!","Aspiration","BaseMod","BetterRewards","Colored Map","Colored Powertips","Downfall","Duelist Mod","Friendly Minions","GifTheSpireLib","Hallownest","Hermit","Hubris","Infinite Spire","Jorbs\u0027s Wanderer Trilogy","Koishi","KomeijiMod","Marisa????????","Minty Spire (QoL Compilation)","Quick Restart","Rare Cards Sparkle","Replay The Spire","Shop Mod","StSLib","Td1madao Mod","The Administrix","The Animator","The Bug Knight","The Caster","The Cursed","The Disciple","The Hierophant","The Necromancer","The Poker Player","The Runesmith","The Servant 0.9.4"],"gold_per_floor":[124,137,149,159,177,216,241,292,315,330,349,349,362,381,381,477,477,488,520,536,554,576,576,576,609,609,613,613],"floor_reached":27,"language":"ENG","playtime":14819,"items_purged":[],"score":288,"play_id":"20135d30-8ade-4b39-abc1-2282fd0adc9a","local_time":"20210204220719","daily_mods":["Flight","Lethality"],"is_ascension_mode":false,"campfire_choices":[{"floor":12,"key":"REST"},{"floor":15,"key":"REST"},{"floor":23,"key":"REST"},{"floor":24,"key":"REST"}],"circlet_count":0,"master_deck":["animator:Strike_Konosuba","animator:Defend_Konosuba","animator:Strike","animator:Strike","animator:Strike","animator:Defend","animator:Defend","animator:Defend","animator:Kazuma","animator:Aqua","animator:YunYun","animator:Raven","animator:YunYun","animator:Chris","animator:ElricEdward","animator:IrohaTamaki","animator:Ara","animator:Megumin+5","animator:Ara","animator:Benimaru","animator:Benimaru","animator:Aisha","animator:Elesis","animator:MamiTomoe","animator:Mitsuba","animator:Benimaru","animator:Raven","animator:Benimaru","animator:Chris"],"relics":["animator:LivingPicture","animator:TheMissingPiece","animator:PurgingStone","Juzu Bracelet","Du-Vu Doll","hubris:DeckOfHolding","hubris:SlimyHat","Fusion Hammer","infinitespire:PuzzleCube","Replay:Accelerometer"],"acts_visited":["Exordium","TheCity"],"potions_floor_usage":[6,7,7,10,16,21,25,25,27],"damage_taken":[{"damage":13,"enemies":"Cultist","floor":1,"turns":5},{"damage":0,"enemies":"Small Slimes","floor":2,"turns":3},{"damage":3,"enemies":"2 Louse","floor":3,"turns":2},{"damage":3,"enemies":"Large Slime","floor":4,"turns":3},{"damage":0,"enemies":"Lots of Slimes","floor":5,"turns":1},{"damage":16,"enemies":"Lagavulin","floor":6,"turns":4},{"damage":19,"enemies":"3 Sentries","floor":7,"turns":4},{"damage":16,"enemies":"Lagavulin","floor":8,"turns":5},{"damage":4,"enemies":"3 Louse","floor":10,"turns":2},{"damage":3,"enemies":"Blue Slaver","floor":11,"turns":3},{"damage":8,"enemies":"Looter","floor":13,"turns":2},{"damage":0,"enemies":"Lots of Slimes","floor":14,"turns":1},{"damage":37,"enemies":"Fading Forest","floor":16,"turns":11},{"damage":0,"enemies":"Spheric Guardian","floor":18,"turns":2},{"damage":3,"enemies":"Shell Parasite","floor":19,"turns":1},{"damage":12,"enemies":"3 Cultists","floor":20,"turns":3},{"damage":13,"enemies":"Chosen and Byrds","floor":21,"turns":3},{"damage":30,"enemies":"Shelled Parasite and Fungi","floor":22,"turns":3},{"damage":40,"enemies":"Nightmare","floor":25,"turns":5},{"damage":24,"enemies":"Centurion and Healer","floor":27,"turns":1}],"seed_played":"-5071813493490316854","potions_obtained":[{"floor":2,"key":"Guardian:BlockOnCardUsePotion"},{"floor":5,"key":"Block Potion"},{"floor":6,"key":"SteroidPotion"},{"floor":8,"key":"Adrenaline Potion"},{"floor":13,"key":"ColorlessPotion"},{"floor":14,"key":"CalmPotion"},{"floor":20,"key":"ColorlessPotion"},{"floor":21,"key":"Reflective Coating"},{"floor":25,"key":"champ:CounterPotion"}],"is_trial":true,"path_per_floor":["M","M","M","M","M","E","E","E","T","M","M","R","M","M","R","B",null,"M","M","M","M","M","R","R","NM","T","M"],"character_chosen":"THE_ANIMATOR","items_purchased":[],"campfire_rested":4,"item_purchase_floors":[],"current_hp_per_floor":[53,55,52,52,52,38,21,7,7,5,4,24,18,18,38,13,67,67,64,54,41,13,33,53,15,15,0,0],"gold":613,"neow_bonus":"","is_daily":false,"chose_seed":false,"campfire_upgraded":0,"win_rate":0.0,"timestamp":1612498039,"path_taken":["M","M","M","M","M","E","E","E","T","M","M","R","M","M","R","BOSS","M","M","M","M","M","R","R","NM","T","M"],"items_purchased_type":[],"build_version":"2020-12-22","purchased_purges":0,"victory":false,"max_hp_per_floor":[66,66,66,67,67,67,67,67,67,67,67,67,67,67,67,67,67,67,67,67,67,67,67,67,67,67,67,67],"card_choices":[{"not_picked":["animator:Cocytus","animator:Raven"],"picked":"animator:YunYun","floor":1},{"not_picked":["animator:DolaStephanie","animator:Kazuma"],"picked":"animator:Raven","floor":2},{"not_picked":["animator:Scar","animator:GazelDwargon"],"picked":"animator:YunYun","floor":3},{"not_picked":["animator:Darkness","animator:Vanir"],"picked":"animator:Chris","floor":4},{"not_picked":["animator:FielNirvalen","animator:HiiragiShinya"],"picked":"animator:ElricEdward","floor":5},{"not_picked":["animator:Millim","animator:MaesHughes"],"picked":"animator:IrohaTamaki","floor":6},{"not_picked":["animator:Add","animator:Albedo"],"picked":"animator:Ara","floor":7},{"not_picked":["animator:Kazuma","animator:Aqua"],"picked":"animator:Megumin","floor":8},{"not_picked":["animator:Kaijin","animator:Chung"],"picked":"animator:Ara","floor":10},{"not_picked":["animator:Millim","animator:Scar"],"picked":"animator:Benimaru","floor":11},{"not_picked":["animator:Genos","animator:SayakaMiki"],"picked":"animator:Benimaru","floor":13},{"not_picked":["animator:Ain","animator:Raven"],"picked":"animator:Aisha","floor":14},{"not_picked":["animator:Ainz","animator:Rimuru"],"picked":"animator:Elesis","floor":16},{"not_picked":["animator:YunYun","animator:ElricEdward"],"picked":"animator:MamiTomoe","floor":18},{"not_picked":["animator:FielNirvalen","animator:Chung"],"picked":"animator:Mitsuba","floor":19},{"not_picked":["animator:Chung","animator:GazelDwargon"],"picked":"animator:Benimaru","floor":20},{"not_picked":["animator:Lu","animator:Add"],"picked":"animator:Raven","floor":21},{"not_picked":["animator:SilverFang+1","animator:PandorasActor"],"picked":"animator:Benimaru","floor":22},{"not_picked":["animator:IrohaTamaki+1","animator:Kaijin"],"picked":"animator:Chris","floor":25}],"player_experience":2638561,"relics_obtained":[{"floor":6,"key":"Juzu Bracelet"},{"floor":7,"key":"Du-Vu Doll"},{"floor":8,"key":"hubris:DeckOfHolding"},{"floor":9,"key":"hubris:SlimyHat"},{"floor":25,"key":"infinitespire:PuzzleCube"},{"floor":26,"key":"Replay:Accelerometer"}],"event_choices":[],"is_beta":false,"boss_relics":[{"not_picked":["Cursed Key","Mark of Pain"],"picked":"Fusion Hammer"}],"items_purged_floors":[],"is_endless":true,"potions_floor_spawned":[2,5,6,8,13,14,20,21,25],"killed_by":"Centurion and Healer","ascension_level":0}}