{"host":"55jv1pv3rh4tcx3n","time":1612548754,"event":{"mods":["AchievementEnabler","BaseMod","Better Note","Better Skull","Better Third Choice","Hermit","Minty Spire (QoL Compilation)","StSLib","everything is the same but u backflip on backflip","slay the spire mod where everything is the same but ironclad has a cowboy hat"],"gold_per_floor":[109,109,109,122,122,152,152,166,166,194,220,31,31,57,57,165,165,186,195,213,47,76,76,76,76],"floor_reached":24,"language":"ENG","playtime":792,"items_purged":[],"score":227,"play_id":"a279b975-cf85-4d4a-b77c-17b3df8fd058","local_time":"20210205131234","is_ascension_mode":false,"campfire_choices":[{"data":"hermit:Maintenance","floor":7,"key":"SMITH"},{"floor":13,"key":"RECALL"},{"data":"hermit:HighCaliber","floor":15,"key":"SMITH"},{"floor":23,"key":"REST"}],"circlet_count":0,"master_deck":["hermit:Strike_Hermit","hermit:Strike_Hermit","hermit:Strike_Hermit","hermit:Strike_Hermit","hermit:Defend_Hermit","hermit:Defend_Hermit","hermit:Defend_Hermit","hermit:Snapshot","hermit:Covet+1","hermit:Quickdraw","hermit:Maintenance+1","Regret","hermit:Dive","hermit:Dive","hermit:HighCaliber+1","hermit:Snipe","hermit:FatalDesire","hermit:Coalescence","Injury","hermit:Feint","Violence","hermit:Brawl","hermit:CalledShot"],"relics":["hermit:ClaspedLocket","NeowsBlessing","Matryoshka","Blood Vial","CeramicFish","Ancient Tea Set","Bronze Scales","Toy Ornithopter","Tiny Chest","Vajra"],"acts_visited":["Exordium","TheCity"],"potions_floor_usage":[10,14,16,22,22],"damage_taken":[{"damage":0,"enemies":"2 Louse","floor":1,"turns":1},{"damage":0,"enemies":"Jaw Worm","floor":4,"turns":1},{"damage":0,"enemies":"3 Sentries","floor":6,"turns":1},{"damage":0,"enemies":"Small Slimes","floor":8,"turns":3},{"damage":24,"enemies":"Lagavulin","floor":10,"turns":9},{"damage":1,"enemies":"Exordium Thugs","floor":14,"turns":2},{"damage":37,"enemies":"Slime Boss","floor":16,"turns":12},{"damage":43,"enemies":"Shell Parasite","floor":18,"turns":7},{"damage":23,"enemies":"Chosen","floor":22,"turns":5},{"damage":50,"enemies":"Gremlin Leader","floor":24,"turns":6}],"seed_played":"-233493340974142965","potions_obtained":[{"floor":4,"key":"SneckoOil"},{"floor":10,"key":"Fire Potion"},{"floor":14,"key":"Energy Potion"}],"is_trial":false,"path_per_floor":["M","?","?","M","?","E","R","M","T","E","T","$","R","M","R","B",null,"M","?","?","$","M","R","E"],"character_chosen":"HERMIT","items_purchased":["hermit:HighCaliber","Vajra","hermit:Brawl","AttackPotion","Dexterity Potion"],"campfire_rested":1,"item_purchase_floors":[12,12,21,21,21],"current_hp_per_floor":[75,75,75,75,75,75,75,75,75,51,51,51,51,57,57,27,75,34,34,34,34,24,46,0,0],"gold":76,"neow_bonus":"THREE_ENEMY_KILL","is_daily":false,"chose_seed":false,"campfire_upgraded":2,"win_rate":0.0,"timestamp":1612548754,"path_taken":["M","?","?","M","?","E","R","M","T","E","?","$","R","M","R","BOSS","M","?","?","$","M","R","E"],"items_purchased_type":["Card","Relic","Card","Potion","Potion"],"build_version":"2020-12-22","purchased_purges":0,"victory":false,"max_hp_per_floor":[75,75,75,75,75,75,75,75,75,75,75,75,75,75,75,75,75,75,75,75,75,75,75,75,75],"card_choices":[{"not_picked":["hermit:Coalescence","hermit:Roulette"],"picked":"hermit:Quickdraw","floor":1},{"not_picked":["hermit:Midnight","hermit:FullyLoaded"],"picked":"hermit:Maintenance","floor":4},{"not_picked":["hermit:Maintenance","hermit:SprayPray"],"picked":"hermit:Dive","floor":6},{"not_picked":["hermit:Misfire","hermit:Desperado"],"picked":"hermit:Dive","floor":8},{"not_picked":["hermit:Cheat","hermit:Ricochet","hermit:CursedWeapon"],"picked":"SKIP","floor":10},{"not_picked":["hermit:Feint","hermit:Roulette"],"picked":"hermit:Snipe","floor":14},{"not_picked":["hermit:Roughhouse","hermit:BlackWind"],"picked":"hermit:FatalDesire","floor":16},{"not_picked":["hermit:SprayPray","hermit:CursedWeapon"],"picked":"hermit:Coalescence","floor":18},{"not_picked":["hermit:Gestalt","hermit:WideOpen"],"picked":"hermit:CalledShot","floor":22}],"player_experience":2154292,"relics_obtained":[{"floor":6,"key":"Blood Vial"},{"floor":9,"key":"CeramicFish"},{"floor":9,"key":"Ancient Tea Set"},{"floor":10,"key":"Bronze Scales"},{"floor":11,"key":"Toy Ornithopter"},{"floor":11,"key":"Tiny Chest"}],"event_choices":[{"damage_healed":0,"gold_gain":0,"player_choice":"Grow","damage_taken":0,"max_hp_gain":0,"max_hp_loss":0,"event_name":"Living Wall","floor":2,"gold_loss":0,"cards_upgraded":["hermit:Covet"]},{"damage_healed":75,"gold_gain":0,"player_choice":"Embrace Burn","damage_taken":0,"max_hp_gain":0,"max_hp_loss":75,"event_name":"betterThird:BetterShining","floor":3,"gold_loss":0},{"damage_healed":0,"gold_gain":0,"player_choice":"Box","damage_taken":0,"relics_obtained":["Matryoshka"],"max_hp_gain":0,"max_hp_loss":0,"event_name":"Big Fish","floor":5,"gold_loss":0,"cards_obtained":["Regret"]},{"cards_removed":["Regret"],"damage_healed":0,"gold_gain":0,"player_choice":"Take \u0026 Give","damage_taken":0,"max_hp_gain":0,"max_hp_loss":0,"event_name":"betterNote:BetterNote","floor":19,"gold_loss":0,"cards_obtained":["Injury"]},{"damage_healed":0,"gold_gain":0,"cards_transformed":["hermit:Defend_Hermit","Burn"],"player_choice":"Became Test Subject","damage_taken":0,"max_hp_gain":0,"max_hp_loss":0,"event_name":"Drug Dealer","floor":20,"gold_loss":0,"cards_obtained":["hermit:Feint","Violence"]}],"is_beta":false,"boss_relics":[{"not_picked":["Astrolabe","Runic Dome"],"picked":"hermit:ClaspedLocket"}],"items_purged_floors":[],"is_endless":false,"potions_floor_spawned":[4,10,14],"killed_by":"Gremlin Leader","ascension_level":0}}