{"host":"rtw1tnr74gozsrw1","time":1612550728,"event":{"mods":["BaseMod","Colored Map","Colored Powertips","Highlight Path","Minty Spire (QoL Compilation)","StSLib","The Jungle"],"gold_per_floor":[111,131,231,248,259,259,271,271,297,297,330,344,344,344,344,439,439,439,364,364,264,264,264,281,281,304,316,343,366,378,405,417,528,540,565,627,639,651,651],"floor_reached":38,"language":"ENG","playtime":1359,"items_purged":["Strike_B","Strike_B"],"score":451,"play_id":"57224d7e-e9c8-482a-9b3b-bf86f5a5baa8","local_time":"20210205194528","is_ascension_mode":true,"campfire_choices":[{"data":"Glacier","floor":6,"key":"SMITH"},{"data":"Capacitor","floor":8,"key":"SMITH"},{"data":"Conserve Battery","floor":10,"key":"SMITH"},{"data":"Redo","floor":13,"key":"SMITH"},{"data":"Zap","floor":15,"key":"SMITH"},{"data":"Glacier","floor":23,"key":"SMITH"},{"data":"Darkness","floor":25,"key":"SMITH"},{"data":"Dualcast","floor":27,"key":"SMITH"},{"data":"Defragment","floor":30,"key":"SMITH"},{"floor":32,"key":"REST"}],"circlet_count":0,"master_deck":["Strike_B","Strike_B","Defend_B","Defend_B","Defend_B","Defend_B","Zap+1","Dualcast+1","Glacier+1","Darkness+1","Conserve Battery+1","Cold Snap","Capacitor+1","Redo+1","Glacier+1","Electrodynamics","Defragment+1","Conserve Battery+1","Defragment","Multi-Cast","Redo+1"],"relics":["Cracked Core","NeowsBlessing","MealTicket","Centennial Puzzle","Sozu","MawBank","Inserter","FossilizedHelix"],"acts_visited":["Exordium","TheCity","TheBeyond"],"potions_floor_usage":[7,12,16,18],"damage_taken":[{"damage":0,"enemies":"Small Slimes","floor":1,"turns":1},{"damage":0,"enemies":"Cultist","floor":2,"turns":1},{"damage":0,"enemies":"Jaw Worm","floor":4,"turns":1},{"damage":0,"enemies":"Large Slime","floor":5,"turns":7},{"damage":11,"enemies":"Exordium Thugs","floor":7,"turns":5},{"damage":14,"enemies":"Lagavulin","floor":11,"turns":8},{"damage":9,"enemies":"Red Slaver","floor":12,"turns":4},{"damage":40,"enemies":"Slime Boss","floor":16,"turns":15},{"damage":0,"enemies":"Chosen","floor":18,"turns":1},{"damage":5,"enemies":"2 Thieves","floor":24,"turns":4},{"damage":11,"enemies":"Snecko","floor":28,"turns":5},{"damage":0,"enemies":"Snake Plant","floor":29,"turns":6},{"damage":0,"enemies":"Sentry and Sphere","floor":31,"turns":7},{"damage":25,"enemies":"Automaton","floor":33,"turns":13},{"damage":22,"enemies":"3 Darklings","floor":35,"turns":7},{"damage":0,"enemies":"Mind Bloom Boss Battle","floor":36,"turns":11},{"damage":10,"enemies":"3 Shapes","floor":37,"turns":6},{"damage":0,"enemies":"Sphere and 2 Shapes","floor":38,"turns":3}],"seed_played":"7094500568008285330","potions_obtained":[{"floor":2,"key":"Swift Potion"},{"floor":4,"key":"FearPotion"},{"floor":5,"key":"AttackPotion"},{"floor":12,"key":"SmokeBomb"}],"is_trial":false,"path_per_floor":["M","M","?","M","M","R","M","R","T","R","E","M","R","?","R","B",null,"M","$","?","$","?","R","M","R","T","R","M","M","R","M","R","B",null,"M","?","M","M"],"character_chosen":"DEFECT","items_purchased":[],"campfire_rested":1,"item_purchase_floors":[],"current_hp_per_floor":[75,75,75,75,75,75,64,64,64,64,50,41,41,41,41,1,75,75,75,75,75,75,75,70,70,70,70,59,59,59,59,75,50,75,53,53,43,43,43],"gold":651,"neow_bonus":"THREE_ENEMY_KILL","is_daily":false,"chose_seed":false,"campfire_upgraded":9,"win_rate":0.0,"timestamp":1612550728,"path_taken":["M","M","?","M","M","R","?","R","T","R","E","M","R","?","R","BOSS","M","$","?","?","?","R","M","R","T","R","M","M","R","?","R","BOSS","M","?","M","M"],"items_purchased_type":[],"build_version":"2020-12-22","purchased_purges":2,"victory":false,"max_hp_per_floor":[75,75,75,75,75,75,75,75,75,75,75,75,75,75,75,75,75,75,75,75,75,75,75,75,75,75,75,75,75,75,75,75,75,75,75,75,75,75,75],"card_choices":[{"not_picked":["Leap","Coolheaded"],"picked":"Glacier","floor":1},{"not_picked":["Sweeping Beam","Conserve Battery"],"picked":"Darkness","floor":2},{"not_picked":["Compile Driver","Beam Cell"],"picked":"Conserve Battery","floor":4},{"not_picked":["Beam Cell","Reprogram"],"picked":"Cold Snap","floor":5},{"not_picked":["Self Repair","Hologram"],"picked":"Capacitor","floor":7},{"not_picked":["Steam","Sweeping Beam"],"picked":"Redo","floor":11},{"not_picked":["Conserve Battery","Self Repair"],"picked":"Glacier","floor":12},{"not_picked":["Thunder Strike","Amplify"],"picked":"Electrodynamics","floor":16},{"not_picked":["Redo","Hologram","Storm+1"],"picked":"SKIP","floor":24},{"not_picked":["Force Field","Beam Cell"],"picked":"Defragment","floor":28},{"not_picked":["Leap","Coolheaded+1"],"picked":"Conserve Battery+1","floor":29},{"not_picked":["Compile Driver","Coolheaded+1"],"picked":"Defragment","floor":31},{"not_picked":["Reboot","Buffer"],"picked":"Multi-Cast","floor":33},{"not_picked":["Gash+1","Reprogram+1"],"picked":"Redo+1","floor":35},{"not_picked":["Hologram+1","Streamline+1","Go for the Eyes"],"picked":"SKIP","floor":37}],"player_experience":109502,"relics_obtained":[{"floor":9,"key":"MealTicket"},{"floor":11,"key":"Centennial Puzzle"},{"floor":26,"key":"MawBank"},{"floor":36,"key":"FossilizedHelix"}],"event_choices":[{"damage_healed":0,"gold_gain":100,"player_choice":"Pray","damage_taken":0,"max_hp_gain":0,"max_hp_loss":0,"event_name":"Golden Shrine","floor":3,"gold_loss":0},{"damage_healed":0,"gold_gain":0,"player_choice":"Searched \u00270\u0027 times","damage_taken":0,"max_hp_gain":0,"max_hp_loss":0,"event_name":"Dead Adventurer","floor":14,"gold_loss":0},{"damage_healed":25,"gold_gain":0,"player_choice":"Heal","damage_taken":0,"max_hp_gain":0,"max_hp_loss":0,"event_name":"The Library","floor":20,"gold_loss":0},{"damage_healed":0,"gold_gain":0,"player_choice":"Ignored","damage_taken":0,"max_hp_gain":0,"max_hp_loss":0,"event_name":"The Mausoleum","floor":22,"gold_loss":0},{"damage_healed":0,"gold_gain":0,"player_choice":"Fight","damage_taken":0,"max_hp_gain":0,"max_hp_loss":0,"event_name":"MindBloom","floor":36,"gold_loss":0}],"is_beta":false,"boss_relics":[{"not_picked":["Coffee Dripper","Nuclear Battery"],"picked":"Sozu"},{"not_picked":["SacredBark","Snecko Eye"],"picked":"Inserter"}],"items_purged_floors":[19,21],"is_endless":false,"potions_floor_spawned":[2,4,5,12,24,31,35],"killed_by":"Sphere and 2 Shapes","ascension_level":4}}