{"host":"s2ygc4jgfm0lziqy","time":1612560674,"event":{"mods":["2.2 Compatiblity","BaseMod","Bestiary","Colored Map","Highlight Path","Minty Spire (QoL Compilation)","Replay The Spire","Robot Space Explorer","StSLib","Weighted Paths"],"gold_per_floor":[119,133,144,156,23,23,36,71,94,121,121,140,140,153,153,284,284,304,304],"floor_reached":18,"language":"ENG","playtime":867,"items_purged":["RobotSpaceExplorer:Strike"],"score":176,"play_id":"792b4ef5-ce8d-425b-bea8-89c22be015e8","local_time":"20210205213114","is_ascension_mode":false,"campfire_choices":[{"data":"RobotSpaceExplorer:StarLightning","floor":6,"key":"SMITH"},{"data":"RobotSpaceExplorer:RigExplosive","floor":13,"key":"SMITH"},{"data":"RobotSpaceExplorer:MetalStrike","floor":15,"key":"SMITH"}],"circlet_count":0,"master_deck":["RobotSpaceExplorer:Strike","RobotSpaceExplorer:Strike","RobotSpaceExplorer:Strike","RobotSpaceExplorer:Defend","RobotSpaceExplorer:Defend","RobotSpaceExplorer:Defend","RobotSpaceExplorer:Defend","RobotSpaceExplorer:Scan","RobotSpaceExplorer:MiniLasers","RobotSpaceExplorer:FreezeRay","RobotSpaceExplorer:MetalStrike+1","RobotSpaceExplorer:GlueShot","RobotSpaceExplorer:StarLightning+1","RobotSpaceExplorer:MiniBoosters+1","RobotSpaceExplorer:StunGrenade","RobotSpaceExplorer:RigExplosive+1","RobotSpaceExplorer:GlueShot","RobotSpaceExplorer:Smokescreen","RobotSpaceExplorer:ShockMissile","RobotSpaceExplorer:Reload"],"relics":["RobotSpaceExplorer:RoboCore","StoneCalendar","Regal Pillow","ReplayTheSpireMod:Lightbulb","Golden Idol","SacredBark"],"acts_visited":["Exordium","TheCity"],"potions_floor_usage":[10,10,12,16,16,18],"damage_taken":[{"damage":0,"enemies":"2 Louse","floor":1,"turns":3},{"damage":3,"enemies":"Cultist","floor":2,"turns":4},{"damage":0,"enemies":"Small Slimes","floor":3,"turns":3},{"damage":13,"enemies":"3 Louse","floor":4,"turns":4},{"damage":21,"enemies":"Exordium Wildlife","floor":7,"turns":5},{"damage":8,"enemies":"3 Sentries","floor":8,"turns":6},{"damage":4,"enemies":"Gremlin Nob","floor":10,"turns":3},{"damage":0,"enemies":"Large Slime","floor":12,"turns":3},{"damage":3,"enemies":"Looter","floor":14,"turns":3},{"damage":2,"enemies":"Fading Forest","floor":16,"turns":11},{"damage":10,"enemies":"Shell Parasite","floor":18,"turns":4}],"seed_played":"-5993591303604389555","potions_obtained":[{"floor":1,"key":"Fire Potion"},{"floor":4,"key":"SpeedPotion"},{"floor":10,"key":"Adrenaline Potion"},{"floor":18,"key":"Languid Potion"}],"is_trial":false,"path_per_floor":["M","M","M","M","$","R","M","E","T","E","?","M","R","M","R","B",null,"M"],"character_chosen":"RobotSpaceExplorer","items_purchased":["RobotSpaceExplorer:MiniBoosters+1"],"campfire_rested":0,"item_purchase_floors":[5],"current_hp_per_floor":[82,79,79,66,66,66,45,37,37,33,33,33,33,30,30,38,76,66,66],"gold":304,"neow_bonus":"TEN_PERCENT_HP_BONUS","is_daily":false,"chose_seed":false,"campfire_upgraded":3,"win_rate":0.0,"timestamp":1612560674,"path_taken":["M","M","M","M","$","R","M","E","T","E","?","M","R","M","R","BOSS","M"],"items_purchased_type":["Card"],"build_version":"2020-12-22","purchased_purges":1,"victory":false,"max_hp_per_floor":[82,82,82,82,82,82,82,82,82,82,76,76,76,76,76,76,76,76,76],"card_choices":[{"not_picked":["RobotSpaceExplorer:SurgingShield","RobotSpaceExplorer:Ammunition"],"picked":"RobotSpaceExplorer:FreezeRay","floor":1},{"not_picked":["RobotSpaceExplorer:Probe","RobotSpaceExplorer:ScrapMissile"],"picked":"RobotSpaceExplorer:MetalStrike","floor":2},{"not_picked":["RobotSpaceExplorer:SlimeMissile","RobotSpaceExplorer:SwiftStep"],"picked":"RobotSpaceExplorer:GlueShot","floor":3},{"not_picked":["RobotSpaceExplorer:SurgingShield","RobotSpaceExplorer:FranticSearch"],"picked":"RobotSpaceExplorer:StarLightning","floor":4},{"not_picked":["RobotSpaceExplorer:Ammunition","RobotSpaceExplorer:MiniDrones"],"picked":"RobotSpaceExplorer:StunGrenade","floor":7},{"not_picked":["RobotSpaceExplorer:HighVoltage","RobotSpaceExplorer:Autoloader"],"picked":"RobotSpaceExplorer:RigExplosive","floor":8},{"not_picked":["RobotSpaceExplorer:ImprovisedAttack","RobotSpaceExplorer:Pulsar"],"picked":"RobotSpaceExplorer:GlueShot","floor":10},{"not_picked":["RobotSpaceExplorer:ShovelStrike","RobotSpaceExplorer:Pulsar"],"picked":"RobotSpaceExplorer:Smokescreen","floor":12},{"not_picked":["RobotSpaceExplorer:Electroshield","RobotSpaceExplorer:SwiftStep","RobotSpaceExplorer:Blitz"],"picked":"SKIP","floor":14},{"not_picked":["RobotSpaceExplorer:DroneSwarm","RobotSpaceExplorer:Asteroid"],"picked":"RobotSpaceExplorer:ShockMissile","floor":16},{"not_picked":["RobotSpaceExplorer:ScrapToss+1","RobotSpaceExplorer:SwiftStep"],"picked":"RobotSpaceExplorer:Reload","floor":18}],"player_experience":1917,"relics_obtained":[{"floor":8,"key":"StoneCalendar"},{"floor":9,"key":"Regal Pillow"},{"floor":10,"key":"ReplayTheSpireMod:Lightbulb"}],"event_choices":[{"damage_healed":0,"gold_gain":0,"player_choice":"Lose Max HP","damage_taken":0,"relics_obtained":["Golden Idol"],"max_hp_gain":0,"max_hp_loss":6,"event_name":"Golden Idol","floor":11,"gold_loss":0}],"is_beta":false,"boss_relics":[{"not_picked":["Replay:Ancient Bell","Sozu"],"picked":"SacredBark"}],"items_purged_floors":[5],"is_endless":false,"potions_floor_spawned":[1,4,10,18],"killed_by":"Shell Parasite","ascension_level":0}}