{"host":"0s8kyghz8ihx2r41","time":1612505646,"event":{"mods":["100% Spire Juice","2.2 Compatiblity","Act Like it!","Bard","BaseMod","Block Reminder","CapriCore","Chen","Conspire","Downfall","Friendly Minions","GungeonMod","Hermit","HololiveMod","Hubris","Koishi","Lobotomy","LobotomyExtend","Marisa（霧雨　魔理沙）","Minty Spire (QoL Compilation)","Monster B Gone","Morshu Shopkeeper","Prisma Mod","Reimu（博??梦）","Reliquary","Replay The Spire","Spire Birthday Party","StSLib","The Administrix","The Alterego","The Clintock","The Construct","The Cursed","The Disciple","The Edgeheg","The Gatherer","The Immortal","The Marked","The Mystic","The Paleblood","The Servant 0.9.4","TheBandit","TheSwordswoman","TheVacant","Waifu the Spire","Yakumo Yukari mod","Yuyuko","everything is the same but u backflip on backflip","slay the spire mod where everything is the same but ironclad has a cowboy hat"],"gold_per_floor":[119,119,160,160,160,160,174,27,103,120,120,178,61,78,78,78,78],"floor_reached":16,"language":"ENG","playtime":433,"items_purged":[],"score":92,"play_id":"fc804d18-d271-4cd3-9bc4-18d3b265d206","local_time":"20210205011406","is_ascension_mode":false,"campfire_choices":[{"data":"DemoMod:SAA","floor":6,"key":"SMITH"},{"floor":15,"key":"REST"}],"circlet_count":0,"master_deck":["DemoMod:Strike_Huntress","DemoMod:Strike_Huntress","DemoMod:Strike_Huntress","DemoMod:Defend_Huntress","DemoMod:Defend_Huntress","DemoMod:Defend_Huntress","DemoMod:Defend_Huntress","DemoMod:Roll","DemoMod:ManualReload","DemoMod:RustySidearm","DemoMod:CrossBow+1","DemoMod:StickyCrossBow+1","DemoMod:SAA+1","DemoMod:GunslingerForm","DemoMod:CombinedRifle","DemoMod:DoubleSwitch","DemoMod:Elimentaler+1","DemoMod:Unmoved"],"relics":["DemoMod:Dog","LetterFromLob","reliquary:Firecrackers"],"acts_visited":["Exordium"],"potions_floor_usage":[12],"damage_taken":[{"damage":0,"enemies":"Cultist","floor":1,"turns":2},{"damage":10,"enemies":"Jaw Worm","floor":3,"turns":3},{"damage":10,"enemies":"Small Slimes","floor":7,"turns":3},{"damage":9,"enemies":"Blue Slaver","floor":10,"turns":3},{"damage":29,"enemies":"Lots of Slimes","floor":12,"turns":4},{"damage":7,"enemies":"Red Slaver","floor":14,"turns":2},{"damage":53,"enemies":"The Guardian","floor":16,"turns":7}],"seed_played":"-5348186793232443268","potions_obtained":[{"floor":7,"key":"PowerPotion"}],"is_trial":false,"path_per_floor":["M","?","M","?","?","R","M","$","T","M","?","M","$","M","R","B"],"character_chosen":"HUNTRESS","items_purchased":["DemoMod:GunslingerForm","DemoMod:Elimentaler+1"],"campfire_rested":1,"item_purchase_floors":[8,13],"current_hp_per_floor":[70,70,60,60,61,61,51,51,51,42,65,36,36,29,50,0,0],"gold":78,"neow_bonus":"RANDOM_EVENT","is_daily":false,"chose_seed":false,"campfire_upgraded":1,"win_rate":0.0,"timestamp":1612505646,"path_taken":["M","?","?","?","?","R","M","?","T","?","?","M","$","M","R","BOSS"],"items_purchased_type":["Card","Card"],"build_version":"2020-12-22","purchased_purges":0,"victory":false,"max_hp_per_floor":[70,70,70,70,71,71,71,71,71,71,71,71,71,71,71,71,71],"card_choices":[{"not_picked":["DemoMod:LifeOrb","DemoMod:AC15"],"picked":"DemoMod:StickyCrossBow","floor":1},{"not_picked":["DemoMod:BattleInHaste","DemoMod:PotionOfGunFriendShip"],"picked":"DemoMod:SAA","floor":3},{"not_picked":["DemoMod:JK47","DemoMod:DirectionalPad","DemoMod:PotionOfGunFriendShip"],"picked":"SKIP","floor":7},{"not_picked":["DemoMod:BattleInHaste","DemoMod:HuntsMan"],"picked":"DemoMod:CombinedRifle","floor":10},{"not_picked":["DemoMod:ConditionalReflex","DemoMod:CombinedRifle"],"picked":"DemoMod:DoubleSwitch","floor":12},{"not_picked":["DemoMod:SAA","DemoMod:DoubleSwitch"],"picked":"DemoMod:Unmoved","floor":14}],"player_experience":361413,"relics_obtained":[{"floor":1,"key":"LetterFromLob"},{"floor":9,"key":"reliquary:Firecrackers"}],"event_choices":[{"damage_healed":0,"gold_gain":0,"player_choice":"Grow","damage_taken":0,"max_hp_gain":0,"max_hp_loss":0,"event_name":"Living Wall","floor":0,"gold_loss":0,"cards_upgraded":["DemoMod:CrossBow"]},{"damage_healed":0,"gold_gain":0,"player_choice":"Upgraded","damage_taken":0,"max_hp_gain":0,"max_hp_loss":0,"event_name":"Upgrade Shrine","floor":2,"gold_loss":0,"cards_upgraded":["DemoMod:StickyCrossBow"]},{"damage_healed":23,"gold_gain":0,"player_choice":"Banana","damage_taken":0,"max_hp_gain":0,"max_hp_loss":0,"event_name":"Big Fish","floor":11,"gold_loss":0}],"is_beta":false,"boss_relics":[],"items_purged_floors":[],"is_endless":false,"potions_floor_spawned":[7],"killed_by":"The Guardian","ascension_level":0}}