{"host":"23qk1co0p3p8qz56","time":1612510779,"event":{"mods":["100% Spire Juice","AchievementEnabler","Act Like it!","Arknights","BaseMod","Better Note","Better Third Choice","BetterRewards","CapriCore","Chen","Colored Map","Gold Saver","Koishi","Lobotomy","LobotomyExtend","Marisa（霧雨　魔理沙）","Minty Spire (QoL Compilation)","Prisma Mod","Reimu（博??梦）","StSLib","The Alterego","The Animator","The Immortal","The Senshi","Waifu the Spire","Yuri Mod"],"gold_per_floor":[926,926,939,955,972,972,998,1013,1013,1038,1038,1038,1038,1038,1038,1139,1139,1157,923,923,873,884,884,912,912,912],"floor_reached":25,"language":"ENG","playtime":960,"items_purged":[],"score":229,"play_id":"dbff74df-48ab-4617-8ee3-c8912e1b078e","local_time":"20210205003939","is_ascension_mode":false,"campfire_choices":[{"floor":6,"key":"REST"},{"floor":11,"key":"REST"},{"floor":13,"key":"REST"},{"data":"1","floor":15,"key":"LIFT"},{"data":"yuri:Suicide","floor":23,"key":"SMITH"}],"circlet_count":0,"master_deck":["yuri:yuriStrike","Scorched","Alriune","yuri:CalmingAura","QueenBee","OSAHOGD","yuri:Suicide+1","yuri:BookPurple+1","MHz","yuri:HeavierStrike","yuri:GrowingInsanity","UniverseFragment","yuri:WickedSlash+1","LittleHelper","yuri:SeeingDouble"],"relics":["yuri:yuriKnife","CogitoBucket","LetterFromLob","yuri:GlitchPowder","AdjustmentMirror","Girya","Tea:ReiMu","yuri:BookOfBooks","theSenshi:SailorFukuRelic","Torii"],"acts_visited":["Exordium","TheCity"],"potions_floor_usage":[],"damage_taken":[{"damage":2,"enemies":"Small Slimes","floor":1,"turns":4},{"damage":33,"enemies":"Jaw Worm","floor":3,"turns":4},{"damage":0,"enemies":"2 Louse","floor":4,"turns":1},{"damage":46,"enemies":"Red Slaver","floor":5,"turns":3},{"damage":13,"enemies":"3 Sentries","floor":7,"turns":3},{"damage":0,"enemies":"Blue Slaver","floor":8,"turns":1},{"damage":24,"enemies":"Gremlin Nob","floor":10,"turns":4},{"damage":45,"enemies":"The Guardian","floor":16,"turns":7},{"damage":0,"enemies":"3 Byrds","floor":18,"turns":2},{"damage":8,"enemies":"Chosen","floor":22,"turns":4},{"damage":35,"enemies":"Book of Stabbing","floor":24,"turns":6},{"damage":65,"enemies":"Snake Plant","floor":25,"turns":1}],"seed_played":"731282634345697835","potions_obtained":[{"floor":3,"key":"LiquidBronze"},{"floor":10,"key":"LiquidMemories"}],"is_trial":false,"path_per_floor":["M","?","M","M","M","R","E","M","T","E","R","?","R","?","R","B",null,"M","$","?","?","M","R","E","M"],"character_chosen":"YURI","items_purchased":["yuri:GrowingInsanity","theSenshi:SailorFukuRelic"],"campfire_rested":3,"item_purchase_floors":[19,19],"current_hp_per_floor":[80,85,52,52,10,35,26,26,26,7,32,32,57,85,85,40,85,85,85,85,85,77,77,42,0,0],"gold":912,"neow_bonus":"","is_daily":false,"chose_seed":false,"campfire_upgraded":1,"win_rate":0.0,"timestamp":1612510779,"path_taken":["M","?","M","M","M","R","E","M","T","E","R","?","R","?","R","BOSS","M","$","?","?","M","R","E","?"],"items_purchased_type":["Card","Relic"],"build_version":"2020-12-22","purchased_purges":0,"victory":false,"max_hp_per_floor":[80,85,85,85,85,85,85,85,85,85,85,85,85,85,85,85,85,85,85,85,85,85,85,85,85,85],"card_choices":[{"not_picked":["SpiderBud","FieryBird"],"picked":"Scorched","floor":1},{"not_picked":["yuri:HeavierStrike","yuri:yuriHeavyStrike"],"picked":"yuri:yuriQuickStrike","floor":1},{"not_picked":["Variant","NakedNest"],"picked":"Laetitia","floor":3},{"not_picked":["yuri:RecklessStrike","yuri:CalmingAura"],"picked":"yuri:Spin","floor":3},{"not_picked":["Woodsman","PunishingBird"],"picked":"WallGazer","floor":4},{"not_picked":["yuri:SelfHarm","yuri:Stalk"],"picked":"yuri:GlitchedStrike","floor":4},{"not_picked":["Murderer","GreedKing"],"picked":"Alriune","floor":5},{"not_picked":["yuri:yuriHeavyStrike","yuri:ReloadGame"],"picked":"yuri:CalmingAura","floor":5},{"not_picked":["Wellcheers","GalaxyChild"],"picked":"QueenBee","floor":7},{"not_picked":["yuri:Skip","yuri:UntestedCode"],"picked":"yuri:TeaSet","floor":7},{"not_picked":["MHz","Porccubus"],"picked":"FairyFestival","floor":8},{"not_picked":["yuri:HeavierStrike","yuri:ThrowingKnives"],"picked":"yuri:TPose","floor":8},{"not_picked":["Murderer","OSAHOGD"],"picked":"CherryBlossoms","floor":10},{"not_picked":["yuri:RecklessStrike","yuri:CalmingAura"],"picked":"yuri:yuriQuickStrike","floor":10},{"not_picked":["HeroicMonk","LittlePrince"],"picked":"OSAHOGD","floor":16},{"not_picked":["yuri:MirrorInsanity","yuri:BlackTea"],"picked":"yuri:Suicide","floor":16},{"not_picked":["yuri:BookRed+1","yuri:BookGreen+1","yuri:BookBlue+1"],"picked":"yuri:BookPurple+1","floor":17},{"not_picked":["PlagueDoctor","GalaxyChild","BlackArmy"],"picked":"Singing Bowl","floor":18},{"not_picked":["MeatLantern","CrumblingArmor"],"picked":"MHz","floor":18},{"not_picked":["yuri:ThrowingKnives","yuri:CalmingAura"],"picked":"yuri:HeavierStrike","floor":18},{"not_picked":["Freischutz","BeautyBeast"],"picked":"UniverseFragment","floor":22},{"not_picked":["yuri:DuplicateCode","yuri:ReloadGame"],"picked":"yuri:WickedSlash+1","floor":22},{"not_picked":["DespairKnight","Bloodbath"],"picked":"LittleHelper","floor":24},{"not_picked":["yuri:Skip+1","yuri:RecklessStrike"],"picked":"yuri:SeeingDouble","floor":24}],"player_experience":30475,"relics_obtained":[{"floor":1,"key":"LetterFromLob"},{"floor":7,"key":"yuri:GlitchPowder"},{"floor":9,"key":"Girya"},{"floor":10,"key":"Tea:ReiMu"},{"floor":24,"key":"Torii"}],"event_choices":[{"damage_healed":0,"gold_gain":0,"player_choice":"Donut","damage_taken":0,"max_hp_gain":5,"max_hp_loss":0,"event_name":"Big Fish","floor":2,"gold_loss":0},{"damage_healed":0,"gold_gain":0,"player_choice":"Ignored","damage_taken":0,"max_hp_gain":0,"max_hp_loss":0,"event_name":"Golden Idol","floor":12,"gold_loss":0},{"damage_healed":0,"gold_gain":0,"player_choice":"Ignored","damage_taken":0,"max_hp_gain":0,"max_hp_loss":0,"event_name":"betterNote:BetterNote","floor":20,"gold_loss":0,"cards_obtained":["animator:Megumin"]},{"damage_healed":0,"gold_gain":0,"player_choice":"Bet on Owner","damage_taken":0,"max_hp_gain":0,"max_hp_loss":0,"event_name":"The Joust","floor":21,"gold_loss":50}],"is_beta":false,"boss_relics":[{"not_picked":["Sozu","Astrolabe"],"picked":"yuri:BookOfBooks"}],"items_purged_floors":[],"is_endless":false,"potions_floor_spawned":[3,10],"killed_by":"Snake Plant","ascension_level":0}}