{"host":"ELF","time":1612506330,"event":{"mods":["BaseMod","Bestiary","Minty Spire (QoL Compilation)","Relic Stats","Slay the Relics Exporter"],"gold_per_floor":[109,32,32,32,51,82,42,71,71,90,108,108,126,158,158,158,158],"floor_reached":16,"language":"ENG","playtime":539,"items_purged":[],"score":290,"play_id":"75bf9ed1-672a-4c2f-a32e-4311aa8f8977","local_time":"20210205002530","is_ascension_mode":true,"campfire_choices":[{"data":"Sunder","floor":12,"key":"SMITH"},{"data":"Zap","floor":15,"key":"SMITH"}],"circlet_count":0,"master_deck":["AscendersBane","Strike_B","Strike_B","Strike_B","Strike_B","Defend_B","Defend_B","Defend_B+1","Defend_B","Zap+1","Dualcast","Sunder+1","Hello World+1","Cold Snap","Sweeping Beam","Coolheaded+1","Ball Lightning","Cold Snap","Self Repair"],"relics":["Cracked Core","NeowsBlessing","Pen Nib","Ancient Tea Set","HornCleat","War Paint"],"acts_visited":["Exordium"],"potions_floor_usage":[8,16,16],"damage_taken":[{"damage":0,"enemies":"Cultist","floor":1,"turns":1},{"damage":0,"enemies":"Jaw Worm","floor":5,"turns":1},{"damage":0,"enemies":"Gremlin Nob","floor":6,"turns":1},{"damage":18,"enemies":"3 Sentries","floor":8,"turns":4},{"damage":6,"enemies":"2 Louse","floor":10,"turns":3},{"damage":3,"enemies":"Exordium Thugs","floor":11,"turns":3},{"damage":0,"enemies":"Large Slime","floor":13,"turns":4},{"damage":21,"enemies":"Lagavulin","floor":14,"turns":7},{"damage":20,"enemies":"Hexaghost","floor":16,"turns":9}],"seed_played":"-8491804005307065402","potions_obtained":[{"floor":6,"key":"Block Potion"},{"floor":7,"key":"DistilledChaos"},{"floor":7,"key":"PowerPotion"},{"floor":13,"key":"Block Potion"},{"floor":14,"key":"PowerPotion"}],"is_trial":false,"path_per_floor":["M","$","?","$","M","E","?","E","T","M","M","R","M","E","R","B"],"character_chosen":"DEFECT","items_purchased":["Hello World"],"campfire_rested":0,"item_purchase_floors":[2],"current_hp_per_floor":[64,64,64,64,64,64,64,46,46,40,37,37,37,16,16,0,0],"gold":158,"neow_bonus":"THREE_ENEMY_KILL","is_daily":false,"chose_seed":false,"campfire_upgraded":2,"win_rate":0.0,"timestamp":1612506330,"path_taken":["M","?","?","$","?","E","?","E","T","M","M","R","M","E","R","BOSS"],"items_purchased_type":["Card"],"build_version":"2020-12-18","purchased_purges":0,"victory":false,"max_hp_per_floor":[71,71,71,71,71,71,71,71,71,71,71,71,71,71,71,71,71],"relic_stats":{"counters":[9,33],"Pen Nib":[5],"War Paint":["Coolheaded","Defend_B"],"obtain_stats":[{"HornCleat":9,"NeowsBlessing":0,"Pen Nib":6,"War Paint":14,"Cracked Core":0,"Ancient Tea Set":8},{"HornCleat":4,"NeowsBlessing":0,"Pen Nib":3,"War Paint":8,"Cracked Core":0,"Ancient Tea Set":4},{"HornCleat":7,"NeowsBlessing":0,"Pen Nib":3,"War Paint":24,"Cracked Core":0,"Ancient Tea Set":7}]},"card_choices":[{"not_picked":["Redo","Conserve Battery"],"picked":"Sunder","floor":1},{"not_picked":["Ball Lightning","Go for the Eyes"],"picked":"Cold Snap","floor":5},{"not_picked":["Hologram","Rebound"],"picked":"Sweeping Beam","floor":6},{"not_picked":["All For One","Compile Driver"],"picked":"Coolheaded","floor":8},{"not_picked":["Beam Cell","Compile Driver"],"picked":"Ball Lightning","floor":10},{"not_picked":["Hologram","Steam"],"picked":"Cold Snap","floor":11},{"not_picked":["Ball Lightning","Rebound","Barrage"],"picked":"SKIP","floor":13},{"not_picked":["Aggregate","Undo"],"picked":"Self Repair","floor":14}],"player_experience":3398550,"relics_obtained":[{"floor":6,"key":"Pen Nib"},{"floor":8,"key":"Ancient Tea Set"},{"floor":9,"key":"HornCleat"},{"floor":14,"key":"War Paint"}],"event_choices":[{"damage_healed":0,"gold_gain":0,"player_choice":"Upgraded","damage_taken":0,"max_hp_gain":0,"max_hp_loss":0,"event_name":"Upgrade Shrine","floor":3,"gold_loss":0,"cards_upgraded":["Hello World"]},{"damage_healed":0,"gold_gain":0,"player_choice":"Bought 3 Potions","damage_taken":0,"max_hp_gain":0,"max_hp_loss":0,"event_name":"The Woman in Blue","floor":7,"gold_loss":0}],"is_beta":true,"boss_relics":[],"items_purged_floors":[],"is_endless":false,"potions_floor_spawned":[6,13,14],"killed_by":"Hexaghost","ascension_level":20}}