{"host":"0s8kyghz8ihx2r41","time":1612568233,"event":{"mods":["100% Spire Juice","2.2 Compatiblity","Act Like it!","Bard","BaseMod","Block Reminder","CapriCore","Chen","Conspire","Downfall","Friendly Minions","GungeonMod","Hermit","HololiveMod","Hubris","Koishi","Lobotomy","LobotomyExtend","Marisa（霧雨　魔理沙）","Minty Spire (QoL Compilation)","Monster B Gone","Morshu Shopkeeper","Prisma Mod","Reimu（博??梦）","Reliquary","Replay The Spire","Spire Birthday Party","StSLib","The Administrix","The Alterego","The Clintock","The Construct","The Cursed","The Disciple","The Edgeheg","The Gatherer","The Immortal","The Marked","The Mystic","The Paleblood","The Servant 0.9.4","TheBandit","TheSwordswoman","TheVacant","Waifu the Spire","Yakumo Yukari mod","Yuyuko","everything is the same but u backflip on backflip","slay the spire mod where everything is the same but ironclad has a cowboy hat"],"gold_per_floor":[209,209,229,109,124,36,36,48,48,48,48,48,99,109,109,213,213,230,329,339,339,339],"floor_reached":21,"language":"ENG","playtime":910,"items_purged":[],"score":179,"play_id":"126b9af4-08cf-47b4-bae1-1e85161a0503","local_time":"20210205183713","is_ascension_mode":false,"campfire_choices":[{"floor":10,"key":"REST"},{"floor":12,"key":"REST"},{"data":"Moonworks:IndiscriminateFireSupport","floor":15,"key":"SMITH"}],"circlet_count":0,"master_deck":["Moonworks:Strike","Moonworks:Strike","Moonworks:Strike","Moonworks:Strike","Moonworks:Defend","Moonworks:Defend","Moonworks:Defend","Moonworks:Defend","Moonworks:Ambush","Moonworks:LongDistanceShot","Moonworks:IndiscriminateFireSupport+1","Moonworks:SakisCookie","Moonworks:JonathanRush","Moonworks:IntelligenceOfficer","Moonworks:EvilSpyWorkPreparation","Moonworks:StarBlastingFuse","Moonworks:FinalSurgery"],"relics":["Moonworks:BrokenBomb","Moonworks:Homemark","LetterFromLob","reliquary:WeakTea","DemoMod:DecoyRelic","reliquary:TatteredRug","hubris:RunicObelisk"],"acts_visited":["Exordium","TheCity"],"potions_floor_usage":[16,20],"damage_taken":[{"damage":5.0,"enemies":"conspire:RoseBush","floor":1.0,"turns":3.0},{"damage":1.0,"enemies":"Jaw Worm","floor":3.0,"turns":3.0},{"damage":0.0,"enemies":"2 Louse","floor":5.0,"turns":1.0},{"damage":45.0,"enemies":"Lagavulin","floor":6.0,"turns":9.0},{"damage":3,"enemies":"Looter","floor":8,"turns":3},{"damage":5,"enemies":"2 Fungi Beasts","floor":14,"turns":4},{"damage":35,"enemies":"Fading Forest","floor":16,"turns":11},{"damage":27,"enemies":"2 Thieves","floor":18,"turns":3},{"damage":12,"enemies":"3 Byrds","floor":20,"turns":3},{"damage":29,"enemies":"Snake Plant","floor":21,"turns":2}],"seed_played":"-597618233847266752","potions_obtained":[{"floor":5.0,"key":"GrandPatriotsElixir:ReiMu"},{"floor":6.0,"key":"sneckomod:MuddlingPotion"},{"floor":8,"key":"DistilledChaos"},{"floor":16,"key":"champ:CounterPotion"}],"is_trial":false,"path_per_floor":["M","?","M","?","M","E","$","M","T","R","?","R","T","M","R","B",null,"M","?","M","M"],"character_chosen":"THE_STARBREAKER","items_purchased":[],"campfire_rested":2,"item_purchase_floors":[],"current_hp_per_floor":[55,55,54,54,54,9,9,8,8,26,26,44,44,39,39,14,60,33,33,21,0,0],"gold":339,"neow_bonus":"HUNDRED_GOLD","is_daily":false,"chose_seed":false,"campfire_upgraded":1,"win_rate":0.0,"timestamp":1612568233,"path_taken":["M","?","M","?","M","E","?","M","T","R","?","R","?","M","R","BOSS","M","?","M","M"],"items_purchased_type":[],"build_version":"2020-12-22","purchased_purges":0,"victory":false,"max_hp_per_floor":[60,60,60,60,60,60,60,60,60,60,60,60,60,60,60,60,60,60,60,60,60,60],"card_choices":[{"not_picked":["Moonworks:IndiscriminateFireSupport","Moonworks:SelfDestruct","Moonworks:BindingChains"],"picked":"SKIP","floor":1.0},{"not_picked":["Moonworks:MiracleRedBeanIceCream","Moonworks:CloudOfSeagulls"],"picked":"Moonworks:IndiscriminateFireSupport","floor":3.0},{"not_picked":["Moonworks:ImOnFire","Moonworks:BackdoorTrade"],"picked":"Moonworks:SakisCookie","floor":5.0},{"not_picked":["Moonworks:NicePresent","Moonworks:ScrambledEve"],"picked":"Moonworks:JonathanRush","floor":6.0},{"not_picked":["Moonworks:JonathanRush","Moonworks:TreasureThief"],"picked":"Moonworks:IntelligenceOfficer","floor":8},{"not_picked":["Moonworks:ImOnFire","Moonworks:ImmovableObject"],"picked":"Moonworks:EvilSpyWorkPreparation","floor":14},{"not_picked":["Moonworks:EvilMastermind","Moonworks:AccelHyper"],"picked":"Moonworks:StarBlastingFuse","floor":16},{"not_picked":["Moonworks:ImOnFire+1","Moonworks:WindyEnchantment"],"picked":"Moonworks:FinalSurgery","floor":18},{"not_picked":["Moonworks:MiracleRedBeanIceCream","Moonworks:Poppoformation","Moonworks:DeployBits"],"picked":"SKIP","floor":20}],"player_experience":368037,"relics_obtained":[{"floor":1.0,"key":"LetterFromLob"},{"floor":6.0,"key":"reliquary:WeakTea"},{"floor":9,"key":"DemoMod:DecoyRelic"},{"floor":13,"key":"reliquary:TatteredRug"}],"event_choices":[{"damage_healed":0.0,"max_hp_gain":0.0,"max_hp_loss":0.0,"gold_gain":0.0,"event_name":"conspire:LoneGhost","player_choice":"Disagree","floor":2.0,"gold_loss":0.0,"damage_taken":0.0},{"damage_healed":0.0,"max_hp_gain":0.0,"max_hp_loss":0.0,"gold_gain":0.0,"event_name":"conspire:Investor","player_choice":"Leave","floor":4.0,"gold_loss":0.0,"damage_taken":0.0},{"damage_healed":0,"gold_gain":99,"player_choice":"Stole From Cult","damage_taken":0,"max_hp_gain":0,"max_hp_loss":0,"event_name":"Nest","floor":19,"gold_loss":0}],"is_beta":false,"boss_relics":[{"not_picked":["Painkiller Herb","construct:ClawGrip"],"picked":"hubris:RunicObelisk"}],"items_purged_floors":[],"is_endless":false,"potions_floor_spawned":[5,6,8,16],"killed_by":"Snake Plant","ascension_level":0}}