{"host":"3a1ypf1irl30q4k8","time":1612558842,"event":{"mods":["AchievementEnabler","BaseMod","Bestiary","Minty Spire (QoL Compilation)","Relic Stats","ojb\u0027s Better Paths Mod","ojb\u0027s Info Mod"],"gold_per_floor":[14,33,53,53,63,63,79,114,114,125,125,125,125,125,125,228,228,240,253,253,343,355,385,396,427,427,427,446,446,463,24,24,123,123,139,159,12,22,22,51,51,51,75,75,106,106,106,141,141,141,141],"floor_reached":50,"language":"ENG","playtime":2440,"items_purged":["Strike_B"],"score":739,"play_id":"34f0fac0-ee3c-41e7-aec4-8daeacee563e","local_time":"20210205210042","is_ascension_mode":true,"campfire_choices":[{"data":"Dualcast","floor":6,"key":"SMITH"},{"data":"Zap","floor":11,"key":"SMITH"},{"data":"Electrodynamics","floor":13,"key":"SMITH"},{"data":"Turbo","floor":15,"key":"SMITH"},{"floor":27,"key":"REST"},{"floor":29,"key":"REST"},{"floor":32,"key":"REST"},{"floor":42,"key":"RECALL"},{"floor":44,"key":"REST"},{"floor":46,"key":"REST"},{"floor":49,"key":"REST"}],"circlet_count":0,"master_deck":["Strike_B","Strike_B+1","Strike_B","Defend_B","Defend_B","Defend_B","Defend_B","Zap+1","Dualcast+1","Electrodynamics+1","Ball Lightning","Darkness","Leap","Conserve Battery","Doom and Gloom+1","Turbo+1","BootSequence","Coolheaded","Writhe","Melter+1","Leap","Auto Shields","Capacitor","Capacitor+1","Creative AI","Self Repair","Biased Cognition","Hologram+1","Barrage+1","Heatsinks+1","Madness","Madness","Conserve Battery+1","Bandage Up","Redo"],"relics":["FrozenCore","Happy Flower","StoneCalendar","Whetstone","Fusion Hammer","Bird Faced Urn","Unceasing Top","Bronze Scales","Bottled Flame","OrangePellets","Centennial Puzzle","DataDisk","Bag of Preparation","The Courier","Nunchaku"],"acts_visited":["Exordium","TheCity","TheBeyond"],"potions_floor_usage":[5,8,8,10,18,25,33,38,48],"damage_taken":[{"damage":7,"enemies":"Jaw Worm","floor":1,"turns":3},{"damage":0,"enemies":"Cultist","floor":2,"turns":2},{"damage":0,"enemies":"Small Slimes","floor":3,"turns":3},{"damage":11,"enemies":"Blue Slaver","floor":5,"turns":3},{"damage":2,"enemies":"2 Fungi Beasts","floor":7,"turns":3},{"damage":19,"enemies":"Lagavulin","floor":8,"turns":5},{"damage":13,"enemies":"Exordium Thugs","floor":10,"turns":3},{"damage":24,"enemies":"Slime Boss","floor":16,"turns":4},{"damage":7,"enemies":"Shell Parasite","floor":18,"turns":3},{"damage":0,"enemies":"3 Byrds","floor":19,"turns":2},{"damage":9,"enemies":"Centurion and Healer","floor":22,"turns":4},{"damage":0,"enemies":"Gremlin Leader","floor":23,"turns":5},{"damage":37,"enemies":"Shelled Parasite and Fungi","floor":24,"turns":5},{"damage":18,"enemies":"Slavers","floor":25,"turns":4},{"damage":12,"enemies":"Chosen and Byrds","floor":28,"turns":5},{"damage":12,"enemies":"Snecko","floor":30,"turns":5},{"damage":24,"enemies":"Collector","floor":33,"turns":7},{"damage":4,"enemies":"Orb Walker","floor":35,"turns":4},{"damage":11,"enemies":"3 Darklings","floor":36,"turns":3},{"damage":13,"enemies":"Jaw Worm Horde","floor":38,"turns":5},{"damage":29,"enemies":"Nemesis","floor":40,"turns":7},{"damage":50,"enemies":"Reptomancer","floor":45,"turns":6},{"damage":83,"enemies":"Giant Head","floor":48,"turns":9},{"damage":46,"enemies":"Awakened One","floor":50,"turns":3}],"seed_played":"-2095865268421737265","potions_obtained":[{"floor":2,"key":"FocusPotion"},{"floor":3,"key":"SpeedPotion"},{"floor":7,"key":"Energy Potion"},{"floor":8,"key":"SkillPotion"},{"floor":16,"key":"Swift Potion"},{"floor":19,"key":"FocusPotion"},{"floor":23,"key":"SpeedPotion"},{"floor":28,"key":"FocusPotion"},{"floor":36,"key":"Strength Potion"},{"floor":45,"key":"Swift Potion"}],"is_trial":false,"path_per_floor":["M","M","M","?","M","R","M","E","T","M","R","T","R","?","R","B",null,"M","M","?","?","M","E","M","E","T","R","M","R","M","$","R","B",null,"M","M","$","M","?","E","?","R","T","R","E","R","?","E","R","B"],"character_chosen":"DEFECT","items_purchased":["OrangePellets","Self Repair","Centennial Puzzle","DataDisk"],"campfire_rested":6,"item_purchase_floors":[31,31,31,37],"current_hp_per_floor":[68,68,68,85,74,74,72,53,53,40,40,40,40,40,40,16,85,78,78,78,66,59,61,26,10,10,35,27,52,42,42,67,66,85,85,78,78,82,71,61,61,61,61,85,49,74,74,9,34,0,0],"gold":141,"neow_bonus":"THREE_RARE_CARDS","is_daily":false,"chose_seed":false,"campfire_upgraded":4,"win_rate":0.0,"timestamp":1612558842,"path_taken":["M","M","M","?","M","R","M","E","T","?","R","?","R","?","R","BOSS","M","?","?","?","M","E","M","E","T","R","?","R","?","?","R","BOSS","M","M","$","M","?","E","?","R","T","R","E","R","?","E","R","BOSS"],"items_purchased_type":["Relic","Card","Relic","Relic"],"build_version":"2020-12-22","purchased_purges":1,"victory":false,"max_hp_per_floor":[75,75,75,85,85,85,85,85,85,85,85,85,85,85,85,85,85,85,85,85,85,85,85,85,85,85,85,85,85,85,85,85,85,85,85,85,85,85,85,85,85,85,85,85,85,85,85,85,85,85,85],"relic_stats":{"Happy Flower":[28],"counters":[24,103],"StoneCalendar":[123],"Bag of Preparation":[6],"Whetstone":["Doom and Gloom","Strike_B"],"FrozenCore":[22],"OrangePellets":[10],"Centennial Puzzle":[24],"Nunchaku":[0],"Bird Faced Urn":[78],"Bronze Scales":[176],"obtain_stats":[{"Happy Flower":8,"StoneCalendar":9,"The Courier":45,"Bag of Preparation":40,"Whetstone":12,"FrozenCore":34,"OrangePellets":31,"Bottled Flame":26,"Centennial Puzzle":31,"DataDisk":37,"Nunchaku":48,"Bird Faced Urn":20,"Bronze Scales":25,"Fusion Hammer":17,"Cracked Core":0,"Unceasing Top":23},{"Happy Flower":6,"StoneCalendar":6,"The Courier":22,"Bag of Preparation":21,"Whetstone":7,"FrozenCore":17,"OrangePellets":16,"Bottled Flame":14,"Centennial Puzzle":16,"DataDisk":19,"Nunchaku":23,"Bird Faced Urn":10,"Bronze Scales":14,"Fusion Hammer":8,"Cracked Core":0,"Unceasing Top":12},{"Happy Flower":19,"StoneCalendar":19,"The Courier":91,"Bag of Preparation":85,"Whetstone":22,"FrozenCore":66,"OrangePellets":59,"Bottled Flame":49,"Centennial Puzzle":59,"DataDisk":73,"Nunchaku":100,"Bird Faced Urn":31,"Bronze Scales":49,"Fusion Hammer":26,"Cracked Core":0,"Unceasing Top":40}],"Unceasing Top":[23]},"card_choices":[{"not_picked":["Fission","Machine Learning"],"picked":"Electrodynamics","floor":0},{"not_picked":["Coolheaded","FTL"],"picked":"Ball Lightning","floor":1},{"not_picked":["Scrape","Compile Driver"],"picked":"Darkness","floor":2},{"not_picked":["Leap","Rebound"],"picked":"Machine Learning","floor":3},{"not_picked":["Stack","Streamline"],"picked":"Leap","floor":5},{"not_picked":["Fusion","Scrape"],"picked":"Conserve Battery","floor":7},{"not_picked":["Aggregate","Stack"],"picked":"Doom and Gloom","floor":8},{"not_picked":["Gash","Go for the Eyes"],"picked":"Turbo","floor":10},{"not_picked":["All For One","Amplify"],"picked":"Fission","floor":16},{"not_picked":["Sweeping Beam","Chill"],"picked":"BootSequence","floor":18},{"not_picked":["Steam","Aggregate"],"picked":"Coolheaded","floor":19},{"not_picked":["White Noise","All For One"],"picked":"Melter+1","floor":22},{"not_picked":["Reprogram","All For One"],"picked":"Leap","floor":23},{"not_picked":["Steam","Compile Driver+1"],"picked":"Auto Shields","floor":24},{"not_picked":["Sunder","Chill"],"picked":"Capacitor","floor":25},{"not_picked":["Steam","Heatsinks"],"picked":"Capacitor+1","floor":28},{"not_picked":["Compile Driver+1","Coolheaded"],"picked":"Creative AI","floor":30},{"not_picked":["Machine Learning","All For One"],"picked":"Biased Cognition","floor":33},{"not_picked":["Lockon","Go for the Eyes"],"picked":"Hologram+1","floor":35},{"not_picked":["Hologram","Ball Lightning"],"picked":"Barrage+1","floor":36},{"not_picked":["Go for the Eyes+1","Coolheaded"],"picked":"Heatsinks+1","floor":38},{"not_picked":["Hello World+1","Sunder","Fission"],"picked":"SKIP","floor":40},{"not_picked":["Hello World","Reprogram"],"picked":"Conserve Battery+1","floor":45},{"not_picked":["Madness","PanicButton"],"picked":"Bandage Up","floor":47},{"not_picked":["Coolheaded","Ball Lightning"],"picked":"Redo","floor":48}],"player_experience":1344054,"relics_obtained":[{"floor":8,"key":"Happy Flower"},{"floor":9,"key":"StoneCalendar"},{"floor":12,"key":"Whetstone"},{"floor":23,"key":"Unceasing Top"},{"floor":25,"key":"Bronze Scales"},{"floor":26,"key":"Bottled Flame"},{"floor":40,"key":"Bag of Preparation"},{"floor":45,"key":"The Courier"},{"floor":48,"key":"Nunchaku"}],"event_choices":[{"cards_removed":["Machine Learning"],"damage_healed":7,"gold_gain":0,"player_choice":"Offered Rare","damage_taken":0,"max_hp_gain":10,"max_hp_loss":0,"event_name":"Bonfire Elementals","floor":4,"gold_loss":0},{"damage_healed":0,"gold_gain":0,"player_choice":"Ignored","damage_taken":0,"max_hp_gain":0,"max_hp_loss":0,"event_name":"NoteForYourself","floor":14,"gold_loss":0},{"damage_healed":0,"gold_gain":0,"player_choice":"Opened","damage_taken":0,"relics_obtained":["Bird Faced Urn"],"max_hp_gain":0,"max_hp_loss":0,"event_name":"The Mausoleum","floor":20,"gold_loss":0,"cards_obtained":["Writhe"]},{"damage_healed":0,"gold_gain":90,"player_choice":"GOLD ","damage_taken":12,"max_hp_gain":0,"max_hp_loss":0,"event_name":"Knowing Skull","floor":21,"potions_obtained":[],"gold_loss":0,"cards_obtained":[]},{"damage_healed":0,"gold_gain":0,"player_choice":"Embrace Madness","damage_taken":11,"max_hp_gain":0,"max_hp_loss":0,"event_name":"Winding Halls","floor":39,"gold_loss":0,"cards_obtained":["Madness","Madness"]},{"cards_removed":["Fission"],"damage_healed":0,"gold_gain":0,"player_choice":"Removed Skill","damage_taken":0,"max_hp_gain":0,"max_hp_loss":0,"event_name":"Falling","floor":41,"gold_loss":0},{"damage_healed":0,"gold_gain":0,"player_choice":"Memory 1","damage_taken":0,"max_hp_gain":0,"max_hp_loss":0,"event_name":"SensoryStone","floor":47,"gold_loss":0}],"is_beta":false,"boss_relics":[{"not_picked":["Coffee Dripper","Astrolabe"],"picked":"Fusion Hammer"},{"not_picked":["Pandora\u0027s Box","SacredBark"],"picked":"FrozenCore"}],"items_purged_floors":[31],"is_endless":false,"potions_floor_spawned":[2,3,7,8,16,19,23,28,36,45],"killed_by":"Awakened One","ascension_level":4}}