{"host":"ucgrft0m53zzt06v","time":1612512437,"event":{"mods":["BaseMod","Colored Map","Colored Powertips","Conspire","HololiveMod","KinomotoSakuraMod(木之本樱)","Lobotomy","Minty Spire (QoL Compilation)","Quick Restart","Replay The Spire","Shop Mod","Spicy Shops","StSLib","Td1madao Mod","The Senshi","Waifu the Spire","WarShipGirlsR/战舰少女R mod","【遗物卡牌】REMEMod"],"gold_per_floor":[117,117,18,42,62,87,87,87,87,105,105,105,105],"floor_reached":12,"language":"ZHS","playtime":427,"items_purged":["rmod:strick"],"score":126,"play_id":"3ea02df9-97ca-4f8e-92b3-386632b65944","local_time":"20210205160717","is_ascension_mode":true,"campfire_choices":[{"data":"rmod:steelsupply","floor":7,"key":"SMITH"}],"circlet_count":0,"master_deck":["rmod:strick","rmod:strick","rmod:defend","rmod:defend","rmod:defend","rmod:defend","rmod:basicallowance","rmod:maingunfire","rmod:highspeedmaneuver","ReplayTheSpireMod:Private Reserves","rmod:circuitoustactics","rmod:steelsupply+1","rmod:intelligenceanalysis"],"relics":["rmod:firstchargereward","REME_ComplimentaryCards","NeowsBlessing","BargainBundle","Replay:Rubber Ducky","Gremlin Food","Garlic","HornCleat"],"acts_visited":["Exordium"],"potions_floor_usage":[],"damage_taken":[{"damage":0.0,"enemies":"Small Slimes","floor":1.0,"turns":1.0},{"damage":0,"enemies":"Jaw Worm","floor":5,"turns":1},{"damage":0,"enemies":"Lagavulin","floor":6,"turns":2},{"damage":0,"enemies":"Cultist","floor":10,"turns":5},{"damage":0,"enemies":"3 Sentries","floor":12,"turns":1}],"seed_played":"1987851228942980077","potions_obtained":[{"floor":10,"key":"Languid Potion"},{"floor":11,"key":"Elixir"},{"floor":11,"key":"FearPotion"}],"is_trial":false,"path_per_floor":["M","?","$","T","M","E","R","?","T","M","?","E"],"character_chosen":"PRAEFECT","items_purchased":["BargainBundle","ReplayTheSpireMod:Private Reserves","rmod:circuitoustactics"],"campfire_rested":0,"item_purchase_floors":[3,3,3],"current_hp_per_floor":[75,75,75,75,75,75,75,63,63,63,63,63,63],"gold":105,"neow_bonus":"THREE_ENEMY_KILL","is_daily":false,"chose_seed":false,"campfire_upgraded":1,"win_rate":0.0,"timestamp":1612512437,"path_taken":["M","?","$","?","?","E","R","?","T","M","?","E"],"items_purchased_type":["Relic","Card","Card"],"build_version":"2020-12-22","purchased_purges":1,"victory":false,"max_hp_per_floor":[75,75,75,75,75,75,75,75,75,75,75,75,75],"card_choices":[{"not_picked":["rmod:sl","rmod:highspeedshooting","rmod:wolves"],"picked":"SKIP","floor":1.0},{"not_picked":["rmod:mineteam","rmod:victimresponsibility"],"picked":"rmod:steelsupply","floor":5},{"not_picked":["rmod:fletcherpendant","rmod:advancebysurprise"],"picked":"rmod:intelligenceanalysis","floor":6},{"not_picked":["rmod:diamondstrike","rmod:intelligenceanalysis","rmod:highspeedshooting"],"picked":"SKIP","floor":10}],"player_experience":202347,"relics_obtained":[{"floor":4,"key":"Replay:Rubber Ducky"},{"floor":6,"key":"Gremlin Food"},{"floor":9,"key":"HornCleat"}],"event_choices":[{"cards_removed":["rmod:strick"],"damage_healed":0.0,"max_hp_gain":0.0,"max_hp_loss":0.0,"gold_gain":0.0,"event_name":"Wheel of Change","player_choice":"Card Removal","floor":2.0,"gold_loss":0.0,"damage_taken":0.0},{"damage_healed":0,"gold_gain":0,"player_choice":"Success","damage_taken":12,"relics_obtained":["Garlic"],"max_hp_gain":0,"max_hp_loss":0,"event_name":"Scrap Ooze","floor":8,"gold_loss":0},{"damage_healed":0,"gold_gain":0,"player_choice":"Got Potions","damage_taken":0,"max_hp_gain":0,"max_hp_loss":0,"event_name":"Lab","floor":11,"gold_loss":0}],"is_beta":false,"boss_relics":[],"items_purged_floors":[3],"is_endless":false,"potions_floor_spawned":[10],"killed_by":"3 Sentries","ascension_level":5}}