{"host":"d4nr47a59rmbesnz","time":1612540548,"event":{"mods":["A Magickal Journey","BaseMod","Better Third Choice","Hermit","Minty Spire (QoL Compilation)","Quick Restart","Replay The Spire","Shade Mod","StSLib","The Bladedancer","The Cursed","The Death Knight","The Disciple","The Forsaken","The Hierophant","The Necromancer","The Spell Scribe","The Valiant"],"gold_per_floor":[118,132,146,162,162,196,196,0,45,57,83,112,156,245,257,366,378,400,412,440,452,33,33,60,77,77,77,77],"floor_reached":27,"language":"ENG","playtime":982,"items_purged":[],"score":268,"play_id":"97af9a88-34d3-4b6b-8b3a-0359be6641a1","local_time":"20210205185548","is_ascension_mode":false,"campfire_choices":[{"data":"theForsaken:Smite","floor":7,"key":"SMITH"},{"data":"Enlightenment","floor":10,"key":"SMITH"},{"data":"theForsaken:Enfeeble","floor":15,"key":"SMITH"},{"floor":23,"key":"DIG"}],"circlet_count":0,"master_deck":["theForsaken:TheForsaken_Strike","theForsaken:TheForsaken_Strike","theForsaken:TheForsaken_Strike","theForsaken:TheForsaken_Strike","theForsaken:TheForsaken_Defend","theForsaken:TheForsaken_Defend","theForsaken:TheForsaken_Defend","theForsaken:TheForsaken_Defend","theForsaken:Smite+1","theForsaken:Penitence","theForsaken:PowerUp","theForsaken:Eulogy","theForsaken:Enfeeble+1","theForsaken:ShieldCharge","theForsaken:FuryStrikes+1","Enlightenment+1","theForsaken:Enfeeble+1","theForsaken:BattleHymn","theForsaken:SolarFlare","theForsaken:DesperatePlea","theForsaken:FuryStrikes+1","theForsaken:BattleHymn+1","theForsaken:Backlash+1","theForsaken:CleansingLight+1"],"relics":["Coffee Dripper","Garlic","MawBank","Potion Belt","ChewingGum","theForsaken:Lifeblossom","Shovel","MealTicket","Whetstone","Frozen Egg 2"],"acts_visited":["Exordium","TheCity"],"potions_floor_usage":[6,13,16,24],"damage_taken":[{"damage":1,"enemies":"Jaw Worm","floor":1,"turns":3},{"damage":0,"enemies":"Small Slimes","floor":2,"turns":4},{"damage":6,"enemies":"2 Louse","floor":3,"turns":3},{"damage":1,"enemies":"Looter","floor":4,"turns":3},{"damage":22,"enemies":"3 Sentries","floor":6,"turns":7},{"damage":0,"enemies":"2 Fungi Beasts","floor":11,"turns":3},{"damage":2,"enemies":"Gremlin Gang","floor":12,"turns":4},{"damage":0,"enemies":"Gremlin Nob","floor":13,"turns":2},{"damage":70,"enemies":"Slime Boss","floor":16,"turns":15},{"damage":0,"enemies":"Chosen","floor":18,"turns":3},{"damage":0,"enemies":"3 Byrds","floor":20,"turns":2},{"damage":36,"enemies":"Slavers","floor":24,"turns":5},{"damage":25,"enemies":"Sentry and Sphere","floor":25,"turns":5},{"damage":25,"enemies":"Gremlin Leader","floor":27,"turns":4}],"seed_played":"7439768674194068060","potions_obtained":[{"floor":1,"key":"Explosive Potion"},{"floor":3,"key":"SteroidPotion"},{"floor":4,"key":"theForsaken:FearPotion"},{"floor":11,"key":"GamblersBrew"},{"floor":18,"key":"Reflective Coating"},{"floor":24,"key":"Dexterity Potion"}],"is_trial":false,"path_per_floor":["M","M","M","M","?","E","R","?","T","R","M","M","E","?","R","B",null,"M","?","M","?","$","R","E","M","T","E"],"character_chosen":"THE_FORSAKEN","items_purchased":["theForsaken:Lifeblossom","Shovel"],"campfire_rested":0,"item_purchase_floors":[22,22],"current_hp_per_floor":[65,65,60,61,61,42,42,48,48,48,53,54,54,54,54,2,71,71,58,58,58,58,58,28,15,15,0,0],"gold":77,"neow_bonus":"BOSS_RELIC","is_daily":false,"chose_seed":false,"campfire_upgraded":3,"win_rate":0.0,"timestamp":1612540548,"path_taken":["M","M","M","M","?","E","R","?","T","R","M","M","E","?","R","BOSS","M","?","M","?","$","R","E","M","T","E"],"items_purchased_type":["Relic","Relic"],"build_version":"2020-12-22","purchased_purges":0,"victory":false,"max_hp_per_floor":[65,65,65,65,65,65,65,71,71,71,71,71,71,71,71,71,71,71,76,76,76,76,76,76,76,76,76,76],"card_choices":[{"not_picked":["theForsaken:BlightOfFamine","theForsaken:LightRoll"],"picked":"theForsaken:PowerUp","floor":1},{"not_picked":["theForsaken:NobleSacrifice","theForsaken:Parry"],"picked":"theForsaken:Eulogy","floor":2},{"not_picked":["theForsaken:HymnOfPatience","theForsaken:FatRoll"],"picked":"theForsaken:Enfeeble","floor":3},{"not_picked":["theForsaken:ChargeAttack","theForsaken:ShieldBash"],"picked":"theForsaken:ShieldCharge","floor":4},{"not_picked":["theForsaken:WordsOfMight","theForsaken:Devotion"],"picked":"theForsaken:FuryStrikes","floor":6},{"not_picked":["theForsaken:BlightOfFamine","theForsaken:DarkBarrier"],"picked":"theForsaken:Enfeeble","floor":11},{"not_picked":["theForsaken:WordsOfMight","theForsaken:LightRoll"],"picked":"theForsaken:BattleHymn","floor":12},{"not_picked":["theForsaken:StoreUp","theForsaken:HymnOfRest"],"picked":"theForsaken:SolarFlare","floor":13},{"not_picked":["theForsaken:CorruptDeck","theForsaken:Horror"],"picked":"theForsaken:DesperatePlea","floor":16},{"not_picked":["theForsaken:CowardsBrand","theForsaken:LightRoll+1"],"picked":"theForsaken:FuryStrikes+1","floor":18},{"not_picked":["theForsaken:NobleSacrifice","theForsaken:RainingSunlight"],"picked":"theForsaken:BattleHymn+1","floor":20},{"not_picked":["theForsaken:ChargeAttack+1","theForsaken:FuryStrikes"],"picked":"theForsaken:Backlash+1","floor":24},{"not_picked":["theForsaken:QuickAttack+1","theForsaken:HymnOfPatience+1"],"picked":"theForsaken:CleansingLight+1","floor":25}],"player_experience":82360,"relics_obtained":[{"floor":6,"key":"Garlic"},{"floor":9,"key":"MawBank"},{"floor":13,"key":"Potion Belt"},{"floor":23,"key":"MealTicket"},{"floor":24,"key":"Whetstone"},{"floor":26,"key":"Frozen Egg 2"}],"event_choices":[{"damage_healed":0,"gold_gain":0,"player_choice":"Ignored","damage_taken":0,"max_hp_gain":0,"max_hp_loss":0,"event_name":"Golden Idol","floor":5,"gold_loss":0},{"damage_healed":0,"gold_gain":0,"player_choice":"RENOUNCE","damage_taken":196,"max_hp_gain":0,"max_hp_loss":0,"event_name":"betterThird:BetterSerpent","floor":8,"gold_loss":196,"cards_obtained":["Enlightenment"]},{"damage_healed":0,"gold_gain":77,"player_choice":"Gained Gold","damage_taken":0,"max_hp_gain":0,"max_hp_loss":0,"event_name":"Golden Wing","floor":14,"gold_loss":0},{"damage_healed":0,"gold_gain":0,"player_choice":"Shed Blood","damage_taken":18,"max_hp_gain":5,"max_hp_loss":0,"event_name":"Forgotten Altar","floor":19,"gold_loss":0}],"is_beta":false,"boss_relics":[{"not_picked":["Replay:Bronze Core","Fusion Hammer"],"picked":"ChewingGum"}],"items_purged_floors":[],"is_endless":false,"potions_floor_spawned":[1,3,4,11,18,24],"killed_by":"Gremlin Leader","ascension_level":0}}