{"host":"8x42s7jbptnlw65q","time":1612547404,"event":{"mods":["AchievementEnabler","BaseMod","Highlight Path","Minty Spire (QoL Compilation)","StSLib"],"gold_per_floor":[114,289,289,304,329,359,359,389,414,444,404,434,449,479,479,579,579,594,609,624,624,249,279,279,309,334,364,379,409,424,454,466,578,590,617,644,656,668,130,130,160,160,185,265,280,335,435,465,465,515],"floor_reached":51,"language":"ENG","playtime":4547,"items_purged":["Doubt","Defend_P"],"score":1370,"play_id":"7a084c88-d40b-477e-b60e-db848097035c","local_time":"20210205125004","daily_mods":["Specialized","ControlledChaos","Elite Swarm"],"is_ascension_mode":false,"campfire_choices":[{"data":"Vault","floor":7,"key":"SMITH"},{"data":"Omniscience","floor":15,"key":"SMITH"},{"data":"Strike_P","floor":32,"key":"PURGE"},{"data":"Defend_P","floor":40,"key":"PURGE"},{"data":"Defend_P","floor":42,"key":"PURGE"},{"data":"Burst","floor":49,"key":"SMITH"}],"circlet_count":0,"master_deck":["Strike_P","Strike_P","Strike_P","Defend_P","Eruption+1","Vigilance","FlyingSleeves+1","FlyingSleeves","FlyingSleeves","FlyingSleeves+1","FlyingSleeves","BowlingBash","CutThroughFate","Vault+1","Scrawl","Vault","Omniscience+1","ClearTheMind","DevaForm","Vault","ClearTheMind+1","Adaptation+1","FollowUp+1","Vault","Eruption+1","Omniscience","Omniscience","BattleHymn+1","Ragnarok+1","Ragnarok+1","Ragnarok+1","Wish","Whirlwind+1","Juggernaut","Burst+1"],"relics":["HolyWater","Frozen Eye","Centennial Puzzle","Art of War","Omamori","Potion Belt","Torii","Nunchaku","Question Card","Red Mask","Molten Egg 2","Lantern","Peace Pipe","Damaru","Ice Cream","Gremlin Horn","MawBank","Snecko Eye","Mummified Hand","Akabeko","PrismaticShard","Whetstone","CaptainsWheel","Toy Ornithopter","HornCleat","Boot","Incense Burner","Bronze Scales"],"acts_visited":["Exordium","TheCity","TheBeyond"],"potions_floor_usage":[10,14,16,16,27,27,33],"damage_taken":[{"damage":0,"enemies":"2 Louse","floor":1,"turns":2},{"damage":0,"enemies":"Small Slimes","floor":4,"turns":2},{"damage":0,"enemies":"3 Sentries","floor":6,"turns":2},{"damage":14,"enemies":"Gremlin Nob","floor":8,"turns":4},{"damage":1,"enemies":"Lagavulin","floor":10,"turns":5},{"damage":0,"enemies":"Gremlin Nob","floor":12,"turns":3},{"damage":0,"enemies":"Cultist","floor":13,"turns":3},{"damage":1,"enemies":"3 Sentries","floor":14,"turns":4},{"damage":2,"enemies":"Hexaghost","floor":16,"turns":7},{"damage":0,"enemies":"Spheric Guardian","floor":18,"turns":1},{"damage":10,"enemies":"2 Thieves","floor":19,"turns":3},{"damage":0,"enemies":"Masked Bandits","floor":20,"turns":3},{"damage":0,"enemies":"Gremlin Leader","floor":23,"turns":6},{"damage":1,"enemies":"Book of Stabbing","floor":25,"turns":8},{"damage":0,"enemies":"Slavers","floor":27,"turns":5},{"damage":0,"enemies":"Snake Plant","floor":28,"turns":4},{"damage":0,"enemies":"Gremlin Leader","floor":29,"turns":3},{"damage":1,"enemies":"Snecko","floor":30,"turns":4},{"damage":0,"enemies":"Book of Stabbing","floor":31,"turns":1},{"damage":0,"enemies":"Automaton","floor":33,"turns":4},{"damage":0,"enemies":"Orb Walker","floor":35,"turns":1},{"damage":0,"enemies":"3 Shapes","floor":36,"turns":1},{"damage":0,"enemies":"Nemesis","floor":41,"turns":4},{"damage":0,"enemies":"Giant Head","floor":44,"turns":2},{"damage":0,"enemies":"Maw","floor":45,"turns":2},{"damage":0,"enemies":"Reptomancer","floor":46,"turns":2},{"damage":0,"enemies":"Mind Bloom Boss Battle","floor":47,"turns":2},{"damage":0,"enemies":"Nemesis","floor":48,"turns":3},{"damage":0,"enemies":"Donu and Deca","floor":50,"turns":2}],"seed_played":"-8643747277835071688","potions_obtained":[{"floor":1,"key":"BottledMiracle"},{"floor":6,"key":"ColorlessPotion"},{"floor":11,"key":"CultistPotion"},{"floor":11,"key":"SteroidPotion"},{"floor":11,"key":"EntropicBrew"},{"floor":12,"key":"Weak Potion"},{"floor":13,"key":"AttackPotion"},{"floor":19,"key":"ColorlessPotion"},{"floor":20,"key":"Fire Potion"},{"floor":28,"key":"LiquidBronze"},{"floor":30,"key":"PowerPotion"},{"floor":31,"key":"BlessingOfTheForge"},{"floor":36,"key":"SpeedPotion"},{"floor":46,"key":"ColorlessPotion"}],"is_trial":false,"path_per_floor":["M","?","?","M","T","E","R","E","T","E","?","E","M","E","R","B",null,"M","M","?","?","$","E","?","E","T","E","M","E","M","E","R","B",null,"M","M","T","?","$","R","E","R","T","E","M","E","?","E","R","B",null],"character_chosen":"WATCHER","items_purchased":["Molten Egg 2","FollowUp+1","Akabeko","PrismaticShard","Whetstone"],"campfire_rested":0,"item_purchase_floors":[22,22,39,39,39],"current_hp_per_floor":[72,72,72,72,72,72,72,58,58,57,57,57,57,56,56,54,72,72,62,62,62,62,62,62,61,61,61,61,61,60,60,60,60,72,72,72,72,62,62,62,62,62,62,62,62,62,62,62,62,62],"gold":515,"neow_bonus":"","is_daily":true,"chose_seed":false,"campfire_upgraded":3,"win_rate":0.0,"timestamp":1612547404,"path_taken":["M","?","?","?","?","E","R","E","T","E","?","E","M","E","R","BOSS","M","M","?","?","$","E","?","E","T","E","M","E","M","E","R","BOSS","M","M","?","?","$","R","E","R","T","E","M","E","?","E","R","BOSS"],"items_purchased_type":["Relic","Card","Relic","Relic","Relic"],"build_version":"2020-12-22","purchased_purges":2,"victory":true,"max_hp_per_floor":[72,72,72,72,72,72,72,72,72,72,72,72,72,72,72,72,72,72,72,72,72,72,72,72,72,72,72,72,72,72,72,72,72,72,72,72,72,72,72,72,72,72,72,72,72,72,72,72,72,72],"card_choices":[{"not_picked":["Sanctity","Conclude"],"picked":"BowlingBash","floor":1},{"not_picked":["CrushJoints","Consecrate"],"picked":"CutThroughFate","floor":4},{"not_picked":["Devotion","Scrawl"],"picked":"Vault","floor":6},{"not_picked":["Alpha","MasterReality"],"picked":"Scrawl","floor":8},{"not_picked":["Scrawl","ConjureBlade"],"picked":"Vault","floor":10},{"not_picked":["MasterReality","Alpha"],"picked":"Omniscience","floor":12},{"not_picked":["PathToVictory","Evaluate"],"picked":"ClearTheMind","floor":13},{"not_picked":["Blasphemy","LessonLearned"],"picked":"DevaForm","floor":14},{"not_picked":["Blasphemy","Scrawl","DevaForm"],"picked":"Vault","floor":16},{"not_picked":["Consecrate","Sanctity","ThirdEye"],"picked":"ClearTheMind+1","floor":18},{"not_picked":["FlurryOfBlows","FollowUp","Pray"],"picked":"Adaptation+1","floor":19},{"not_picked":["Devotion","DeusExMachina","Judgement"],"picked":"Vault","floor":23},{"not_picked":["SpiritShield","MasterReality","Ragnarok+1"],"picked":"Omniscience","floor":25},{"not_picked":["Devotion","ConjureBlade","Scrawl"],"picked":"Omniscience","floor":27},{"not_picked":["LikeWater","EmptyBody","Consecrate+1"],"picked":"BattleHymn+1","floor":28},{"not_picked":["Brilliance+1","MasterReality","SpiritShield"],"picked":"Ragnarok+1","floor":29},{"not_picked":["BattleHymn","WindmillStrike+1","SandsOfTime+1","Protect"],"picked":"SKIP","floor":30},{"not_picked":["Alpha","MasterReality","DeusExMachina"],"picked":"Ragnarok+1","floor":31},{"not_picked":["Establishment","Scrawl","LessonLearned+1"],"picked":"Ragnarok+1","floor":33},{"not_picked":["WreathOfFlame+1","Adaptation+1","PathToVictory","BowlingBash+1"],"picked":"SKIP","floor":35},{"not_picked":["Consecrate+1","EmptyMind","Halt","ThirdEye+1"],"picked":"SKIP","floor":36},{"not_picked":["Core Surge+1","Sadistic Nature","Thinking Ahead"],"picked":"Wish","floor":41},{"not_picked":["Limit Break","Berserk","Tools of the Trade","Secret Weapon"],"picked":"SKIP","floor":44},{"not_picked":["Armaments","Scrape+1","Stack+1"],"picked":"Whirlwind+1","floor":45},{"not_picked":["Devotion","After Image","Magnetism"],"picked":"Juggernaut","floor":46},{"not_picked":["Brutality","Blasphemy","After Image"],"picked":"Burst","floor":48}],"player_experience":12843,"relics_obtained":[{"floor":5,"key":"Centennial Puzzle"},{"floor":6,"key":"Art of War"},{"floor":8,"key":"Omamori"},{"floor":9,"key":"Potion Belt"},{"floor":10,"key":"Torii"},{"floor":12,"key":"Nunchaku"},{"floor":14,"key":"Question Card"},{"floor":20,"key":"Red Mask"},{"floor":23,"key":"Lantern"},{"floor":25,"key":"Peace Pipe"},{"floor":26,"key":"Damaru"},{"floor":27,"key":"Ice Cream"},{"floor":29,"key":"Gremlin Horn"},{"floor":31,"key":"MawBank"},{"floor":37,"key":"Mummified Hand"},{"floor":41,"key":"CaptainsWheel"},{"floor":43,"key":"Toy Ornithopter"},{"floor":44,"key":"HornCleat"},{"floor":46,"key":"Boot"},{"floor":47,"key":"Incense Burner"},{"floor":48,"key":"Bronze Scales"}],"event_choices":[{"damage_healed":0,"gold_gain":175,"player_choice":"AGREE","damage_taken":0,"max_hp_gain":0,"max_hp_loss":0,"event_name":"Liars Game","floor":2,"gold_loss":0,"cards_obtained":["Doubt"]},{"damage_healed":0,"gold_gain":0,"player_choice":"Upgraded","damage_taken":0,"max_hp_gain":0,"max_hp_loss":0,"event_name":"Upgrade Shrine","floor":3,"gold_loss":0,"cards_upgraded":["Eruption"]},{"damage_healed":0,"gold_gain":0,"player_choice":"Bought 3 Potions","damage_taken":0,"max_hp_gain":0,"max_hp_loss":0,"event_name":"The Woman in Blue","floor":11,"gold_loss":0},{"damage_healed":0,"gold_gain":0,"player_choice":"Fought Bandits","damage_taken":0,"max_hp_gain":0,"max_hp_loss":0,"event_name":"Masked Bandits","floor":20,"gold_loss":0},{"damage_healed":0,"gold_gain":0,"player_choice":"Ignored","damage_taken":0,"max_hp_gain":0,"max_hp_loss":0,"event_name":"Ghosts","floor":21,"gold_loss":0},{"damage_healed":0,"gold_gain":0,"player_choice":"1 cards matched","damage_taken":0,"max_hp_gain":0,"max_hp_loss":0,"event_name":"Match and Keep!","floor":24,"gold_loss":0,"cards_obtained":["Eruption"]},{"damage_healed":0,"gold_gain":0,"player_choice":"Memory 3","damage_taken":10,"max_hp_gain":0,"max_hp_loss":0,"event_name":"SensoryStone","floor":38,"gold_loss":0},{"damage_healed":0,"gold_gain":0,"player_choice":"Fight","damage_taken":0,"max_hp_gain":0,"max_hp_loss":0,"event_name":"MindBloom","floor":47,"gold_loss":0}],"is_beta":false,"boss_relics":[{"not_picked":["Velvet Choker","Calling Bell"],"picked":"HolyWater"},{"not_picked":["Runic Pyramid","SlaversCollar"],"picked":"Snecko Eye"}],"items_purged_floors":[22,39],"is_endless":false,"potions_floor_spawned":[1,6,12,13,19,20,28,30,31,36,46,48],"ascension_level":0}}