{"host":"3ovdp3kj1t94ivgi","time":1612552862,"event":{"mods":["BaseMod","Downfall","Luminous","Minty Spire (QoL Compilation)","Shade Mod","StSLib","The Necromancer"],"gold_per_floor":[115,115,126,33,33,33,33],"floor_reached":6,"language":"ENG","playtime":481,"items_purged":[],"score":34,"play_id":"3d8dcf82-b34a-476f-a88b-1d1824f134d6","local_time":"20210206032102","is_ascension_mode":false,"campfire_choices":[],"circlet_count":0,"master_deck":["Luminous:Light_Flash_Shower","Luminous:Light_Flash_Shower","Luminous:Light_Flash_Shower","Luminous:Dark_Abyssal_Drop","Luminous:Dark_Abyssal_Drop","Luminous:Dark_Abyssal_Drop","Luminous:Defend_Luminous","Luminous:Defend_Luminous","Luminous:Defend_Luminous","Luminous:Defend_Luminous","Luminous:Switch_Luminous","Luminous:Dark_Dim_Erosion","CurseOfTheBell","CurseOfTheBell","downfall:Malfunctioning","Luminous:Dark_Crescendo_Luminous","Luminous:Balance_Death_Scythe","Luminous:Accumulation_Luminous","Luminous:Dark_Arcane_Pitch"],"relics":["Luminous:MirrorRelic","Lantern","downfall:ExtraCursedBell","MealTicket","Shuriken","Girya"],"acts_visited":["Exordium"],"potions_floor_usage":[],"damage_taken":[{"damage":0,"enemies":"Small Slimes","floor":1,"turns":3},{"damage":13,"enemies":"Jaw Worm","floor":3,"turns":3},{"damage":92,"enemies":"Gremlin Nob","floor":6,"turns":6}],"seed_played":"2782560647982972272","potions_obtained":[{"floor":1,"key":"DuplicationPotion"}],"is_trial":false,"path_per_floor":["M","?","M","$","?","E"],"character_chosen":"LuminousClass","items_purchased":["Luminous:Accumulation_Luminous","Luminous:Dark_Arcane_Pitch"],"campfire_rested":0,"item_purchase_floors":[4,4],"current_hp_per_floor":[75,75,62,75,75,0,0],"gold":33,"neow_bonus":"RANDOM_COMMON_RELIC","is_daily":false,"chose_seed":false,"campfire_upgraded":0,"win_rate":0.0,"timestamp":1612552862,"path_taken":["M","?","M","$","?","E"],"items_purchased_type":["Card","Card"],"build_version":"2020-12-13","purchased_purges":0,"victory":false,"max_hp_per_floor":[75,75,75,75,75,75,75],"card_choices":[{"not_picked":["Luminous:Magic_Guard_Luminous","Luminous:Concentrate_Luminous"],"picked":"Luminous:Dark_Dim_Erosion","floor":1},{"not_picked":["Luminous:Light_Gather","Luminous:Dark_Dim_Erosion"],"picked":"Luminous:Balance_Death_Scythe","floor":3}],"player_experience":41629,"relics_obtained":[{"floor":2,"key":"MealTicket"},{"floor":2,"key":"Shuriken"},{"floor":2,"key":"Girya"}],"event_choices":[{"damage_healed":0,"gold_gain":0,"player_choice":"Ignored","damage_taken":0,"max_hp_gain":0,"max_hp_loss":0,"event_name":"NoteForYourself","floor":5,"gold_loss":0}],"is_beta":false,"boss_relics":[],"items_purged_floors":[],"is_endless":false,"potions_floor_spawned":[1],"killed_by":"Gremlin Nob","ascension_level":0}}