{"host":"1p8eqzpvl5sxeu5t","time":1612499975,"event":{"mods":["BaseMod","Bestiary","Block Reminder","Colored Map","Colored Powertips","Curses Come First","Dark Map","Downfall","Highlight Path","Minty Spire (QoL Compilation)","Morshu Shopkeeper","Morshu Shopkeeper - ENHANCED","Relic Stats","StSLib","The IronCluck","Waifu the Spire","everything is the same but u backflip on backflip","slay the spire mod where everything is the same but ironclad has a cowboy hat"],"gold_per_floor":[99,117,13,13,13,0,0,0,26,26,52,52,78,93,105,202,202,102,119,139,139,139,156,238,70,95,95,128,28,13,31,51,155,155,55,72,72,72,57,57,57,57,355,366,398,398,430,430,440,440,440,440,440,440],"floor_reached":52,"language":"ENG","playtime":2970,"items_purged":["champ:Strike"],"score":1029,"play_id":"952428ae-6232-4663-9360-1c1f57df493a","local_time":"20210205123935","is_ascension_mode":true,"campfire_choices":[{"data":"champ:Taunt","floor":1.0,"key":"SMITH"},{"floor":8.0,"key":"RECALL"},{"floor":12.0,"key":"REST"},{"data":"champ:UltimateStance","floor":18.0,"key":"SMITH"},{"data":"expansioncontent:InvincibleStrength","floor":27.0,"key":"SMITH"},{"floor":29.0,"key":"REST"},{"data":"champ:UltimateStance","floor":35.0,"key":"SMITH"},{"data":"champ:Improvising","floor":40.0,"key":"SMITH"},{"data":"champ:ShieldSigil","floor":42.0,"key":"SMITH"}],"circlet_count":0,"master_deck":["champ:Strike","champ:Defend","champ:Defend","champ:Defend","champ:Defend","champ:Execute","champ:Taunt+1","champ:HoldFirm","champ:AdrenalArmor","champ:RageSigil","expansioncontent:InvincibleStrength+1","champ:FlashCut","champ:HoldFirm","champ:BringItOn","champ:UltimateStance+1","champ:ShieldSigil+1","champ:FancyFootwork+1","champ:FanOfKnives+1","champ:Improvising+1","champ:FocusedDefense","champ:FocusedBerserking","champ:UltimateStance+1","champ:FancyFootwork+1"],"relics":["champ:ChampionCrownUpgraded","Juzu Bracelet","Gremlin Horn","champ:FightingForDummies","TungstenRod","downfall:HeartBlessingRed","White Beast Statue","Lantern","hexamod:Sixitude","Bottled Tornado","downfall:HeartBlessingGreen","Cursed Key","downfall:HeartBlessingBlue","Dead Branch","Art of War"],"acts_visited":["Exordium","TheCity","TheBeyond","TheEnding"],"potions_floor_usage":[52],"damage_taken":[{"damage":0.0,"enemies":"2 Louse","floor":2.0,"turns":3.0},{"damage":20.0,"enemies":"downfall:FleeingMerchant","floor":3.0,"turns":4.0},{"damage":25.0,"enemies":"downfall:FleeingMerchant","floor":6.0,"turns":4.0},{"damage":62.0,"enemies":"3 Sentries","floor":9.0,"turns":8.0},{"damage":57.0,"enemies":"Lagavulin","floor":11.0,"turns":9.0},{"damage":23.0,"enemies":"Gremlin Nob","floor":13.0,"turns":5.0},{"damage":0.0,"enemies":"Jaw Worm","floor":14.0,"turns":3.0},{"damage":9.0,"enemies":"Cultist","floor":15.0,"turns":4.0},{"damage":18.0,"enemies":"IC_STATUS_ARCHETYPE","floor":16.0,"turns":9.0},{"damage":29.0,"enemies":"Shell Parasite","floor":19.0,"turns":5.0},{"damage":62.0,"enemies":"3 Cultists","floor":20.0,"turns":6.0},{"damage":53.0,"enemies":"Snake Plant","floor":23.0,"turns":4.0},{"damage":33.0,"enemies":"downfall:FleeingMerchant","floor":25.0,"turns":4.0},{"damage":82.0,"enemies":"Gremlin Leader","floor":26.0,"turns":10.0},{"damage":92.0,"enemies":"Book of Stabbing","floor":28.0,"turns":7.0},{"damage":70.0,"enemies":"downfall:FleeingMerchant","floor":30.0,"turns":4.0},{"damage":39.0,"enemies":"Centurion and Healer","floor":31.0,"turns":6.0},{"damage":50.0,"enemies":"Snecko","floor":32.0,"turns":5.0},{"damage":110.0,"enemies":"WA_ARCHETYPE_CALM","floor":33.0,"turns":11.0},{"damage":31.0,"enemies":"Orb Walker","floor":36.0,"turns":3.0},{"damage":74.0,"enemies":"downfall:FleeingMerchant","floor":39.0,"turns":4.0},{"damage":30.0,"enemies":"downfall:FleeingMerchant","floor":43.0,"turns":3.0},{"damage":62.0,"enemies":"3 Darklings","floor":44.0,"turns":3.0},{"damage":74.0,"enemies":"Reptomancer","floor":45.0,"turns":5.0},{"damage":86.0,"enemies":"Nemesis","floor":47.0,"turns":7.0},{"damage":108.0,"enemies":"Maw","floor":49.0,"turns":6.0},{"damage":156.0,"enemies":"DF_ARCHETYPE_ORBS","floor":50.0,"turns":8.0},{"damage":238,"enemies":"downfall:CharBossMerchant","floor":52,"turns":9}],"seed_played":"6909682678575196582","potions_obtained":[{"floor":2.0,"key":"champ:CounterPotion"},{"floor":9.0,"key":"Strength Potion"},{"floor":15.0,"key":"Strength Potion"},{"floor":20.0,"key":"ColorlessPotion"},{"floor":21.0,"key":"Swift Potion"},{"floor":28.0,"key":"LiquidMemories"},{"floor":30.0,"key":"Energy Potion"},{"floor":44.0,"key":"SkillPotion"},{"floor":45.0,"key":"FairyPotion"}],"is_trial":false,"path_per_floor":["R","M","$","?","?","$","T","R","E","?","E","R","E","M","M","B",null,"R","M","M","?","?","M","T","$","E","R","E","R","$","M","M","B",null,"R","M","?","?","$","R","T","R","$","M","E","?","E","T","M","B",null,"E"],"character_chosen":"THE_CHAMP","items_purchased":["expansioncontent:InvincibleStrength","Lantern"],"campfire_rested":2,"item_purchase_floors":[3,25],"current_hp_per_floor":[63,63,63,63,63,63,63,63,46,46,34,61,48,48,49,51,90,90,90,90,90,90,90,90,90,87,87,30,57,69,90,80,80,90,100,100,100,100,94,94,94,94,100,100,100,100,100,100,100,100,100,0,0,0],"gold":440,"neow_bonus":"THREE_RARE_CARDS","is_daily":false,"chose_seed":false,"campfire_upgraded":6,"win_rate":0.0,"timestamp":1612499975,"path_taken":["R","M","$","?","?","?","T","R","E","?","E","R","E","M","M","BOSS","R","M","M","?","?","M","T","$","E","R","E","R","?","M","M","BOSS","R","M","?","?","$","R","T","R","?","M","E","?","E","?","M","BOSS","E"],"items_purchased_type":["Card","Relic"],"build_version":"2020-12-22","purchased_purges":1,"victory":false,"max_hp_per_floor":[90,90,90,90,90,90,90,90,90,90,90,90,90,90,90,90,90,90,90,90,90,90,90,90,90,90,90,90,90,90,90,90,90,90,100,100,100,100,100,100,100,100,100,100,100,100,100,100,100,100,100,100,100,100],"relic_stats":{"Gremlin Horn":[16,16],"counters":[28,159],"Dead Branch":[0],"Juzu Bracelet":3,"Art of War":[2],"Cursed Key":0,"obtain_stats":[{"Lantern":25,"Gremlin Horn":10,"downfall:HeartBlessingRed":18,"Dead Branch":45,"hexamod:Sixitude":26,"champ:ChampionCrown":0,"downfall:HeartBlessingGreen":29,"champ:ChampionCrownUpgraded":17,"Juzu Bracelet":9,"Bottled Tornado":28,"Cursed Key":34,"White Beast Statue":24,"downfall:HeartBlessingBlue":35,"Art of War":47,"champ:FightingForDummies":11,"TungstenRod":13},{"Lantern":13,"Gremlin Horn":4,"downfall:HeartBlessingRed":9,"Dead Branch":24,"hexamod:Sixitude":14,"champ:ChampionCrown":0,"downfall:HeartBlessingGreen":15,"champ:ChampionCrownUpgraded":9,"Juzu Bracelet":4,"Bottled Tornado":15,"Cursed Key":19,"White Beast Statue":12,"downfall:HeartBlessingBlue":19,"Art of War":25,"champ:FightingForDummies":5,"TungstenRod":6},{"Lantern":68,"Gremlin Horn":19,"downfall:HeartBlessingRed":49,"Dead Branch":129,"hexamod:Sixitude":78,"champ:ChampionCrown":0,"downfall:HeartBlessingGreen":85,"champ:ChampionCrownUpgraded":49,"Juzu Bracelet":19,"Bottled Tornado":85,"Cursed Key":111,"White Beast Statue":64,"downfall:HeartBlessingBlue":111,"Art of War":136,"champ:FightingForDummies":28,"TungstenRod":33}],"TungstenRod":333},"card_choices":[{"not_picked":["champ:Devastate","champ:ShieldThrow"],"picked":"champ:HoldFirm","floor":0.0},{"not_picked":["champ:EnGarde","champ:BerserkerStyle"],"picked":"champ:AdrenalArmor","floor":2.0},{"not_picked":["champ:Shatter","champ:PreemptiveStrike"],"picked":"champ:RageSigil","floor":3.0},{"not_picked":["champ:PreemptiveStrike","champ:EnGarde"],"picked":"champ:FlashCut","floor":6.0},{"not_picked":["champ:Shatter","champ:ArenaPreparation","champ:Circumvent"],"picked":"SKIP","floor":9.0},{"not_picked":["champ:RecklessLeap","champ:Endure"],"picked":"champ:HoldFirm","floor":11.0},{"not_picked":["champ:Parry","champ:ArenaPreparation","champ:DefensiveStyle"],"picked":"SKIP","floor":13.0},{"not_picked":["champ:ShieldSigil","champ:PerfectedStrike"],"picked":"champ:BringItOn","floor":14.0},{"not_picked":["champ:PreciseThrust","champ:ShieldSigil","champ:BerserkersShout"],"picked":"SKIP","floor":15.0},{"not_picked":["champ:MurderStrike","champ:EnchantCrown"],"picked":"champ:UltimateStance","floor":16.0},{"not_picked":["champ:TornadoPunch+1","champ:EnGarde"],"picked":"champ:ShieldSigil","floor":19.0},{"not_picked":["champ:FlashCut","champ:CrookedStrike"],"picked":"champ:FancyFootwork+1","floor":20.0},{"not_picked":["champ:PreciseThrust","champ:HoldFirm"],"picked":"champ:FanOfKnives+1","floor":23.0},{"not_picked":["champ:ArenaPreparation","champ:DancingMaster","champ:DefensiveShout"],"picked":"SKIP","floor":25.0},{"not_picked":["champ:Shatter","champ:PerfectedStrike","champ:AdrenalArmor"],"picked":"SKIP","floor":26.0},{"not_picked":["champ:VampiricStrike","champ:GladiatorStyle"],"picked":"champ:Improvising","floor":28.0},{"not_picked":["champ:FanOfKnives+1","champ:BringItOn+1"],"picked":"champ:FocusedDefense","floor":30.0},{"not_picked":["champ:StanceDance","champ:AdrenalArmor","champ:BladeFlurry"],"picked":"SKIP","floor":31.0},{"not_picked":["champ:DefensiveShout","champ:PerfectedStrike"],"picked":"champ:FocusedBerserking","floor":32.0},{"not_picked":["champ:SteelEdge","champ:MurderStrike"],"picked":"champ:UltimateStance","floor":33.0},{"not_picked":["champ:ArenaPreparation+1","champ:Circumvent+1","champ:StanceDance+1"],"picked":"SKIP","floor":36.0},{"not_picked":["champ:DefensiveShout+1","champ:SwordThrow","champ:TornadoPunch"],"picked":"SKIP","floor":39.0},{"not_picked":["champ:EnGarde+1","champ:Lariat","champ:FalseCounter+1"],"picked":"SKIP","floor":43.0},{"not_picked":["champ:AdrenalArmor","champ:Backstep+1","champ:CrownThrow"],"picked":"SKIP","floor":44.0},{"not_picked":["champ:ViciousMockery+1","champ:FlashCut+1","champ:EnchantCrown"],"picked":"SKIP","floor":45.0},{"not_picked":["champ:FanOfKnives+1","champ:PreciseThrust+1","champ:PerfectedStrike+1"],"picked":"SKIP","floor":47.0},{"not_picked":["champ:EnGarde","champ:HeartStrike","champ:FocusedBerserking+1"],"picked":"SKIP","floor":49.0}],"player_experience":883654,"relics_obtained":[{"floor":9.0,"key":"Juzu Bracelet"},{"floor":11.0,"key":"champ:FightingForDummies"},{"floor":13.0,"key":"TungstenRod"},{"floor":24.0,"key":"White Beast Statue"},{"floor":26.0,"key":"hexamod:Sixitude"},{"floor":28.0,"key":"Bottled Tornado"},{"floor":45.0,"key":"Dead Branch"},{"floor":47.0,"key":"Art of War"}],"event_choices":[{"cards_removed":["champ:Strike"],"damage_healed":0.0,"max_hp_gain":0.0,"max_hp_loss":0.0,"gold_gain":0.0,"event_name":"The Cleric","player_choice":"Card Removal","floor":5.0,"gold_loss":0.0,"damage_taken":0.0},{"damage_healed":0.0,"max_hp_gain":0.0,"max_hp_loss":0.0,"gold_gain":0.0,"event_name":"Lab","player_choice":"Got Potions","floor":21.0,"gold_loss":0.0,"damage_taken":0.0},{"cards_removed":["champ:Strike"],"damage_healed":0.0,"max_hp_gain":0.0,"max_hp_loss":0.0,"gold_gain":0.0,"event_name":"Falling","player_choice":"Removed Attack","floor":37.0,"gold_loss":0.0,"damage_taken":0.0}],"is_beta":false,"boss_relics":[{"not_picked":["Busted Crown","Runic Pyramid"],"picked":"champ:ChampionCrownUpgraded"},{"not_picked":["bronze:MakeshiftBattery","Runic Dome"],"picked":"Cursed Key"}],"items_purged_floors":[43],"is_endless":false,"potions_floor_spawned":[2,9,15,20,25,26,28,30,31,32,33,36,39,43,44,45,47,49],"killed_by":"downfall:CharBossMerchant","ascension_level":4}}