{"host":"ws4mzzemcqsz5e2k","time":1612531636,"event":{"mods":["Act Like it!","BaseMod","Colored Powertips","Minty Spire (QoL Compilation)","Quick Restart","Relic Filter Mod","RumiaBox-露米娅的神秘盒子","StSLib","【功能Mod】混沌之环修复补丁","没有小屋子和绿帽子啦"],"gold_per_floor":[118,129,145,145,70,70,70,70,70,100,120,134,154,184,184,258,258,273,273,273],"floor_reached":19,"language":"ZHS","playtime":640,"items_purged":["Defend_P"],"score":558,"play_id":"114a41a4-0aad-4e3c-8913-eec4e07de6e7","local_time":"20210205212716","daily_mods":["Heirloom","Uncertain Future"],"is_ascension_mode":true,"campfire_choices":[{"data":"Eruption","floor":6.0,"key":"SMITH"},{"data":"BowlingBash","floor":8.0,"key":"SMITH"},{"floor":15.0,"key":"REST"}],"circlet_count":0,"master_deck":["AscendersBane","Strike_P","Strike_P","Strike_P","Strike_P","Defend_P","Defend_P","Defend_P","Eruption+1","Vigilance","Consecrate","BowlingBash+1","WheelKick","Devotion","Halt"],"relics":["PureWater","CloakClasp","AddBug","SecretRecord","SecretRecord"],"acts_visited":["Exordium","TheCity"],"potions_floor_usage":[],"damage_taken":[{"damage":0.0,"enemies":"Cultist","floor":1.0,"turns":4.0},{"damage":1.0,"enemies":"Small Slimes","floor":2.0,"turns":4.0},{"damage":0.0,"enemies":"2 Louse","floor":3.0,"turns":3.0},{"damage":14.0,"enemies":"Lagavulin","floor":10.0,"turns":7.0},{"damage":15.0,"enemies":"Exordium Wildlife","floor":11.0,"turns":4.0},{"damage":0.0,"enemies":"2 Fungi Beasts","floor":12.0,"turns":2.0},{"damage":25.0,"enemies":"Gremlin Gang","floor":13.0,"turns":3.0},{"damage":5.0,"enemies":"3 Sentries","floor":14.0,"turns":3.0},{"damage":9.0,"enemies":"Slime Boss","floor":16.0,"turns":8.0},{"damage":28.0,"enemies":"2 Thieves","floor":18.0,"turns":3.0},{"damage":0,"enemies":"Shell Parasite","floor":19,"turns":1}],"seed_played":"6543508096226269756","potions_obtained":[{"floor":1.0,"key":"Weak Potion"},{"floor":12.0,"key":"SkillPotion"},{"floor":13.0,"key":"PowerPotion"}],"is_trial":true,"path_per_floor":["M","M","M","?","$","R","?","R","T","E","M","M","M","E","R","B",null,"M","M"],"character_chosen":"WATCHER","items_purchased":[],"campfire_rested":1,"item_purchase_floors":[],"current_hp_per_floor":[61,60,60,60,60,60,60,60,60,46,31,31,6,1,21,12,54,26,26,26],"gold":273,"neow_bonus":"","is_daily":false,"chose_seed":false,"campfire_upgraded":2,"win_rate":0.0,"timestamp":1612531636,"path_taken":["M","M","?","?","$","R","?","R","T","E","M","M","M","E","R","BOSS","M","?"],"items_purchased_type":[],"build_version":"2020-12-22","purchased_purges":1,"victory":false,"max_hp_per_floor":[68,68,68,68,68,68,68,68,68,68,68,68,68,68,68,68,68,68,68,68],"card_choices":[{"not_picked":["Weave","Evaluate"],"picked":"Consecrate","floor":1.0},{"not_picked":["EmptyFist","Prostrate","LikeWater"],"picked":"SKIP","floor":2.0},{"not_picked":["EmptyMind","JustLucky"],"picked":"BowlingBash","floor":3.0},{"not_picked":["JustLucky","Prostrate","MentalFortress"],"picked":"SKIP","floor":10.0},{"not_picked":["EmptyFist","ThirdEye","Prostrate"],"picked":"SKIP","floor":11.0},{"not_picked":["FollowUp","CrushJoints"],"picked":"WheelKick","floor":12.0},{"not_picked":["CutThroughFate","EmptyBody","Protect"],"picked":"SKIP","floor":13.0},{"not_picked":["BowlingBash","PathToVictory","JustLucky"],"picked":"SKIP","floor":14.0},{"not_picked":["SpiritShield","Brilliance"],"picked":"Devotion","floor":16.0},{"not_picked":["SashWhip","EmptyFist"],"picked":"Halt","floor":18.0}],"player_experience":1520553,"relics_obtained":[{"floor":1.0,"key":"AddBug"},{"floor":9.0,"key":"MagicDraw4"},{"floor":10.0,"key":"MoreBug"},{"floor":13.0,"key":"SecretRecord"},{"floor":14.0,"key":"Ccalipers"}],"event_choices":[{"damage_healed":0.0,"max_hp_gain":0.0,"max_hp_loss":0.0,"gold_gain":0.0,"event_name":"Scrap Ooze","player_choice":"Fled","floor":4.0,"gold_loss":0.0,"damage_taken":0.0},{"damage_healed":0.0,"max_hp_gain":0.0,"max_hp_loss":0.0,"gold_gain":0.0,"event_name":"FaceTrader","player_choice":"Trade","floor":7.0,"gold_loss":0.0,"damage_taken":0.0,"relics_obtained":["FaceOfCleric"]}],"is_beta":false,"boss_relics":[{"not_picked":["HolyWater","Runic Pyramid"],"picked":"Pandora\u0027s Box"}],"items_purged_floors":[5],"is_endless":true,"potions_floor_spawned":[1,12,13,14],"killed_by":"Shell Parasite","ascension_level":20}}