{"host":"vlqej45p0v31lhdi","time":1612504085,"event":{"mods":["AchievementEnabler","BaseMod","Bestiary","Colored Powertips","Minty Spire (QoL Compilation)","Relic Sorter","Relic Stats"],"gold_per_floor":[113,38,48,61,61,94,94,94,120,155,155,174,200,213,213,309,309,327,327,327,0,27,57,70,100,100,28,28,28],"floor_reached":28,"language":"ENG","playtime":1951,"items_purged":["Strike_B","Strike_B"],"score":331,"play_id":"6b71f010-1378-428f-b537-793de3949367","local_time":"20210204234805","is_ascension_mode":true,"campfire_choices":[{"data":"Hyperbeam","floor":7.0,"key":"SMITH"},{"data":"Hologram","floor":15.0,"key":"SMITH"}],"circlet_count":0,"master_deck":["Strike_B","Defend_B","Defend_B","Defend_B","Defend_B","Zap","Dualcast","Hyperbeam+1","Conserve Battery","Conserve Battery","Recycle","Hologram+1","Recycle","Fission","Sweeping Beam","Compile Driver","Static Discharge","Doom and Gloom+1","Barrage+1","Loop"],"relics":["Cracked Core","Strawberry","Bag of Marbles","Tiny Chest","Vajra","Philosopher\u0027s Stone","ClockworkSouvenir","Oddly Smooth Stone","Shuriken","Mummified Hand"],"acts_visited":["Exordium","TheCity"],"potions_floor_usage":[16,16,23],"damage_taken":[{"damage":0.0,"enemies":"2 Louse","floor":1.0,"turns":2.0},{"damage":0.0,"enemies":"Jaw Worm","floor":3.0,"turns":1.0},{"damage":0.0,"enemies":"Small Slimes","floor":4.0,"turns":2.0},{"damage":32.0,"enemies":"Gremlin Nob","floor":6.0,"turns":5.0},{"damage":0.0,"enemies":"Exordium Wildlife","floor":8.0,"turns":2.0},{"damage":3.0,"enemies":"Lagavulin","floor":10.0,"turns":5.0},{"damage":0.0,"enemies":"Blue Slaver","floor":12.0,"turns":1.0},{"damage":3.0,"enemies":"3 Sentries","floor":13.0,"turns":4.0},{"damage":0.0,"enemies":"Looter","floor":14.0,"turns":1.0},{"damage":44,"enemies":"The Guardian","floor":16,"turns":10},{"damage":0,"enemies":"3 Byrds","floor":18,"turns":1},{"damage":13,"enemies":"Gremlin Leader","floor":23,"turns":3},{"damage":6,"enemies":"Spheric Guardian","floor":24,"turns":3},{"damage":31,"enemies":"Slavers","floor":25,"turns":2},{"damage":31,"enemies":"Shelled Parasite and Fungi","floor":28,"turns":2}],"seed_played":"-119391830545083524","potions_obtained":[{"floor":1.0,"key":"FairyPotion"},{"floor":6.0,"key":"EntropicBrew"},{"floor":10.0,"key":"LiquidMemories"},{"floor":16,"key":"BlessingOfTheForge"},{"floor":25,"key":"DuplicationPotion"}],"is_trial":false,"path_per_floor":["M","$","M","M","?","E","R","M","T","E","?","M","E","M","R","B",null,"M","?","?","$","T","E","M","E","T","$","M"],"character_chosen":"DEFECT","items_purchased":["ClockworkSouvenir","Static Discharge","Loop"],"campfire_rested":0,"item_purchase_floors":[21,21,27],"current_hp_per_floor":[68,68,68,68,61,36,36,36,36,33,33,33,30,30,30,10,75,75,75,75,75,75,62,56,25,25,25,0,0],"gold":28,"neow_bonus":"THREE_RARE_CARDS","is_daily":false,"chose_seed":false,"campfire_upgraded":2,"win_rate":0.0,"timestamp":1612504085,"path_taken":["M","$","M","M","?","E","R","M","T","E","?","M","E","M","R","BOSS","M","?","?","$","?","E","M","E","T","$","?"],"items_purchased_type":["Relic","Card","Card"],"build_version":"2020-12-22","purchased_purges":2,"victory":false,"max_hp_per_floor":[68,68,68,68,68,75,75,75,75,75,75,75,75,75,75,75,75,75,75,75,75,75,75,75,75,75,75,75,75],"relic_stats":{"counters":[15,44],"Shuriken":[1],"Mummified Hand":[0],"Tiny Chest":1,"obtain_stats":[{"Shuriken":23,"Mummified Hand":25,"Strawberry":6,"Vajra":13,"Oddly Smooth Stone":22,"Tiny Chest":10,"Philosopher\u0027s Stone":17,"Bag of Marbles":9,"Cracked Core":0,"ClockworkSouvenir":21},{"Shuriken":12,"Mummified Hand":14,"Strawberry":4,"Vajra":8,"Oddly Smooth Stone":11,"Tiny Chest":6,"Philosopher\u0027s Stone":10,"Bag of Marbles":5,"Cracked Core":0,"ClockworkSouvenir":11},{"Shuriken":37,"Mummified Hand":42,"Strawberry":10,"Vajra":22,"Oddly Smooth Stone":34,"Tiny Chest":17,"Philosopher\u0027s Stone":33,"Bag of Marbles":12,"Cracked Core":0,"ClockworkSouvenir":34}]},"card_choices":[{"not_picked":["Electrodynamics","Seek"],"picked":"Hyperbeam","floor":0.0},{"not_picked":["Sweeping Beam","Leap","Redo"],"picked":"SKIP","floor":1.0},{"not_picked":["Force Field","Conserve Battery","White Noise"],"picked":"SKIP","floor":3.0},{"not_picked":["Force Field","White Noise"],"picked":"Conserve Battery","floor":3.0},{"not_picked":["Leap","Steam","Redo"],"picked":"SKIP","floor":4.0},{"not_picked":["Stack","Creative AI"],"picked":"Conserve Battery","floor":6.0},{"not_picked":["Glacier","Electrodynamics"],"picked":"Recycle","floor":10.0},{"not_picked":["Cold Snap","Self Repair"],"picked":"Hologram","floor":12.0},{"not_picked":["Double Energy","Chill","Go for the Eyes"],"picked":"SKIP","floor":13.0},{"not_picked":["Redo","Streamline"],"picked":"Recycle","floor":14.0},{"not_picked":["Thunder Strike","Multi-Cast"],"picked":"Fission","floor":16},{"not_picked":["Ball Lightning","Conserve Battery"],"picked":"Sweeping Beam","floor":18},{"not_picked":["Chill+1","Turbo"],"picked":"Doom and Gloom+1","floor":23},{"not_picked":["Auto Shields","Steam Power","Compile Driver"],"picked":"SKIP","floor":24},{"not_picked":["Steam","Sweeping Beam+1"],"picked":"Barrage+1","floor":25}],"player_experience":2368795,"relics_obtained":[{"floor":6.0,"key":"Strawberry"},{"floor":9.0,"key":"Bag of Marbles"},{"floor":10.0,"key":"Tiny Chest"},{"floor":13.0,"key":"Vajra"},{"floor":22,"key":"Oddly Smooth Stone"},{"floor":23,"key":"Shuriken"},{"floor":25,"key":"Mummified Hand"}],"event_choices":[{"cards_removed":["Strike_B"],"damage_healed":0.0,"max_hp_gain":0.0,"max_hp_loss":0.0,"gold_gain":0.0,"event_name":"Golden Wing","player_choice":"Card Removal","floor":5.0,"gold_loss":0.0,"damage_taken":7.0},{"damage_healed":0.0,"max_hp_gain":0.0,"max_hp_loss":0.0,"gold_gain":0.0,"event_name":"Liars Game","player_choice":"Ignored","floor":11.0,"gold_loss":0.0,"damage_taken":0.0},{"damage_healed":0,"gold_gain":0,"player_choice":"Ignored","damage_taken":0,"max_hp_gain":0,"max_hp_loss":0,"event_name":"Vampires","floor":19,"gold_loss":0},{"damage_healed":0,"gold_gain":0,"player_choice":"Read","damage_taken":0,"max_hp_gain":0,"max_hp_loss":0,"event_name":"The Library","floor":20,"gold_loss":0,"cards_obtained":["Compile Driver"]}],"is_beta":false,"boss_relics":[{"not_picked":["Runic Dome","Black Star"],"picked":"Philosopher\u0027s Stone"}],"items_purged_floors":[2,21],"is_endless":false,"potions_floor_spawned":[1,6,10,14,16,25],"killed_by":"Shelled Parasite and Fungi","ascension_level":4}}