{"host":"rdkn868dy8jmb7gs","time":1612532670,"event":{"mods":["Act Like it!","Arknights","BaseMod","BetterRewards","Colored Map","Colored Powertips","Custom Start","Decade(Õı–°√˜)","DeckTracker","Gensokyo","Marisa£®ÏF”Í°°ƒß¿Ì…≥£©","Minty Spire (QoL Compilation)","Reimu£®≤©¿ˆ¡È√Œ£©","Remilia£®¿Ÿ√◊¿Ú—«£©","Replay The Spire","Spicy Shops","StSLib","The Servant 0.9.4","Youmu£®ªÍ∆«—˝√Œ£©","[IsaacMod]“‘»ˆº‚À˛","ÛÙª÷∏ƒœ"],"gold_per_floor":[110,127,127,57,57,57,57,84,84,111,125,125,25,41,41,144,144,164,164,164,164,176,176,176,211,211,211,242,255,255,70,70,171,171,182,182,398,408,408,408,408,418,464,493,493,521,521,533,533,533,533,533,5,31,31],"floor_reached":56,"language":"ZHS","playtime":4409,"items_purged":["Writhe"],"score":1399,"play_id":"0b348ad9-3405-40f3-8aea-85532ef0c698","local_time":"20210205214430","is_ascension_mode":false,"campfire_choices":[{"data":"KamenRideDecade","floor":6.0,"key":"SMITH"},{"data":"KamenRideBlade","floor":15.0,"key":"SMITH"},{"data":"RideBooker_Skill_2","floor":23.0,"key":"SMITH"},{"data":"DecadeViolentEmotion","floor":30.0,"key":"SMITH"},{"data":"Decade_Invisible","floor":32,"key":"SMITH"},{"data":"Kabuto_ClockUp","floor":40,"key":"SMITH"},{"floor":47,"key":"RECALL"},{"data":"AttackRide","floor":49,"key":"SMITH"},{"data":"Dragreder","floor":52,"key":"SMITH"}],"circlet_count":0,"master_deck":["Decade_Attack","Decade_Attack","KamenRide+1","Decade_SpecialSkill","Decade_Defend","Decade_Defend","Decade_Defend","BloodyBrimstone","KamenRideDecade+1","DragClaw","Blade_Mach+1","Gensokyo:CrescentMoonSlash","Decade_Illusion","Blade_Slash","KamenRideBlade+1","UnarmedAttack1","Kiva_Bats","PrometheusPower","Dragreder+1","DecadeViolentEmotion+1","NMDAZYYGL","Bandage Up","Blade_Mach","Blade_Slash","Blade_Beat+1","DenO_Ax","RideBooker_Skill_2+1","DenO_Rod","Decade_Invisible+1","SoulSculpture+1","Decade_Illusion","UnarmedAttack5+1","Kabuto_ClockUp+1","RideBooker+1","AttackRide+1","Decade_Dash1+1","Gensokyo:NewMoon","FormRideDogga+1","Decade_Defend3+1","KamenRideDenO","DragShield","RideBooker_Skill_1","KamenRideRyuki+1"],"relics":["Decadriver","TOEIDeficitBill","HushsDoor","NeowsBlessing","BookofShadows","Juzu Bracelet","SharpPlug","PreservedInsect","HornCleat","Ring of Chaos","Gensokyo:SongOfSouls","UnicornStump","Replay:Rubber Ducky","Leech","Cursed Key","Du-Vu Doll","Molten Egg 2","TungstenRod","TheBean","Happy Flower","Replay:Accelerometer"],"acts_visited":["Exordium","Gensokyo:Gensokyo","Gensokyo:Gensokyoer","TheEnding"],"potions_floor_usage":[35,38,38,44,50,55,55],"damage_taken":[{"damage":0.0,"enemies":"Gensokyo:2_Kodama","floor":1.0,"turns":2.0},{"damage":5.0,"enemies":"Gensokyo:3_Fairies","floor":2.0,"turns":3.0},{"damage":0.0,"enemies":"Gensokyo:Aya","floor":8.0,"turns":1.0},{"damage":0.0,"enemies":"Gensokyo:Mamizou","floor":10.0,"turns":7.0},{"damage":5.0,"enemies":"Gensokyo:Gryphon","floor":11.0,"turns":3.0},{"damage":5.0,"enemies":"Gensokyo:Kitsune","floor":14.0,"turns":4.0},{"damage":43.0,"enemies":"Gensokyo:Reimu","floor":16.0,"turns":13.0},{"damage":28.0,"enemies":"Gensokyo:2_Gloops","floor":18.0,"turns":5.0},{"damage":2.0,"enemies":"Gensokyo:AngelMirror","floor":19.0,"turns":3.0},{"damage":21.0,"enemies":"Gensokyo:3_Gloops","floor":22.0,"turns":5.0},{"damage":0.0,"enemies":"Gensokyo:Koishi","floor":25.0,"turns":4.0},{"damage":0.0,"enemies":"Gensokyo:Reisen","floor":28.0,"turns":3.0},{"damage":0.0,"enemies":"Gensokyo:Chomper_and_Gloop","floor":29.0,"turns":5.0},{"damage":67,"enemies":"Gensokyo:Eternal_Rivals","floor":33,"turns":8},{"damage":17,"enemies":"Gensokyo:AncientGuardian","floor":35,"turns":7},{"damage":21,"enemies":"Gensokyo:3_Bats","floor":37,"turns":5},{"damage":13,"enemies":"Gensokyo:Sharpion","floor":38,"turns":4},{"damage":4,"enemies":"Gensokyo:4_Bats","floor":42,"turns":2},{"damage":0,"enemies":"Gensokyo:Doremy","floor":44,"turns":5},{"damage":30,"enemies":"Gensokyo:Kasen","floor":46,"turns":8},{"damage":0,"enemies":"Gensokyo:AtlasGolem","floor":48,"turns":6},{"damage":0,"enemies":"Gensokyo:Yuyuko","floor":50,"turns":6},{"damage":51,"enemies":"Shield and Spear","floor":54,"turns":6},{"damage":32,"enemies":"The Heart","floor":55,"turns":8}],"seed_played":"-2063221626493087276","potions_obtained":[{"floor":1.0,"key":"SteroidPotion"},{"floor":2.0,"key":"Strength Potion"},{"floor":11.0,"key":"FearPotion"},{"floor":18.0,"key":"PowerPotion"},{"floor":22.0,"key":"AttackPotion"},{"floor":25.0,"key":"AttackPotion"},{"floor":33,"key":"Languid Potion"},{"floor":38,"key":"Reflective Coating"},{"floor":42,"key":"Energy Potion"},{"floor":46,"key":"Block Potion"},{"floor":48,"key":"LiquidMemories"},{"floor":54,"key":"FairyPotion"}],"is_trial":false,"path_per_floor":["M","M","?","?","$","R","?","E","T","E","M","?","?","M","R","B",null,"M","M","?","?","M","R","?","E","T","?","E","M","R","COS","R","B",null,"M","?","M","M","?","R","?","M","T","E","?","E","R","M","R","B",null,"R","$","E","B",null],"character_chosen":"Decade","items_purchased":["Bandage Up","Blade_Mach","CultistPotion","KamenRideDecade","DragShield","Happy Flower"],"campfire_rested":0,"item_purchase_floors":[17,17,53,53,53,53],"current_hp_per_floor":[70,65,65,65,65,65,55,55,55,55,50,50,50,45,45,2,65,41,43,43,43,26,26,31,40,40,40,44,56,56,56,56,8,61,44,44,35,32,32,32,32,29,29,37,14,36,36,46,46,46,55,55,55,18,11],"gold":31,"neow_bonus":"THREE_ENEMY_KILL","is_daily":false,"chose_seed":false,"campfire_upgraded":8,"win_rate":0.0,"timestamp":1612532670,"path_taken":["M","M","?","?","?","R","?","E","T","E","M","?","?","M","R","BOSS","M","M","?","?","M","R","?","E","T","?","E","M","R","COS","R","BOSS","M","?","M","M","?","R","?","M","T","E","?","E","R","M","R","BOSS","R","$","E","BOSS"],"items_purchased_type":["Card","Card","Potion","Card","Card","Relic"],"build_version":"2020-12-22","purchased_purges":1,"victory":true,"max_hp_per_floor":[70,70,70,70,70,70,70,70,70,70,70,70,70,70,70,70,65,65,65,65,65,65,65,70,67,67,67,64,64,64,64,64,61,61,61,61,61,61,61,61,61,58,58,58,58,58,58,58,58,55,55,55,55,52,49],"card_choices":[{"not_picked":[],"picked":"BloodyBrimstone","floor":0.0},{"not_picked":["AutoVajin","PrometheusPower"],"picked":"KamenRideDecade","floor":1.0},{"not_picked":["FormRideStorm","Dragreder"],"picked":"DragClaw","floor":1.0},{"not_picked":["KamenRideBlade","Hibiki_Attack3"],"picked":"Blade_Mach","floor":2.0},{"not_picked":["DenO_Gun","PhotonAcceleration"],"picked":"Decade_Illusion","floor":10.0},{"not_picked":["FormRideDogga","Decade_Dash2"],"picked":"Blade_Slash","floor":11.0},{"not_picked":["FormRideDogga","FormRideTitan"],"picked":"KamenRideBlade","floor":11.0},{"not_picked":["Decade_Dash1","UnarmedAttack8"],"picked":"UnarmedAttack1","floor":12.0},{"not_picked":["KamenRideKabuto","UnarmedAttack3"],"picked":"Kiva_Bats","floor":12.0},{"not_picked":["FormRidePegasus","FormRideStorm"],"picked":"PrometheusPower","floor":14.0},{"not_picked":["PrometheusPower","FormRideTitan"],"picked":"Dragreder","floor":14.0},{"not_picked":["Kuuga_Rising","UnarmedAttack9"],"picked":"DecadeViolentEmotion","floor":16.0},{"not_picked":["Hibiki_FEVER","FormRideAxel"],"picked":"NMDAZYYGL","floor":16.0},{"not_picked":["FormRideGaruru","UnarmedAttack8"],"picked":"Blade_Slash","floor":18.0},{"not_picked":["FormRideTitan","DenO_Gun"],"picked":"Blade_Beat+1","floor":18.0},{"not_picked":["Hibiki_Attack3","FormRideTitan+1"],"picked":"DenO_Ax","floor":19.0},{"not_picked":["DenO_Climax","Hibiki_Attack2"],"picked":"RideBooker_Skill_2","floor":22.0},{"not_picked":["Hibiki_Attack3","FormRideGaruru"],"picked":"DenO_Rod","floor":25.0},{"not_picked":["Blade_Kick","Blade_Beat"],"picked":"Decade_Invisible","floor":25.0},{"not_picked":["Blade_Slash","RideBooker"],"picked":"Decade_Illusion","floor":28.0},{"not_picked":["UnarmedAttack1","KamenRideDecade"],"picked":"UnarmedAttack5+1","floor":29.0},{"not_picked":["DecadeViolentEmotion","Kuuga_Rising"],"picked":"Kabuto_ClockUp","floor":33},{"not_picked":["DragClaw","DenO_Gun"],"picked":"RideBooker+1","floor":35},{"not_picked":["Hibiki_Attack3+1","UnarmedAttack3"],"picked":"AttackRide","floor":37},{"not_picked":["TimeVent","Decade_Dash2"],"picked":"Decade_Dash1+1","floor":38},{"not_picked":["Gensokyo:MorningMist","Gensokyo:DreamlikeParadise"],"picked":"Gensokyo:NewMoon","floor":39},{"not_picked":["DragClaw","DenO_Ax+1"],"picked":"FormRideDogga+1","floor":42},{"not_picked":["UnarmedAttack8","Kuuga_GouramAttack"],"picked":"Decade_Defend3+1","floor":44},{"not_picked":["FormRide","Hibiki_FEVER"],"picked":"KamenRideDenO","floor":46},{"not_picked":["RideBooker_Skill_2","KamenRideKabuto+1"],"picked":"RideBooker_Skill_1","floor":54},{"not_picked":["Decade_Invisible+1","FormRidePegasus"],"picked":"KamenRideRyuki+1","floor":54}],"player_experience":434219,"relics_obtained":[{"floor":8.0,"key":"Juzu Bracelet"},{"floor":9.0,"key":"SharpPlug"},{"floor":10.0,"key":"PreservedInsect"},{"floor":25.0,"key":"UnicornStump"},{"floor":26.0,"key":"Replay:Rubber Ducky"},{"floor":28.0,"key":"Leech"},{"floor":44,"key":"Molten Egg 2"},{"floor":46,"key":"TheBean"},{"floor":54,"key":"Replay:Accelerometer"}],"event_choices":[],"is_beta":false,"boss_relics":[{"not_picked":["RedLine:ReiMu","Runic Dome"],"picked":"Ring of Chaos"},{"not_picked":[]},{"not_picked":["Velvet Choker","SacredBark"],"picked":"Cursed Key"},{"not_picked":[]}],"items_purged_floors":[53],"is_endless":false,"potions_floor_spawned":[1,2,11,18,22,25,33,38,42,46,48,54],"ascension_level":0}}