{"host":"ftf7rwqr5w72pdsx","time":1612492551,"event":{"mods":["BaseMod","Bestiary","Minty Spire (QoL Compilation)","Relic Stats","Slay the Relics Exporter"],"gold_per_floor":[112,72,86,97,111,141,141,176,202,202,202],"floor_reached":10,"language":"ENG","playtime":410,"items_purged":[],"score":121,"play_id":"607dd16a-0ac7-46ab-b797-a631ce1e5002","local_time":"20210204203551","is_ascension_mode":true,"campfire_choices":[{"floor":7,"key":"REST"}],"circlet_count":0,"master_deck":["AscendersBane","Strike_R","Strike_R","Strike_R","Strike_R","Strike_R","Defend_R","Defend_R","Defend_R","Defend_R","Bash","Wild Strike","Anger","Armaments","Havoc","Sword Boomerang","Reckless Charge"],"relics":["Burning Blood","Pen Nib","Bag of Marbles","Boot","Bronze Scales"],"acts_visited":["Exordium"],"potions_floor_usage":[6],"damage_taken":[{"damage":16,"enemies":"Cultist","floor":1,"turns":4},{"damage":0,"enemies":"2 Louse","floor":3,"turns":2},{"damage":7,"enemies":"Jaw Worm","floor":4,"turns":2},{"damage":23,"enemies":"Exordium Thugs","floor":5,"turns":5},{"damage":37,"enemies":"3 Sentries","floor":6,"turns":10},{"damage":35,"enemies":"Lagavulin","floor":8,"turns":5},{"damage":17,"enemies":"3 Sentries","floor":10,"turns":3}],"seed_played":"-4244373945584988478","potions_obtained":[{"floor":2,"key":"Dexterity Potion"},{"floor":2,"key":"LiquidMemories"},{"floor":3,"key":"ColorlessPotion"}],"is_trial":false,"path_per_floor":["M","?","M","M","M","E","R","E","T","E"],"character_chosen":"IRONCLAD","items_purchased":[],"campfire_rested":1,"item_purchase_floors":[],"current_hp_per_floor":[62,62,68,67,50,19,43,14,14,0,0],"gold":202,"neow_bonus":"RANDOM_COMMON_RELIC","is_daily":false,"chose_seed":false,"campfire_upgraded":0,"win_rate":0.0,"timestamp":1612492551,"path_taken":["M","?","M","M","?","E","R","E","T","E"],"items_purchased_type":[],"build_version":"2020-12-22","purchased_purges":0,"victory":false,"max_hp_per_floor":[80,80,80,80,80,80,80,80,80,80,80],"relic_stats":{"counters":[7,31],"Bronze Scales":[9],"Pen Nib":[6],"Boot":[6],"obtain_stats":[{"Bronze Scales":9,"Pen Nib":0,"Bag of Marbles":6,"Boot":8,"Burning Blood":0},{"Bronze Scales":6,"Pen Nib":0,"Bag of Marbles":5,"Boot":6,"Burning Blood":0},{"Bronze Scales":28,"Pen Nib":0,"Bag of Marbles":23,"Boot":28,"Burning Blood":0}],"Burning Blood":36},"card_choices":[{"not_picked":["True Grit","Warcry"],"picked":"Wild Strike","floor":1},{"not_picked":["Pommel Strike","Perfected Strike"],"picked":"Anger","floor":3},{"not_picked":["Sword Boomerang","Pummel"],"picked":"Armaments","floor":4},{"not_picked":["Hemokinesis","Metallicize"],"picked":"Havoc","floor":5},{"not_picked":["Metallicize","Armaments"],"picked":"Sword Boomerang","floor":6},{"not_picked":["Burning Pact","Heavy Blade"],"picked":"Reckless Charge","floor":8}],"player_experience":803133,"relics_obtained":[{"floor":6,"key":"Bag of Marbles"},{"floor":8,"key":"Boot"},{"floor":9,"key":"Bronze Scales"}],"event_choices":[{"damage_healed":0,"gold_gain":0,"player_choice":"Bought 3 Potions","damage_taken":0,"max_hp_gain":0,"max_hp_loss":0,"event_name":"The Woman in Blue","floor":2,"gold_loss":0}],"is_beta":false,"boss_relics":[],"items_purged_floors":[],"is_endless":false,"potions_floor_spawned":[3,4],"killed_by":"3 Sentries","ascension_level":11}}