{"host":"61y0z9o9vf3ujftj","time":1612550399,"event":{"mods":["BaseMod","Colored Map","Colored Powertips","GifTheSpireLib","HexUI Lib","Highlight Path","Minty Spire (QoL Compilation)","Permanent Neow","Relic Stats","StSLib","ojb\u0027s Info Mod"],"gold_per_floor":[111,111,123,142,153,153,184,184,184,203,236,236,266,282,282,357,357,372,372,391,403,420,450,450,481,507,527,209,209,235,251,251,328,328,348,361,361,416,432,467,467,479,560,184,199,215,240,21,21,21],"floor_reached":51,"language":"ENG","playtime":3811,"items_purged":["Strike_R","Pain","Defend_R+1"],"score":1516,"play_id":"7a40592f-5af9-4f0d-bc80-da2c686f2487","local_time":"20210205123959","is_ascension_mode":true,"campfire_choices":[{"data":"Wild Strike","floor":6.0,"key":"SMITH"},{"data":"1","floor":12.0,"key":"LIFT"},{"data":"2","floor":15.0,"key":"LIFT"},{"data":"3","floor":24.0,"key":"LIFT"},{"data":"Limit Break","floor":32.0,"key":"SMITH"},{"data":"Disarm","floor":41,"key":"SMITH"},{"data":"Double Tap","floor":49,"key":"SMITH"}],"circlet_count":0,"master_deck":["AscendersBane","Defend_R+1","Bash","Shrug It Off","Wild Strike+1","Battle Trance","Whirlwind","Ghostly Armor","Battle Trance","Flame Barrier","Headbutt","Offering","Limit Break+1","Pummel","Intimidate","Anger","Disarm+1","Infernal Blade","Reaper","Second Wind+1","Seeing Red+1","Blood for Blood+1","Twin Strike+1","Sword Boomerang","Pummel+1","Dark Embrace+1","Shrug It Off","Flame Barrier","Shrug It Off+1","Double Tap+1","Trip"],"relics":["Burning Blood","Mercury Hourglass","Girya","StoneCalendar","Blood Vial","Art of War","Sozu","WarpedTongs","Anchor","Blue Candle","Vajra","Paper Frog","Boot","Astrolabe","Magic Flower","Prayer Wheel","Frozen Egg 2","Brimstone","Akabeko"],"acts_visited":["Exordium","TheCity","TheBeyond"],"potions_floor_usage":[50,50],"damage_taken":[{"damage":7.0,"enemies":"Jaw Worm","floor":1.0,"turns":3.0},{"damage":0.0,"enemies":"2 Louse","floor":3.0,"turns":3.0},{"damage":0.0,"enemies":"Cultist","floor":4.0,"turns":3.0},{"damage":4.0,"enemies":"Looter","floor":5.0,"turns":3.0},{"damage":30.0,"enemies":"Lagavulin","floor":7.0,"turns":6.0},{"damage":0.0,"enemies":"3 Louse","floor":10.0,"turns":1.0},{"damage":2.0,"enemies":"3 Sentries","floor":11.0,"turns":5.0},{"damage":15.0,"enemies":"Lagavulin","floor":13.0,"turns":7.0},{"damage":6.0,"enemies":"Exordium Thugs","floor":14.0,"turns":3.0},{"damage":6.0,"enemies":"The Guardian","floor":16.0,"turns":9.0},{"damage":6.0,"enemies":"3 Byrds","floor":18.0,"turns":3.0},{"damage":3.0,"enemies":"Chosen","floor":20.0,"turns":2.0},{"damage":9.0,"enemies":"Snecko","floor":21.0,"turns":4.0},{"damage":28.0,"enemies":"Snake Plant","floor":22.0,"turns":4.0},{"damage":11.0,"enemies":"Slavers","floor":23.0,"turns":4.0},{"damage":6.0,"enemies":"Gremlin Leader","floor":25.0,"turns":5.0},{"damage":0.0,"enemies":"Centurion and Healer","floor":27.0,"turns":2.0},{"damage":7.0,"enemies":"Book of Stabbing","floor":30.0,"turns":3.0},{"damage":6.0,"enemies":"Snecko","floor":31.0,"turns":3.0},{"damage":28.0,"enemies":"Collector","floor":33.0,"turns":5.0},{"damage":5.0,"enemies":"3 Shapes","floor":35.0,"turns":3.0},{"damage":15.0,"enemies":"3 Darklings","floor":36.0,"turns":3.0},{"damage":10.0,"enemies":"2 Orb Walkers","floor":38.0,"turns":4.0},{"damage":14,"enemies":"Writhing Mass","floor":39,"turns":6},{"damage":11,"enemies":"Giant Head","floor":40,"turns":4},{"damage":1,"enemies":"Jaw Worm Horde","floor":42,"turns":2},{"damage":0,"enemies":"Sphere and 2 Shapes","floor":45,"turns":4},{"damage":6,"enemies":"4 Shapes","floor":46,"turns":4},{"damage":6,"enemies":"Reptomancer","floor":47,"turns":2},{"damage":55,"enemies":"Awakened One","floor":50,"turns":7}],"seed_played":"-949682372995136373","potions_obtained":[{"floor":3.0,"key":"SpeedPotion"},{"floor":7.0,"key":"Energy Potion"},{"floor":11.0,"key":"EssenceOfSteel"},{"floor":16.0,"key":"HeartOfIron"}],"is_trial":false,"path_per_floor":["M","?","M","M","M","R","E","?","T","M","E","R","E","M","R","B",null,"M","?","M","M","M","E","R","E","T","M","$","?","E","M","R","B",null,"M","M","?","?","M","E","R","M","T","$","M","M","E","$","R","B",null],"character_chosen":"IRONCLAD","items_purchased":["Paper Frog","Dark Embrace+1","Brimstone","Shrug It Off","Trip"],"campfire_rested":0,"item_purchase_floors":[28,44,44,44,48],"current_hp_per_floor":[49,44,50,56,58,58,34,34,34,40,44,44,37,39,39,41,67,69,69,74,72,52,49,49,51,51,59,59,59,60,62,62,42,67,75,75,75,71,69,75,75,75,75,75,75,75,75,75,75,73],"gold":21,"neow_bonus":"REMOVE_TWO","is_daily":false,"chose_seed":false,"campfire_upgraded":4,"win_rate":0.0,"timestamp":1612550399,"path_taken":["M","?","M","M","M","R","E","?","T","M","E","R","E","M","R","BOSS","M","?","M","?","M","E","R","E","T","M","$","?","E","M","R","BOSS","M","M","?","?","M","E","R","M","T","$","M","?","E","?","R","BOSS"],"items_purchased_type":["Relic","Card","Relic","Card","Card"],"build_version":"2020-12-22","purchased_purges":3,"victory":true,"max_hp_per_floor":[75,75,75,75,75,75,75,75,75,75,75,75,75,75,75,75,75,75,75,75,75,75,75,75,75,75,75,75,75,75,75,75,75,75,75,75,75,75,75,75,75,75,75,75,75,75,75,75,75,75],"relic_stats":{"counters":[30,116],"Blue Candle":[9],"Astrolabe":["Second Wind","Seeing Red","Blood for Blood"],"Magic Flower":[19],"StoneCalendar":[78],"Boot":[9],"Burning Blood":155,"Mercury Hourglass":[464],"WarpedTongs":[70],"Blood Vial":33,"Sozu":7,"Prayer Wheel":3,"Art of War":[8],"obtain_stats":[{"Girya":7,"Blue Candle":25,"Astrolabe":34,"Vajra":26,"Magic Flower":38,"StoneCalendar":9,"Frozen Egg 2":43,"Boot":30,"Burning Blood":0,"Akabeko":47,"Mercury Hourglass":2,"WarpedTongs":19,"Blood Vial":11,"Sozu":17,"Anchor":23,"Brimstone":44,"Prayer Wheel":40,"Art of War":13,"Paper Frog":28},{"Girya":5,"Blue Candle":16,"Astrolabe":20,"Vajra":16,"Magic Flower":23,"StoneCalendar":5,"Frozen Egg 2":26,"Boot":18,"Burning Blood":0,"Akabeko":29,"Mercury Hourglass":1,"WarpedTongs":11,"Blood Vial":7,"Sozu":10,"Anchor":15,"Brimstone":26,"Prayer Wheel":25,"Art of War":8,"Paper Frog":17},{"Girya":17,"Blue Candle":64,"Astrolabe":77,"Vajra":64,"Magic Flower":87,"StoneCalendar":17,"Frozen Egg 2":99,"Boot":69,"Burning Blood":0,"Akabeko":109,"Mercury Hourglass":3,"WarpedTongs":45,"Blood Vial":23,"Sozu":42,"Anchor":59,"Brimstone":99,"Prayer Wheel":97,"Art of War":30,"Paper Frog":66}]},"card_choices":[{"not_picked":["Thunderclap","Sword Boomerang"],"picked":"Shrug It Off","floor":1.0},{"not_picked":["Flex","Sentinel"],"picked":"Wild Strike","floor":3.0},{"not_picked":["Thunderclap","Wild Strike"],"picked":"Battle Trance","floor":4.0},{"not_picked":["Body Slam","Cleave"],"picked":"Whirlwind","floor":5.0},{"not_picked":["Rampage","Flex"],"picked":"Ghostly Armor","floor":7.0},{"not_picked":["Intimidate","Headbutt"],"picked":"Flame Barrier","floor":10.0},{"not_picked":["Juggernaut","Perfected Strike"],"picked":"Headbutt","floor":11.0},{"not_picked":["Entrench","Disarm"],"picked":"Offering","floor":13.0},{"not_picked":["Twin Strike","Armaments","Headbutt"],"picked":"SKIP","floor":14.0},{"not_picked":["Feed","Berserk"],"picked":"Limit Break","floor":16.0},{"not_picked":["Feel No Pain","Havoc"],"picked":"Pummel","floor":18.0},{"not_picked":["Ghostly Armor","Perfected Strike+1"],"picked":"Intimidate","floor":20.0},{"not_picked":["Power Through","Carnage"],"picked":"Anger","floor":21.0},{"not_picked":["True Grit","Disarm"],"picked":"Demon Form","floor":22.0},{"not_picked":["Rage","Headbutt"],"picked":"Disarm","floor":23.0},{"not_picked":["Combust","Cleave","Headbutt+1"],"picked":"SKIP","floor":25.0},{"not_picked":["Iron Wave","Body Slam","Armaments"],"picked":"SKIP","floor":27.0},{"not_picked":["Demon Form","Flex"],"picked":"Infernal Blade","floor":30.0},{"not_picked":["Ghostly Armor","Body Slam","Second Wind"],"picked":"SKIP","floor":31.0},{"not_picked":["Limit Break","Juggernaut"],"picked":"Reaper","floor":33.0},{"not_picked":["Headbutt+1","True Grit"],"picked":"Twin Strike+1","floor":35.0},{"not_picked":["Cleave+1","Wild Strike"],"picked":"Sword Boomerang","floor":36.0},{"not_picked":["Spot Weakness","True Grit","Flex"],"picked":"SKIP","floor":39},{"not_picked":["True Grit","Warcry"],"picked":"Pummel+1","floor":40},{"not_picked":["Headbutt","Entrench","Anger+1"],"picked":"SKIP","floor":42},{"not_picked":["Headbutt","Dual Wield+1","Feed"],"picked":"SKIP","floor":42},{"not_picked":["Flex+1","Iron Wave","Headbutt"],"picked":"SKIP","floor":45},{"not_picked":["Havoc+1","Twin Strike","Dark Embrace+1"],"picked":"SKIP","floor":45},{"not_picked":["Bloodletting","Ghostly Armor"],"picked":"Flame Barrier","floor":46},{"not_picked":["Cleave","Dropkick"],"picked":"Shrug It Off+1","floor":46},{"not_picked":["Havoc","Second Wind+1"],"picked":"Double Tap","floor":47}],"player_experience":537862,"relics_obtained":[{"floor":7.0,"key":"Girya"},{"floor":9.0,"key":"StoneCalendar"},{"floor":11.0,"key":"Blood Vial"},{"floor":13.0,"key":"Art of War"},{"floor":23.0,"key":"Anchor"},{"floor":25.0,"key":"Blue Candle"},{"floor":26.0,"key":"Vajra"},{"floor":30.0,"key":"Boot"},{"floor":38.0,"key":"Magic Flower"},{"floor":40,"key":"Prayer Wheel"},{"floor":43,"key":"Frozen Egg 2"},{"floor":47,"key":"Akabeko"}],"event_choices":[{"damage_healed":0.0,"max_hp_gain":0.0,"max_hp_loss":0.0,"gold_gain":0.0,"event_name":"Scrap Ooze","player_choice":"Success","floor":2.0,"gold_loss":0.0,"damage_taken":5.0,"relics_obtained":["Mercury Hourglass"]},{"damage_healed":0.0,"max_hp_gain":0.0,"max_hp_loss":0.0,"gold_gain":0.0,"cards_transformed":["Strike_R"],"event_name":"Living Wall","player_choice":"Change","floor":8.0,"gold_loss":0.0,"damage_taken":0.0,"cards_obtained":["Battle Trance"]},{"damage_healed":0.0,"max_hp_gain":0.0,"max_hp_loss":0.0,"gold_gain":0.0,"event_name":"Accursed Blacksmith","player_choice":"Rummage","floor":19.0,"gold_loss":0.0,"damage_taken":0.0,"relics_obtained":["WarpedTongs"],"cards_obtained":["Pain"]},{"damage_healed":0.0,"max_hp_gain":0.0,"max_hp_loss":0.0,"gold_gain":0.0,"event_name":"Back to Basics","player_choice":"Simplicity","floor":29.0,"gold_loss":0.0,"damage_taken":0.0,"cards_upgraded":["Strike_R","Strike_R","Defend_R","Defend_R","Defend_R"]},{"cards_removed":["Demon Form"],"damage_healed":0.0,"max_hp_gain":0.0,"max_hp_loss":0.0,"gold_gain":0.0,"event_name":"Falling","player_choice":"Removed Power","floor":37.0,"gold_loss":0.0,"damage_taken":0.0},{"damage_healed":0.0,"max_hp_gain":0.0,"max_hp_loss":0.0,"gold_gain":0.0,"event_name":"Mysterious Sphere","player_choice":"Fight","floor":38.0,"gold_loss":0.0,"damage_taken":0.0}],"is_beta":false,"boss_relics":[{"not_picked":["Velvet Choker","SacredBark"],"picked":"Sozu"},{"not_picked":["Snecko Eye","Runic Pyramid"],"picked":"Astrolabe"}],"items_purged_floors":[28,44,48],"is_endless":false,"potions_floor_spawned":[3,7,11,16,20,22,31,33,40,45,46],"ascension_level":15}}