{"host":"yuwyc1esdalgjt4e","time":1612541160,"event":{"mods":["Arknights","Astrologer","BaseMod","CapriCore","Hermit","KomeijiMod","Marisa????????","Minty Spire (QoL Compilation)","Railgun Mod","Reimu??????","StSLib","The Bug Knight","The Death Knight","The Dragon Tamer","The Hierophant","The Immortal","The Marked","The Servant 0.9.4","The Wild Card","TheSwordswoman","Yuri Mod"],"gold_per_floor":[116,116,116,128,145,145,163,163,163,163,163,163],"floor_reached":11,"language":"ENG","playtime":195,"items_purged":[],"score":63,"play_id":"4682edc7-6518-45d8-908a-587bf5a5d392","local_time":"20210205170600","is_ascension_mode":false,"campfire_choices":[{"data":"DeathKnight:UnholyPresence","floor":6,"key":"SMITH"},{"data":"DeathKnight:Hysteria","floor":8,"key":"SMITH"},{"data":"DeathKnight:BloodPact","floor":10,"key":"SMITH"}],"circlet_count":0,"master_deck":["DeathKnight:Strike_DeathKnight+1","DeathKnight:Strike_DeathKnight","DeathKnight:Strike_DeathKnight","DeathKnight:Strike_DeathKnight","DeathKnight:Strike_DeathKnight","DeathKnight:Defend_DeathKnight+1","DeathKnight:Defend_DeathKnight","DeathKnight:Defend_DeathKnight","DeathKnight:Defend_DeathKnight","DeathKnight:Defend_DeathKnight","DeathKnight:RuneTap","DeathKnight:RuneStrike","DeathKnight:UnholyPresence+1","DeathKnight:Hysteria+1","DeathKnight:BloodPact+1"],"relics":["DeathKnight:BrokenRuneblade","NeowsBlessing","Tea:ReiMu"],"acts_visited":["Exordium"],"potions_floor_usage":[11,11],"damage_taken":[{"damage":0,"enemies":"Small Slimes","floor":1,"turns":1},{"damage":0,"enemies":"2 Louse","floor":4,"turns":1},{"damage":0,"enemies":"Cultist","floor":5,"turns":1},{"damage":29,"enemies":"Red Slaver","floor":7,"turns":5},{"damage":0,"enemies":"Lagavulin","floor":11,"turns":3}],"seed_played":"481616287611639783","potions_obtained":[{"floor":5,"key":"CalmPotion"},{"floor":7,"key":"GrandPatriotsElixir:ReiMu"}],"is_trial":false,"path_per_floor":["M","?","?","M","M","R","M","R","T","R","E"],"character_chosen":"DEATH_KNIGHT","items_purchased":[],"campfire_rested":0,"item_purchase_floors":[],"current_hp_per_floor":[75,75,60,60,60,60,31,31,31,31,31,31],"gold":163,"neow_bonus":"THREE_ENEMY_KILL","is_daily":false,"chose_seed":false,"campfire_upgraded":3,"win_rate":0.0,"timestamp":1612541160,"path_taken":["M","?","?","M","M","R","M","R","T","R","E"],"items_purchased_type":[],"build_version":"2020-12-22","purchased_purges":0,"victory":false,"max_hp_per_floor":[75,75,75,75,75,75,75,75,75,75,75,75],"card_choices":[{"not_picked":["DeathKnight:ShatteringStrikes","DeathKnight:BloodEchoes"],"picked":"DeathKnight:UnholyPresence","floor":1},{"not_picked":["DeathKnight:IceboundArmor","DeathKnight:RuneShock"],"picked":"DeathKnight:Hysteria","floor":4},{"not_picked":["DeathKnight:UnholyFrenzy","DeathKnight:DeathGrip"],"picked":"DeathKnight:BloodPact","floor":5},{"not_picked":["DeathKnight:UnholyFrenzy","DeathKnight:BloodEchoes","DeathKnight:Hemostasis"],"picked":"SKIP","floor":7}],"player_experience":106765,"relics_obtained":[{"floor":9,"key":"Tea:ReiMu"}],"event_choices":[{"damage_healed":0,"gold_gain":0,"player_choice":"Entered Light","damage_taken":15,"max_hp_gain":0,"max_hp_loss":0,"event_name":"Shining Light","floor":3,"gold_loss":0,"cards_upgraded":["DeathKnight:Defend_DeathKnight","DeathKnight:Strike_DeathKnight"]}],"is_beta":false,"boss_relics":[],"items_purged_floors":[],"is_endless":false,"potions_floor_spawned":[5,7],"killed_by":"Lagavulin","ascension_level":0}}