{"host":"dvpvhz1t6etneyb3","time":1612496341,"event":{"mods":["AchievementEnabler","BaseMod","Colored Map","Highlight Path","Minty Spire (QoL Compilation)","Permanent Neow","Quick Restart"],"gold_per_floor":[110,129,141,141,155,182,182,208,289,299,299,329,329,356,368,457,469,493,375,386,397,81,81,112,112,135,148,179,191,216,236,236,310,310,320,320,37,0,20,20,46,46,95,109,109,138,149,159,159,159,159,159,159,59,86,86],"floor_reached":57,"language":"ENG","playtime":4953,"items_purged":["Zap","Leap"],"score":3054,"play_id":"cc53a716-b542-4b89-909b-c2e5565f0bcf","local_time":"20210204223901","is_ascension_mode":true,"campfire_choices":[{"floor":11.0,"key":"REST"},{"data":"Biased Cognition","floor":13.0,"key":"SMITH"},{"data":"Static Discharge","floor":15.0,"key":"SMITH"},{"data":"Echo Form","floor":23.0,"key":"SMITH"},{"data":"Seek","floor":25.0,"key":"SMITH"},{"data":"Defragment","floor":32.0,"key":"SMITH"},{"data":"Capacitor","floor":40.0,"key":"SMITH"},{"floor":42.0,"key":"RECALL"},{"data":"Biased Cognition","floor":45.0,"key":"SMITH"},{"data":"Dualcast","floor":49.0,"key":"SMITH"},{"data":"Amplify","floor":53.0,"key":"SMITH"}],"circlet_count":0,"master_deck":["AscendersBane","Dualcast+1","Force Field","Leap","Static Discharge+1","Glacier","Biased Cognition+1","Machine Learning","Genetic Algorithm","Gash","Compile Driver","Go for the Eyes","Sweeping Beam","Self Repair","Core Surge","Cold Snap+1","Self Repair","Biased Cognition+1","Doom and Gloom+1","Defragment+1","Sunder+1","Genetic Algorithm","Go for the Eyes+1","Echo Form+1","Seek+1","Amplify+1","Capacitor+1","Doom and Gloom+1","Cold Snap+1"],"relics":["Pandora\u0027s Box","HornCleat","Thread and Needle","Molten Egg 2","Art of War","MawBank","Runic Pyramid","PreservedInsect","Bag of Marbles","Strawberry","Regal Pillow","Letter Opener","Busted Crown","Bottled Tornado","Red Mask","Sundial","Ornamental Fan","Vajra"],"acts_visited":["Exordium","TheCity","TheBeyond","TheEnding"],"potions_floor_usage":[56],"damage_taken":[{"damage":0.0,"enemies":"Small Slimes","floor":1.0,"turns":7.0},{"damage":0.0,"enemies":"2 Louse","floor":2.0,"turns":3.0},{"damage":3.0,"enemies":"Cultist","floor":3.0,"turns":4.0},{"damage":1.0,"enemies":"2 Fungi Beasts","floor":5.0,"turns":5.0},{"damage":22.0,"enemies":"Gremlin Nob","floor":6.0,"turns":5.0},{"damage":16.0,"enemies":"3 Sentries","floor":8.0,"turns":10.0},{"damage":1.0,"enemies":"3 Louse","floor":10.0,"turns":3.0},{"damage":7.0,"enemies":"Lagavulin","floor":12.0,"turns":6.0},{"damage":0.0,"enemies":"3 Sentries","floor":14.0,"turns":10.0},{"damage":0.0,"enemies":"Hexaghost","floor":16.0,"turns":12.0},{"damage":14.0,"enemies":"3 Byrds","floor":18.0,"turns":5.0},{"damage":1.0,"enemies":"Spheric Guardian","floor":20.0,"turns":9.0},{"damage":1.0,"enemies":"Snake Plant","floor":21.0,"turns":5.0},{"damage":21.0,"enemies":"Slavers","floor":24.0,"turns":4.0},{"damage":0.0,"enemies":"Cultist and Chosen","floor":27.0,"turns":7.0},{"damage":5.0,"enemies":"Book of Stabbing","floor":28.0,"turns":7.0},{"damage":0.0,"enemies":"Shelled Parasite and Fungi","floor":29.0,"turns":8.0},{"damage":0.0,"enemies":"Gremlin Leader","floor":30.0,"turns":7.0},{"damage":23.0,"enemies":"Snake Plant","floor":31.0,"turns":7.0},{"damage":2.0,"enemies":"Automaton","floor":33.0,"turns":8.0},{"damage":18.0,"enemies":"3 Darklings","floor":35.0,"turns":6.0},{"damage":3.0,"enemies":"Orb Walker","floor":39.0,"turns":5.0},{"damage":0.0,"enemies":"Nemesis","floor":41.0,"turns":9.0},{"damage":2.0,"enemies":"Sphere and 2 Shapes","floor":44.0,"turns":7.0},{"damage":0.0,"enemies":"Reptomancer","floor":46.0,"turns":10.0},{"damage":29.0,"enemies":"Writhing Mass","floor":47.0,"turns":8.0},{"damage":0.0,"enemies":"Spire Growth","floor":48.0,"turns":8.0},{"damage":23.0,"enemies":"Donu and Deca","floor":50.0,"turns":12.0},{"damage":26.0,"enemies":"Time Eater","floor":51.0,"turns":7.0},{"damage":49,"enemies":"Shield and Spear","floor":55,"turns":9},{"damage":55,"enemies":"The Heart","floor":56,"turns":13}],"seed_played":"982675902798952115","potions_obtained":[{"floor":2.0,"key":"EssenceOfSteel"},{"floor":5.0,"key":"FocusPotion"},{"floor":6.0,"key":"PotionOfCapacity"},{"floor":8.0,"key":"ColorlessPotion"},{"floor":14.0,"key":"FearPotion"},{"floor":16.0,"key":"EssenceOfDarkness"},{"floor":31.0,"key":"BlessingOfTheForge"},{"floor":39.0,"key":"FairyPotion"},{"floor":48.0,"key":"FocusPotion"}],"is_trial":false,"path_per_floor":["M","M","M","?","M","E","?","E","T","M","R","E","R","E","R","B",null,"M","$","M","M","$","R","E","R","T","M","E","M","E","M","R","B",null,"M","?","$","?","M","R","E","R","T","M","R","E","M","M","R","B","B",null,"R","$","E","B",null],"character_chosen":"DEFECT","items_purchased":["Defragment","Sunder+1","Echo Form","PreservedInsect","Bottled Tornado"],"campfire_rested":1,"item_purchase_floors":[19,19,22,22,37],"current_hp_per_floor":[64,64,61,61,60,38,38,29,29,28,49,49,49,56,56,70,71,71,71,71,70,70,70,63,63,70,78,78,78,78,78,78,78,78,78,74,74,74,74,74,74,74,74,74,74,74,66,74,74,74,62,71,71,71,43,24],"gold":86,"neow_bonus":"BOSS_RELIC","is_daily":false,"chose_seed":false,"campfire_upgraded":9,"win_rate":0.0,"timestamp":1612496341,"path_taken":["M","M","M","?","M","E","?","E","T","M","R","E","R","E","R","BOSS","M","$","M","M","?","R","E","R","T","M","E","M","E","M","R","BOSS","M","?","$","?","M","R","E","R","T","M","R","E","M","M","R","BOSS","BOSS","R","$","E","BOSS"],"items_purchased_type":["Card","Card","Card","Relic","Relic"],"build_version":"2020-12-22","purchased_purges":2,"victory":true,"max_hp_per_floor":[71,71,71,71,71,71,71,71,71,71,71,71,71,71,71,71,71,71,71,71,71,71,71,71,71,78,78,78,78,78,78,78,78,78,78,74,74,74,74,74,74,74,74,74,74,74,74,74,74,74,74,74,74,74,74,74],"card_choices":[{"not_picked":["Redo","Steam"],"picked":"Gash","floor":1.0},{"not_picked":["Turbo","Leap"],"picked":"Compile Driver","floor":2.0},{"not_picked":["Force Field","Conserve Battery"],"picked":"Go for the Eyes","floor":3.0},{"not_picked":["Leap","Hologram"],"picked":"Sweeping Beam","floor":5.0},{"not_picked":["Consume","Leap"],"picked":"Self Repair","floor":6.0},{"not_picked":["BootSequence","Lockon"],"picked":"Core Surge","floor":8.0},{"not_picked":["Tempest","Streamline+1"],"picked":"Cold Snap+1","floor":10.0},{"not_picked":["Beam Cell+1","Rip and Tear+1","Barrage+1"],"picked":"SKIP","floor":12.0},{"not_picked":["Double Energy","Hologram"],"picked":"Self Repair","floor":14.0},{"not_picked":["Rainbow","Meteor Strike+1"],"picked":"Biased Cognition","floor":16.0},{"not_picked":["Cold Snap+1","FTL+1"],"picked":"Doom and Gloom+1","floor":18.0},{"not_picked":["Skim","Hologram"],"picked":"Genetic Algorithm","floor":20.0},{"not_picked":["Barrage+1","Self Repair"],"picked":"Go for the Eyes+1","floor":21.0},{"not_picked":["Go for the Eyes+1","Storm+1"],"picked":"Seek","floor":24.0},{"not_picked":["Redo","Chaos","Reinforced Body"],"picked":"SKIP","floor":27.0},{"not_picked":["Compile Driver+1","Leap","Machine Learning"],"picked":"SKIP","floor":28.0},{"not_picked":["Sunder+1","Conserve Battery","Rebound+1"],"picked":"SKIP","floor":29.0},{"not_picked":["Lockon+1","Rebound+1","Rip and Tear+1"],"picked":"SKIP","floor":30.0},{"not_picked":["Glacier","Redo","Compile Driver+1"],"picked":"SKIP","floor":31.0},{"not_picked":["Core Surge+1","Thunder Strike+1"],"picked":"Amplify","floor":33.0},{"not_picked":["Darkness"],"picked":"SKIP","floor":35.0},{"not_picked":[],"picked":"Capacitor","floor":39.0},{"not_picked":["Redo"],"picked":"SKIP","floor":41.0},{"not_picked":["Steam"],"picked":"SKIP","floor":44.0},{"not_picked":["Reinforced Body"],"picked":"SKIP","floor":46.0},{"not_picked":["Sweeping Beam+1"],"picked":"SKIP","floor":47.0},{"not_picked":[],"picked":"Doom and Gloom+1","floor":48.0},{"not_picked":[],"picked":"Cold Snap+1","floor":55}],"player_experience":2146772,"relics_obtained":[{"floor":6.0,"key":"HornCleat"},{"floor":8.0,"key":"Thread and Needle"},{"floor":9.0,"key":"Molten Egg 2"},{"floor":12.0,"key":"Art of War"},{"floor":14.0,"key":"MawBank"},{"floor":24.0,"key":"Bag of Marbles"},{"floor":26.0,"key":"Strawberry"},{"floor":28.0,"key":"Regal Pillow"},{"floor":30.0,"key":"Letter Opener"},{"floor":41.0,"key":"Sundial"},{"floor":46.0,"key":"Ornamental Fan"},{"floor":55,"key":"Vajra"}],"event_choices":[{"damage_healed":0.0,"max_hp_gain":0.0,"max_hp_loss":0.0,"gold_gain":0.0,"event_name":"Shining Light","player_choice":"Ignored","floor":4.0,"gold_loss":0.0,"damage_taken":0.0},{"damage_healed":0.0,"max_hp_gain":0.0,"max_hp_loss":0.0,"gold_gain":0.0,"event_name":"Purifier","player_choice":"Ignored","floor":7.0,"gold_loss":0.0,"damage_taken":0.0},{"damage_healed":0.0,"max_hp_gain":0.0,"max_hp_loss":4.0,"gold_gain":0.0,"event_name":"Winding Halls","player_choice":"Max HP","floor":36.0,"gold_loss":0.0,"damage_taken":0.0},{"damage_healed":0.0,"max_hp_gain":0.0,"max_hp_loss":0.0,"gold_gain":0.0,"event_name":"Tomb of Lord Red Mask","player_choice":"Paid","floor":38.0,"gold_loss":37.0,"damage_taken":0.0,"relics_obtained":["Red Mask"]}],"is_beta":false,"boss_relics":[{"not_picked":["Tiny House","SlaversCollar"],"picked":"Runic Pyramid"},{"not_picked":["Cursed Key","Inserter"],"picked":"Busted Crown"}],"items_purged_floors":[22,54],"is_endless":false,"potions_floor_spawned":[2,5,6,8,14,16,20,27,28,29,31,39,44,47,48,55],"ascension_level":20}}