{"host":"o3b7ow6d1xe49css","time":1612526791,"event":{"mods":["Act Like it!","Aspiration","BaseMod","Bestiary","Better Altar","Better Match","Better Note","Better Sensory Stone","Better Skull","Better Third Choice","Colored Powertips","Conspire","Energized Spire","Force Act Four","GifTheSpireLib","Halation","Hermit","Hubris","Infinite Spire","Lobotomy","Minty Spire (QoL Compilation)","Quick Restart","Rare Cards Sparkle","Relic Filter Mod","Reliquary","Replay The Spire","Spicy Shops","Spikes Relics","Spire Arcade","StSLib","Stuff the Spire","The Blue Laboratory","Wandering Minibosses"],"gold_per_floor":[118,132,147,165,165,165,190,190,190,190,190,21,50,84,84,183,183,203,213,213,213,228,260,293,326,326,326,62,89,124,188,188,285,285,301,315,45,45,63,63,95,123,123,136,36,36,29,0,0,0,0],"floor_reached":50,"language":"ENG","playtime":2130,"items_purged":["Strike_B","Strike_B","Strike_B","Defend_B"],"score":1043,"play_id":"95d0280d-833d-4f98-9911-bd640dcd6cb5","local_time":"20210205030631","daily_mods":["Heirloom","Flight"],"is_ascension_mode":true,"campfire_choices":[{"data":"Zap","floor":6,"key":"SMITH"},{"data":"Defragment","floor":10,"key":"SMITH"},{"data":"hubris:Ukulele","floor":15,"key":"SMITH"},{"floor":27,"key":"RECALL"},{"data":"StuffTheSpire:Synthwave","floor":32,"key":"SMITH"},{"floor":40,"key":"REST"},{"floor":49,"key":"REST"}],"circlet_count":0,"master_deck":["Defend_B","Defend_B","Defend_B","Zap+1","Dualcast","StuffTheSpire:Plugnplay","Defragment+1","Ball Lightning","hubris:Ukulele+1","Electrodynamics","Conserve Battery","hubris:Ukulele","Reinforced Body","Biased Cognition","UniverseFragment","StuffTheSpire:Synthwave+1","Glacier","Conserve Battery+1","PlatinumSkin","Double Energy","Leap","Seek","Tempest","Lockon","Cold Snap","Capacitor","Conserve Battery+1","Reinforced Body+1"],"relics":["Cracked Core","Ring of Chaos","Prayer Wheel","CogitoBucket","LugNut","Replay:Bottled Flurry","Replay:Accelerometer","BlackRope","Symbiotic Virus","conspire:BottledYoYo","energizedSpire:MagnifyingGlass","AspirationHeart","Ice Cream","aspiration:Lifesprig","conspire:Flyswatter","Bag of Marbles","hubris:MobiusCoin","Replay:Mystery Machine","reliquary:Craggleroot","Pet Ghost","wanderingMiniBosses:OtherGremlinHorn","infinitespire:BottledMercury","Replay:Baseball","InkBottle","hubris:Icosahedron","StuffTheSpire:Barrel"],"acts_visited":["Exordium","TheCity","TheBeyond"],"potions_floor_usage":[7,24,29,30,30,31,41,41],"damage_taken":[{"damage":5,"enemies":"2 Louse","floor":1,"turns":2},{"damage":1,"enemies":"Cultist","floor":2,"turns":3},{"damage":7,"enemies":"Small Slimes","floor":3,"turns":3},{"damage":6,"enemies":"Looter","floor":4,"turns":2},{"damage":13,"enemies":"Lagavulin","floor":7,"turns":5},{"damage":15,"enemies":"Gremlin Nob","floor":13,"turns":3},{"damage":10,"enemies":"Lagavulin","floor":14,"turns":5},{"damage":0,"enemies":"Slime Boss","floor":16,"turns":3},{"damage":0,"enemies":"conspire:FuzzyDice","floor":18,"turns":2},{"damage":0,"enemies":"3 Byrds","floor":19,"turns":2},{"damage":0,"enemies":"3 Cultists","floor":22,"turns":3},{"damage":6,"enemies":"Replay:Snechameleon","floor":23,"turns":5},{"damage":0,"enemies":"conspire:SneckoGhost","floor":24,"turns":5},{"damage":0,"enemies":"conspire:Head Lice","floor":25,"turns":4},{"damage":0,"enemies":"Nightmare","floor":29,"turns":7},{"damage":5,"enemies":"Book of Stabbing","floor":30,"turns":4},{"damage":36,"enemies":"Snecko","floor":31,"turns":5},{"damage":11,"enemies":"Automaton","floor":33,"turns":6},{"damage":0,"enemies":"3 Darklings","floor":35,"turns":2},{"damage":6,"enemies":"3 Shapes","floor":36,"turns":4},{"damage":17,"enemies":"Jaw Worm Horde","floor":39,"turns":5},{"damage":18,"enemies":"Nightmare","floor":41,"turns":7},{"damage":0,"enemies":"Giant Head","floor":42,"turns":6},{"damage":0,"enemies":"Maw","floor":44,"turns":3},{"damage":24,"enemies":"Nemesis","floor":47,"turns":3},{"damage":55,"enemies":"conspire:OrnateMirror","floor":50,"turns":5}],"seed_played":"8005118664380973797","potions_obtained":[{"floor":2,"key":"Venom Potion"},{"floor":3,"key":"Doom Potion"},{"floor":7,"key":"blueLaboratory:AbyssPotion"},{"floor":16,"key":"Dexterity Potion"},{"floor":18,"key":"blueLaboratory:CoolantVial"},{"floor":24,"key":"blueLaboratory:PyrophylliteBrew"},{"floor":25,"key":"DistilledChaos"},{"floor":29,"key":"blueLaboratory:TeslaPotion"},{"floor":30,"key":"Swift Potion"},{"floor":33,"key":"EssenceOfDarkness"},{"floor":35,"key":"Ancient Potion"},{"floor":39,"key":"SpeedPotion"}],"is_trial":true,"path_per_floor":["M","M","M","M","?","R","E","$","T","R","?","$","E","E","R","B",null,"M","M","AVR","?","M","E","E","E","T","R","$","NM","E","M","R","B",null,"M","M","$","AVR","M","R","NM","E","T","M","$","?","E","?","R","B"],"character_chosen":"DEFECT","items_purchased":["hubris:Ukulele","BlackRope","PlatinumSkin","Tempest","Lockon"],"campfire_rested":2,"item_purchase_floors":[12,12,28,37,37],"current_hp_per_floor":[70,69,62,56,56,56,43,43,43,43,68,68,53,43,43,43,67,77,77,77,77,77,71,71,71,71,71,71,71,66,30,30,19,69,69,63,63,63,46,71,53,53,53,53,53,53,29,29,54,0,0],"gold":0,"neow_bonus":"","is_daily":false,"chose_seed":false,"campfire_upgraded":4,"win_rate":0.0,"timestamp":1612526791,"path_taken":["M","M","M","M","?","R","E","?","T","R","?","$","E","E","R","BOSS","M","M","AVR","?","M","E","E","E","T","R","$","NM","E","M","R","BOSS","M","M","$","AVR","M","R","NM","E","T","M","$","?","E","?","R","BOSS"],"items_purchased_type":["Card","Relic","Card","Card","Card"],"build_version":"2020-12-22","purchased_purges":4,"victory":false,"max_hp_per_floor":[75,75,75,75,75,75,75,75,75,75,75,75,75,75,75,75,75,85,85,85,85,85,85,85,85,85,85,85,85,85,85,85,85,85,85,85,85,85,85,85,85,85,85,85,85,85,85,85,85,85,85],"card_choices":[{"not_picked":["Redo","Stack"],"picked":"StuffTheSpire:Plugnplay","floor":1},{"not_picked":["PunishingBird","Scorched","WallGazer"],"picked":"Singing Bowl","floor":1},{"not_picked":["Hello World","Hologram","Barrage"],"picked":"SKIP","floor":1},{"not_picked":["StuffTheSpire:NuclearReactor","ReplayTheSpireMod:Repulse"],"picked":"Defragment","floor":2},{"not_picked":["SingingMachine","Murderer","MHz"],"picked":"Singing Bowl","floor":2},{"not_picked":["Streamline","FTL","ReplayTheSpireMod:Dual Polarity"],"picked":"SKIP","floor":2},{"not_picked":["FIFO Queue","Cold Snap"],"picked":"Ball Lightning","floor":3},{"not_picked":["Beam Cell","Go for the Eyes"],"picked":"hubris:Ukulele","floor":3},{"not_picked":["OSAHOGD","Wellcheers","Alriune"],"picked":"Singing Bowl","floor":3},{"not_picked":["BigBird","Scorched","ShyLook"],"picked":"Singing Bowl","floor":4},{"not_picked":["Reinforced Body","Gash"],"picked":"Electrodynamics","floor":4},{"not_picked":["DiskWipe","Capacitor"],"picked":"Conserve Battery","floor":4},{"not_picked":["Redo","Panic Button","StuffTheSpire:GlassShard"],"picked":"SKIP","floor":7},{"not_picked":["BasicCrystalCard","Streamline","ReplayTheSpireMod:Omega Cannon"],"picked":"SKIP","floor":13},{"not_picked":["White Noise","Capacitor"],"picked":"Reinforced Body","floor":14},{"not_picked":["Reboot","All For One"],"picked":"Biased Cognition","floor":16},{"not_picked":["WallGazer","BeautyBeast","Porccubus"],"picked":"Singing Bowl","floor":16},{"not_picked":["Scarecrow","MeatLantern","Alriune"],"picked":"Singing Bowl","floor":18},{"not_picked":["ShyLook","NakedNest"],"picked":"UniverseFragment","floor":18},{"not_picked":["Compile Driver","Cold Snap+1","Electrodynamics"],"picked":"SKIP","floor":18},{"not_picked":["Beam Cell+1","Streamline","BasicCrystalCard+1"],"picked":"SKIP","floor":18},{"not_picked":["Skim","Steam"],"picked":"StuffTheSpire:Synthwave","floor":19},{"not_picked":["Murderer","GreedKing","LittlePrince"],"picked":"Singing Bowl","floor":19},{"not_picked":["Barrage","Streamline+1","Coolheaded"],"picked":"SKIP","floor":19},{"not_picked":["Hologram","Rebound","BootSequence"],"picked":"SKIP","floor":22},{"not_picked":["StuffTheSpire:ShieldGenerator","StuffTheSpire:CleanHardDrive+1","Coolheaded"],"picked":"SKIP","floor":22},{"not_picked":["Cold Snap","Barrage","Stack+1"],"picked":"SKIP","floor":23},{"not_picked":["Force Field","Sweeping Beam+1"],"picked":"Glacier","floor":24},{"not_picked":["Buffer","Reinforced Body"],"picked":"Conserve Battery+1","floor":25},{"not_picked":["FieryBird","Scorched","WhitesApple"],"picked":"Singing Bowl","floor":29},{"not_picked":["Consume+1","StuffTheSpire:Rend","Static Discharge"],"picked":"SKIP","floor":29},{"not_picked":["Storm","Stack","Gash"],"picked":"SKIP","floor":30},{"not_picked":["BootSequence","ReplaySolidLightProjector"],"picked":"Double Energy","floor":31},{"not_picked":["Sweeping Beam","StuffTheSpire:EventHorizon"],"picked":"Leap","floor":31},{"not_picked":["Go for the Eyes","StuffTheSpire:Rend","BootSequence+1"],"picked":"SKIP","floor":35},{"not_picked":["Streamline","BasicCrystalCard","StuffTheSpire:Plugnplay"],"picked":"SKIP","floor":35},{"not_picked":["ReplayTheSpireMod:GoodbyeWorld","Compile Driver+1"],"picked":"Seek","floor":36},{"not_picked":["Auto Shields+1","Consume","Redo"],"picked":"SKIP","floor":36},{"not_picked":["FieryBird","Variant","PunishingBird"],"picked":"Singing Bowl","floor":39},{"not_picked":["Stack","Turbo","Scrape"],"picked":"SKIP","floor":39},{"not_picked":["Turbo","Stack+1","Coolheaded"],"picked":"SKIP","floor":39},{"not_picked":["Loop","Streamline"],"picked":"Cold Snap","floor":41},{"not_picked":["Stack","Panic Button+1","Gash+1"],"picked":"SKIP","floor":42},{"not_picked":["Blizzard+1","Double Energy"],"picked":"Capacitor","floor":44},{"not_picked":["Panic Button","Beam Cell"],"picked":"Conserve Battery+1","floor":44},{"not_picked":["conspire:SharedLibrary+1","Conserve Battery"],"picked":"Reinforced Body+1","floor":47}],"player_experience":1303823,"relics_obtained":[{"floor":7,"key":"Replay:Bottled Flurry"},{"floor":9,"key":"Replay:Accelerometer"},{"floor":13,"key":"Symbiotic Virus"},{"floor":14,"key":"conspire:BottledYoYo"},{"floor":23,"key":"aspiration:Lifesprig"},{"floor":24,"key":"conspire:Flyswatter"},{"floor":25,"key":"Bag of Marbles"},{"floor":29,"key":"hubris:MobiusCoin"},{"floor":30,"key":"Replay:Mystery Machine"},{"floor":39,"key":"wanderingMiniBosses:OtherGremlinHorn"},{"floor":41,"key":"infinitespire:BottledMercury"},{"floor":42,"key":"Replay:Baseball"},{"floor":43,"key":"InkBottle"},{"floor":47,"key":"StuffTheSpire:Barrel"}],"event_choices":[{"damage_healed":0,"gold_gain":0,"player_choice":"Gave Potion","damage_taken":0,"relics_obtained":["LugNut"],"max_hp_gain":0,"max_hp_loss":0,"event_name":"WeMeetAgain","floor":5,"gold_loss":0},{"damage_healed":25,"gold_gain":0,"player_choice":"Banana","damage_taken":0,"max_hp_gain":0,"max_hp_loss":0,"event_name":"Big Fish","floor":11,"gold_loss":0},{"damage_healed":0,"gold_gain":0,"player_choice":"Ignored","damage_taken":0,"max_hp_gain":0,"max_hp_loss":0,"event_name":"betterNote:BetterNote","floor":21,"gold_loss":0,"cards_obtained":["Strike_R"]}],"is_beta":false,"boss_relics":[{"not_picked":["Pandora\u0027s Box","aspiration:RunicSpoon"],"picked":"energizedSpire:MagnifyingGlass"},{"not_picked":["reliquary:Ember","Coffee Dripper"],"picked":"reliquary:Craggleroot"}],"items_purged_floors":[20,37,38,45],"is_endless":true,"potions_floor_spawned":[2,3,7,16,18,24,25,29,30,33,35,39],"killed_by":"conspire:OrnateMirror","ascension_level":5}}