{"host":"wbn3xdfsa5pc2kse","time":1612498903,"event":{"mods":["AchievementEnabler","BaseMod","Bestiary","Colored Map","Colored Powertips","Curses Come First","Highlight Path","Minty Spire (QoL Compilation)","Permanent Neow","Rare Cards Sparkle","Relic Stats","StSLib"],"gold_per_floor":[111,122,142,142,142,167,216,5,5,5,21,35,68,68,68,139,139,156,175,190,57,84,84,112,8,8,8,8,34,51,62,62,141,141,157,172,184,231,453,453,482,482,482,502,536,561,578,244,244,244,244,244,244,106,131,131,131],"floor_reached":56,"language":"ZHT","playtime":3590,"items_purged":["Strike_P","Strike_P","Strike_P","Defend_P","Defend_P"],"score":1935,"play_id":"f05bd4f7-9bc1-474b-b414-dd55285e25f7","local_time":"20210205122143","is_ascension_mode":true,"campfire_choices":[{"floor":10,"key":"REST"},{"floor":15,"key":"REST"},{"floor":23,"key":"REST"},{"floor":27,"key":"REST"},{"floor":32,"key":"RECALL"},{"floor":40,"key":"REST"},{"floor":42,"key":"REST"},{"floor":49,"key":"REST"},{"floor":53,"key":"REST"}],"circlet_count":0,"master_deck":["AscendersBane","Strike_P+1","Defend_P","Defend_P","Eruption+1","Vigilance","BattleHymn","Evaluate","Consecrate+1","EmptyFist","Scrawl","ClearTheMind","Vengeance","DeusExMachina","LikeWater+1","Crescendo","FearNoEvil+1","LikeWater+1","Adaptation+1","TalkToTheHand+1","Meditate","Fasting2+1","Scrawl","ReachHeaven+1","CrushJoints+1","Fasting2+1","Fasting2+1","Crescendo+1","FollowUp+1","FlurryOfBlows","MentalFortress+1","Prostrate"],"relics":["PureWater","Smiling Mask","Meat on the Bone","Omamori","Toolbox","Pocketwatch","Frozen Egg 2","Fusion Hammer","Red Mask","Ice Cream","HornCleat","Damaru","Sozu","CloakClasp","Dream Catcher","Bird Faced Urn","Calipers","Bottled Tornado","Blood Vial"],"acts_visited":["Exordium","TheCity","TheBeyond","TheEnding"],"potions_floor_usage":[6,13,13,18,19,22,50,56],"damage_taken":[{"damage":9,"enemies":"Small Slimes","floor":1,"turns":5},{"damage":16,"enemies":"2 Louse","floor":2,"turns":3},{"damage":0,"enemies":"Jaw Worm","floor":3,"turns":3},{"damage":11,"enemies":"Lagavulin","floor":6,"turns":6},{"damage":0,"enemies":"Red Slaver","floor":11,"turns":1},{"damage":19,"enemies":"Large Slime","floor":12,"turns":5},{"damage":11,"enemies":"Gremlin Nob","floor":13,"turns":3},{"damage":12,"enemies":"Slime Boss","floor":16,"turns":7},{"damage":0,"enemies":"2 Thieves","floor":18,"turns":3},{"damage":10,"enemies":"3 Byrds","floor":19,"turns":5},{"damage":9,"enemies":"Sentry and Sphere","floor":20,"turns":4},{"damage":6,"enemies":"Masked Bandits","floor":22,"turns":4},{"damage":12,"enemies":"Slavers","floor":24,"turns":5},{"damage":5,"enemies":"Book of Stabbing","floor":29,"turns":4},{"damage":0,"enemies":"Snecko","floor":30,"turns":4},{"damage":0,"enemies":"3 Cultists","floor":31,"turns":4},{"damage":33,"enemies":"Champ","floor":33,"turns":9},{"damage":23,"enemies":"3 Darklings","floor":35,"turns":4},{"damage":2,"enemies":"3 Shapes","floor":36,"turns":4},{"damage":0,"enemies":"Writhing Mass","floor":37,"turns":6},{"damage":19,"enemies":"2 Orb Walkers","floor":38,"turns":4},{"damage":0,"enemies":"Giant Head","floor":41,"turns":5},{"damage":0,"enemies":"Sphere and 2 Shapes","floor":44,"turns":9},{"damage":5,"enemies":"Nemesis","floor":45,"turns":5},{"damage":0,"enemies":"Mind Bloom Boss Battle","floor":46,"turns":3},{"damage":0,"enemies":"Transient","floor":47,"turns":6},{"damage":39,"enemies":"Awakened One","floor":50,"turns":8},{"damage":22,"enemies":"Donu and Deca","floor":51,"turns":7},{"damage":13,"enemies":"Shield and Spear","floor":55,"turns":5},{"damage":72,"enemies":"The Heart","floor":56,"turns":3}],"seed_played":"162999019328882799","potions_obtained":[{"floor":1,"key":"SkillPotion"},{"floor":2,"key":"Ancient Potion"},{"floor":6,"key":"StancePotion"},{"floor":13,"key":"StancePotion"},{"floor":16,"key":"Energy Potion"},{"floor":18,"key":"PowerPotion"},{"floor":19,"key":"FairyPotion"},{"floor":30,"key":"Strength Potion"}],"is_trial":false,"path_per_floor":["M","M","M","?","?","E","T","$","T","R","M","M","E","?","R","B",null,"M","M","M","$","?","R","E","$","T","R","?","E","M","M","R","B",null,"M","M","M","?","?","R","E","R","T","M","E","?","M","$","R","B","B",null,"R","$","E","B"],"character_chosen":"WATCHER","items_purchased":["Toolbox","LikeWater+1","AttackPotion","Bottled Tornado","MentalFortress+1"],"campfire_rested":8,"item_purchase_floors":[8,21,25,48,54],"current_hp_per_floor":[52,36,36,41,15,4,4,4,4,25,37,30,31,9,30,30,62,62,52,43,43,37,58,46,46,46,67,67,62,62,62,62,41,65,42,40,40,33,33,54,54,73,73,73,68,73,73,73,73,44,46,66,73,73,64,0,0],"gold":131,"neow_bonus":"UPGRADE_CARD","is_daily":false,"chose_seed":false,"campfire_upgraded":0,"win_rate":0.0,"timestamp":1612498903,"path_taken":["M","M","M","?","?","E","?","$","T","R","?","M","E","?","R","BOSS","M","M","M","$","?","R","E","$","T","R","?","E","M","M","R","BOSS","M","M","M","?","?","R","E","R","T","M","E","?","?","$","R","BOSS","BOSS","R","$","E","BOSS"],"items_purchased_type":["Relic","Card","Potion","Relic","Card"],"build_version":"2020-12-22","purchased_purges":5,"victory":false,"max_hp_per_floor":[68,68,68,73,73,73,73,73,73,73,73,73,73,73,73,73,73,73,73,73,73,73,73,73,73,73,73,73,73,73,73,73,73,73,73,73,73,73,73,73,73,73,73,73,73,73,73,73,73,73,73,73,73,73,73,73,73],"relic_stats":{"Sozu":3,"Blood Vial":2,"Dream Catcher":3,"counters":[30,144],"Bird Faced Urn":[35],"CloakClasp":[192],"Smiling Mask":375,"obtain_stats":[{"Ice Cream":24,"Calipers":46,"Damaru":29,"Omamori":7,"CloakClasp":38,"Frozen Egg 2":13,"Bottled Tornado":48,"Smiling Mask":5,"Sozu":34,"Blood Vial":55,"Dream Catcher":41,"HornCleat":26,"Bird Faced Urn":45,"Toolbox":8,"Fusion Hammer":17,"Red Mask":22,"PureWater":0,"Meat on the Bone":6,"Pocketwatch":9},{"Ice Cream":13,"Calipers":25,"Damaru":14,"Omamori":4,"CloakClasp":21,"Frozen Egg 2":7,"Bottled Tornado":26,"Smiling Mask":3,"Sozu":17,"Blood Vial":29,"Dream Catcher":22,"HornCleat":13,"Bird Faced Urn":24,"Toolbox":4,"Fusion Hammer":8,"Red Mask":12,"PureWater":0,"Meat on the Bone":4,"Pocketwatch":4},{"Ice Cream":54,"Calipers":115,"Damaru":58,"Omamori":17,"CloakClasp":93,"Frozen Egg 2":26,"Bottled Tornado":121,"Smiling Mask":11,"Sozu":75,"Blood Vial":141,"Dream Catcher":98,"HornCleat":54,"Bird Faced Urn":112,"Toolbox":17,"Fusion Hammer":33,"Red Mask":49,"PureWater":0,"Meat on the Bone":17,"Pocketwatch":17}],"Meat on the Bone":84,"Pocketwatch":[26]},"card_choices":[{"not_picked":["WaveOfTheHand","Halt"],"picked":"BattleHymn","floor":1},{"not_picked":["Worship","ThirdEye"],"picked":"Evaluate","floor":2},{"not_picked":["PathToVictory","Perseverance"],"picked":"Consecrate","floor":3},{"not_picked":["Study","Evaluate"],"picked":"EmptyFist","floor":6},{"not_picked":["CutThroughFate","SashWhip"],"picked":"Scrawl","floor":11},{"not_picked":["FollowUp","Consecrate"],"picked":"ClearTheMind","floor":12},{"not_picked":["FollowUp","Worship"],"picked":"Vengeance","floor":13},{"not_picked":["Alpha","Wish"],"picked":"DeusExMachina","floor":16},{"not_picked":["Evaluate","WaveOfTheHand"],"picked":"LikeWater+1","floor":18},{"not_picked":["WindmillStrike","Perseverance"],"picked":"Crescendo","floor":19},{"not_picked":["EmptyMind","FollowUp"],"picked":"FearNoEvil+1","floor":20},{"not_picked":["ClearTheMind+1","Evaluate"],"picked":"Adaptation+1","floor":22},{"not_picked":["Prostrate","BowlingBash"],"picked":"TalkToTheHand+1","floor":24},{"not_picked":["FollowUp","ClearTheMind"],"picked":"Meditate","floor":29},{"not_picked":["EmptyFist","Protect","Consecrate"],"picked":"SKIP","floor":30},{"not_picked":["WreathOfFlame","Crescendo"],"picked":"Fasting2+1","floor":31},{"not_picked":["Judgement","SpiritShield"],"picked":"Scrawl","floor":33},{"not_picked":["ClearTheMind","Prostrate"],"picked":"ReachHeaven+1","floor":35},{"not_picked":["Meditate","BowlingBash","PathToVictory"],"picked":"SKIP","floor":36},{"not_picked":["EmptyBody","Consecrate","Vengeance"],"picked":"SKIP","floor":37},{"not_picked":["Study+1","SignatureMove+1"],"picked":"CrushJoints+1","floor":41},{"not_picked":["BowlingBash","JustLucky+1"],"picked":"Fasting2+1","floor":42},{"not_picked":["Evaluate","EmptyBody"],"picked":"Fasting2+1","floor":44},{"not_picked":["Protect","Establishment+1"],"picked":"Crescendo+1","floor":45},{"not_picked":["EmptyBody","FlurryOfBlows","Halt"],"picked":"SKIP","floor":47},{"not_picked":["CrushJoints","Halt"],"picked":"FollowUp+1","floor":49},{"not_picked":["Halt","DeceiveReality"],"picked":"FlurryOfBlows","floor":53},{"not_picked":["Prostrate","Consecrate","PathToVictory+1"],"picked":"SKIP","floor":55},{"not_picked":["Consecrate","PathToVictory+1"],"picked":"Prostrate","floor":55}],"player_experience":784925,"relics_obtained":[{"floor":6,"key":"Meat on the Bone"},{"floor":7,"key":"Omamori"},{"floor":9,"key":"Pocketwatch"},{"floor":13,"key":"Frozen Egg 2"},{"floor":22,"key":"Red Mask"},{"floor":24,"key":"Ice Cream"},{"floor":26,"key":"HornCleat"},{"floor":29,"key":"Damaru"},{"floor":38,"key":"CloakClasp"},{"floor":41,"key":"Dream Catcher"},{"floor":45,"key":"Bird Faced Urn"},{"floor":46,"key":"Calipers"},{"floor":55,"key":"Blood Vial"}],"event_choices":[{"damage_healed":0,"gold_gain":0,"player_choice":"Donut","damage_taken":0,"max_hp_gain":5,"max_hp_loss":0,"event_name":"Big Fish","floor":4,"gold_loss":0},{"damage_healed":0,"gold_gain":0,"player_choice":"Success","damage_taken":26,"relics_obtained":["Smiling Mask"],"max_hp_gain":0,"max_hp_loss":0,"event_name":"Scrap Ooze","floor":5,"gold_loss":0},{"damage_healed":0,"gold_gain":0,"player_choice":"Entered Light","damage_taken":22,"max_hp_gain":0,"max_hp_loss":0,"event_name":"Shining Light","floor":14,"gold_loss":0,"cards_upgraded":["Consecrate","Strike_P"]},{"damage_healed":0,"gold_gain":0,"player_choice":"Fought Bandits","damage_taken":0,"max_hp_gain":0,"max_hp_loss":0,"event_name":"Masked Bandits","floor":22,"gold_loss":0},{"damage_healed":0,"gold_gain":0,"player_choice":"Ignored","damage_taken":0,"max_hp_gain":0,"max_hp_loss":0,"event_name":"The Mausoleum","floor":28,"gold_loss":0},{"damage_healed":0,"gold_gain":0,"player_choice":"Fight","damage_taken":0,"max_hp_gain":0,"max_hp_loss":0,"event_name":"Mysterious Sphere","floor":38,"gold_loss":0},{"damage_healed":0,"gold_gain":222,"player_choice":"Wore Mask","damage_taken":0,"max_hp_gain":0,"max_hp_loss":0,"event_name":"Tomb of Lord Red Mask","floor":39,"gold_loss":0},{"damage_healed":0,"gold_gain":0,"player_choice":"Fight","damage_taken":0,"max_hp_gain":0,"max_hp_loss":0,"event_name":"MindBloom","floor":46,"gold_loss":0}],"is_beta":false,"boss_relics":[{"not_picked":["Empty Cage","SacredBark"],"picked":"Fusion Hammer"},{"not_picked":["Velvet Choker","Cursed Key"],"picked":"Sozu"}],"items_purged_floors":[8,21,25,48,54],"is_endless":false,"potions_floor_spawned":[1,2,6,13,16,18,19,30,33,36,38,55],"killed_by":"The Heart","ascension_level":20}}