{"host":"2zjdcgw4be5n15ja","time":1612492333,"event":{"mods":["AchievementEnabler","BaseMod","Better Skull","Better Third Choice","BetterRewards","Hermit","Marisa????????","Minty Spire (QoL Compilation)","Quick Restart","Rare Cards Sparkle","Reimu??????","Relic Stats","Reliquary","StSLib","The Runesmith","The Senshi"],"gold_per_floor":[118,43,43,54,54,54,79,91,91,91,124,124,136,68,68,170,170,170,170,140,140,140,140,140,140,140,140,41,41,41],"floor_reached":29,"language":"ENG","playtime":1607,"items_purged":[],"score":264,"play_id":"774c44ce-fcd5-4e97-8d3a-b666bdb51fb7","local_time":"20210205153213","is_ascension_mode":true,"campfire_choices":[{"floor":6,"key":"RECALL"},{"floor":10,"key":"DIG"},{"floor":12,"key":"REST"},{"floor":15,"key":"DIG"},{"data":"1","floor":23,"key":"LIFT"},{"data":"2","floor":25,"key":"LIFT"}],"circlet_count":0,"master_deck":["Strike_G","Strike_G","Strike_G","Strike_G","Strike_G","Defend_G","Defend_G","Defend_G","Defend_G","Defend_G","Survivor","Neutralize","Blade Dance","Noxious Fumes","Caltrops","Poisoned Stab","Flying Knee","Well Laid Plans","Blade Dance","Burst","Corpse Explosion","Flying Knee","Dodge and Roll","Backstab+1","Catalyst","Catalyst","Outmaneuver","Noxious Fumes"],"relics":["Ring of the Snake","Snake Skull","Shovel","Pen Nib","reliquary:Stiletto","reliquary:PurpleTingedLeaf","Girya","Ectoplasm","FaceOfCleric","reliquary:SilkGlove","reliquary:JackalopeAntler"],"acts_visited":["Exordium","TheCity"],"potions_floor_usage":[11,16,19,21,29],"damage_taken":[{"damage":1,"enemies":"Cultist","floor":1,"turns":5},{"damage":2,"enemies":"Small Slimes","floor":4,"turns":3},{"damage":25,"enemies":"Gremlin Nob","floor":7,"turns":5},{"damage":0,"enemies":"Jaw Worm","floor":8,"turns":3},{"damage":21,"enemies":"3 Sentries","floor":11,"turns":7},{"damage":9,"enemies":"Looter","floor":13,"turns":3},{"damage":27,"enemies":"The Guardian","floor":16,"turns":8},{"damage":7,"enemies":"Spheric Guardian","floor":18,"turns":3},{"damage":10,"enemies":"3 Byrds","floor":19,"turns":2},{"damage":14,"enemies":"Snake Plant","floor":21,"turns":5},{"damage":27,"enemies":"Book of Stabbing","floor":24,"turns":4},{"damage":0,"enemies":"Centurion and Healer","floor":27,"turns":2},{"damage":37,"enemies":"Shelled Parasite and Fungi","floor":29,"turns":3}],"seed_played":"5698797007615128551","potions_obtained":[{"floor":7,"key":"EssenceOfSteel"},{"floor":11,"key":"Strength Potion"},{"floor":19,"key":"Fruit Juice"},{"floor":20,"key":"GhostInAJar"},{"floor":20,"key":"BlessingOfTheForge"}],"is_trial":false,"path_per_floor":["M","$","T","M","?","R","E","M","T","R","E","R","M","$","R","B",null,"M","M","?","M","?","R","E","R","T","M","$","M"],"character_chosen":"THE_SILENT","items_purchased":["Noxious Fumes","Burst","Outmaneuver","Noxious Fumes"],"campfire_rested":1,"item_purchase_floors":[2,14,28,28],"current_hp_per_floor":[69,69,69,67,67,67,42,42,42,42,21,42,34,34,34,9,70,63,59,59,46,46,46,21,21,21,23,23,0,0],"gold":41,"neow_bonus":"RANDOM_COMMON_RELIC","is_daily":false,"chose_seed":false,"campfire_upgraded":0,"win_rate":0.0,"timestamp":1612492333,"path_taken":["M","?","?","M","?","R","E","M","T","R","E","R","M","?","R","BOSS","M","M","?","?","?","R","E","R","T","M","$","M"],"items_purchased_type":["Card","Card","Card","Card"],"build_version":"2020-12-22","purchased_purges":0,"victory":false,"max_hp_per_floor":[70,70,70,70,70,70,70,70,70,70,70,70,70,70,70,70,70,70,75,75,75,75,75,76,76,76,77,77,77,77],"relic_stats":{"Shovel":2,"FaceOfCleric":2,"counters":[13,53],"Snake Skull":[47],"Pen Nib":[11],"Ectoplasm":89,"obtain_stats":[{"reliquary:JackalopeAntler":26,"Girya":15,"Shovel":3,"reliquary:SilkGlove":24,"FaceOfCleric":22,"Snake Skull":0,"Pen Nib":7,"reliquary:Stiletto":10,"Ectoplasm":17,"reliquary:PurpleTingedLeaf":11,"Ring of the Snake":0},{"reliquary:JackalopeAntler":11,"Girya":6,"Shovel":1,"reliquary:SilkGlove":11,"FaceOfCleric":10,"Snake Skull":0,"Pen Nib":3,"reliquary:Stiletto":4,"Ectoplasm":7,"reliquary:PurpleTingedLeaf":5,"Ring of the Snake":0},{"reliquary:JackalopeAntler":48,"Girya":26,"Shovel":5,"reliquary:SilkGlove":48,"FaceOfCleric":44,"Snake Skull":0,"Pen Nib":13,"reliquary:Stiletto":16,"Ectoplasm":34,"reliquary:PurpleTingedLeaf":23,"Ring of the Snake":0}],"Ring of the Snake":[26]},"card_choices":[{"not_picked":["Quick Slash","Terror"],"picked":"Blade Dance","floor":1},{"not_picked":["Dagger Throw","Prepared"],"picked":"Caltrops","floor":4},{"not_picked":["Leg Sweep","Backstab"],"picked":"Poisoned Stab","floor":7},{"not_picked":["Footwork","Slice"],"picked":"Flying Knee","floor":8},{"not_picked":["Infinite Blades","Unload"],"picked":"Well Laid Plans","floor":11},{"not_picked":["Slice","Well Laid Plans"],"picked":"Blade Dance","floor":13},{"not_picked":["Unload","Doppelganger"],"picked":"Corpse Explosion","floor":16},{"not_picked":["Tactician","PiercingWail"],"picked":"Flying Knee","floor":18},{"not_picked":["All Out Attack+1","Dagger Spray"],"picked":"Dodge and Roll","floor":19},{"not_picked":["Eviscerate+1","Expertise"],"picked":"Backstab+1","floor":21},{"not_picked":["Outmaneuver","Doppelganger"],"picked":"Catalyst","floor":24},{"not_picked":["Blade Dance","Cloak And Dagger"],"picked":"Catalyst","floor":27}],"player_experience":381132,"relics_obtained":[{"floor":3,"key":"Shovel"},{"floor":7,"key":"Pen Nib"},{"floor":10,"key":"reliquary:Stiletto"},{"floor":11,"key":"reliquary:PurpleTingedLeaf"},{"floor":15,"key":"Girya"},{"floor":24,"key":"reliquary:SilkGlove"},{"floor":26,"key":"reliquary:JackalopeAntler"}],"event_choices":[{"damage_healed":0,"gold_gain":0,"player_choice":"Leave","damage_taken":0,"max_hp_gain":0,"max_hp_loss":0,"event_name":"The Cleric","floor":5,"gold_loss":0},{"damage_healed":0,"gold_gain":0,"player_choice":"Bought 2 Potions","damage_taken":0,"max_hp_gain":0,"max_hp_loss":0,"event_name":"The Woman in Blue","floor":20,"gold_loss":0},{"damage_healed":0,"gold_gain":0,"player_choice":"Trade","damage_taken":0,"relics_obtained":["FaceOfCleric"],"max_hp_gain":0,"max_hp_loss":0,"event_name":"FaceTrader","floor":22,"gold_loss":0}],"is_beta":false,"boss_relics":[{"not_picked":["Busted Crown","reliquary:WritOfMandamus"],"picked":"Ectoplasm"}],"items_purged_floors":[],"is_endless":false,"potions_floor_spawned":[7,11,19],"killed_by":"Shelled Parasite and Fungi","ascension_level":1}}