{"host":"a5v7x5tmlr5iccdt","time":1612532691,"event":{"mods":["100% Spire Juice","Act Like it!","Aspiration","BaseMod","Colored Map","Colored Powertips","Conspire","Downfall","Energized Spire","Gensokyo","Hallownest","Highlight Path","HornydragonMod","Minty Spire (QoL Compilation)","Quick Restart","Remilia£®¿Ÿ√◊¿Ú—«£©","Replay The Spire","Robot Space Explorer","StSLib","The Bug Knight","Youmu£®ªÍ∆«—˝√Œ£©"],"gold_per_floor":[80,175,175,175,15,42,61,364,364,444,679,305,338,353,353,449,449,620,670,718,730,1448,1855,1867,1879,1879],"floor_reached":25,"language":"ZHS","playtime":922,"items_purged":["Pain"],"score":427,"play_id":"2011b72f-7466-4157-b1eb-6a90f344e65f","local_time":"20210205214451","is_ascension_mode":true,"campfire_choices":[{"floor":15,"key":"REST"}],"circlet_count":0,"master_deck":["Strike_HD","Strike_HD","DrunkenFist+1","Defend_HD","Defend_HD","Defend_HD","AlcoholBarrier","BreakDrink","CrazyDrinking","GetStonks","BlackJackAttack","Linda","RainbowAttack","PowerGlove","Distracted","Margarita","Weed","GasterBlaster","Looming Evil","Weed","Dash","Strike_G","ReplayTheSpireMod:Shiv Toss","ReplayTheSpireMod:Restless Dread","ReplayTheSpireMod:Splinters","Writhe","Languid","Languid","AlcoholGun","ReplayTheSpireMod:IOU","Mistake","Pain","ShrimpCocktail+1"],"relics":["WineBottle","NeowsBlessing","Bronze Scales","Gensokyo:LunaticRedEyes","Pear","Enchiridion","Pantograph","Art of War","Dream Catcher","Bag of Preparation","Whetstone","Simple Rune","energizedSpire:MagnifyingGlass","Ring of Hypnosis","Ring of Greed","MawBank","Replay:Bandana","Replay:Mystery Machine","Frozen Eye"],"acts_visited":["Gensokyo:Gensokyo","Gensokyo:Gensokyoer"],"potions_floor_usage":[11,13,14,22],"damage_taken":[{"damage":0.0,"enemies":"Gensokyo:Gryphon","floor":1.0,"turns":1.0},{"damage":0.0,"enemies":"Gensokyo:Aya","floor":6.0,"turns":1.0},{"damage":0.0,"enemies":"Gensokyo:2_Kodama","floor":7.0,"turns":1.0},{"damage":29.0,"enemies":"Gensokyo:3_Fairies","floor":8.0,"turns":8.0},{"damage":6.0,"enemies":"Gensokyo:VengefulSpirit","floor":10.0,"turns":5.0},{"damage":36,"enemies":"Gensokyo:Cirno","floor":11,"turns":7},{"damage":9,"enemies":"Gensokyo:Aya","floor":13,"turns":3},{"damage":0,"enemies":"Gensokyo:3_Kodama","floor":14,"turns":2},{"damage":25,"enemies":"Gensokyo:Reimu","floor":16,"turns":6},{"damage":8,"enemies":"Gensokyo:AngelMirror","floor":18,"turns":4},{"damage":0,"enemies":"Gensokyo:CosmicMonolith","floor":20,"turns":2},{"damage":68,"enemies":"Gensokyo:3_Gloops","floor":22,"turns":6},{"damage":65,"enemies":"Gensokyo:Reisen","floor":23,"turns":11},{"damage":0,"enemies":"Gensokyo:Koishi","floor":25,"turns":1}],"seed_played":"-4125666276676206538","potions_obtained":[{"floor":1.0,"key":"Energy Potion"},{"floor":7.0,"key":"AttackPotion"},{"floor":10.0,"key":"Fire Potion"},{"floor":14,"key":"LifebloodPotion"},{"floor":23,"key":"Explosive Potion"}],"is_trial":false,"path_per_floor":["M","?","?","?","?","E","M","M","T","M","E","$","E","M","R","B",null,"M","?","M","?","M","E","R","E"],"character_chosen":"HORNYDRAGON","items_purchased":["Bag of Preparation","Whetstone"],"campfire_rested":1,"item_purchase_floors":[12,12],"current_hp_per_floor":[87,87,87,82,82,82,82,53,53,47,11,11,2,2,31,45,97,97,97,97,97,44,11,11,11,11],"gold":1879,"neow_bonus":"THREE_ENEMY_KILL","is_daily":false,"chose_seed":false,"campfire_upgraded":0,"win_rate":0.0,"timestamp":1612532691,"path_taken":["M","?","?","?","?","E","M","M","T","M","E","$","E","M","R","BOSS","M","?","M","?","?","E","R","E"],"items_purchased_type":["Relic","Relic"],"build_version":"2020-12-22","purchased_purges":1,"victory":false,"max_hp_per_floor":[87,87,87,97,97,97,97,97,97,97,97,97,97,97,97,97,97,97,97,97,97,97,97,97,97,97],"card_choices":[{"not_picked":["Distracted","Ahahah"],"picked":"CrazyDrinking","floor":1.0},{"not_picked":["BirdAttack","AlcoholAttack"],"picked":"GetStonks","floor":2.0},{"not_picked":["BraveAlcohol","Wtf"],"picked":"BlackJackAttack","floor":2.0},{"not_picked":["Icecream","Fbi"],"picked":"Linda","floor":6.0},{"not_picked":["BirdAttack","DrunkForget"],"picked":"RainbowAttack","floor":7.0},{"not_picked":["Alcoholic","Susie","StrangeSheild"],"picked":"SKIP","floor":8.0},{"not_picked":["DrunkenFist","BottleAttack"],"picked":"PowerGlove","floor":10.0},{"not_picked":["DrunkForget","PointCard0"],"picked":"Distracted","floor":11},{"not_picked":["DrunkenFist","AlcoholAttack","RainbowAttack"],"picked":"SKIP","floor":13},{"not_picked":["Wtf","JohnCena"],"picked":"Margarita","floor":14},{"not_picked":["Scp261","DrunkenFist"],"picked":"Weed","floor":15},{"not_picked":["UnoWild4","Twin"],"picked":"GasterBlaster","floor":16},{"not_picked":["PowerGlove","Bike","DrunkardWalk"],"picked":"SKIP","floor":18},{"not_picked":["Fly","Yeast"],"picked":"Weed","floor":20},{"not_picked":["Fury","BreakDrink+1"],"picked":"AlcoholGun","floor":22},{"not_picked":["BreakDrink","Ocd"],"picked":"ShrimpCocktail+1","floor":23}],"player_experience":91712,"relics_obtained":[{"floor":2.0,"key":"Bronze Scales"},{"floor":6.0,"key":"Pantograph"},{"floor":9.0,"key":"Art of War"},{"floor":11,"key":"Dream Catcher"},{"floor":13,"key":"Simple Rune"},{"floor":19,"key":"Ring of Hypnosis"},{"floor":19,"key":"Ring of Greed"},{"floor":19,"key":"MawBank"},{"floor":19,"key":"Replay:Bandana"},{"floor":23,"key":"Replay:Mystery Machine"}],"event_choices":[],"is_beta":false,"boss_relics":[{"not_picked":["Fusion Hammer","aspiration:WatcherSkillbook"],"picked":"energizedSpire:MagnifyingGlass"}],"items_purged_floors":[12],"is_endless":false,"potions_floor_spawned":[1,7,10,14,23],"killed_by":"Gensokyo:Koishi","ascension_level":1}}