{"host":"8kd0mw0b4mjhs7vl","time":1612539417,"event":{"mods":["BaseMod","Colored Map","Conspire","Downfall","Friendly Minions","Minty Spire (QoL Compilation)","Replay The Spire","StSLib","SuperFastMode"],"gold_per_floor":[113,113,61,78,92,92,112,141,141,174,174,200,210,223,223,324,324,305,322,335,355,366,366,381,381,404,404,450,482,519,545,617,738,738,774,852,852,874,281,332,332,383,409,457,50,95,95,148,148,162,162,162,37,98,118],"floor_reached":56,"language":"ENG","playtime":3114,"items_purged":["Strike_G","Strike_G","Defend_G"],"score":2903,"play_id":"43ec0d6c-7310-482f-b3cc-9944d78824e6","local_time":"20210205153657","is_ascension_mode":true,"campfire_choices":[{"data":"Neutralize","floor":6,"key":"SMITH"},{"data":"Dagger Throw","floor":11,"key":"SMITH"},{"floor":23,"key":"REST"},{"floor":25,"key":"REST"},{"floor":27,"key":"REST"},{"floor":41,"key":"REST"},{"floor":47,"key":"RECALL"},{"floor":49,"key":"REST"},{"floor":52,"key":"REST"}],"circlet_count":0,"master_deck":["AscendersBane","Strike_G","Defend_G","Defend_G","Defend_G","Survivor","Neutralize+1","Reflex","Leg Sweep","Dagger Throw+1","Acrobatics","PiercingWail","Heel Hook","Underhanded Strike","After Image","Terror+1","Sneak Up+1","Tools of the Trade","Escape Plan+1","Dagger Throw","Eviscerate+1","Prepared+1","Hidden Blade+1","Tactician+1","ReplayTheSpireMod:The Works+1","Phantasmal Killer+1","Dodge and Roll+1","Dodge and Roll+1","Reflex+1","Blur+1","Acrobatics+1","Unload","Backflip+1"],"relics":["Ring of the Snake","Tingsha","ReplayTheSpireMod:Shallot","Toxic Egg 2","Toy Ornithopter","Durian","Fusion Hammer","Ginger","Replay:Bandana","ReplayTheSpireMod:TigerMarble","Replay:Mystery Machine","SlaversCollar","Replay:Kaleidoscope","Counterbalance","Oddly Smooth Stone","Ancient Tea Set","MealTicket","Blue Doll","Pondfish Scales","Lizard Tail","Pen Nib"],"acts_visited":["Exordium","TheCity","TheBeyond","TheEnding"],"potions_floor_usage":[14,16,36,36,55,55],"damage_taken":[{"damage":0,"enemies":"Small Slimes","floor":1,"turns":4},{"damage":0,"enemies":"Jaw Worm","floor":4,"turns":4},{"damage":0,"enemies":"Cultist","floor":5,"turns":3},{"damage":3,"enemies":"Large Slime","floor":7,"turns":9},{"damage":31,"enemies":"Lagavulin","floor":8,"turns":11},{"damage":8,"enemies":"3 Sentries","floor":10,"turns":11},{"damage":6,"enemies":"Replay:BlueRogue","floor":12,"turns":7},{"damage":0,"enemies":"2 Fungi Beasts","floor":13,"turns":4},{"damage":0,"enemies":"3 Louse","floor":14,"turns":2},{"damage":17,"enemies":"Slime Boss","floor":16,"turns":8},{"damage":0,"enemies":"2 Thieves","floor":18,"turns":4},{"damage":0,"enemies":"Chosen","floor":19,"turns":5},{"damage":11,"enemies":"Sentry and Sphere","floor":20,"turns":6},{"damage":0,"enemies":"Centurion and Healer","floor":22,"turns":7},{"damage":0,"enemies":"Cultist and Chosen","floor":24,"turns":5},{"damage":10,"enemies":"Gremlin Leader","floor":28,"turns":7},{"damage":0,"enemies":"conspire:HollyBat","floor":29,"turns":4},{"damage":0,"enemies":"Replay:Snechameleon","floor":30,"turns":4},{"damage":0,"enemies":"Shelled Parasite and Fungi","floor":31,"turns":5},{"damage":0,"enemies":"Pondfish","floor":33,"turns":10},{"damage":0,"enemies":"3 Shapes","floor":35,"turns":3},{"damage":0,"enemies":"Mind Bloom Boss Battle","floor":36,"turns":3},{"damage":0,"enemies":"Orb Walker","floor":38,"turns":3},{"damage":0,"enemies":"Nemesis","floor":40,"turns":7},{"damage":17,"enemies":"Reptomancer","floor":42,"turns":4},{"damage":0,"enemies":"Giant Head","floor":44,"turns":6},{"damage":0,"enemies":"Maw","floor":46,"turns":3},{"damage":0,"enemies":"Nemesis","floor":48,"turns":1},{"damage":0,"enemies":"conspire:OrnateMirror","floor":50,"turns":7},{"damage":0,"enemies":"Shield and Spear","floor":54,"turns":4},{"damage":13,"enemies":"The Heart","floor":55,"turns":8}],"seed_played":"-4957864284444413717","potions_obtained":[{"floor":1,"key":"GamblersBrew"},{"floor":4,"key":"sneckomod:MuddlingPotion"},{"floor":5,"key":"conspire:TimeTravelPotion"},{"floor":13,"key":"Adrenaline Potion"},{"floor":16,"key":"Toxic Potion"},{"floor":18,"key":"DuplicationPotion"},{"floor":19,"key":"BlessingOfTheForge"},{"floor":38,"key":"Dexterity Potion"},{"floor":46,"key":"PowerPotion"}],"is_trial":false,"path_per_floor":["M","?","$","M","M","R","M","E","T","E","R","E","M","M","R_BF","B",null,"M","M","M","?","M","R","M","R","T","R","E","M","E","M","R_BF","B",null,"M","?","?","M","$","E","R","E","T","E","$","M","R","E","R","B",null,"R","$","E","B",null],"character_chosen":"THE_SILENT","items_purchased":["Dagger Throw","Reflex+1","Counterbalance","Oddly Smooth Stone","Pondfish Scales"],"campfire_rested":6,"item_purchase_floors":[3,39,39,39,45],"current_hp_per_floor":[63,63,63,63,63,63,60,29,29,21,21,20,20,25,25,30,59,59,59,48,21,21,41,41,61,61,68,58,58,58,58,58,58,66,66,68,68,68,68,68,68,52,52,52,67,67,67,69,69,69,69,69,69,69,61],"gold":118,"neow_bonus":"ONE_RARE_RELIC","is_daily":false,"chose_seed":false,"campfire_upgraded":2,"win_rate":0.0,"timestamp":1612539417,"path_taken":["M","?","?","M","M","R","M","E","T","E","R","E","M","M","R_BF","BOSS","M","M","?","?","M","R","M","R","T","R","E","M","E","M","R_BF","BOSS","M","?","?","M","$","E","R","E","T","E","$","M","R","E","R","BOSS","R","$","E","BOSS"],"items_purchased_type":["Card","Card","Relic","Relic","Relic"],"build_version":"2020-12-22","purchased_purges":3,"victory":true,"max_hp_per_floor":[63,63,63,63,63,63,63,63,63,63,63,68,68,68,68,68,68,68,68,68,68,68,68,68,68,68,68,68,68,68,68,68,68,68,68,68,68,68,68,68,68,69,69,69,69,69,69,69,69,69,69,69,69,69,69],"card_choices":[{"not_picked":["Deadly Poison","PiercingWail"],"picked":"Reflex","floor":1},{"not_picked":["Quick Slash","Crippling Poison"],"picked":"Acrobatics","floor":4},{"not_picked":["Hidden Blade","Terror"],"picked":"PiercingWail","floor":5},{"not_picked":["Slice","Night Terror"],"picked":"Heel Hook","floor":7},{"not_picked":["Riddle With Holes","Sucker Punch"],"picked":"Underhanded Strike","floor":8},{"not_picked":["Crippling Poison+1","Slice","Envenom"],"picked":"SKIP","floor":10},{"not_picked":["Underhanded Strike","Predator"],"picked":"After Image","floor":12},{"not_picked":["Dagger Throw","Concentrate+1"],"picked":"Terror+1","floor":13},{"not_picked":["Draining Mist+1","Footwork","Sucker Punch"],"picked":"SKIP","floor":14},{"not_picked":["Doppelganger+1","Die Die Die"],"picked":"Tools of the Trade","floor":16},{"not_picked":["Quick Slash","Sucker Punch+1","Dagger Spray"],"picked":"SKIP","floor":18},{"not_picked":["conspire:PoisonWeapons+1","Dagger Spray"],"picked":"Escape Plan+1","floor":19},{"not_picked":["Footwork","Bouncing Flask+1"],"picked":"Dagger Throw","floor":20},{"not_picked":["Dodge and Roll+1","Burst+1"],"picked":"Eviscerate+1","floor":22},{"not_picked":["Bane","Infinite Blades"],"picked":"Prepared+1","floor":24},{"not_picked":["Sneak Up+1","Flechettes","After Image"],"picked":"SKIP","floor":28},{"not_picked":["Crippling Poison+1","Acrobatics+1"],"picked":"Hidden Blade+1","floor":29},{"not_picked":["Heel Hook","Fluid Movement"],"picked":"Tactician+1","floor":30},{"not_picked":["Backflip+1","Well Laid Plans+1"],"picked":"ReplayTheSpireMod:The Works+1","floor":31},{"not_picked":["Night Terror+1","ReplayTheSpireMod:Necrosis+1"],"picked":"Phantasmal Killer+1","floor":33},{"not_picked":["Sucker Punch","conspire:DoublingDagger+1"],"picked":"Dodge and Roll+1","floor":35},{"not_picked":["Catalyst+1","Poisoned Stab"],"picked":"Dodge and Roll+1","floor":36},{"not_picked":["Cloak And Dagger+1","Bane+1","Riddle With Holes"],"picked":"SKIP","floor":38},{"not_picked":["Poisoned Stab+1","Atom Bomb","Footwork"],"picked":"SKIP","floor":40},{"not_picked":["Flying Knee","Backstab"],"picked":"Blur+1","floor":42},{"not_picked":["Leg Sweep+1","Setup+1"],"picked":"Acrobatics+1","floor":44},{"not_picked":["Poisoned Stab","Prepared+1","Flying Knee+1"],"picked":"SKIP","floor":46},{"not_picked":["Glass Knife","Fluid Movement","Unload"],"picked":"SKIP","floor":48},{"not_picked":["Glass Knife","Fluid Movement"],"picked":"Unload","floor":48},{"not_picked":["Deflect+1","Sucker Punch"],"picked":"Backflip+1","floor":54}],"player_experience":307734,"relics_obtained":[{"floor":8,"key":"ReplayTheSpireMod:Shallot"},{"floor":9,"key":"Toxic Egg 2"},{"floor":10,"key":"Toy Ornithopter"},{"floor":12,"key":"Durian"},{"floor":21,"key":"Ginger"},{"floor":26,"key":"Replay:Bandana"},{"floor":28,"key":"ReplayTheSpireMod:TigerMarble"},{"floor":30,"key":"Replay:Mystery Machine"},{"floor":36,"key":"Replay:Kaleidoscope"},{"floor":40,"key":"Ancient Tea Set"},{"floor":42,"key":"MealTicket"},{"floor":44,"key":"Blue Doll"},{"floor":48,"key":"Lizard Tail"},{"floor":54,"key":"Pen Nib"}],"event_choices":[{"damage_healed":0,"gold_gain":0,"cards_transformed":["Strike_G"],"player_choice":"Transformed","damage_taken":0,"max_hp_gain":0,"max_hp_loss":0,"event_name":"Transmorgrifier","floor":2,"gold_loss":0,"cards_obtained":["Leg Sweep"]},{"damage_healed":0,"gold_gain":0,"player_choice":"Fight","damage_taken":0,"max_hp_gain":0,"max_hp_loss":0,"event_name":"MindBloom","floor":36,"gold_loss":0},{"cards_removed":["Defend_G"],"damage_healed":0,"gold_gain":0,"player_choice":"Removed Skill","damage_taken":0,"max_hp_gain":0,"max_hp_loss":0,"event_name":"Falling","floor":37,"gold_loss":0}],"is_beta":false,"boss_relics":[{"not_picked":["Runic Dome","Pandora\u0027s Box"],"picked":"Fusion Hammer"},{"not_picked":["Calling Bell","Ring of Chaos"],"picked":"SlaversCollar"}],"items_purged_floors":[39,45,53],"is_endless":false,"potions_floor_spawned":[1,4,5,13,16,18,19,28,29,31,38,42,46],"ascension_level":12}}