{"host":"Ringo","time":1612536515,"event":{"mods":["BaseMod","Colored Map","Conspire","Dota2Spire","Hubris","Minty Spire (QoL Compilation)","Replay The Spire","StSLib","The Construct","[IsaacMod]ÒÔÈö¼âËþ","¡¾ÒÅÎï¿¨ÅÆ¡¿REMEMod"],"gold_per_floor":[141,195,231,270,327,408,486,561,561,648,648,741,786,870,870,1095,1095,1128,1179,1239,697,736,841,946,1021,1021,1126,1225,1312,759,852,852,1095,1104,1161,1200,1248,1248,687,768,937,1015,1088,1166,854,929,285,321,321,321,321],"floor_reached":52,"language":"ZHS","playtime":1331,"items_purged":["FollowUp","Rip and Tear","Halt"],"score":3826,"play_id":"ff29b307-3cce-4bba-8077-96eb9c54c08a","local_time":"20210205224835","daily_mods":["SealedDeck","Vintage","Diverse","Heirloom","Time Dilation","Flight","DeadlyEvents","Elite Swarm","Lethality","Midas","Binary"],"is_ascension_mode":true,"campfire_choices":[{"floor":11,"key":"REST"}],"circlet_count":0,"master_deck":["AscendersBane","White Noise+1","Iron Wave","Seeing Red","Beam Cell","Go for the Eyes","construct:SaveState+1","Blade Dance","Sweeping Beam","Swift Strike","hubris:DuctTapeCard","Venomology","Phantasmal Killer","Die Die Die","Rip and Tear","Infernal Blade","Replay:AllIn","Core Surge","Impatience","Flash of Steel"],"relics":["Burning Blood","Busted Crown","HushsDoor","REME_ComplimentaryCards","replay:Trail_Library","hubris:MedicalManual","DeadEye","hubris:MysteriousPyramids","Torii","hubris:DuctTape","Onion Ring","Smiling Mask","hubris:DisguiseKit","Akabeko","Blue Doll","Ornamental Fan","hubris:BottledRain","UnicornStump","Bottled Lightning","ReplayFunnel","Mark of Pain","hubris:Teleporter","Dota2Spire:MagicBottle","CeramicFish","War Paint","Dota2Spire:PhaseBoots","TheAbacus","Replay:Kaleidoscope","GuppysPaw","hubris:SlimyHat","Question Card","Dota2Spire:EchoSabre","Turnip","Dota2Spire:EyeOfSkadi","PreservedInsect","Chameleon Ring","conspire:Flyswatter","hubris:ScarierMask","GuppysCollar","Eternal Feather","Dota2Spire:OrchidMalevolence","HowToJump","Bag of Marbles","Singing Bowl","hubris:PeanutButter","BloodDonationBag","REME_HourglassOfDeath","construct:FoamFinger","Dota2Spire:HeartOfTarrasque","conspire:TreasureMap","Replay:Bottled Flurry","Dota2Spire:DivineRapier","Chaos","Blood Vial","hubris:HerbalPaste"],"acts_visited":["Exordium","TheCity","TheBeyond"],"potions_floor_usage":[13,16,16,16,18,20,25,27,29,31,33,33,35,36,37,37,42,50,51,51,51],"damage_taken":[{"damage":9,"enemies":"2 Louse","floor":1,"turns":2},{"damage":0,"enemies":"Small Slimes","floor":2,"turns":1},{"damage":0,"enemies":"Cultist","floor":3,"turns":1},{"damage":0,"enemies":"2 Fungi Beasts","floor":4,"turns":2},{"damage":0,"enemies":"Exordium Thugs","floor":5,"turns":2},{"damage":0,"enemies":"Gremlin Nob","floor":6,"turns":1},{"damage":0,"enemies":"3 Sentries","floor":7,"turns":1},{"damage":0,"enemies":"Gremlin Nob","floor":8,"turns":1},{"damage":0,"enemies":"Lagavulin","floor":10,"turns":1},{"damage":0,"enemies":"3 Sentries","floor":12,"turns":1},{"damage":0,"enemies":"Red Slaver","floor":13,"turns":1},{"damage":0,"enemies":"Lagavulin","floor":14,"turns":1},{"damage":0,"enemies":"The Guardian","floor":16,"turns":3},{"damage":0,"enemies":"Shell Parasite","floor":18,"turns":1},{"damage":0,"enemies":"Spheric Guardian","floor":19,"turns":1},{"damage":0,"enemies":"Centurion and Healer","floor":20,"turns":1},{"damage":0,"enemies":"3 Cultists","floor":22,"turns":1},{"damage":0,"enemies":"Slavers","floor":23,"turns":1},{"damage":0,"enemies":"Gremlin Leader","floor":24,"turns":2},{"damage":0,"enemies":"Book of Stabbing","floor":25,"turns":1},{"damage":0,"enemies":"conspire:Head Lice","floor":27,"turns":2},{"damage":0,"enemies":"Book of Stabbing","floor":28,"turns":1},{"damage":0,"enemies":"Gremlin Leader","floor":29,"turns":1},{"damage":0,"enemies":"Book of Stabbing","floor":31,"turns":1},{"damage":11,"enemies":"hubris:MusketHawk","floor":33,"turns":3},{"damage":0,"enemies":"3 Shapes","floor":35,"turns":1},{"damage":0,"enemies":"Orb Walker","floor":36,"turns":1},{"damage":0,"enemies":"Spire Growth","floor":37,"turns":1},{"damage":0,"enemies":"Nemesis","floor":40,"turns":1},{"damage":0,"enemies":"R_Hoarder","floor":41,"turns":1},{"damage":0,"enemies":"Nemesis","floor":42,"turns":1},{"damage":0,"enemies":"R_Hoarder","floor":44,"turns":2},{"damage":0,"enemies":"Nemesis","floor":46,"turns":1},{"damage":0,"enemies":"Writhing Mass","floor":48,"turns":1},{"damage":0,"enemies":"Donu and Deca","floor":50,"turns":2},{"damage":0,"enemies":"Awakened One","floor":51,"turns":2}],"seed_played":"507934712275959644","potions_obtained":[{"floor":2,"key":"Flashbang"},{"floor":3,"key":"Venom Potion"},{"floor":8,"key":"SkillPotion"},{"floor":13,"key":"BlessingOfTheForge"},{"floor":16,"key":"ColorlessPotion"},{"floor":19,"key":"Explosive Potion"},{"floor":24,"key":"Strength Potion"},{"floor":25,"key":"conspire:TimeTravelPotion"},{"floor":31,"key":"Dota2Spire:Clarity"},{"floor":32,"key":"BlessingOfTheForge"},{"floor":35,"key":"Explosive Potion"},{"floor":36,"key":"FearPotion"},{"floor":37,"key":"PowerPotion"},{"floor":40,"key":"DistilledChaos"}],"is_trial":true,"path_per_floor":["M","M","M","M","M","E","E","E","T","E","R","E","M","E","R_BF","B",null,"M","M","M","$","M","E","E","E","T","E","E","E","$","E","R","B",null,"M","M","M","?","$","E","E","E","T","E","$","E","$","M","R_BF","B","B",null],"character_chosen":"IRONCLAD","items_purchased":["War Paint","Dota2Spire:PhaseBoots","Rip and Tear","TheAbacus","PreservedInsect","Chameleon Ring","Infernal Blade","GuppysCollar","Core Surge","Bag of Marbles","Singing Bowl","Impatience","conspire:TreasureMap","Flash of Steel","Dota2Spire:DivineRapier","Chaos","Blood Vial"],"campfire_rested":1,"item_purchase_floors":[21,21,21,21,30,30,30,34,34,39,39,39,45,45,47,47,47],"current_hp_per_floor":[65,71,75,75,75,75,75,75,75,75,75,75,75,75,75,75,75,75,75,75,75,75,60,60,60,60,60,60,65,65,65,65,60,48,48,48,48,48,48,50,42,50,50,64,64,66,66,66,66,66,66],"gold":321,"neow_bonus":"","is_daily":false,"chose_seed":false,"campfire_upgraded":0,"win_rate":0.0,"timestamp":1612536515,"path_taken":["M","M","M","M","M","E","E","E","T","E","R","E","M","E","R_BF","BOSS","M","M","M","$","M","E","E","E","T","E","E","E","$","E","R","BOSS","M","M","M","?","$","E","E","E","T","E","$","E","$","M","R_BF","BOSS","BOSS"],"items_purchased_type":["Relic","Relic","Card","Relic","Relic","Relic","Card","Relic","Card","Relic","Relic","Card","Relic","Card","Relic","Card","Relic"],"build_version":"2020-12-18","purchased_purges":3,"victory":true,"max_hp_per_floor":[75,75,75,75,75,75,75,75,75,75,75,75,75,75,75,75,75,75,75,75,75,75,60,60,60,60,60,60,65,65,65,65,65,48,48,48,48,48,48,50,52,54,54,64,64,66,66,66,66,66,66],"card_choices":[{"not_picked":["Poison Darts"],"picked":"SKIP","floor":7},{"not_picked":[],"picked":"Venomology","floor":8},{"not_picked":[],"picked":"Phantasmal Killer","floor":10},{"not_picked":[],"picked":"Die Die Die","floor":12},{"not_picked":["Venomology"],"picked":"SKIP","floor":14},{"not_picked":["ReplayTheSpireMod:From All Sides"],"picked":"SKIP","floor":23},{"not_picked":["ReplayTheSpireMod:From All Sides"],"picked":"SKIP","floor":24},{"not_picked":["Poison Darts"],"picked":"SKIP","floor":25},{"not_picked":["construct:MemoryTap","Venomology"],"picked":"SKIP","floor":27},{"not_picked":["MasterReality","Phantasmal Killer"],"picked":"SKIP","floor":28},{"not_picked":["construct:GatlingGun","Burst"],"picked":"SKIP","floor":29},{"not_picked":["Night Terror","REME_GrazeFinale"],"picked":"SKIP","floor":31},{"not_picked":["Storm of Steel"],"picked":"Replay:AllIn","floor":33},{"not_picked":["hubris:DoWhile","REME_GrazeFinale"],"picked":"Singing Bowl","floor":40},{"not_picked":["construct:HyperBeam","Burst"],"picked":"Singing Bowl","floor":41},{"not_picked":["Ragnarok","Bullet Time"],"picked":"Singing Bowl","floor":42},{"not_picked":["REME_TheLastStrike","Bullet Time"],"picked":"Singing Bowl","floor":44},{"not_picked":["Wish","Tools of the Trade"],"picked":"Singing Bowl","floor":46}],"player_experience":638637,"relics_obtained":[{"floor":1,"key":"hubris:MysteriousPyramids"},{"floor":2,"key":"Torii"},{"floor":3,"key":"hubris:DuctTape"},{"floor":4,"key":"Onion Ring"},{"floor":5,"key":"Smiling Mask"},{"floor":6,"key":"hubris:DisguiseKit"},{"floor":7,"key":"Akabeko"},{"floor":8,"key":"Blue Doll"},{"floor":9,"key":"Ornamental Fan"},{"floor":10,"key":"hubris:BottledRain"},{"floor":12,"key":"UnicornStump"},{"floor":13,"key":"Bottled Lightning"},{"floor":14,"key":"ReplayFunnel"},{"floor":18,"key":"hubris:Teleporter"},{"floor":19,"key":"Dota2Spire:MagicBottle"},{"floor":20,"key":"CeramicFish"},{"floor":22,"key":"Replay:Kaleidoscope"},{"floor":23,"key":"GuppysPaw"},{"floor":25,"key":"hubris:SlimyHat"},{"floor":26,"key":"Question Card"},{"floor":27,"key":"Dota2Spire:EchoSabre"},{"floor":28,"key":"Turnip"},{"floor":29,"key":"Dota2Spire:EyeOfSkadi"},{"floor":31,"key":"conspire:Flyswatter"},{"floor":35,"key":"Eternal Feather"},{"floor":36,"key":"Dota2Spire:OrchidMalevolence"},{"floor":37,"key":"HowToJump"},{"floor":40,"key":"hubris:PeanutButter"},{"floor":41,"key":"BloodDonationMachine"},{"floor":42,"key":"REME_HourglassOfDeath"},{"floor":43,"key":"construct:FoamFinger"},{"floor":44,"key":"Dota2Spire:HeartOfTarrasque"},{"floor":46,"key":"Replay:Bottled Flurry"},{"floor":48,"key":"hubris:HerbalPaste"}],"event_choices":[{"damage_healed":0,"gold_gain":0,"player_choice":"Ignored","damage_taken":0,"max_hp_gain":0,"max_hp_loss":0,"event_name":"Liars Game","floor":15,"gold_loss":0},{"damage_healed":0,"gold_gain":0,"player_choice":"Memory 1","damage_taken":0,"max_hp_gain":0,"max_hp_loss":0,"event_name":"SensoryStone","floor":38,"gold_loss":0}],"is_beta":true,"boss_relics":[{"not_picked":["Cursed Key","ChewingGum"],"picked":"Mark of Pain"},{"not_picked":[]},{"not_picked":["hubris:BlackHole","Sozu"],"picked":"hubris:ScarierMask"},{"not_picked":[]}],"items_purged_floors":[30,39,45],"is_endless":false,"potions_floor_spawned":[2,3,7,8,12,13,16,19,24,25,31,35,36,37,40,48],"ascension_level":20}}