{"host":"1c52r9kaxdyo25eq","time":1612525139,"event":{"mods":["AchievementEnabler","BaseMod","DeckTracker","Minty Spire (QoL Compilation)","Rare Cards Sparkle","SuperFastMode","everything is the same but u backflip on backflip"],"gold_per_floor":[118,130,55,69,69,69,69,69,69,79,90,90,90,61,61,157,157,173,74,94,94,117,117,161,179,179,179,179,193,193,193],"floor_reached":30,"language":"KOR","playtime":564,"items_purged":[],"score":480,"play_id":"dc74b3df-faa5-4125-8043-aa153b45f64f","local_time":"20210205203859","is_ascension_mode":true,"campfire_choices":[{"data":"Envenom","floor":7,"key":"SMITH"},{"data":"Calculated Gamble","floor":12,"key":"SMITH"},{"data":"Prepared","floor":15,"key":"SMITH"},{"floor":23,"key":"REST"},{"floor":27,"key":"REST"}],"circlet_count":0,"master_deck":["AscendersBane","Strike_G","Strike_G","Strike_G","Strike_G","Defend_G","Defend_G","Defend_G","Defend_G","Survivor","Neutralize","PiercingWail","Glass Knife","Calculated Gamble+1","Envenom+1","Tactician","Eviscerate","Prepared+1","Corpse Explosion","Blade Dance","Acrobatics","Accuracy","Grand Finale"],"relics":["Ring of the Snake","Vajra","Thread and Needle","Singing Bowl","Golden Idol","SlaversCollar","InkBottle","Kunai"],"acts_visited":["Exordium","TheCity"],"potions_floor_usage":[16,24,24,29,30],"damage_taken":[{"damage":8,"enemies":"Small Slimes","floor":1,"turns":3},{"damage":2,"enemies":"2 Louse","floor":2,"turns":2},{"damage":0,"enemies":"Cultist","floor":4,"turns":3},{"damage":0,"enemies":"Looter","floor":10,"turns":3},{"damage":0,"enemies":"Red Slaver","floor":11,"turns":3},{"damage":12,"enemies":"The Guardian","floor":16,"turns":8},{"damage":17,"enemies":"2 Thieves","floor":18,"turns":3},{"damage":9,"enemies":"Chosen","floor":20,"turns":6},{"damage":9,"enemies":"Centurion and Healer","floor":22,"turns":5},{"damage":21,"enemies":"Slavers","floor":24,"turns":3},{"damage":9,"enemies":"3 Cultists","floor":25,"turns":3},{"damage":40,"enemies":"Shelled Parasite and Fungi","floor":29,"turns":5},{"damage":0,"enemies":"Cultist and Chosen","floor":30,"turns":2}],"seed_played":"-232747325968645489","potions_obtained":[{"floor":11,"key":"Poison Potion"},{"floor":20,"key":"Block Potion"},{"floor":22,"key":"PowerPotion"},{"floor":28,"key":"Ancient Potion"},{"floor":28,"key":"SkillPotion"}],"is_trial":false,"path_per_floor":["M","M","?","M","?","?","R","T","T","M","M","R","?","$","R","B",null,"M","$","M","?","M","R","E","M","T","R","?","M","M"],"character_chosen":"THE_SILENT","items_purchased":["Prepared","Acrobatics","Accuracy"],"campfire_rested":2,"item_purchase_floors":[14,19,19],"current_hp_per_floor":[51,49,49,49,49,54,54,54,54,54,54,54,30,30,30,18,58,41,41,34,34,27,49,28,21,21,44,44,6,6,6],"gold":193,"neow_bonus":"RANDOM_COMMON_RELIC","is_daily":false,"chose_seed":false,"campfire_upgraded":3,"win_rate":0.0,"timestamp":1612525139,"path_taken":["M","M","?","M","?","?","R","?","T","M","M","R","?","$","R","BOSS","M","$","M","?","M","R","E","M","T","R","?","?","M"],"items_purchased_type":["Card","Card","Card"],"build_version":"2020-12-22","purchased_purges":0,"victory":false,"max_hp_per_floor":[66,66,66,66,66,71,71,71,71,71,71,71,71,71,71,71,71,71,71,73,73,75,75,75,77,77,77,77,79,79,79],"card_choices":[{"not_picked":["Underhanded Strike","Outmaneuver"],"picked":"PiercingWail","floor":1},{"not_picked":["Predator","Outmaneuver"],"picked":"Glass Knife","floor":2},{"not_picked":["Outmaneuver","Finisher"],"picked":"Calculated Gamble","floor":4},{"not_picked":["Dagger Spray","Poisoned Stab"],"picked":"Tactician","floor":10},{"not_picked":["Infinite Blades","Distraction"],"picked":"Eviscerate","floor":11},{"not_picked":["Glass Knife","Malaise"],"picked":"Corpse Explosion","floor":16},{"not_picked":["Prepared","Riddle With Holes"],"picked":"Blade Dance","floor":18},{"not_picked":["Footwork","Dash","Underhanded Strike"],"picked":"Singing Bowl","floor":20},{"not_picked":["PiercingWail","Heel Hook","Finisher"],"picked":"Singing Bowl","floor":22},{"not_picked":["Slice","Tactician"],"picked":"Grand Finale","floor":24},{"not_picked":["Footwork+1","Sucker Punch","Concentrate"],"picked":"Singing Bowl","floor":25},{"not_picked":["Setup","Crippling Poison","Skewer"],"picked":"Singing Bowl","floor":29}],"player_experience":645229,"relics_obtained":[{"floor":8,"key":"Thread and Needle"},{"floor":9,"key":"Singing Bowl"},{"floor":24,"key":"InkBottle"},{"floor":26,"key":"Kunai"}],"event_choices":[{"cards_removed":["Strike_G"],"damage_healed":0,"gold_gain":0,"player_choice":"Card Removal","damage_taken":0,"max_hp_gain":0,"max_hp_loss":0,"event_name":"The Cleric","floor":3,"gold_loss":75},{"damage_healed":0,"gold_gain":0,"cards_transformed":["Defend_G"],"player_choice":"Change","damage_taken":0,"max_hp_gain":0,"max_hp_loss":0,"event_name":"Living Wall","floor":5,"gold_loss":0,"cards_obtained":["Envenom"]},{"damage_healed":0,"gold_gain":0,"player_choice":"Donut","damage_taken":0,"max_hp_gain":5,"max_hp_loss":0,"event_name":"Big Fish","floor":6,"gold_loss":0},{"damage_healed":0,"gold_gain":0,"player_choice":"Take Damage","damage_taken":24,"relics_obtained":["Golden Idol"],"max_hp_gain":0,"max_hp_loss":0,"event_name":"Golden Idol","floor":13,"gold_loss":0},{"damage_healed":0,"gold_gain":0,"player_choice":"Ignored","damage_taken":0,"max_hp_gain":0,"max_hp_loss":0,"event_name":"Cursed Tome","floor":21,"gold_loss":0},{"damage_healed":0,"gold_gain":0,"player_choice":"Got Potions","damage_taken":0,"max_hp_gain":0,"max_hp_loss":0,"event_name":"Lab","floor":28,"gold_loss":0}],"is_beta":false,"boss_relics":[{"not_picked":["WristBlade","Fusion Hammer"],"picked":"SlaversCollar"}],"items_purged_floors":[],"is_endless":false,"potions_floor_spawned":[11,20,22],"killed_by":"Cultist and Chosen","ascension_level":20}}