{"host":"fff5e1uasnm04x18","time":1612531972,"event":{"mods":["BaseMod","Minty Spire (QoL Compilation)"],"gold_per_floor":[118,118,118,129,146,146,178,178,202,229,241,264,351,363,375,492,504,535,547,484,496,508,520,564,576,635,678,707,737,775,787,799,915,927,950,962,988,584,594,609,609,609,609,609,619,629,663,678,678,678],"floor_reached":51,"language":"ENG","playtime":3266,"items_purged":["Defend_B"],"score":878,"play_id":"3d635d42-52cc-4fa6-8ccb-7b2815cc8a9d","local_time":"20210205083252","is_ascension_mode":true,"campfire_choices":[{"data":"Zap","floor":6,"key":"SMITH"},{"floor":8,"key":"REST"},{"floor":11,"key":"REST"},{"floor":15,"key":"REST"},{"data":"Static Discharge","floor":23,"key":"SMITH"},{"data":"BootSequence","floor":25,"key":"SMITH"},{"data":"Loop","floor":32,"key":"SMITH"},{"data":"Defragment","floor":42,"key":"SMITH"},{"data":"Capacitor","floor":44,"key":"SMITH"},{"data":"Buffer","floor":49,"key":"SMITH"}],"circlet_count":0,"master_deck":["Defend_B","Defend_B","Defend_B+1","Zap+1","Static Discharge+1","BootSequence+1","Electrodynamics+1","Self Repair+1","Rainbow+1","Loop+1","Seek+1","Lockon","Defragment+1","Capacitor+1","Rebound+1","Parasite","Buffer+1","White Noise+1"],"relics":["Black Star","DataDisk","MealTicket","Emotion Chip","Oddly Smooth Stone","Lantern","MawBank","Astrolabe","Enchiridion","Dream Catcher","Kunai","Strawberry","Blood Vial","White Beast Statue","Bottled Lightning","Matryoshka","SacredBark","Membership Card","War Paint","Mercury Hourglass","Bag of Preparation","Eternal Feather","Mummified Hand","Thread and Needle"],"acts_visited":["Exordium","TheCity","TheBeyond"],"potions_floor_usage":[16,29,45,46,50,50,50],"damage_taken":[{"damage":0,"enemies":"2 Louse","floor":1,"turns":3},{"damage":0,"enemies":"Cultist","floor":4,"turns":4},{"damage":1,"enemies":"Jaw Worm","floor":5,"turns":5},{"damage":63,"enemies":"Lagavulin","floor":7,"turns":7},{"damage":15,"enemies":"3 Sentries","floor":10,"turns":6},{"damage":6,"enemies":"2 Fungi Beasts","floor":12,"turns":3},{"damage":29,"enemies":"The Guardian","floor":16,"turns":12},{"damage":13,"enemies":"Chosen","floor":18,"turns":6},{"damage":10,"enemies":"Gremlin Leader","floor":24,"turns":5},{"damage":10,"enemies":"Slavers","floor":27,"turns":3},{"damage":3,"enemies":"Spheric Guardian","floor":28,"turns":3},{"damage":15,"enemies":"Snecko","floor":29,"turns":4},{"damage":7,"enemies":"Gremlin Leader","floor":30,"turns":5},{"damage":37,"enemies":"Collector","floor":33,"turns":8},{"damage":1,"enemies":"Orb Walker","floor":35,"turns":3},{"damage":7,"enemies":"3 Darklings","floor":37,"turns":2},{"damage":26,"enemies":"Maw","floor":39,"turns":5},{"damage":0,"enemies":"Transient","floor":40,"turns":5},{"damage":2,"enemies":"3 Darklings","floor":45,"turns":2},{"damage":0,"enemies":"Writhing Mass","floor":46,"turns":3},{"damage":35,"enemies":"Nemesis","floor":47,"turns":7},{"damage":0,"enemies":"Sphere and 2 Shapes","floor":48,"turns":3},{"damage":96,"enemies":"Awakened One","floor":50,"turns":8}],"seed_played":"-3583193247809255025","potions_obtained":[{"floor":1,"key":"FairyPotion"},{"floor":10,"key":"EssenceOfSteel"},{"floor":24,"key":"SmokeBomb"},{"floor":27,"key":"PowerPotion"},{"floor":28,"key":"EssenceOfSteel"},{"floor":29,"key":"Regen Potion"},{"floor":30,"key":"FearPotion"},{"floor":33,"key":"Fire Potion"},{"floor":35,"key":"PowerPotion"},{"floor":45,"key":"SteroidPotion"},{"floor":46,"key":"Energy Potion"},{"floor":47,"key":"Regen Potion"}],"is_trial":false,"path_per_floor":["M","?","$","M","M","R","E","R","T","E","R","M","?","?","R","B",null,"M","?","?","$","?","R","E","R","T","E","M","M","E","$","R","B",null,"M","?","M","$","M","M","?","R","T","R","M","M","E","M","R","B",null],"character_chosen":"DEFECT","items_purchased":["Membership Card","War Paint","Mercury Hourglass","Defragment"],"campfire_rested":3,"item_purchase_floors":[38,38,38,38],"current_hp_per_floor":[75,75,75,75,74,74,11,33,33,18,40,34,23,16,38,9,75,72,56,56,71,71,71,71,71,78,78,82,77,82,82,82,55,82,82,82,82,82,66,78,78,78,78,82,80,82,57,59,68,26],"gold":678,"neow_bonus":"BOSS_RELIC","is_daily":false,"chose_seed":false,"campfire_upgraded":7,"win_rate":0.0,"timestamp":1612531972,"path_taken":["M","?","$","M","?","R","E","R","T","E","R","M","?","?","R","BOSS","M","?","?","?","?","R","E","R","T","E","M","M","E","$","R","BOSS","M","?","M","$","?","M","?","R","T","R","M","M","E","M","R","BOSS"],"items_purchased_type":["Relic","Relic","Relic","Card"],"build_version":"2020-12-22","purchased_purges":1,"victory":true,"max_hp_per_floor":[75,75,75,75,75,75,75,75,75,75,75,75,75,75,75,75,75,75,75,75,75,75,75,75,75,82,82,82,82,82,82,82,82,82,82,82,82,82,82,82,82,82,82,82,82,82,82,82,82,82],"card_choices":[{"not_picked":["Sunder","Redo","Recycle"],"picked":"SKIP","floor":1},{"not_picked":["Redo","Streamline","Melter"],"picked":"SKIP","floor":4},{"not_picked":["Beam Cell","Heatsinks","Turbo"],"picked":"SKIP","floor":5},{"not_picked":["Cold Snap","Go for the Eyes"],"picked":"Static Discharge","floor":7},{"not_picked":["Ball Lightning","Conserve Battery","Cold Snap"],"picked":"SKIP","floor":10},{"not_picked":["Coolheaded","Steam"],"picked":"BootSequence","floor":12},{"not_picked":["Fission","Amplify"],"picked":"Electrodynamics","floor":16},{"not_picked":["Leap","Rip and Tear","Rebound"],"picked":"SKIP","floor":18},{"not_picked":["Go for the Eyes","Melter+1","Redo"],"picked":"SKIP","floor":24},{"not_picked":["Beam Cell+1","Stack","Recycle+1"],"picked":"SKIP","floor":27},{"not_picked":["Reinforced Body","Ball Lightning","Darkness"],"picked":"SKIP","floor":28},{"not_picked":["Leap","Static Discharge"],"picked":"Loop","floor":29},{"not_picked":["FTL+1","Stack","Coolheaded"],"picked":"SKIP","floor":30},{"not_picked":["Hyperbeam","Electrodynamics"],"picked":"Seek","floor":33},{"not_picked":["Ball Lightning","Steam","Double Energy+1"],"picked":"SKIP","floor":35},{"not_picked":["Stack","Leap+1"],"picked":"Lockon","floor":37},{"not_picked":["Compile Driver+1","Barrage","Sunder"],"picked":"SKIP","floor":39},{"not_picked":["Chaos","Rip and Tear"],"picked":"Capacitor","floor":40},{"not_picked":["Blizzard+1","Scrape"],"picked":"Rebound+1","floor":45},{"not_picked":["Gash","Lockon+1","Blizzard"],"picked":"SKIP","floor":46},{"not_picked":["Chill","Undo+1"],"picked":"Buffer","floor":47},{"not_picked":["Fusion","Cold Snap+1"],"picked":"White Noise+1","floor":48}],"player_experience":491366,"relics_obtained":[{"floor":7,"key":"MealTicket"},{"floor":7,"key":"Emotion Chip"},{"floor":9,"key":"Oddly Smooth Stone"},{"floor":10,"key":"Lantern"},{"floor":10,"key":"MawBank"},{"floor":19,"key":"Enchiridion"},{"floor":24,"key":"Dream Catcher"},{"floor":24,"key":"Kunai"},{"floor":26,"key":"Strawberry"},{"floor":27,"key":"Blood Vial"},{"floor":27,"key":"White Beast Statue"},{"floor":30,"key":"Bottled Lightning"},{"floor":30,"key":"Matryoshka"},{"floor":43,"key":"Bag of Preparation"},{"floor":43,"key":"Eternal Feather"},{"floor":47,"key":"Mummified Hand"},{"floor":47,"key":"Thread and Needle"}],"event_choices":[{"damage_healed":0,"gold_gain":0,"player_choice":"Gave Potion","damage_taken":0,"relics_obtained":["DataDisk"],"max_hp_gain":0,"max_hp_loss":0,"event_name":"WeMeetAgain","floor":2,"gold_loss":0},{"damage_healed":0,"gold_gain":75,"player_choice":"Gather Gold","damage_taken":11,"max_hp_gain":0,"max_hp_loss":0,"event_name":"World of Goop","floor":13,"gold_loss":0},{"cards_removed":["Strike_B"],"damage_healed":0,"gold_gain":0,"player_choice":"Card Removal","damage_taken":7,"max_hp_gain":0,"max_hp_loss":0,"event_name":"Golden Wing","floor":14,"gold_loss":0},{"damage_healed":0,"gold_gain":0,"player_choice":"Obtained Book","damage_taken":16,"max_hp_gain":0,"max_hp_loss":0,"event_name":"Cursed Tome","floor":19,"gold_loss":0},{"cards_removed":["Dualcast"],"damage_healed":0,"gold_gain":0,"player_choice":"Gave Gold","damage_taken":0,"max_hp_gain":0,"max_hp_loss":0,"event_name":"Beggar","floor":20,"gold_loss":75},{"damage_healed":0,"gold_gain":0,"player_choice":"Upgraded","damage_taken":0,"max_hp_gain":0,"max_hp_loss":0,"event_name":"Upgrade Shrine","floor":22,"gold_loss":0,"cards_upgraded":["Electrodynamics"]},{"cards_removed":["Aggregate"],"damage_healed":0,"gold_gain":0,"player_choice":"Offered Uncommon","damage_taken":0,"max_hp_gain":0,"max_hp_loss":0,"event_name":"Bonfire Elementals","floor":36,"gold_loss":0},{"damage_healed":0,"gold_gain":0,"player_choice":"Ignored","damage_taken":0,"max_hp_gain":0,"max_hp_loss":0,"event_name":"Tomb of Lord Red Mask","floor":41,"gold_loss":0}],"is_beta":false,"boss_relics":[{"not_picked":["Snecko Eye","Fusion Hammer"],"picked":"Astrolabe"},{"not_picked":["Calling Bell","Pandora\u0027s Box"],"picked":"SacredBark"}],"items_purged_floors":[38],"is_endless":false,"potions_floor_spawned":[1,10,24,27,28,29,30,33,35,37,39,40,45,46,47,48],"ascension_level":1}}