{"host":"u2tqs5prbwebzr58","time":1612551421,"event":{"mods":["BaseMod","Better Skull","Hermit","Jorbs\u0027s Wanderer Trilogy","Marisa????????","Minty Spire (QoL Compilation)","Prisma Mod","READ ME - Guardian Mod","Shade Mod","StSLib","The Bug Knight","The Cursed","The Disciple","The Druid","The Hierophant","The Necromancer","The Senshi","The Servant 0.9.4"],"gold_per_floor":[117,117,117,130,23,23,46,46,46,221,249,249,224,234,234,332,332,343,341,28,138,164,164,203,215,268,268,291,307,307,41,41,153,153,179,198,0,0,24,24,44,73,73,73,73,98,98,129,129,129],"floor_reached":51,"language":"ENG","playtime":5384,"items_purged":["Doubt","theDruid:Defend_O","theDruid:Strike_O"],"score":695,"play_id":"75f8e1cd-1a39-45fb-b8b6-88260d9bfad8","local_time":"20210205105701","is_ascension_mode":false,"campfire_choices":[{"data":"theDruid:BriarArmor","floor":6.0,"key":"SMITH"},{"data":"theDruid:Impale","floor":8.0,"key":"SMITH"},{"floor":15.0,"key":"REST"},{"floor":23,"key":"REST"},{"floor":27,"key":"REST"},{"floor":30,"key":"REST"},{"data":"theDruid:BrambleLash","floor":32,"key":"SMITH"},{"floor":40,"key":"REST"},{"floor":45,"key":"REST"},{"floor":49,"key":"REST"}],"circlet_count":0,"master_deck":["theDruid:Strike_O+1","theDruid:Defend_O","theDruid:Defend_O","theDruid:Defend_O","theDruid:BriarArmor+1","theDruid:WildSlash","theDruid:ExposingSlash","theDruid:ThickHide","theDruid:Guidance","theDruid:ThornStrike","theDruid:HailofThorns","CurseOfTheBell","theDruid:BlessedStrike+1","theDruid:ForestsSoul","theDruid:Resupply","theDruid:FeralPlants+1","theDruid:BrambleLash+1","theDruid:ApexPredator","theDruid:Recoil","theDruid:ForestGuard","theDruid:ThornStrike+1","Parasite","theDruid:IronbarkArmor","theDruid:PrimalStrength+1"],"relics":["theDruid:CrownOfTheWilds","NeowsBlessing","Ancient Tea Set","Odd Mushroom","Ornamental Fan","Singing Bowl","Shuriken","Calling Bell","CeramicFish","Meat on the Bone","Du-Vu Doll","theDruid:TigersClaw","Oddly Smooth Stone","Lantern","Nunchaku","Fusion Hammer","Blood Vial","Omamori"],"acts_visited":["Exordium","TheCity","TheBeyond"],"potions_floor_usage":[24,33,46,48,50,50,50,50,50],"damage_taken":[{"damage":0.0,"enemies":"Cultist","floor":1.0,"turns":1.0},{"damage":0.0,"enemies":"Small Slimes","floor":4.0,"turns":1.0},{"damage":0.0,"enemies":"The Mushroom Lair","floor":7.0,"turns":2.0},{"damage":35.0,"enemies":"Lagavulin","floor":11.0,"turns":8.0},{"damage":0.0,"enemies":"Jaw Worm","floor":14.0,"turns":3.0},{"damage":39.0,"enemies":"Hexaghost","floor":16.0,"turns":9.0},{"damage":7.0,"enemies":"3 Byrds","floor":18.0,"turns":3.0},{"damage":15.0,"enemies":"2 Thieves","floor":19.0,"turns":4.0},{"damage":6,"enemies":"Cultist and Chosen","floor":22,"turns":6},{"damage":40,"enemies":"Gremlin Leader","floor":24,"turns":9},{"damage":11,"enemies":"Snake Plant","floor":25,"turns":4},{"damage":32,"enemies":"Centurion and Healer","floor":28,"turns":9},{"damage":22,"enemies":"Shelled Parasite and Fungi","floor":29,"turns":6},{"damage":53,"enemies":"Champ","floor":33,"turns":13},{"damage":35,"enemies":"3 Darklings","floor":35,"turns":5},{"damage":5,"enemies":"3 Shapes","floor":36,"turns":5},{"damage":37,"enemies":"Jaw Worm Horde","floor":39,"turns":5},{"damage":13,"enemies":"Writhing Mass","floor":41,"turns":5},{"damage":11,"enemies":"3 Darklings","floor":42,"turns":5},{"damage":30,"enemies":"Transient","floor":46,"turns":5},{"damage":14,"enemies":"HollowMod:StalkingDevout","floor":48,"turns":7},{"damage":79,"enemies":"Donu and Deca","floor":50,"turns":11}],"seed_played":"-4249320313167939631","potions_obtained":[{"floor":1.0,"key":"SpeedPotion"},{"floor":4.0,"key":"Regen Potion"},{"floor":14.0,"key":"LiquidBronze"},{"floor":16.0,"key":"Fruit Juice"},{"floor":19.0,"key":"Explosive Potion"},{"floor":25,"key":"EssenceOfSteel"},{"floor":33,"key":"Ancient Potion"},{"floor":39,"key":"EntropicBrew"},{"floor":41,"key":"Weak Potion"},{"floor":48,"key":"ColorlessPotion"}],"is_trial":false,"path_per_floor":["M","T","?","M","$","R","?","R","T","?","E","?","?","M","R","B",null,"M","M","$","?","M","R","E","M","T","R","M","M","R","$","R","B",null,"M","M","$","?","M","R","M","M","T","?","R","M","$","E","R","B",null],"character_chosen":"DRUID","items_purchased":["theDruid:Impale","theDruid:Guidance","theDruid:TigersClaw","theDruid:BrambleLash","Nunchaku","theDruid:ForestGuard"],"campfire_rested":7,"item_purchase_floors":[5,5,20,31,31,37],"current_hp_per_floor":[75,75,75,75,75,75,75,75,75,75,40,37,37,39,62,38,77,72,62,62,40,46,71,43,46,46,71,51,43,69,69,69,28,88,53,50,50,90,53,80,69,58,58,58,85,57,57,59,87,22],"gold":129,"neow_bonus":"THREE_ENEMY_KILL","is_daily":false,"chose_seed":false,"campfire_upgraded":3,"win_rate":0.0,"timestamp":1612551421,"path_taken":["M","?","?","M","$","R","?","R","T","?","E","?","?","M","R","BOSS","M","M","$","?","M","R","E","M","T","R","M","M","R","?","R","BOSS","M","M","$","?","?","R","M","?","T","?","R","M","$","E","R","BOSS"],"items_purchased_type":["Card","Card","Relic","Card","Relic","Card"],"build_version":"2020-12-22","purchased_purges":3,"victory":true,"max_hp_per_floor":[75,75,75,75,75,75,75,75,75,75,75,75,75,77,77,77,77,79,84,84,84,84,84,84,86,86,86,86,88,88,88,88,88,88,88,90,90,90,90,90,92,92,92,92,92,92,92,94,94,94],"card_choices":[{"not_picked":["theDruid:Swipe","theDruid:Guidance"],"picked":"theDruid:ExposingSlash","floor":1.0},{"not_picked":["theDruid:FelineGrace","theDruid:ExposingSlash"],"picked":"theDruid:ThickHide","floor":4.0},{"not_picked":["theDruid:Resupply","theDruid:Moonbeam"],"picked":"theDruid:ThornStrike","floor":11.0},{"not_picked":["theDruid:Gore","theDruid:ExposingSlash","theDruid:ViralBites"],"picked":"Singing Bowl","floor":14.0},{"not_picked":["theDruid:SurvivalInstincts","theDruid:TwinStars"],"picked":"theDruid:HailofThorns","floor":16.0},{"not_picked":["theDruid:WallofRoots","theDruid:FuriousSlash","theDruid:Guidance"],"picked":"Singing Bowl","floor":18.0},{"not_picked":["theDruid:Rummage","theDruid:Resupply"],"picked":"theDruid:BlessedStrike+1","floor":19.0},{"not_picked":["theDruid:Thornburst","theDruid:Starfall"],"picked":"theDruid:ForestsSoul","floor":22},{"not_picked":["theDruid:Slingshot+1","theDruid:SpiritCall"],"picked":"theDruid:Resupply","floor":24},{"not_picked":["theDruid:Swipe","theDruid:PouncingStrike","theDruid:FelineGrace+1"],"picked":"Singing Bowl","floor":25},{"not_picked":["theDruid:TwilightsCall","theDruid:Adaptation+1"],"picked":"theDruid:FeralPlants+1","floor":28},{"not_picked":["theDruid:Swipe","theDruid:BlessedStrike","theDruid:ExposingSlash"],"picked":"Singing Bowl","floor":29},{"not_picked":["theDruid:SurvivalCache","theDruid:TwinStars"],"picked":"theDruid:ApexPredator","floor":33},{"not_picked":["theDruid:Gore+1","theDruid:FuriousSlash"],"picked":"theDruid:Recoil","floor":35},{"not_picked":["theDruid:Starfall","theDruid:Earthquake","theDruid:Slingshot"],"picked":"Singing Bowl","floor":36},{"not_picked":["theDruid:Recoil","theDruid:Gore+1"],"picked":"theDruid:ThornStrike+1","floor":39},{"not_picked":["theDruid:Starfall+1","theDruid:Gore+1","theDruid:Resupply"],"picked":"Singing Bowl","floor":41},{"not_picked":["theDruid:IronClaw+1","theDruid:Starfall+1"],"picked":"theDruid:IronbarkArmor","floor":42},{"not_picked":["theDruid:Recoil","theDruid:Starfall+1"],"picked":"theDruid:PrimalStrength+1","floor":46},{"not_picked":["theDruid:Swipe","theDruid:Guidance+1","theDruid:TwinStars"],"picked":"Singing Bowl","floor":48}],"player_experience":508397,"relics_obtained":[{"floor":2.0,"key":"Ancient Tea Set"},{"floor":7.0,"key":"Odd Mushroom"},{"floor":9.0,"key":"Ornamental Fan"},{"floor":11.0,"key":"Singing Bowl"},{"floor":17.0,"key":"CeramicFish"},{"floor":17.0,"key":"Meat on the Bone"},{"floor":17.0,"key":"Du-Vu Doll"},{"floor":24,"key":"Oddly Smooth Stone"},{"floor":26,"key":"Lantern"},{"floor":43,"key":"Blood Vial"},{"floor":48,"key":"Omamori"}],"event_choices":[{"cards_removed":["theDruid:Strike_O"],"damage_healed":0.0,"max_hp_gain":0.0,"max_hp_loss":0.0,"gold_gain":0.0,"event_name":"Living Wall","player_choice":"Forget","floor":3.0,"gold_loss":0.0,"damage_taken":0.0},{"damage_healed":0.0,"max_hp_gain":0.0,"max_hp_loss":0.0,"gold_gain":0.0,"event_name":"Mushrooms","player_choice":"Fought Mushrooms","floor":7.0,"gold_loss":0.0,"damage_taken":0.0},{"damage_healed":0.0,"max_hp_gain":0.0,"max_hp_loss":0.0,"gold_gain":175.0,"event_name":"Liars Game","player_choice":"AGREE","floor":10.0,"gold_loss":0.0,"damage_taken":0.0,"cards_obtained":["Doubt"]},{"damage_healed":0.0,"max_hp_gain":0.0,"max_hp_loss":0.0,"gold_gain":0.0,"event_name":"Scrap Ooze","player_choice":"Success","floor":12.0,"gold_loss":0.0,"damage_taken":3.0,"relics_obtained":["Shuriken"]},{"damage_healed":0.0,"max_hp_gain":0.0,"max_hp_loss":0.0,"gold_gain":0.0,"event_name":"World of Goop","player_choice":"Left Gold","floor":13.0,"gold_loss":25.0,"damage_taken":0.0},{"damage_healed":0.0,"max_hp_gain":0.0,"max_hp_loss":0.0,"gold_gain":110.0,"event_name":"betterSkull:BetterSkull","player_choice":"GO UP ","floor":21.0,"gold_loss":0.0,"damage_taken":25.0,"cards_upgraded":["theDruid:Strike_O"],"relics_obtained":[]},{"cards_removed":["theDruid:Impale"],"damage_healed":40,"gold_gain":0,"player_choice":"Offered Uncommon","damage_taken":0,"max_hp_gain":0,"max_hp_loss":0,"event_name":"Bonfire Elementals","floor":38,"gold_loss":0},{"cards_removed":["theDruid:Strike_O"],"damage_healed":0,"gold_gain":0,"player_choice":"Removed Attack","damage_taken":0,"max_hp_gain":0,"max_hp_loss":0,"event_name":"Falling","floor":44,"gold_loss":0}],"is_beta":false,"boss_relics":[{"not_picked":["Astrolabe","Empty Cage"],"picked":"Calling Bell"},{"not_picked":["SlaversCollar","Black Star"],"picked":"Fusion Hammer"}],"items_purged_floors":[20,31,37],"is_endless":false,"potions_floor_spawned":[1,4,14,16,19,25,33,39,41,48],"ascension_level":0}}