{"host":"2zjdcgw4be5n15ja","time":1612487873,"event":{"mods":["AchievementEnabler","BaseMod","Bestiary","Better Skull","Better Third Choice","BetterRewards","Downfall","Hermit","Marisa????????","Minty Spire (QoL Compilation)","Quick Restart","Rare Cards Sparkle","Reimu??????","Relic Stats","Reliquary","StSLib","The Runesmith","The Senshi"],"gold_per_floor":[114,114,114,114,126,126,126,126],"floor_reached":7,"language":"ENG","playtime":341,"items_purged":[],"score":41,"play_id":"8d007fcf-2e2b-40b5-9bcb-519547689415","local_time":"20210205141753","is_ascension_mode":true,"campfire_choices":[{"floor":6,"key":"RECALL"}],"circlet_count":0,"master_deck":["Strike_G","Strike_G","Strike_G","Strike_G","Strike_G","Defend_G","Defend_G","Defend_G","Defend_G","Defend_G+1","Survivor","Distraction","Backstab+1","Crippling Poison"],"relics":["Ring of the Snake","Eternal Feather"],"acts_visited":["Exordium"],"potions_floor_usage":[7,7],"damage_taken":[{"damage":0,"enemies":"Small Slimes","floor":1,"turns":3},{"damage":0,"enemies":"2 Louse","floor":5,"turns":2},{"damage":71,"enemies":"Lagavulin","floor":7,"turns":11}],"seed_played":"-1159957733125581727","potions_obtained":[{"floor":1,"key":"DistilledChaos"},{"floor":5,"key":"GrandPatriotsElixir:ReiMu"}],"is_trial":false,"path_per_floor":["M","?","?","?","M","R","E"],"character_chosen":"THE_SILENT","items_purchased":[],"campfire_rested":0,"item_purchase_floors":[],"current_hp_per_floor":[77,77,62,50,50,56,0,0],"gold":126,"neow_bonus":"TEN_PERCENT_HP_BONUS","is_daily":false,"chose_seed":false,"campfire_upgraded":0,"win_rate":0.0,"timestamp":1612487873,"path_taken":["M","?","?","?","M","R","E"],"items_purchased_type":[],"build_version":"2020-12-22","purchased_purges":0,"victory":false,"max_hp_per_floor":[77,77,77,77,77,77,77,77],"relic_stats":{"counters":[3,16],"Eternal Feather":6,"obtain_stats":[{"Eternal Feather":4,"Ring of the Snake":0},{"Eternal Feather":1,"Ring of the Snake":0},{"Eternal Feather":3,"Ring of the Snake":0}],"Ring of the Snake":[6]},"card_choices":[{"not_picked":["Dodge and Roll","Flying Knee"],"picked":"Distraction","floor":1},{"not_picked":["Dagger Spray","Heel Hook"],"picked":"Crippling Poison","floor":5}],"player_experience":390176,"relics_obtained":[],"event_choices":[{"damage_healed":0,"gold_gain":0,"cards_transformed":["Neutralize"],"player_choice":"Change","damage_taken":0,"max_hp_gain":0,"max_hp_loss":0,"event_name":"Living Wall","floor":2,"gold_loss":0,"cards_obtained":["Backstab"]},{"damage_healed":77,"gold_gain":0,"player_choice":"Upgrade","damage_taken":15,"max_hp_gain":0,"max_hp_loss":77,"event_name":"betterThird:BetterShining","floor":3,"gold_loss":0,"cards_upgraded":["Backstab","Defend_G"]},{"damage_healed":0,"gold_gain":0,"player_choice":"Relic ","damage_taken":12,"max_hp_gain":0,"max_hp_loss":0,"event_name":"betterThird:BetterScrap","floor":4,"gold_loss":0,"cards_obtained":["Machine Learning"]}],"is_beta":false,"boss_relics":[],"items_purged_floors":[],"is_endless":false,"potions_floor_spawned":[1,5],"killed_by":"Lagavulin","ascension_level":1}}