{"host":"6qo42zgaknezulyg","time":1612531771,"event":{"mods":["2.2 Compatiblity","Arknights","BaseMod","Faster Ascension Climbing","Keyboard Shortcuts","Minty Spire (QoL Compilation)","Permanent Neow","Quick Restart","StSLib","SuperFastMode"],"gold_per_floor":[20,20,20,20,41,41,84,84,138,156,180,196,217,257,257,352,352,375,390,415,415,110,150,150,150,199,37,37,37,60,84,84,180,180,204,251,266,266,103,103,118,161,208,232,232,246,58,78,78,78,78],"floor_reached":52,"language":"ENG","playtime":1635,"items_purged":["ats:Defend","Writhe","ats:Emotion Absorption","ats:Defend"],"score":1828,"play_id":"0a9efb97-46ce-4884-8458-fe347a152dda","local_time":"20210205222931","is_ascension_mode":true,"campfire_choices":[{"data":"1","floor":6.0,"key":"LIFT"},{"floor":8.0,"key":"REST"},{"data":"2","floor":15.0,"key":"LIFT"},{"data":"3","floor":24.0,"key":"LIFT"},{"floor":28.0,"key":"REST"},{"floor":32.0,"key":"REST"},{"floor":40.0,"key":"REST"},{"floor":45.0,"key":"REST"},{"floor":49.0,"key":"REST"}],"circlet_count":0,"master_deck":["AscendersBane","ats:Strike G+1","ats:Strike S","ats:Armor Crushing Shot","ats:Defend","ats:Defend","ats:Overload","ats:Thermite Blade","ats:Serious Mode","ats:Fractured Body","ats:Nebulous Foxfire","ats:Demon Strength","ats:Closed Bolt Burst Fire","ats:Durian","ats:True Silver Slash+1","CurseOfTheBell","ats:Closed Bolt Burst Fire+1","ats:Flexible Camouflage+1"],"relics":["ats:Sanity","Girya","Golden Idol","ats:Originium","Tiny Chest","PreservedInsect","Du-Vu Doll","Velvet Choker","Toy Ornithopter","ats:Spiritual Recovery","Smiling Mask","Blood Vial","Calling Bell","Dream Catcher","Mercury Hourglass","ats:Emergency Defibrillator","Whetstone","ats:Lavender","The Courier","ats:Ability Aura","ats:Cure"],"acts_visited":["Exordium","TheCity","TheBeyond"],"potions_floor_usage":[],"damage_taken":[{"damage":8.0,"enemies":"Small Slimes","floor":1.0,"turns":4.0},{"damage":11.0,"enemies":"Jaw Worm","floor":5.0,"turns":6.0},{"damage":30.0,"enemies":"3 Sentries","floor":7.0,"turns":11.0},{"damage":2.0,"enemies":"Cultist","floor":10.0,"turns":4.0},{"damage":3.0,"enemies":"Blue Slaver","floor":11.0,"turns":4.0},{"damage":1.0,"enemies":"2 Fungi Beasts","floor":12.0,"turns":3.0},{"damage":0.0,"enemies":"3 Louse","floor":13.0,"turns":3.0},{"damage":8.0,"enemies":"Gremlin Nob","floor":14.0,"turns":3.0},{"damage":27.0,"enemies":"Hexaghost","floor":16.0,"turns":6.0},{"damage":18.0,"enemies":"3 Byrds","floor":18.0,"turns":5.0},{"damage":27.0,"enemies":"Spheric Guardian","floor":19.0,"turns":4.0},{"damage":0.0,"enemies":"Snecko","floor":20.0,"turns":2.0},{"damage":8.0,"enemies":"Gremlin Leader","floor":23.0,"turns":3.0},{"damage":19.0,"enemies":"Snake Plant","floor":30.0,"turns":2.0},{"damage":11.0,"enemies":"Centurion and Healer","floor":31.0,"turns":2.0},{"damage":42.0,"enemies":"Collector","floor":33.0,"turns":5.0},{"damage":13.0,"enemies":"3 Darklings","floor":35.0,"turns":3.0},{"damage":11.0,"enemies":"Orb Walker","floor":37.0,"turns":2.0},{"damage":27.0,"enemies":"Transient","floor":41.0,"turns":6.0},{"damage":9.0,"enemies":"Giant Head","floor":42.0,"turns":4.0},{"damage":17.0,"enemies":"3 Darklings","floor":44.0,"turns":2.0},{"damage":17.0,"enemies":"Maw","floor":46.0,"turns":4.0},{"damage":28.0,"enemies":"Writhing Mass","floor":48.0,"turns":3.0},{"damage":87.0,"enemies":"Awakened One","floor":50.0,"turns":6.0},{"damage":35,"enemies":"Time Eater","floor":51,"turns":5}],"seed_played":"6739659343407942906","potions_obtained":[{"floor":7.0,"key":"ats:Top Emergency Sanity Potion"},{"floor":11.0,"key":"Regen Potion"},{"floor":13.0,"key":"PowerPotion"},{"floor":16.0,"key":"ColorlessPotion"},{"floor":18.0,"key":"Explosive Potion"},{"floor":20.0,"key":"AttackPotion"},{"floor":30.0,"key":"Explosive Potion"}],"is_trial":false,"path_per_floor":["M","?","?","?","M","R","E","R","T","M","M","M","M","E","R","B",null,"M","M","M","?","$","E","R","?","T","$","R","$","M","M","R","B",null,"M","T","M","T","$","R","M","E","T","M","R","M","$","M","R","B","B",null],"character_chosen":"DOCTOR_CLASS","items_purchased":["ats:Closed Bolt Burst Fire","Toy Ornithopter","FairyPotion","CultistPotion","ats:Cure"],"campfire_rested":6,"item_purchase_floors":[22,22,27,39,47],"current_hp_per_floor":[57,57,50,50,39,39,9,28,28,26,23,22,22,14,14,1,49,40,21,21,21,21,16,16,16,16,16,35,35,23,17,36,1,49,43,43,34,34,34,53,40,42,42,28,47,35,35,16,35,1,2],"gold":78,"neow_bonus":"ONE_RARE_RELIC","is_daily":false,"chose_seed":true,"campfire_upgraded":0,"win_rate":0.0,"timestamp":1612531771,"path_taken":["M","?","?","?","M","R","E","R","T","M","?","M","M","E","R","BOSS","M","M","M","?","$","E","R","?","T","$","R","$","M","M","R","BOSS","M","?","M","?","$","R","M","E","T","M","R","M","$","M","R","BOSS","BOSS"],"items_purchased_type":["Card","Relic","Potion","Potion","Relic"],"build_version":"2020-12-22","purchased_purges":4,"victory":true,"max_hp_per_floor":[72,65,65,65,65,65,65,65,65,65,65,65,65,65,65,65,65,65,65,65,65,65,65,65,65,65,65,65,65,65,65,65,65,65,65,65,65,65,65,65,65,65,65,65,65,65,65,65,65,65,65],"card_choices":[{"not_picked":["ats:Assault Order","ats:Absolute Focus","ats:Magnetic Hammer"],"picked":"SKIP","floor":1.0},{"not_picked":["ats:Guard Mode","ats:Explosion Area Strengthen"],"picked":"ats:Overload","floor":5.0},{"not_picked":["ats:Assault Order","ats:Curse Doll","ats:Defend Order"],"picked":"SKIP","floor":7.0},{"not_picked":["ats:Sword Rain","ats:Shell Defense","ats:Composite Medical Shells"],"picked":"SKIP","floor":10.0},{"not_picked":["ats:Explosion Area Strengthen","ats:Part Time Job","ats:Collapsing Strike"],"picked":"SKIP","floor":11.0},{"not_picked":["ats:Explosion Area Strengthen","ats:Counter Healing Mode"],"picked":"ats:Thermite Blade","floor":12.0},{"not_picked":["ats:Automatic Cover","ats:Literary Storm"],"picked":"ats:Serious Mode","floor":13.0},{"not_picked":["ats:Poison Spread","ats:Assault Order"],"picked":"ats:Fractured Body","floor":14.0},{"not_picked":["ats:Fractured Body","ats:Echo Reverb"],"picked":"ats:Nebulous Foxfire","floor":16.0},{"not_picked":["ats:Sashimi Platter","ats:Hammer On","ats:Sunburst"],"picked":"SKIP","floor":18.0},{"not_picked":["ats:Shell Defense","ats:Thermite Blade","ats:Apocalypse"],"picked":"SKIP","floor":19.0},{"not_picked":["ats:Curse Doll","ats:Closed Bolt Burst Fire"],"picked":"ats:Demon Strength","floor":20.0},{"not_picked":["ats:Guardian Obelisk","ats:Consecutive Shot Auto","ats:Guard Mode"],"picked":"SKIP","floor":23.0},{"not_picked":["ats:Burning Ground","ats:Explosion Area Strengthen","ats:Song Of Battle"],"picked":"SKIP","floor":30.0},{"not_picked":["ats:Chain Hook","ats:Assault Order+1"],"picked":"ats:Durian","floor":31.0},{"not_picked":["ats:Ambush","ats:Nebulous Foxfire"],"picked":"ats:True Silver Slash","floor":33.0},{"not_picked":["ats:Apocalypse","ats:Flexible Camouflage","ats:Explosion Area Strengthen"],"picked":"SKIP","floor":35.0},{"not_picked":["ats:Revitalization","ats:Absolute Focus","ats:Explosion Area Strengthen"],"picked":"SKIP","floor":37.0},{"not_picked":["ats:Cat Scratch","ats:Beaten Up"],"picked":"ats:Closed Bolt Burst Fire+1","floor":40.0},{"not_picked":["ats:Thorns+1","ats:Assault Order","ats:Hammer On"],"picked":"SKIP","floor":41.0},{"not_picked":["ats:Guard Mode","ats:Shadow Raid"],"picked":"ats:Flexible Camouflage+1","floor":42.0},{"not_picked":["ats:Cat Scratch","ats:Roar Of Ursus","ats:Poison Spread+1"],"picked":"SKIP","floor":44.0},{"not_picked":["ats:Charging Defense","ats:Guard Mode","ats:Ignite+1"],"picked":"SKIP","floor":46.0},{"not_picked":["ats:Composite Medical Shells+1","ats:Overload+1","ats:Consecutive Shot Auto"],"picked":"SKIP","floor":48.0}],"player_experience":733369,"relics_obtained":[{"floor":7.0,"key":"ats:Originium"},{"floor":7.0,"key":"Tiny Chest"},{"floor":9.0,"key":"PreservedInsect"},{"floor":14.0,"key":"ats:Originium"},{"floor":14.0,"key":"Du-Vu Doll"},{"floor":23.0,"key":"ats:Originium"},{"floor":23.0,"key":"ats:Spiritual Recovery"},{"floor":26.0,"key":"Blood Vial"},{"floor":34.0,"key":"Dream Catcher"},{"floor":34.0,"key":"Mercury Hourglass"},{"floor":34.0,"key":"ats:Emergency Defibrillator"},{"floor":36.0,"key":"Whetstone"},{"floor":38.0,"key":"ats:Lavender"},{"floor":42.0,"key":"ats:Originium"},{"floor":42.0,"key":"The Courier"},{"floor":43.0,"key":"ats:Ability Aura"}],"event_choices":[{"damage_healed":0.0,"max_hp_gain":0.0,"max_hp_loss":7.0,"gold_gain":0.0,"event_name":"Golden Idol","player_choice":"Lose Max HP","floor":2.0,"gold_loss":0.0,"damage_taken":0.0,"relics_obtained":["Golden Idol"]},{"cards_removed":["ats:Strike C"],"damage_healed":0.0,"max_hp_gain":0.0,"max_hp_loss":0.0,"gold_gain":0.0,"event_name":"Golden Wing","player_choice":"Card Removal","floor":3.0,"gold_loss":0.0,"damage_taken":7.0},{"cards_removed":["ats:Strike V"],"damage_healed":0.0,"max_hp_gain":0.0,"max_hp_loss":0.0,"gold_gain":0.0,"event_name":"Bonfire Elementals","player_choice":"Offered Basic","floor":4.0,"gold_loss":0.0,"damage_taken":0.0},{"damage_healed":0.0,"max_hp_gain":0.0,"max_hp_loss":0.0,"gold_gain":0.0,"event_name":"Cursed Tome","player_choice":"Ignored","floor":21.0,"gold_loss":0.0,"damage_taken":0.0},{"damage_healed":0.0,"max_hp_gain":0.0,"max_hp_loss":0.0,"gold_gain":0.0,"event_name":"The Mausoleum","player_choice":"Opened","floor":25.0,"gold_loss":0.0,"damage_taken":0.0,"relics_obtained":["Smiling Mask"],"cards_obtained":["Writhe"]}],"is_beta":false,"boss_relics":[{"not_picked":["Empty Cage","Tiny House"],"picked":"Velvet Choker"},{"not_picked":["ats:Sanity Plus","Snecko Eye"],"picked":"Calling Bell"}],"items_purged_floors":[22,27,39,47],"is_endless":false,"potions_floor_spawned":[7,11,13,16,18,20,30,42,44,46],"ascension_level":20}}