{"host":"ywif2ugnepgiw45s","time":1612564939,"event":{"mods":["Act Like it!","BaseMod","Better Skull","Downfall","Elementarium","GifTheSpireLib","Hermit","Marisa????????","Minty Spire (QoL Compilation)","READ ME - Guardian Mod","Replay The Spire","Shade Mod","Shop Mod","StSLib","The Cursed","The Jungle","The Runesmith","The Servant 0.9.4"],"gold_per_floor":[99,9,9,69,83,83,155,155,175,202,202,102,121,154,172,267,267,267,286,380,380,38,38,62,62,72,91,125,25,10,10,30,134,184,84,104,39,50,70,70,70,214,214,214,37,57,7,22,33,33,33,59,34,34,34,34,34,34],"floor_reached":56,"language":"ENG","playtime":4461,"items_purged":["champ:Strike","ReplayTheSpireMod:Splinters","Shame","Writhe","Parasite"],"score":800,"play_id":"0c95cfa6-6959-47cf-b619-05666f86f050","local_time":"20210205174219","is_ascension_mode":false,"campfire_choices":[{"data":"champ:Execute","floor":1.0,"key":"SMITH"},{"data":"champ:Taunt","floor":6.0,"key":"SMITH"},{"floor":8.0,"key":"REST"},{"floor":12.0,"key":"REST"},{"data":"champ:HeavySlash","floor":18.0,"key":"SMITH"},{"floor":29.0,"key":"RECALL"},{"floor":35.0,"key":"DIG"},{"floor":40,"key":"REST"},{"floor":54,"key":"REST"}],"circlet_count":0,"master_deck":["champ:Strike+1","champ:Strike","champ:Defend","champ:Defend","champ:Defend","champ:Defend+1","champ:Execute+1","champ:Taunt+1","champ:Devastate","champ:DeathBlow","champ:Duel","champ:ShieldWall","champ:ShieldSlam","champ:IronFortress","champ:HeavySlash+1","champ:SkillfulDodge","champ:Lariat+1","champ:FancyFootwork+1","champ:UltimateStance+1","champ:FanOfKnives","champ:RisingSlash","champ:VampiricStrike","champ:Backstep","champ:BerserkersShout","expansioncontent:DashGenerateEvil","champ:GladiatorStyle","champ:LastStand","champ:ShieldWall"],"relics":["champ:ChampionCrown","Mirror","Mercury Hourglass","Replay:Rubber Ducky","downfall:ShatteredFragment","downfall:HeartBlessingGreen","champ:DefensiveTrainingManual","Replay:Bronze Core","Smiling Mask","Blue Candle","Membership Card","Ornamental Fan","theJungle:PaperFaux","Shovel","Runesmith:Locket","downfall:HeartBlessingBlue","Kunai","Tiny House","downfall:HeartBlessingRed","War Paint","Anchor","Runesmith:AutoHammer","PreservedInsect","Blood Vial","Happy Flower"],"acts_visited":["Exordium","Exordium","TheBeyond","TheEnding"],"potions_floor_usage":[42,44,55,55,56],"damage_taken":[{"damage":20.0,"enemies":"downfall:FleeingMerchant","floor":2.0,"turns":4.0},{"damage":93.0,"enemies":"Lagavulin Event","floor":4.0,"turns":7.0},{"damage":16.0,"enemies":"Small Slimes","floor":5.0,"turns":4.0},{"damage":0.0,"enemies":"Jaw Worm","floor":9.0,"turns":3.0},{"damage":26.0,"enemies":"Lagavulin","floor":10.0,"turns":7.0},{"damage":10.0,"enemies":"2 Louse","floor":13.0,"turns":2.0},{"damage":26.0,"enemies":"3 Sentries","floor":14.0,"turns":5.0},{"damage":20.0,"enemies":"Large Slime","floor":15.0,"turns":5.0},{"damage":30.0,"enemies":"SI_SHIV_ARCHETYPE","floor":16.0,"turns":10.0},{"damage":37.0,"enemies":"theJungle:MUSHROOMGANG","floor":19.0,"turns":5.0},{"damage":32.0,"enemies":"downfall:FleeingMerchant","floor":22.0,"turns":5.0},{"damage":21.0,"enemies":"Shell Parasite","floor":26.0,"turns":6.0},{"damage":31.0,"enemies":"theJungle:Lyon","floor":27.0,"turns":6.0},{"damage":51.0,"enemies":"theJungle:MamaSnecko","floor":28.0,"turns":6.0},{"damage":20.0,"enemies":"downfall:FleeingMerchant","floor":30.0,"turns":5.0},{"damage":77.0,"enemies":"JungleHuntersEvent","floor":31.0,"turns":9.0},{"damage":46.0,"enemies":"theJungle:2_Flameangoes","floor":32.0,"turns":6.0},{"damage":61.0,"enemies":"WA_ARCHETYPE_CALM","floor":33.0,"turns":10.0},{"damage":23.0,"enemies":"Orb Walker","floor":36.0,"turns":4.0},{"damage":33.0,"enemies":"downfall:FleeingMerchant","floor":37.0,"turns":5.0},{"damage":48,"enemies":"3 Darklings","floor":38,"turns":7},{"damage":36,"enemies":"Sphere and 2 Shapes","floor":39,"turns":4},{"damage":33,"enemies":"downfall:FleeingMerchant","floor":42,"turns":3},{"damage":22,"enemies":"Spire Growth","floor":44,"turns":3},{"damage":36,"enemies":"Writhing Mass","floor":46,"turns":7},{"damage":40,"enemies":"Transient","floor":48,"turns":5},{"damage":54,"enemies":"Spire Growth","floor":49,"turns":4},{"damage":73,"enemies":"IC_BLOCK_ARCHETYPE","floor":50,"turns":10},{"damage":153,"enemies":"downfall:CharBossMerchant","floor":52,"turns":8},{"damage":108,"enemies":"downfall:NeowBoss","floor":55,"turns":15},{"damage":61,"enemies":"downfall:NeowBossFinal","floor":56,"turns":5}],"seed_played":"8651017567581712244","potions_obtained":[{"floor":4.0,"key":"bronze:BurnAndBuffPotion"},{"floor":9.0,"key":"LifebloodPotion"},{"floor":10.0,"key":"SpeedPotion"},{"floor":15.0,"key":"Weak Potion"},{"floor":27.0,"key":"Block Potion"},{"floor":31.0,"key":"Swift Potion"},{"floor":32.0,"key":"champ:OpenerPotion"},{"floor":34.0,"key":"HauntedGourdPotion"},{"floor":36.0,"key":"AttackPotion"},{"floor":39,"key":"SmokeBomb"},{"floor":46,"key":"Venom Potion"}],"is_trial":false,"path_per_floor":["R","$","?","?","M","R","T","R","M","E","?","R","M","E","M","B",null,"R","M","?","?","$","?","T","?","M","M","E","R","$","?","M","B",null,"R","M","$","M","M","R","T","?","?","M","$","M","$","M","M","B",null,"E","$","R","B","B"],"character_chosen":"THE_CHAMP","items_purchased":["Membership Card","Ornamental Fan","Runesmith:AutoHammer","expansioncontent:DashGenerateEvil","PreservedInsect","Blood Vial","Swift Potion","PowerPotion"],"campfire_rested":4,"item_purchase_floors":[22,22,42,42,45,45,45,53],"current_hp_per_floor":[90,90,90,37,31,31,31,58,58,52,25,52,52,46,46,46,90,90,83,83,78,76,76,76,76,75,74,68,78,78,66,50,34,105,105,92,79,71,60,91,91,88,88,86,86,82,82,84,57,2,102,19,19,49,38,0,0,0],"gold":34,"neow_bonus":"ONE_RANDOM_RARE_CARD","is_daily":false,"chose_seed":false,"campfire_upgraded":3,"win_rate":0.0,"timestamp":1612564939,"path_taken":["R","$","?","?","M","R","T","R","M","E","?","R","M","E","M","BOSS","R","M","?","?","$","?","T","?","M","M","E","R","$","?","M","BOSS","R","M","$","M","M","R","T","?","?","M","?","M","$","M","M","BOSS","E","$","R","BOSS","BOSS"],"items_purchased_type":["Relic","Relic","Relic","Card","Relic","Relic","Potion","Potion"],"build_version":"2020-12-22","purchased_purges":5,"victory":false,"max_hp_per_floor":[90,90,90,90,90,90,90,90,90,90,90,90,90,90,90,90,90,90,90,90,90,90,90,90,90,90,90,90,100,100,100,100,100,105,105,105,105,105,105,105,105,105,105,105,105,105,102,102,102,102,102,102,102,102,102,102,102,102],"card_choices":[{"not_picked":["champ:FocusedDefense","champ:Shatter"],"picked":"champ:DeathBlow","floor":2.0},{"not_picked":["champ:PerfectedStrike","champ:PreciseThrust"],"picked":"champ:Duel","floor":4.0},{"not_picked":["champ:StanceDance","champ:SkillfulDodge"],"picked":"champ:ShieldWall","floor":5.0},{"not_picked":["champ:EnGarde","champ:GutPunch"],"picked":"champ:ShieldSlam","floor":9.0},{"not_picked":["champ:DeathBlow","champ:Circumvent"],"picked":"champ:IronFortress","floor":10.0},{"not_picked":["champ:StanceDance","champ:ShieldSlam","champ:BladeFlurry"],"picked":"SKIP","floor":13.0},{"not_picked":["champ:DeathBlow","champ:Duel","champ:BringItOn"],"picked":"SKIP","floor":14.0},{"not_picked":["champ:PreciseThrust","champ:Parry","champ:EnGarde"],"picked":"SKIP","floor":15.0},{"not_picked":["champ:SteelEdge","champ:UltimateStance"],"picked":"champ:HeavySlash","floor":16.0},{"not_picked":["champ:BringItOn","champ:FocusedBerserking+1","champ:Circumvent"],"picked":"SKIP","floor":19.0},{"not_picked":["champ:AdrenalArmor","champ:FanOfKnives+1"],"picked":"champ:SkillfulDodge","floor":20.0},{"not_picked":["champ:SetATrap+1","champ:SkillfulDodge"],"picked":"champ:Lariat+1","floor":22.0},{"not_picked":["champ:StanceDance","champ:BringItOn"],"picked":"champ:FancyFootwork+1","floor":26.0},{"not_picked":["champ:SkillfulDodge","champ:BladeFlurry+1","champ:FanOfKnives+1"],"picked":"SKIP","floor":27.0},{"not_picked":["champ:CalledShot","champ:RapidStrikes","champ:BringItOn"],"picked":"SKIP","floor":28.0},{"not_picked":["champ:CrookedStrike","champ:DefensiveShout"],"picked":"champ:UltimateStance","floor":30.0},{"not_picked":["champ:EndlessRage","champ:DefensiveShout"],"picked":"champ:FanOfKnives","floor":31.0},{"not_picked":["champ:BladeFlurry","champ:FanOfKnives"],"picked":"champ:RisingSlash","floor":32.0},{"not_picked":["champ:SwordThrow","champ:UltimateStance"],"picked":"champ:VampiricStrike","floor":33.0},{"not_picked":["champ:Haymaker","champ:PreemptiveStrike"],"picked":"champ:Backstep","floor":34.0},{"not_picked":["champ:Duel","champ:RisingSlash+1"],"picked":"champ:BerserkersShout","floor":36.0},{"not_picked":["champ:Circumvent+1","champ:GutPunch+1","champ:BerserkersShout+1"],"picked":"SKIP","floor":37},{"not_picked":["champ:PreciseThrust+1","champ:StanceDance+1"],"picked":"champ:LastStand","floor":38},{"not_picked":["champ:AdrenalArmor+1","champ:PreciseThrust","champ:FaceSlap+1"],"picked":"SKIP","floor":39},{"not_picked":["champ:BringItOn+1","champ:RecklessLeap","champ:FlashCut"],"picked":"SKIP","floor":42},{"not_picked":["champ:StanceDance","champ:SetATrap"],"picked":"champ:GladiatorStyle","floor":46},{"not_picked":["champ:FanOfKnives+1","champ:CrownThrow+1"],"picked":"champ:LastStand","floor":48},{"not_picked":["champ:Lariat+1","champ:FocusedDefense"],"picked":"champ:ShieldWall","floor":49},{"not_picked":["champ:IronFortress","champ:FanOfKnives","champ:AdrenalArmor"],"picked":"SKIP","floor":52}],"player_experience":1741619,"relics_obtained":[{"floor":7.0,"key":"Mercury Hourglass"},{"floor":10.0,"key":"Replay:Rubber Ducky"},{"floor":14.0,"key":"champ:DefensiveTrainingManual"},{"floor":20.0,"key":"Smiling Mask"},{"floor":28.0,"key":"Runesmith:Locket"},{"floor":31.0,"key":"Kunai"},{"floor":35.0,"key":"War Paint"},{"floor":41,"key":"Anchor"},{"floor":52,"key":"Happy Flower"}],"event_choices":[{"cards_removed":["champ:LastStand"],"damage_healed":0,"gold_gain":0,"player_choice":"Removed Power","damage_taken":0,"max_hp_gain":0,"max_hp_loss":0,"event_name":"Falling","floor":43,"gold_loss":0}],"is_beta":false,"boss_relics":[{"not_picked":["Replay:Fungal Core","SlaversCollar"],"picked":"Replay:Bronze Core"},{"not_picked":["Pandora\u0027s Box","Velvet Choker"],"picked":"Tiny House"}],"items_purged_floors":[2,22,37,42,47],"is_endless":false,"potions_floor_spawned":[4,9,10,14,15,27,31,32,36,39,44,46],"killed_by":"downfall:NeowBossFinal","ascension_level":0}}