{"host":"ng82i9wxdhd5pdzq","time":1612493831,"event":{"mods":["2.2 Compatiblity","BaseMod","Colored Map","Downfall","Googly Eyes","Minty Spire (QoL Compilation)","StSLib"],"gold_per_floor":[149,166,151,251,161,61,87,87,101,116,136,236,136,166,185,290,290,190,202,202,222,51,51,76,85,113,153,170,139,139,160,179,292,292,292,323,51,76,76,76,76,76,96,96,136,11,11,79,98,98,98,98,98,98],"floor_reached":52,"language":"ENG","playtime":4766,"items_purged":["sneckomod:Strike","Writhe","sneckomod:MasterEye"],"score":783,"play_id":"133d443f-9797-4903-922a-7754460cde24","local_time":"20210204205711","is_ascension_mode":true,"campfire_choices":[{"floor":1,"key":"RECALL"},{"data":"sneckomod:CheapStock","floor":6,"key":"SMITH"},{"data":"sneckomod:SnekBite","floor":8,"key":"SMITH"},{"data":"sneckomod:Restock","floor":13,"key":"SMITH"},{"data":"sneckomod:SerpentMind","floor":18,"key":"SMITH"},{"data":"sneckomod:UnknownRarePower","floor":23,"key":"SMITH"},{"floor":30,"key":"REST"},{"data":"sneckomod:UnknownRareSkill","floor":35,"key":"SMITH"},{"data":"sneckomod:UnknownRarePower","floor":40,"key":"SMITH"},{"data":"sneckomod:UnknownRareAttack","floor":42,"key":"SMITH"},{"data":"sneckomod:UnknownRareSkill","floor":44,"key":"SMITH"}],"circlet_count":0,"master_deck":["sneckomod:Strike","sneckomod:Strike","sneckomod:Defend","sneckomod:Defend+1","sneckomod:Defend+1","sneckomod:TailWhip+1","sneckomod:SnekBite+1","sneckomod:Unknown+1","sneckomod:Unknown+1","sneckomod:Unknown1Cost","sneckomod:UnknownUncommonAttack+1","sneckomod:IronFang","sneckomod:CheapStock+1","sneckomod:UnknownDraw","hexamod:ThirdSeal","sneckomod:WideSting","sneckomod:UnknownBlock+1","sneckomod:Restock+1","sneckomod:UnknownBlock+1","sneckomod:WideSting","sneckomod:Unknown2Cost+1","sneckomod:SerpentMind+1","sneckomod:PureSnecko","sneckomod:Unknown1Cost","sneckomod:UnknownRarePower+1","sneckomod:WideSting+1","sneckomod:UnknownUncommonPower","sneckomod:UnknownCommonSkill+1","sneckomod:UnknownBlock+1","sneckomod:IronFang+1","hexamod:SixthSeal","sneckomod:UnknownUncommonPower+1","sneckomod:QuickMove+1","sneckomod:UnknownUncommonPower","sneckomod:UnknownRareSkill+1","sneckomod:UnknownCommonAttack+1","sneckomod:CheapStock+1","sneckomod:UnknownRareAttack+1","sneckomod:UnknownRareSkill+1","sneckomod:UnknownRarePower+1","sneckomod:UnknownClassHEXA_GHOST_PURPLE+1","sneckomod:UnknownCommonSkill","sneckomod:SlitherStrike","sneckomod:UnknownStrength","sneckomod:Unknown0Cost","sneckomod:UnknownUncommonSkill+1"],"relics":["Tiny House","downfall:HeartBlessingRed","downfall:HeartBlessingBlue","HornCleat","Sozu","downfall:HeartBlessingGreen","Sling","War Paint","CeramicFish","Bronze Scales","Thread and Needle","Snecko Eye","sneckomod:RareBoosterPack","Bag of Preparation","Bottled Flame","sneckomod:BlankCard","Kunai","Unceasing Top"],"acts_visited":["Exordium","TheCity","TheBeyond","TheEnding"],"potions_floor_usage":[16,27],"damage_taken":[{"damage":0,"enemies":"Jaw Worm","floor":2,"turns":5},{"damage":5,"enemies":"downfall:FleeingMerchant","floor":3,"turns":4},{"damage":0,"enemies":"downfall:FleeingMerchant","floor":5,"turns":4},{"damage":0,"enemies":"Small Slimes","floor":9,"turns":3},{"damage":7,"enemies":"2 Louse","floor":10,"turns":3},{"damage":15,"enemies":"Large Slime","floor":11,"turns":6},{"damage":55,"enemies":"Gremlin Nob","floor":14,"turns":7},{"damage":7,"enemies":"Blue Slaver","floor":15,"turns":6},{"damage":8,"enemies":"SI_SHIV_ARCHETYPE","floor":16,"turns":6},{"damage":18,"enemies":"3 Byrds","floor":19,"turns":5},{"damage":10,"enemies":"Spheric Guardian","floor":21,"turns":4},{"damage":0,"enemies":"downfall:FleeingMerchant","floor":22,"turns":4},{"damage":0,"enemies":"Snecko","floor":26,"turns":4},{"damage":11,"enemies":"Gremlin Leader","floor":27,"turns":5},{"damage":30,"enemies":"Shelled Parasite and Fungi","floor":28,"turns":8},{"damage":11,"enemies":"downfall:FleeingMerchant","floor":29,"turns":4},{"damage":6,"enemies":"Snake Plant","floor":31,"turns":4},{"damage":23,"enemies":"3 Cultists","floor":32,"turns":4},{"damage":38,"enemies":"DF_ARCHETYPE_CLAW","floor":33,"turns":9},{"damage":5,"enemies":"Orb Walker","floor":36,"turns":3},{"damage":13,"enemies":"3 Darklings","floor":38,"turns":4},{"damage":13,"enemies":"Maw","floor":43,"turns":9},{"damage":23,"enemies":"Reptomancer","floor":45,"turns":8},{"damage":0,"enemies":"Reptomancer","floor":48,"turns":5},{"damage":0,"enemies":"Spire Growth","floor":49,"turns":4},{"damage":46,"enemies":"WA_ARCHETYPE_DIVINITY","floor":50,"turns":18},{"damage":147,"enemies":"downfall:CharBossMerchant","floor":52,"turns":8}],"seed_played":"7652282723211759646","potions_obtained":[{"floor":0,"key":"DuplicationPotion"},{"floor":10,"key":"Block Potion"},{"floor":14,"key":"SteroidPotion"},{"floor":16,"key":"Strength Potion"}],"is_trial":false,"path_per_floor":["R","M","$","?","$","R","T","R","M","M","M","?","R","E","M","B",null,"R","M","?","M","$","R","T","?","M","E","M","$","R","M","M","B",null,"R","M","$","M","?","R","T","R","M","R","E","$","?","?","M","B",null,"E"],"character_chosen":"THE_SNECKO","items_purchased":["Sling","Thread and Needle","sneckomod:RareBoosterPack","Bag of Preparation"],"campfire_rested":1,"item_purchase_floors":[22,29,37,37],"current_hp_per_floor":[95,98,93,93,93,93,93,93,93,86,71,71,81,26,19,11,108,108,90,90,80,80,80,80,80,92,81,55,44,77,78,63,25,120,120,115,115,102,102,102,102,102,89,89,70,70,70,70,70,36,120,0,0,0],"gold":98,"neow_bonus":"BOSS_RELIC","is_daily":false,"chose_seed":false,"campfire_upgraded":9,"win_rate":0.0,"timestamp":1612493831,"path_taken":["R","M","$","?","$","R","T","R","M","M","M","?","R","E","M","BOSS","R","M","?","M","$","R","T","?","M","E","M","$","R","M","M","BOSS","R","M","$","M","?","R","T","R","M","R","E","$","?","?","M","BOSS","E"],"items_purchased_type":["Relic","Relic","Relic","Relic"],"build_version":"2020-12-22","purchased_purges":3,"victory":false,"max_hp_per_floor":[95,98,98,98,98,98,98,98,98,98,98,98,108,108,108,108,108,108,108,108,108,108,108,108,108,108,108,112,112,112,112,120,120,120,120,120,120,120,120,120,120,120,120,120,120,120,120,120,120,120,120,120,120,120],"card_choices":[{"not_picked":["sneckomod:QuickBite","sneckomod:UnknownX"],"picked":"sneckomod:Unknown1Cost","floor":0},{"not_picked":["sneckomod:UnknownBlock","sneckomod:Unknown2Cost"],"picked":"sneckomod:UnknownUncommonAttack","floor":2},{"not_picked":["sneckomod:DiceBlock","sneckomod:SoulRoll"],"picked":"sneckomod:IronFang","floor":3},{"not_picked":["sneckomod:ImprovisedAttack","sneckomod:UnknownX"],"picked":"sneckomod:CheapStock","floor":5},{"not_picked":["sneckomod:RainOfDice","sneckomod:SoulRoll"],"picked":"sneckomod:UnknownDraw","floor":9},{"not_picked":["hexamod:FourthSeal","hexamod:SecondSeal"],"picked":"hexamod:ThirdSeal","floor":10},{"not_picked":["sneckomod:TrashToTreasure","sneckomod:SoulCleanse"],"picked":"sneckomod:WideSting","floor":10},{"not_picked":["sneckomod:UnknownCommonSkill","sneckomod:ImprovisedAttack"],"picked":"sneckomod:UnknownBlock","floor":11},{"not_picked":["sneckomod:UnknownBlock","sneckomod:IronFang"],"picked":"sneckomod:Restock","floor":11},{"not_picked":["sneckomod:CheapStock","sneckomod:QuickBite"],"picked":"sneckomod:UnknownBlock","floor":14},{"not_picked":["sneckomod:Nope","sneckomod:TrashToTreasure","sneckomod:SoulDraw"],"picked":"SKIP","floor":14},{"not_picked":["sneckomod:SoulCleanse","sneckomod:SoulDraw"],"picked":"sneckomod:WideSting","floor":15},{"not_picked":["sneckomod:RainOfDice","sneckomod:Nope"],"picked":"sneckomod:Unknown2Cost","floor":15},{"not_picked":["sneckomod:DangerNoodle","sneckomod:Cheat"],"picked":"sneckomod:SerpentMind","floor":16},{"not_picked":["sneckomod:Nope+1","sneckomod:SoulCleanse"],"picked":"sneckomod:PureSnecko","floor":19},{"not_picked":["sneckomod:DiceCrush","sneckomod:UnknownUncommonAttack"],"picked":"sneckomod:MasterEye","floor":19},{"not_picked":["sneckomod:SoulRoll","sneckomod:UnknownClassPURPLE"],"picked":"sneckomod:Unknown1Cost","floor":21},{"not_picked":["sneckomod:UnknownClassPURPLE","sneckomod:RainOfDice"],"picked":"sneckomod:UnknownRarePower","floor":21},{"not_picked":["sneckomod:UnknownBlock","sneckomod:QuickBite"],"picked":"sneckomod:WideSting+1","floor":22},{"not_picked":["sneckomod:UnknownUncommonSkill","sneckomod:UnknownDraw+1"],"picked":"sneckomod:UnknownUncommonPower","floor":26},{"not_picked":["sneckomod:SerpentIdol","sneckomod:GlitteringGambit"],"picked":"sneckomod:UnknownCommonSkill","floor":26},{"not_picked":["sneckomod:DiceCrush","sneckomod:WideSting"],"picked":"sneckomod:UnknownBlock+1","floor":27},{"not_picked":["sneckomod:UnendingSupply","sneckomod:QuickBite","sneckomod:DiceCrush"],"picked":"SKIP","floor":27},{"not_picked":["sneckomod:UnknownX","sneckomod:RainOfDice","sneckomod:QuickMove"],"picked":"SKIP","floor":28},{"not_picked":["sneckomod:MixItUp","sneckomod:Nope"],"picked":"sneckomod:IronFang","floor":29},{"not_picked":["hexamod:SecondSeal","hexamod:ThirdSeal"],"picked":"hexamod:SixthSeal","floor":29},{"not_picked":["sneckomod:WideSting+1","sneckomod:Transmogrify"],"picked":"sneckomod:UnknownUncommonPower","floor":29},{"not_picked":["sneckomod:Memorize+1","sneckomod:DiceBlock"],"picked":"sneckomod:QuickMove+1","floor":31},{"not_picked":["sneckomod:UnknownDraw","sneckomod:Unknown0Cost"],"picked":"sneckomod:UnknownUncommonPower","floor":32},{"not_picked":["sneckomod:Mudshield","sneckomod:Restock"],"picked":"sneckomod:UnknownRareSkill","floor":33},{"not_picked":["sneckomod:SoulDraw+1","sneckomod:IronFang"],"picked":"sneckomod:UnknownCommonAttack+1","floor":36},{"not_picked":["sneckomod:UnknownColorless","sneckomod:RainOfDice"],"picked":"sneckomod:CheapStock+1","floor":36},{"not_picked":["sneckomod:MasterEye","sneckomod:DiceCrush"],"picked":"sneckomod:UnknownClassHEXA_GHOST_PURPLE+1","floor":38},{"not_picked":["sneckomod:DiceCrush+1","sneckomod:UnknownX+1"],"picked":"sneckomod:UnknownCommonSkill","floor":43},{"not_picked":["sneckomod:UnknownClassPURPLE+1","sneckomod:QuickBite+1"],"picked":"sneckomod:SlitherStrike","floor":45},{"not_picked":["sneckomod:SerpentIdol","sneckomod:SoulDraw"],"picked":"sneckomod:UnknownStrength","floor":48},{"not_picked":["sneckomod:RainOfDice+1","sneckomod:UnlimitedRolls"],"picked":"sneckomod:Unknown0Cost","floor":48},{"not_picked":["sneckomod:IronFang+1","sneckomod:RainOfDice+1"],"picked":"sneckomod:UnknownUncommonSkill+1","floor":49}],"player_experience":640581,"relics_obtained":[{"floor":14,"key":"HornCleat"},{"floor":24,"key":"War Paint"},{"floor":27,"key":"Bronze Scales"},{"floor":41,"key":"Bottled Flame"},{"floor":45,"key":"sneckomod:BlankCard"},{"floor":47,"key":"Kunai"},{"floor":48,"key":"Unceasing Top"}],"event_choices":[],"is_beta":false,"boss_relics":[{"not_picked":["Runic Pyramid","Pandora\u0027s Box"],"picked":"Sozu"},{"not_picked":["SacredBark","Cursed Key"],"picked":"Snecko Eye"}],"items_purged_floors":[5,29,46],"is_endless":false,"potions_floor_spawned":[10,14,15,19,21,31,32,36,43,48],"killed_by":"downfall:CharBossMerchant","ascension_level":1}}