{"host":"f7jml7vkwn3tj7tu","time":1612545873,"event":{"mods":["BaseMod","Block Reminder","Minty Spire (QoL Compilation)","Relic Stats","Slay-I"],"gold_per_floor":[110,125,140,152,163,163,182,182,208,223,254,254,217,217,217,217,217],"floor_reached":16,"language":"ENG","playtime":635,"items_purged":[],"score":104,"play_id":"dc82e1ee-f5fb-4f56-85f9-ff1776c7151a","local_time":"20210205122433","is_ascension_mode":false,"campfire_choices":[{"data":"BattleHymn","floor":6,"key":"SMITH"},{"data":"Vigilance","floor":8,"key":"SMITH"},{"floor":12,"key":"REST"},{"data":"Eruption","floor":15,"key":"SMITH"}],"circlet_count":0,"master_deck":["Strike_P","Strike_P","Strike_P","Strike_P","Defend_P","Defend_P","Defend_P","Defend_P","Eruption+1","Vigilance+1","Conclude","FollowUp","BattleHymn+1","Alpha","BattleHymn","SandsOfTime"],"relics":["PureWater","Damaru","Dream Catcher"],"acts_visited":["Exordium"],"potions_floor_usage":[3,16],"damage_taken":[{"damage":9,"enemies":"Small Slimes","floor":1,"turns":5},{"damage":0,"enemies":"2 Louse","floor":2,"turns":2},{"damage":0,"enemies":"Cultist","floor":3,"turns":2},{"damage":0,"enemies":"Looter","floor":4,"turns":2},{"damage":24,"enemies":"Large Slime","floor":5,"turns":5},{"damage":13,"enemies":"2 Fungi Beasts","floor":7,"turns":3},{"damage":6,"enemies":"3 Louse","floor":10,"turns":4},{"damage":18,"enemies":"Lagavulin","floor":11,"turns":5},{"damage":53,"enemies":"The Guardian","floor":16,"turns":7}],"seed_played":"-5938099805079789208","potions_obtained":[{"floor":0,"key":"EssenceOfSteel"},{"floor":0,"key":"Energy Potion"},{"floor":0,"key":"CultistPotion"},{"floor":5,"key":"DistilledChaos"}],"is_trial":false,"path_per_floor":["M","M","M","M","M","R","M","R","T","M","E","R","?","?","R","B"],"character_chosen":"WATCHER","items_purchased":[],"campfire_rested":1,"item_purchase_floors":[],"current_hp_per_floor":[63,63,63,63,39,39,26,26,26,20,2,23,23,47,47,0,0],"gold":217,"neow_bonus":"THREE_SMALL_POTIONS","is_daily":false,"chose_seed":false,"campfire_upgraded":3,"win_rate":0.0,"timestamp":1612545873,"path_taken":["M","M","M","M","M","R","M","R","T","M","E","R","?","?","R","BOSS"],"items_purchased_type":[],"build_version":"2020-12-22","purchased_purges":0,"victory":false,"max_hp_per_floor":[72,72,72,72,72,72,72,72,72,72,72,72,72,72,72,72,72],"relic_stats":{"Dream Catcher":1,"counters":[9,35],"obtain_stats":[{"Dream Catcher":11,"Damaru":9,"PureWater":0},{"Dream Catcher":8,"Damaru":6,"PureWater":0},{"Dream Catcher":28,"Damaru":19,"PureWater":0}]},"card_choices":[{"not_picked":["EmptyBody","Halt"],"picked":"Conclude","floor":1},{"not_picked":["FlyingSleeves","InnerPeace"],"picked":"FollowUp","floor":2},{"not_picked":["EmptyBody","ForeignInfluence"],"picked":"BattleHymn","floor":3},{"not_picked":["BowlingBash","Crescendo"],"picked":"Alpha","floor":4},{"not_picked":["WreathOfFlame","CarveReality"],"picked":"BattleHymn","floor":5},{"not_picked":["BowlingBash","Indignation","Meditate"],"picked":"SKIP","floor":7},{"not_picked":["ThirdEye","SashWhip"],"picked":"SandsOfTime","floor":10},{"not_picked":["Consecrate","Evaluate","MentalFortress"],"picked":"SKIP","floor":11}],"player_experience":562831,"relics_obtained":[{"floor":9,"key":"Damaru"},{"floor":11,"key":"Dream Catcher"}],"event_choices":[{"damage_healed":0,"gold_gain":0,"player_choice":"Left Gold","damage_taken":0,"max_hp_gain":0,"max_hp_loss":0,"event_name":"World of Goop","floor":13,"gold_loss":37},{"damage_healed":24,"gold_gain":0,"player_choice":"Banana","damage_taken":0,"max_hp_gain":0,"max_hp_loss":0,"event_name":"Big Fish","floor":14,"gold_loss":0}],"is_beta":false,"boss_relics":[],"items_purged_floors":[],"is_endless":false,"potions_floor_spawned":[1,5,7,11],"killed_by":"The Guardian","ascension_level":0}}