{"host":"vyjryxuuuxkt43k4","time":1612508668,"event":{"mods":["AchievementEnabler","BaseMod","Colored Map","DeckTracker","Highlight Path","Keyboard Shortcuts","Minty Spire (QoL Compilation)","Permanent Neow","Quick Restart","Relic Stats","StSLib","SuperFastMode","everything is the same but u backflip on backflip"],"gold_per_floor":[215,215,232,202,220,220,52,70,70,95,112,112,123,14,14,14,14],"floor_reached":16,"language":"KOR","playtime":4128,"items_purged":[],"score":194,"play_id":"8eff055b-bc75-4066-a13e-e62059cf9300","local_time":"20210205160428","is_ascension_mode":true,"campfire_choices":[{"data":"Dagger Throw","floor":6.0,"key":"SMITH"},{"data":"Calculated Gamble","floor":12.0,"key":"SMITH"},{"floor":15,"key":"REST"}],"circlet_count":0,"master_deck":["AscendersBane","Strike_G","Strike_G","Strike_G","Strike_G","Strike_G","Defend_G","Defend_G","Defend_G","Defend_G","Survivor","Neutralize","Footwork","Dagger Throw+1","Footwork","Backstab","Underhanded Strike","Dodge and Roll","Endless Agony","Calculated Gamble+1","Eviscerate"],"relics":["Ring of the Snake","Orrery","Darkstone Periapt","Tiny Chest"],"acts_visited":["Exordium"],"potions_floor_usage":[13,16,16],"damage_taken":[{"damage":0.0,"enemies":"2 Louse","floor":1.0,"turns":3.0},{"damage":7.0,"enemies":"Small Slimes","floor":3.0,"turns":4.0},{"damage":0.0,"enemies":"Cultist","floor":5.0,"turns":5.0},{"damage":17.0,"enemies":"Exordium Thugs","floor":8.0,"turns":6.0},{"damage":8.0,"enemies":"Gremlin Nob","floor":10.0,"turns":3.0},{"damage":3.0,"enemies":"2 Fungi Beasts","floor":11.0,"turns":4.0},{"damage":17,"enemies":"Exordium Wildlife","floor":13,"turns":4},{"damage":25,"enemies":"Hexaghost","floor":16,"turns":12}],"seed_played":"8889508776206555568","potions_obtained":[{"floor":1.0,"key":"Strength Potion"},{"floor":4.0,"key":"CultistPotion"},{"floor":4.0,"key":"Poison Potion"},{"floor":5.0,"key":"Fire Potion"},{"floor":11.0,"key":"Regen Potion"}],"is_trial":false,"path_per_floor":["M","?","M","?","M","R","$","M","T","E","M","R","M","$","R","B"],"character_chosen":"THE_SILENT","items_purchased":["Orrery","SpeedPotion","Swift Potion"],"campfire_rested":1,"item_purchase_floors":[7,14,14],"current_hp_per_floor":[59,52,45,45,45,45,45,28,28,20,17,17,5,5,24,0,0],"gold":14,"neow_bonus":"HUNDRED_GOLD","is_daily":false,"chose_seed":false,"campfire_upgraded":2,"win_rate":0.0,"timestamp":1612508668,"path_taken":["M","?","M","?","M","R","$","M","T","E","M","R","?","?","R","BOSS"],"items_purchased_type":["Relic","Potion","Potion"],"build_version":"2020-12-22","purchased_purges":0,"victory":false,"max_hp_per_floor":[66,66,66,66,66,66,66,66,66,66,66,66,66,66,66,66,66],"relic_stats":{"Darkstone Periapt":0,"counters":[8,41],"Tiny Chest":0,"obtain_stats":[{"Darkstone Periapt":9,"Orrery":7,"Tiny Chest":10,"Ring of the Snake":0},{"Darkstone Periapt":4,"Orrery":3,"Tiny Chest":5,"Ring of the Snake":0},{"Darkstone Periapt":18,"Orrery":12,"Tiny Chest":21,"Ring of the Snake":0}],"Ring of the Snake":[16]},"card_choices":[{"not_picked":["Setup","Prepared"],"picked":"Footwork","floor":1.0},{"not_picked":["Blur","Dodge and Roll"],"picked":"Dagger Throw","floor":3.0},{"not_picked":["Terror","Skewer"],"picked":"Footwork","floor":5.0},{"not_picked":["Bane","Outmaneuver"],"picked":"Backstab","floor":7.0},{"not_picked":["Infinite Blades","Deflect"],"picked":"Underhanded Strike","floor":7.0},{"not_picked":["Quick Slash","Predator"],"picked":"Dodge and Roll","floor":7.0},{"not_picked":["Slice","Calculated Gamble"],"picked":"Endless Agony","floor":7.0},{"not_picked":["Doppelganger","Choke"],"picked":"Calculated Gamble","floor":7.0},{"not_picked":["PiercingWail","Sucker Punch"],"picked":"Eviscerate","floor":8.0},{"not_picked":["Outmaneuver","Endless Agony","Leg Sweep"],"picked":"SKIP","floor":10.0},{"not_picked":["Flechettes","Eviscerate","Dagger Throw"],"picked":"SKIP","floor":11.0},{"not_picked":["Predator","Infinite Blades","Deflect"],"picked":"SKIP","floor":13}],"player_experience":740797,"relics_obtained":[{"floor":9.0,"key":"Darkstone Periapt"},{"floor":10.0,"key":"Tiny Chest"}],"event_choices":[{"cards_removed":["Defend_G"],"damage_healed":0.0,"max_hp_gain":0.0,"max_hp_loss":0.0,"gold_gain":0.0,"event_name":"Golden Wing","player_choice":"Card Removal","floor":2.0,"gold_loss":0.0,"damage_taken":7.0},{"damage_healed":0.0,"max_hp_gain":0.0,"max_hp_loss":0.0,"gold_gain":0.0,"event_name":"The Woman in Blue","player_choice":"Bought 2 Potions","floor":4.0,"gold_loss":0.0,"damage_taken":0.0}],"is_beta":false,"boss_relics":[],"items_purged_floors":[],"is_endless":false,"potions_floor_spawned":[1,5,11],"killed_by":"Hexaghost","ascension_level":18}}