{"host":"lehbxtjrpalkmwwj","time":1612525632,"event":{"mods":["Aspiration","BaseMod","Colored Map","Colored Powertips","Conspire","GungeonMod","KomeijiMod","Lobotomy","Minty Spire (QoL Compilation)","Quick Restart","Replay The Spire","Shop Mod","StSLib","The Cursed","The Poker Player","[IsaacMod]ÒÔÈö¼âËþ"],"gold_per_floor":[212,227,227,238,97,130,146,174,222,241,259,269,294,294,294,396,396,406,406,406,416,416,416],"floor_reached":22,"language":"ZHS","playtime":539,"items_purged":[],"score":256,"play_id":"35b69249-7f0a-49d3-91d5-593eac3e58be","local_time":"20210205194712","is_ascension_mode":true,"campfire_choices":[{"floor":15.0,"key":"RECALL"}],"circlet_count":0,"master_deck":["Strike_R","Strike_R","Strike_R","Strike_R","Strike_R","Defend_R","Defend_R+1","Defend_R","Defend_R+1","Bash","EpicFetus","EpicFetus","Anger","Searing Blow","Twin Strike","ReplayTheSpireMod:Muscle Training","Bomb","Inflame","Twin Strike","Double Tap","Carnage","Searing Blow","Limit Break","Thunderclap","Looming Evil","Sword Boomerang"],"relics":["Burning Blood","HushsDoor","GuppysHead","ThirstyCross","DemoMod:GnawedKey","conspire:BottledYoYo","Replay:Bottled Snecko","War Paint","Cursed Key","aspiration:RitualStick","DemoMod:WeirdEgg","DemoMod:GlassGuonStoneRelic"],"acts_visited":["Exordium","TheCity"],"potions_floor_usage":[22],"damage_taken":[{"damage":13.0,"enemies":"2 Louse","floor":1.0,"turns":2.0},{"damage":6.0,"enemies":"Cultist","floor":2.0,"turns":3.0},{"damage":11.0,"enemies":"Small Slimes","floor":4.0,"turns":3.0},{"damage":3.0,"enemies":"Lagavulin","floor":6.0,"turns":4.0},{"damage":8.0,"enemies":"2 Fungi Beasts","floor":7.0,"turns":3.0},{"damage":28.0,"enemies":"3 Sentries","floor":8.0,"turns":3.0},{"damage":13.0,"enemies":"Blue Slaver","floor":10.0,"turns":2.0},{"damage":13.0,"enemies":"3 Louse","floor":11.0,"turns":3.0},{"damage":24.0,"enemies":"Exordium Thugs","floor":12.0,"turns":4.0},{"damage":0.0,"enemies":"Gremlin Nob","floor":13.0,"turns":2.0},{"damage":27.0,"enemies":"Hexaghost","floor":16.0,"turns":6.0},{"damage":26.0,"enemies":"2 Thieves","floor":18.0,"turns":3.0},{"damage":40.0,"enemies":"conspire:FuzzyDice","floor":21.0,"turns":3.0},{"damage":13,"enemies":"Snake Plant","floor":22,"turns":1}],"seed_played":"4666923084979615555","potions_obtained":[{"floor":2.0,"key":"Swift Potion"},{"floor":7.0,"key":"Adrenaline Potion"},{"floor":8.0,"key":"Adrenaline Potion"},{"floor":11.0,"key":"BloodPotion"},{"floor":21.0,"key":"Explosive Potion"}],"is_trial":false,"path_per_floor":["M","M","?","M","$","E","M","E","T","M","M","M","E","?","R","B",null,"M","?","T","M","M"],"character_chosen":"IRONCLAD","items_purchased":["DemoMod:GnawedKey","Twin Strike"],"campfire_rested":0,"item_purchase_floors":[5,5],"current_hp_per_floor":[73,73,73,68,68,71,69,47,47,40,33,15,37,37,37,16,80,60,44,44,10,0,0],"gold":416,"neow_bonus":"HUNDRED_GOLD","is_daily":false,"chose_seed":false,"campfire_upgraded":0,"win_rate":0.0,"timestamp":1612525632,"path_taken":["M","M","?","M","$","E","M","E","T","?","?","M","E","?","R","BOSS","M","?","?","M","?"],"items_purchased_type":["Relic","Card"],"build_version":"2020-12-22","purchased_purges":0,"victory":false,"max_hp_per_floor":[80,80,80,80,80,80,80,80,80,80,80,80,80,80,80,80,80,80,80,80,80,80,80],"card_choices":[{"not_picked":[],"picked":"EpicFetus","floor":0.0},{"not_picked":[],"picked":"EpicFetus","floor":0.0},{"not_picked":["Clothesline","Pommel Strike"],"picked":"Anger","floor":1.0},{"not_picked":["Armaments","Anger"],"picked":"Searing Blow","floor":2.0},{"not_picked":["Headbutt","Entrench"],"picked":"Bomb","floor":4.0},{"not_picked":["Wild Strike","Run Through"],"picked":"ReplayTheSpireMod:Muscle Training","floor":6.0},{"not_picked":["Replay:Undeath\u0027s Touch","Cleave"],"picked":"Bomb","floor":7.0},{"not_picked":["Anger","Flame Barrier"],"picked":"Inflame","floor":8.0},{"not_picked":["Cleave","Pommel Strike"],"picked":"Twin Strike","floor":10.0},{"not_picked":["Defy Death","Headbutt"],"picked":"Double Tap","floor":11.0},{"not_picked":["Cleave","Clothesline"],"picked":"Carnage","floor":12.0},{"not_picked":["ReplayReversal","True Grit"],"picked":"Searing Blow","floor":13.0},{"not_picked":["Double Tap","Feed"],"picked":"Limit Break","floor":16.0},{"not_picked":["Armaments","Sword Boomerang"],"picked":"Thunderclap","floor":18.0},{"not_picked":["Rage","Hemokinesis"],"picked":"Sword Boomerang","floor":21.0}],"player_experience":125801,"relics_obtained":[{"floor":6.0,"key":"conspire:BottledYoYo"},{"floor":8.0,"key":"Replay:Bottled Snecko"},{"floor":13.0,"key":"War Paint"},{"floor":20.0,"key":"DemoMod:WeirdEgg"}],"event_choices":[{"damage_healed":0.0,"max_hp_gain":0.0,"max_hp_loss":0.0,"gold_gain":0.0,"event_name":"The Cleric","player_choice":"Leave","floor":14.0,"gold_loss":0.0,"damage_taken":0.0}],"is_beta":false,"boss_relics":[{"not_picked":["aspiration:SecretTechniqueScroll","Pandora\u0027s Box"],"picked":"Cursed Key"},{"not_picked":[]}],"items_purged_floors":[],"is_endless":false,"potions_floor_spawned":[2,7,8,11,21],"killed_by":"Snake Plant","ascension_level":2}}