{"host":"ibckqdmmf9y74ymf","time":1612484177,"event":{"mods":["2.2 Compatiblity","BaseMod","Colored Map","Curses Come First","Highlight Path","Minty Spire (QoL Compilation)","Quick Restart","Rare Cards Sparkle","Relic Stats","StSLib"],"gold_per_floor":[119,119,138,63,35,66,86,112,136,170,170,197,197,210,210,287,287,302,227,227,6,17,17,46,46,97,97,129,179,213,226,226,300,300,344,364,87,87,87,120,120,150,150,170,185,201,201,211,211,211,211],"floor_reached":50,"language":"ENG","playtime":2659,"items_purged":["Strike_P"],"score":1301,"play_id":"26493b4d-4441-4cc0-8e37-6ba974f613e8","local_time":"20210205011617","is_ascension_mode":true,"campfire_choices":[{"floor":15.0,"key":"REST"},{"data":"TalkToTheHand","floor":25.0,"key":"SMITH"},{"data":"Wish","floor":27.0,"key":"SMITH"},{"floor":32.0,"key":"REST"},{"floor":41.0,"key":"RECALL"},{"floor":49.0,"key":"REST"}],"circlet_count":0,"master_deck":["AscendersBane","Strike_P","Strike_P","Defend_P","Defend_P","Defend_P","Eruption","Vigilance","SashWhip+1","Protect","Halt","WheelKick","EmptyBody","Ragnarok+1","SandsOfTime","ThirdEye","Wish+1","Ragnarok+1","TalkToTheHand+1","DeusExMachina","Blasphemy","WaveOfTheHand","Wallop+1","DeceiveReality+1","MentalFortress+1","EmptyBody","Tantrum+1"],"relics":["PureWater","NeowsBlessing","Strawberry","Dream Catcher","Art of War","The Courier","Happy Flower","Sozu","Kunai","FaceOfCleric","Regal Pillow","Oddly Smooth Stone","Anchor","Runic Pyramid","Yang","Frozen Egg 2","Molten Egg 2","Shuriken","Potion Belt"],"acts_visited":["Exordium","TheCity","TheBeyond"],"potions_floor_usage":[],"damage_taken":[{"damage":0.0,"enemies":"2 Louse","floor":1.0,"turns":1.0},{"damage":0.0,"enemies":"Small Slimes","floor":3.0,"turns":1.0},{"damage":0.0,"enemies":"Lagavulin","floor":6.0,"turns":1.0},{"damage":0.0,"enemies":"Cultist","floor":7.0,"turns":3.0},{"damage":6.0,"enemies":"3 Sentries","floor":8.0,"turns":6.0},{"damage":8.0,"enemies":"Gremlin Nob","floor":10.0,"turns":3.0},{"damage":30.0,"enemies":"Lagavulin","floor":12.0,"turns":5.0},{"damage":4.0,"enemies":"Blue Slaver","floor":14.0,"turns":2.0},{"damage":11.0,"enemies":"Hexaghost","floor":16.0,"turns":7.0},{"damage":15.0,"enemies":"Shell Parasite","floor":18.0,"turns":3.0},{"damage":0.0,"enemies":"Chosen","floor":22.0,"turns":3.0},{"damage":13.0,"enemies":"Gremlin Leader","floor":24.0,"turns":6.0},{"damage":16.0,"enemies":"Slavers","floor":28.0,"turns":5.0},{"damage":1.0,"enemies":"Snecko","floor":29.0,"turns":3.0},{"damage":5.0,"enemies":"Book of Stabbing","floor":30.0,"turns":5.0},{"damage":0.0,"enemies":"Shelled Parasite and Fungi","floor":31.0,"turns":1.0},{"damage":36.0,"enemies":"Champ","floor":33.0,"turns":7.0},{"damage":13.0,"enemies":"3 Shapes","floor":35.0,"turns":8.0},{"damage":0.0,"enemies":"3 Darklings","floor":36.0,"turns":5.0},{"damage":5.0,"enemies":"Giant Head","floor":40.0,"turns":6.0},{"damage":0.0,"enemies":"Nemesis","floor":42.0,"turns":5.0},{"damage":4.0,"enemies":"Spire Growth","floor":44.0,"turns":3.0},{"damage":5.0,"enemies":"Maw","floor":45.0,"turns":6.0},{"damage":0.0,"enemies":"Writhing Mass","floor":46.0,"turns":7.0},{"damage":30.0,"enemies":"Spire Growth","floor":48.0,"turns":5.0},{"damage":0,"enemies":"Awakened One","floor":50,"turns":1}],"seed_played":"-8381636064185261397","potions_obtained":[{"floor":1.0,"key":"EssenceOfSteel"},{"floor":3.0,"key":"FearPotion"},{"floor":14.0,"key":"Energy Potion"},{"floor":16.0,"key":"LiquidMemories"}],"is_trial":false,"path_per_floor":["M","?","M","?","$","E","M","E","T","E","?","E","?","M","R","B",null,"M","?","?","$","M","?","E","R","T","R","E","M","E","M","R","B",null,"M","M","$","T","?","E","R","E","T","M","M","M","?","M","R","B"],"character_chosen":"WATCHER","items_purchased":["Halt","Kunai","Yang"],"campfire_rested":3,"item_purchase_floors":[5,21,37],"current_hp_per_floor":[61,66,66,66,66,73,73,67,67,59,59,29,29,25,49,38,70,55,55,55,55,55,55,43,43,43,43,28,28,24,25,65,30,72,60,61,61,61,61,57,57,58,58,55,51,52,52,23,66,66,66],"gold":211,"neow_bonus":"THREE_ENEMY_KILL","is_daily":false,"chose_seed":false,"campfire_upgraded":2,"win_rate":0.0,"timestamp":1612484177,"path_taken":["M","?","M","?","$","E","M","E","T","E","?","E","?","?","R","BOSS","M","?","?","$","?","?","E","R","T","R","E","M","E","M","R","BOSS","M","M","$","?","?","E","R","E","T","M","M","M","?","M","R","BOSS"],"items_purchased_type":["Card","Relic","Relic"],"build_version":"2020-12-22","purchased_purges":1,"victory":false,"max_hp_per_floor":[68,73,73,73,73,80,80,80,80,80,80,80,80,80,80,80,80,80,80,80,80,80,80,81,81,81,81,82,83,84,85,85,86,86,87,88,88,88,88,89,89,90,90,91,92,93,93,94,94,94,94],"relic_stats":{"Sozu":8,"Dream Catcher":3,"Regal Pillow":30,"Happy Flower":[29],"FaceOfCleric":14,"counters":[26,107],"Shuriken":[4],"Yang":[49],"Art of War":[17],"Kunai":[19],"obtain_stats":[{"Potion Belt":43,"Regal Pillow":24,"NeowsBlessing":0,"Happy Flower":12,"Oddly Smooth Stone":28,"Yang":37,"The Courier":10,"Frozen Egg 2":38,"Sozu":17,"Dream Catcher":8,"Anchor":30,"FaceOfCleric":23,"Shuriken":42,"Strawberry":6,"Molten Egg 2":40,"Art of War":9,"Kunai":21,"PureWater":0,"Runic Pyramid":34},{"Potion Belt":21,"Regal Pillow":12,"NeowsBlessing":0,"Happy Flower":7,"Oddly Smooth Stone":13,"Yang":19,"The Courier":6,"Frozen Egg 2":19,"Sozu":9,"Dream Catcher":5,"Anchor":15,"FaceOfCleric":11,"Shuriken":21,"Strawberry":3,"Molten Egg 2":20,"Art of War":5,"Kunai":10,"PureWater":0,"Runic Pyramid":17},{"Potion Belt":86,"Regal Pillow":41,"NeowsBlessing":0,"Happy Flower":20,"Oddly Smooth Stone":46,"Yang":75,"The Courier":15,"Frozen Egg 2":75,"Sozu":29,"Dream Catcher":12,"Anchor":54,"FaceOfCleric":35,"Shuriken":86,"Strawberry":3,"Molten Egg 2":81,"Art of War":12,"Kunai":32,"PureWater":0,"Runic Pyramid":62}]},"card_choices":[{"not_picked":["Collect","EmptyBody"],"picked":"SashWhip","floor":1.0},{"not_picked":["JustLucky","Collect"],"picked":"Protect","floor":3.0},{"not_picked":["CrushJoints","Crescendo"],"picked":"FlurryOfBlows","floor":6.0},{"not_picked":["FlyingSleeves","Crescendo"],"picked":"WheelKick","floor":7.0},{"not_picked":["FollowUp","Prostrate"],"picked":"EmptyBody","floor":8.0},{"not_picked":["Adaptation","ClearTheMind"],"picked":"Ragnarok","floor":10.0},{"not_picked":["WindmillStrike","LikeWater"],"picked":"SandsOfTime","floor":12.0},{"not_picked":["InnerPeace","Crescendo","FlurryOfBlows"],"picked":"SKIP","floor":14.0},{"not_picked":["Consecrate","PathToVictory"],"picked":"ThirdEye","floor":15.0},{"not_picked":["Devotion","Judgement"],"picked":"Wish","floor":16.0},{"not_picked":["Halt","FlurryOfBlows","FlyingSleeves"],"picked":"SKIP","floor":18.0},{"not_picked":["Crescendo","JustLucky"],"picked":"TalkToTheHand","floor":22.0},{"not_picked":["Fasting2","SashWhip"],"picked":"DeusExMachina","floor":24.0},{"not_picked":["EmptyFist","ClearTheMind"],"picked":"Blasphemy","floor":28.0},{"not_picked":["CrushJoints+1","ThirdEye","Protect"],"picked":"SKIP","floor":29.0},{"not_picked":["PathToVictory","Sanctity","BowlingBash"],"picked":"SKIP","floor":30.0},{"not_picked":["Nirvana","ThirdEye","Ragnarok"],"picked":"SKIP","floor":31.0},{"not_picked":["ReachHeaven","Worship"],"picked":"WaveOfTheHand","floor":35.0},{"not_picked":["BattleHymn","SashWhip","FollowUp"],"picked":"SKIP","floor":36.0},{"not_picked":["FlyingSleeves+1","CrushJoints+1","Establishment+1"],"picked":"SKIP","floor":40.0},{"not_picked":["SashWhip+1","EmptyBody"],"picked":"Wallop+1","floor":42.0},{"not_picked":["SashWhip+1","Vengeance+1","FlyingSleeves+1"],"picked":"SKIP","floor":44.0},{"not_picked":["Evaluate+1","ConjureBlade"],"picked":"DeceiveReality+1","floor":45.0},{"not_picked":["ThirdEye","SashWhip+1"],"picked":"MentalFortress+1","floor":46.0},{"not_picked":["PathToVictory","EmptyMind"],"picked":"EmptyBody","floor":48.0},{"not_picked":["Protect","EmptyFist+1"],"picked":"Tantrum+1","floor":49.0}],"player_experience":681665,"relics_obtained":[{"floor":6.0,"key":"Strawberry"},{"floor":8.0,"key":"Dream Catcher"},{"floor":9.0,"key":"Art of War"},{"floor":10.0,"key":"The Courier"},{"floor":12.0,"key":"Happy Flower"},{"floor":24.0,"key":"Regal Pillow"},{"floor":28.0,"key":"Oddly Smooth Stone"},{"floor":30.0,"key":"Anchor"},{"floor":38.0,"key":"Frozen Egg 2"},{"floor":40.0,"key":"Molten Egg 2"},{"floor":42.0,"key":"Shuriken"},{"floor":43.0,"key":"Potion Belt"}],"event_choices":[{"damage_healed":0.0,"max_hp_gain":5.0,"max_hp_loss":0.0,"gold_gain":0.0,"event_name":"Big Fish","player_choice":"Donut","floor":2.0,"gold_loss":0.0,"damage_taken":0.0},{"cards_removed":["Defend_P"],"damage_healed":0.0,"max_hp_gain":0.0,"max_hp_loss":0.0,"gold_gain":0.0,"event_name":"The Cleric","player_choice":"Card Removal","floor":4.0,"gold_loss":75.0,"damage_taken":0.0},{"damage_healed":0.0,"max_hp_gain":0.0,"max_hp_loss":0.0,"gold_gain":0.0,"event_name":"Living Wall","player_choice":"Grow","floor":11.0,"gold_loss":0.0,"damage_taken":0.0,"cards_upgraded":["SashWhip"]},{"damage_healed":0.0,"max_hp_gain":0.0,"max_hp_loss":0.0,"gold_gain":0.0,"event_name":"Accursed Blacksmith","player_choice":"Forge","floor":13.0,"gold_loss":0.0,"damage_taken":0.0,"cards_upgraded":["Ragnarok"]},{"cards_removed":["Strike_P"],"damage_healed":0.0,"max_hp_gain":0.0,"max_hp_loss":0.0,"gold_gain":0.0,"event_name":"Beggar","player_choice":"Gave Gold","floor":19.0,"gold_loss":75.0,"damage_taken":0.0},{"damage_healed":0.0,"max_hp_gain":0.0,"max_hp_loss":0.0,"gold_gain":0.0,"event_name":"Duplicator","player_choice":"Copied","floor":20.0,"gold_loss":0.0,"damage_taken":0.0,"cards_obtained":["Ragnarok"]},{"damage_healed":0.0,"max_hp_gain":0.0,"max_hp_loss":0.0,"gold_gain":0.0,"event_name":"FaceTrader","player_choice":"Trade","floor":23.0,"gold_loss":0.0,"damage_taken":0.0,"relics_obtained":["FaceOfCleric"]},{"cards_removed":["FlurryOfBlows"],"damage_healed":0.0,"max_hp_gain":0.0,"max_hp_loss":0.0,"gold_gain":0.0,"event_name":"Falling","player_choice":"Removed Attack","floor":39.0,"gold_loss":0.0,"damage_taken":0.0},{"damage_healed":0.0,"max_hp_gain":0.0,"max_hp_loss":0.0,"gold_gain":0.0,"event_name":"Lab","player_choice":"Got Potions","floor":47.0,"gold_loss":0.0,"damage_taken":0.0}],"is_beta":false,"boss_relics":[{"not_picked":["Ectoplasm","Pandora\u0027s Box"],"picked":"Sozu"},{"not_picked":["Calling Bell","Tiny House"],"picked":"Runic Pyramid"}],"items_purged_floors":[37],"is_endless":false,"potions_floor_spawned":[1,3,14,16,28,29,31,36,42,45],"killed_by":"Awakened One","ascension_level":20}}