{"host":"djoj10dqzzvtkauc","time":1612541447,"event":{"mods":["2.2 Compatiblity","BaseMod","Colored Map","DeckTracker","Highlight Path","Keyboard Shortcuts","Marisa£¨Ùöéë¡¡Øª×âÞÞ£©","Minty Spire (QoL Compilation)","Permanent Neow","Quick Restart","Random Character Button","StSLib","SuperFastMode","everything is the same but u backflip on backflip"],"gold_per_floor":[116,66,66,77,44,44,44,54,54,1,20,20,20,35,35,140,140,153,153,153,165,10,10,39,39,39,39,39,39,53,88,88,183,183,197,197,213,213,0,30,30,63,89,101,119,12,28,55,55,55],"floor_reached":51,"language":"KOR","playtime":2212,"items_purged":[],"score":886,"play_id":"98a620b8-b997-4bb2-a9f4-7679d0a5c46b","local_time":"20210206011047","is_ascension_mode":false,"campfire_choices":[{"data":"Neutralize","floor":7,"key":"SMITH"},{"data":"Backflip","floor":13,"key":"SMITH"},{"data":"Underhanded Strike","floor":15,"key":"SMITH"},{"data":"Well Laid Plans","floor":23,"key":"SMITH"},{"data":"After Image","floor":25,"key":"SMITH"},{"data":"Underhanded Strike","floor":32,"key":"SMITH"},{"data":"Choke","floor":41,"key":"SMITH"},{"data":"Acrobatics","floor":49,"key":"SMITH"}],"circlet_count":0,"master_deck":["Strike_G","Strike_G+1","Defend_G","Defend_G","Defend_G+1","Survivor","Neutralize+1","Outmaneuver","Dagger Throw","Tactician+1","Calculated Gamble+1","Underhanded Strike+1","Backflip+1","Underhanded Strike+1","After Image+1","Acrobatics+1","Well Laid Plans+1","Dagger Throw","Tactician+1","Grand Finale","Die Die Die+1","Deadly Poison+1","Prepared+1","Dagger Throw+1","Choke+1","Acrobatics","Acrobatics+1","Flechettes","PiercingWail","Tactician+1"],"relics":["Ring of the Snake","Pen Nib","InkBottle","Sozu","MutagenicStrength","Sling","Centennial Puzzle","Matryoshka","Nilry\u0027s Codex","MealTicket","Darkstone Periapt","Bronze Scales","Astrolabe","Red Mask","Kunai","HornCleat","Blue Candle","Omamori","Mango"],"acts_visited":["Exordium","TheCity","TheBeyond"],"potions_floor_usage":[16,16,31,50],"damage_taken":[{"damage":1,"enemies":"2 Louse","floor":1,"turns":3},{"damage":0,"enemies":"Jaw Worm","floor":4,"turns":5},{"damage":0,"enemies":"Small Slimes","floor":8,"turns":3},{"damage":8,"enemies":"Gremlin Gang","floor":11,"turns":4},{"damage":3,"enemies":"Exordium Thugs","floor":14,"turns":4},{"damage":12,"enemies":"Hexaghost","floor":16,"turns":8},{"damage":2,"enemies":"Shell Parasite","floor":18,"turns":3},{"damage":5,"enemies":"Spheric Guardian","floor":21,"turns":3},{"damage":0,"enemies":"Gremlin Leader","floor":24,"turns":5},{"damage":0,"enemies":"Shelled Parasite and Fungi","floor":30,"turns":4},{"damage":4,"enemies":"Slavers","floor":31,"turns":4},{"damage":44,"enemies":"Automaton","floor":33,"turns":10},{"damage":2,"enemies":"Orb Walker","floor":35,"turns":3},{"damage":3,"enemies":"3 Shapes","floor":37,"turns":2},{"damage":29,"enemies":"Giant Head","floor":40,"turns":7},{"damage":1,"enemies":"Reptomancer","floor":42,"turns":4},{"damage":7,"enemies":"Spire Growth","floor":44,"turns":3},{"damage":0,"enemies":"Jaw Worm Horde","floor":45,"turns":2},{"damage":0,"enemies":"3 Darklings","floor":47,"turns":4},{"damage":0,"enemies":"Nemesis","floor":48,"turns":3},{"damage":0,"enemies":"Awakened One","floor":50,"turns":8}],"seed_played":"6881142812349766205","potions_obtained":[{"floor":4,"key":"Swift Potion"},{"floor":8,"key":"Poison Potion"},{"floor":14,"key":"SpeedPotion"},{"floor":16,"key":"BlessingOfTheForge"}],"is_trial":false,"path_per_floor":["M","?","?","M","$","?","R","M","T","$","M","?","R","M","R","B",null,"M","?","?","M","$","R","E","R","T","?","T","?","M","E","R","B",null,"M","?","M","?","?","E","R","E","T","M","M","$","M","E","R","B",null],"character_chosen":"THE_SILENT","items_purchased":["Tactician","Underhanded Strike","Sling","Flechettes","PiercingWail"],"campfire_rested":0,"item_purchase_floors":[5,10,22,46,46],"current_hp_per_floor":[69,69,55,55,55,55,55,55,55,55,47,47,47,44,44,32,70,68,68,55,50,50,50,50,50,50,34,34,59,59,55,55,11,75,73,71,68,68,68,39,39,38,38,31,31,46,46,60,60,60],"gold":55,"neow_bonus":"RANDOM_COMMON_RELIC","is_daily":false,"chose_seed":false,"campfire_upgraded":8,"win_rate":0.0,"timestamp":1612541447,"path_taken":["M","?","?","M","$","?","R","?","T","?","M","?","R","M","R","BOSS","M","?","?","M","$","R","E","R","T","?","?","?","M","E","R","BOSS","M","?","M","?","?","E","R","E","T","M","M","$","M","E","R","BOSS"],"items_purchased_type":["Card","Card","Relic","Card","Card"],"build_version":"2020-12-22","purchased_purges":0,"victory":true,"max_hp_per_floor":[70,70,70,70,70,70,70,70,70,70,70,70,70,70,70,70,70,70,70,75,75,75,75,75,75,75,75,75,75,75,75,75,75,75,75,71,71,71,71,71,71,71,71,71,71,71,71,85,85,85],"card_choices":[{"not_picked":["Escape Plan","Cloak And Dagger"],"picked":"Outmaneuver","floor":1},{"not_picked":["Deadly Poison","Blade Dance"],"picked":"Dagger Throw","floor":4},{"not_picked":["Setup","Underhanded Strike"],"picked":"Calculated Gamble","floor":8},{"not_picked":["Outmaneuver","Caltrops"],"picked":"Backflip","floor":11},{"not_picked":["Quick Slash","Bouncing Flask"],"picked":"Underhanded Strike","floor":14},{"not_picked":["Adrenaline","Storm of Steel"],"picked":"After Image","floor":16},{"not_picked":["Flying Knee+1","Sucker Punch"],"picked":"Acrobatics+1","floor":18},{"not_picked":["Flying Knee","Heel Hook"],"picked":"Well Laid Plans","floor":21},{"not_picked":["PiercingWail","Envenom"],"picked":"Dagger Throw","floor":24},{"not_picked":["Riddle With Holes","Blade Dance","Quick Slash"],"picked":"SKIP","floor":30},{"not_picked":["Accuracy","Cloak And Dagger"],"picked":"Tactician+1","floor":31},{"not_picked":["Adrenaline","Die Die Die"],"picked":"Grand Finale","floor":33},{"not_picked":["Poisoned Stab+1","Predator"],"picked":"Dagger Throw+1","floor":35},{"not_picked":["Blade Dance","Backstab","Deflect"],"picked":"SKIP","floor":37},{"not_picked":["Slice+1","Envenom"],"picked":"Choke","floor":40},{"not_picked":["Bouncing Flask+1","Underhanded Strike"],"picked":"Acrobatics","floor":42},{"not_picked":["Outmaneuver","Slice"],"picked":"Acrobatics","floor":44},{"not_picked":["Poisoned Stab","Sucker Punch+1","Heel Hook+1"],"picked":"SKIP","floor":45},{"not_picked":["Noxious Fumes+1","Dodge and Roll","Flying Knee+1"],"picked":"SKIP","floor":47},{"not_picked":["Backflip+1","Wraith Form v2"],"picked":"Tactician+1","floor":48}],"player_experience":173814,"relics_obtained":[{"floor":9,"key":"InkBottle"},{"floor":24,"key":"Centennial Puzzle"},{"floor":26,"key":"Matryoshka"},{"floor":27,"key":"Nilry\u0027s Codex"},{"floor":28,"key":"MealTicket"},{"floor":28,"key":"Darkstone Periapt"},{"floor":31,"key":"Bronze Scales"},{"floor":40,"key":"Kunai"},{"floor":42,"key":"HornCleat"},{"floor":43,"key":"Blue Candle"},{"floor":43,"key":"Omamori"},{"floor":48,"key":"Mango"}],"event_choices":[{"cards_removed":["Defend_G"],"damage_healed":0,"gold_gain":0,"player_choice":"Card Removal","damage_taken":0,"max_hp_gain":0,"max_hp_loss":0,"event_name":"The Cleric","floor":2,"gold_loss":50},{"damage_healed":0,"gold_gain":0,"player_choice":"Entered Light","damage_taken":14,"max_hp_gain":0,"max_hp_loss":0,"event_name":"Shining Light","floor":3,"gold_loss":0,"cards_upgraded":["Defend_G","Strike_G"]},{"damage_healed":0,"gold_gain":0,"player_choice":"Upgraded","damage_taken":0,"max_hp_gain":0,"max_hp_loss":0,"event_name":"Upgrade Shrine","floor":6,"gold_loss":0,"cards_upgraded":["Tactician"]},{"damage_healed":0,"gold_gain":0,"player_choice":"Grow","damage_taken":0,"max_hp_gain":0,"max_hp_loss":0,"event_name":"Living Wall","floor":12,"gold_loss":0,"cards_upgraded":["Calculated Gamble"]},{"damage_healed":0,"gold_gain":0,"player_choice":"Inject Mutagens","damage_taken":0,"relics_obtained":["MutagenicStrength"],"max_hp_gain":0,"max_hp_loss":0,"event_name":"Drug Dealer","floor":19,"gold_loss":0},{"damage_healed":0,"gold_gain":0,"player_choice":"Shed Blood","damage_taken":18,"max_hp_gain":5,"max_hp_loss":0,"event_name":"Forgotten Altar","floor":20,"gold_loss":0},{"damage_healed":0,"gold_gain":0,"player_choice":"Obtained Book","damage_taken":16,"max_hp_gain":0,"max_hp_loss":0,"event_name":"Cursed Tome","floor":27,"gold_loss":0},{"damage_healed":25,"gold_gain":0,"player_choice":"Heal","damage_taken":0,"max_hp_gain":0,"max_hp_loss":0,"event_name":"The Library","floor":29,"gold_loss":0},{"damage_healed":0,"gold_gain":0,"player_choice":"Max HP","damage_taken":0,"max_hp_gain":0,"max_hp_loss":4,"event_name":"Winding Halls","floor":36,"gold_loss":0},{"cards_removed":["Defend_G"],"damage_healed":0,"gold_gain":0,"player_choice":"Removed Skill","damage_taken":0,"max_hp_gain":0,"max_hp_loss":0,"event_name":"Falling","floor":38,"gold_loss":0},{"damage_healed":0,"gold_gain":0,"player_choice":"Paid","damage_taken":0,"relics_obtained":["Red Mask"],"max_hp_gain":0,"max_hp_loss":0,"event_name":"Tomb of Lord Red Mask","floor":39,"gold_loss":213}],"is_beta":false,"boss_relics":[{"not_picked":["Pandora\u0027s Box","Ring of the Serpent"],"picked":"Sozu"},{"not_picked":["Snecko Eye","Runic Dome"],"picked":"Astrolabe"}],"items_purged_floors":[],"is_endless":false,"potions_floor_spawned":[4,8,14,16,24,31,33,40,42,48],"ascension_level":0}}