{"host":"vyiqbz5w606ur92t","time":1612541379,"event":{"mods":["BaseMod","Downfall","Minty Spire (QoL Compilation)","StSLib"],"gold_per_floor":[99,111,174,184,184,197,221,121,150,162,177,203,103,129,147,246,246,246,259,31,42,42,42,88,114,14,27,52,267,285,314,324,426,426,426,440,451,44,55,55,55,90,90,110,137,137,148,18,31,31,31,66,16,16,16,16,16,16],"floor_reached":56,"language":"ENG","playtime":22534,"items_purged":["Slimebound:Strike_Slimebound","Pain","Slimebound:Strike_Slimebound","Slimebound:Defend_Slimebound","Slimebound:Defend_Slimebound"],"score":1271,"play_id":"0cfadf68-79c1-423b-acd7-8c68933150bb","local_time":"20210205160939","is_ascension_mode":true,"campfire_choices":[{"data":"Slimebound:SlimeSlap","floor":1.0,"key":"SMITH"},{"data":"Slimebound:Grow","floor":8.0,"key":"PURGE"},{"data":"Slimebound:LeadByExample","floor":13.0,"key":"SMITH"},{"floor":18.0,"key":"RECALL"},{"data":"Slimebound:OneTwoCombo","floor":23.0,"key":"PURGE"},{"data":"Slimebound:SlimeSlap","floor":26.0,"key":"SMITH"},{"data":"Slimebound:Gluttony","floor":35.0,"key":"SMITH"},{"data":"Slimebound:Strike_Slimebound","floor":40.0,"key":"PURGE"},{"data":"Slimebound:Tackle","floor":46.0,"key":"PURGE"},{"data":"Slimebound:DouseInSlime","floor":54,"key":"SMITH"}],"circlet_count":0,"master_deck":["AscendersBane","Slimebound:Defend_Slimebound","Slimebound:Defend_Slimebound","Slimebound:Split","Slimebound:CorrosiveSpit","Slimebound:SlimeSlap+1","Slimebound:RainOfGoop","Slimebound:LivingWall","Slimebound:SamplingLick","Slimebound:DivideAndConquer","Slimebound:SplitSpecialist","Slimebound:LeadByExample+1","Slimebound:SamplingLick","Slimebound:SpikyOuterGoop","Slimebound:Teamwork","Slimebound:SlimeSlap+1","Slimebound:SplitLeeching","Slimebound:LeechLife","Slimebound:LeechingTouch","Slimebound:SpikyOuterGoop+1","Slimebound:MegaLick","Slimebound:LeechEnergy","Slimebound:AcidTongue","Slimebound:ServeAndProtect","Slimebound:ServeAndProtect","Slimebound:Gluttony+1","Slimebound:TagTeam","Slimebound:GoopSpray+1","Slimebound:SplitMire+1","Slimebound:TagTeam","Slimebound:GoopSpray+1","Slimebound:Replication","Slimebound:DouseInSlime+1","Slimebound:Recollect","Slimebound:SplitSpecialist+1","Slimebound:GrowthPunch+1"],"relics":["Slimebound:AbsorbEndCombat","Slimebound:ScrapOozeRelic","downfall:HeartBlessingBlue","WingedGreaves","Bottled Tornado","downfall:HeartBlessingGreen","Happy Flower","Philosopher\u0027s Stone","Akabeko","Omamori","Slimebound:AggressiveSlimeRelic","downfall:HeartBlessingRed","TungstenRod","Smiling Mask","SlaversCollar","OrangePellets","Bag of Preparation","HornCleat","Dream Catcher","hexamod:CandleOfCauterizing","Bronze Scales"],"acts_visited":["Exordium","TheCity","TheBeyond","TheEnding"],"potions_floor_usage":[56,56,56],"damage_taken":[{"damage":7.0,"enemies":"Jaw Worm","floor":2.0,"turns":3.0},{"damage":17.0,"enemies":"Gremlin Nob","floor":3.0,"turns":4.0},{"damage":4.0,"enemies":"Small Slimes","floor":4.0,"turns":5.0},{"damage":0.0,"enemies":"Cultist","floor":6.0,"turns":3.0},{"damage":13.0,"enemies":"Gremlin Nob","floor":9.0,"turns":3.0},{"damage":11.0,"enemies":"Gremlin Gang","floor":10.0,"turns":4.0},{"damage":11.0,"enemies":"Exordium Wildlife","floor":11.0,"turns":5.0},{"damage":10.0,"enemies":"Lagavulin","floor":12.0,"turns":5.0},{"damage":22.0,"enemies":"3 Sentries","floor":14.0,"turns":7.0},{"damage":0.0,"enemies":"Blue Slaver","floor":15.0,"turns":4.0},{"damage":3.0,"enemies":"SI_SHIV_ARCHETYPE","floor":16.0,"turns":5.0},{"damage":10.0,"enemies":"Shell Parasite","floor":19.0,"turns":4.0},{"damage":0.0,"enemies":"downfall:FleeingMerchant","floor":20.0,"turns":4.0},{"damage":10.0,"enemies":"Cultist and Chosen","floor":21.0,"turns":6.0},{"damage":37.0,"enemies":"Book of Stabbing","floor":25.0,"turns":6.0},{"damage":18.0,"enemies":"Chosen and Byrds","floor":27.0,"turns":6.0},{"damage":13.0,"enemies":"Slavers","floor":28.0,"turns":7.0},{"damage":0.0,"enemies":"downfall:FleeingMerchant","floor":29.0,"turns":4.0},{"damage":20.0,"enemies":"Snake Plant","floor":30.0,"turns":2.0},{"damage":14.0,"enemies":"Gremlin Leader","floor":31.0,"turns":7.0},{"damage":0.0,"enemies":"Cultist and Chosen","floor":32.0,"turns":5.0},{"damage":42.0,"enemies":"IC_MUSHROOM_ARCHETYPE","floor":33.0,"turns":7.0},{"damage":33.0,"enemies":"3 Darklings","floor":36.0,"turns":8.0},{"damage":16.0,"enemies":"Orb Walker","floor":37.0,"turns":5.0},{"damage":37.0,"enemies":"Jaw Worm Horde","floor":39.0,"turns":7.0},{"damage":19.0,"enemies":"Giant Head","floor":42.0,"turns":7.0},{"damage":13.0,"enemies":"3 Darklings","floor":44.0,"turns":6.0},{"damage":0.0,"enemies":"Nemesis","floor":45.0,"turns":9.0},{"damage":13.0,"enemies":"Spire Growth","floor":47.0,"turns":4.0},{"damage":10.0,"enemies":"Sphere and 2 Shapes","floor":49.0,"turns":8.0},{"damage":37.0,"enemies":"DF_ARCHETYPE_ORBS","floor":50.0,"turns":11.0},{"damage":43,"enemies":"downfall:CharBossMerchant","floor":52,"turns":10},{"damage":40,"enemies":"downfall:NeowBoss","floor":55,"turns":16},{"damage":114,"enemies":"downfall:NeowBossFinal","floor":56,"turns":12}],"seed_played":"-7605786080745060575","potions_obtained":[{"floor":2.0,"key":"PowerPotion"},{"floor":3.0,"key":"Block Potion"},{"floor":4.0,"key":"AttackPotion"},{"floor":6.0,"key":"Slimebound:SlimyTonguePotion"},{"floor":15.0,"key":"Explosive Potion"},{"floor":21.0,"key":"Slimebound:SlimyTonguePotion"},{"floor":25.0,"key":"Strength Potion"},{"floor":30.0,"key":"sneckomod:MuddlingPotion"},{"floor":31.0,"key":"Slimebound:SlimedPotion"},{"floor":32.0,"key":"Guardian:BlockOnCardUsePotion"},{"floor":37.0,"key":"champ:CounterPotion"},{"floor":42.0,"key":"FearPotion"},{"floor":43.0,"key":"Energy Potion"},{"floor":43.0,"key":"SneckoOil"},{"floor":44.0,"key":"Swift Potion"}],"is_trial":false,"path_per_floor":["R","M","?","M","?","M","T","R","E","M","M","E","R","E","M","B",null,"R","M","$","M","?","R","T","E","R","M","E","$","M","E","M","B",null,"R","M","M","$","M","R","T","E","?","M","E","R","M","$","M","B",null,"E","$","R","B","B"],"character_chosen":"SLIMEBOUND","items_purchased":["Slimebound:LeechLife","OrangePellets","Bag of Preparation","AttackPotion","Slimebound:Recollect"],"campfire_rested":0,"item_purchase_floors":[20,38,38,38,48],"current_hp_per_floor":[59,56,47,49,49,53,53,63,56,53,48,42,42,26,28,31,64,64,56,64,67,67,67,67,48,48,34,46,50,38,66,75,39,66,66,71,75,75,75,75,75,75,75,68,75,75,75,75,75,60,71,75,75,75,59,0,0,0],"gold":16,"neow_bonus":"ONE_RANDOM_RARE_CARD","is_daily":false,"chose_seed":false,"campfire_upgraded":5,"win_rate":0.0,"timestamp":1612541379,"path_taken":["R","M","?","M","?","M","T","R","E","M","M","E","R","E","M","BOSS","R","M","$","M","?","R","T","E","R","M","E","$","M","E","M","BOSS","R","M","M","?","?","R","T","E","?","M","E","R","?","$","M","BOSS","E","$","R","BOSS","BOSS"],"items_purchased_type":["Card","Relic","Relic","Potion","Card"],"build_version":"2020-12-22","purchased_purges":5,"victory":false,"max_hp_per_floor":[65,65,65,65,65,65,65,75,75,75,75,75,75,75,75,75,75,75,75,75,75,75,75,75,75,75,75,75,75,75,75,75,75,75,75,75,75,75,75,75,75,75,75,75,75,75,75,75,75,75,75,75,75,75,75,75,75,75],"card_choices":[{"not_picked":["Slimebound:SlimeTap","Slimebound:SplitBruiser"],"picked":"Slimebound:RainOfGoop","floor":2.0},{"not_picked":["Slimebound:RejuvenatingLick","Slimebound:SlimeSpikes"],"picked":"Slimebound:LivingWall","floor":3.0},{"not_picked":["Slimebound:LivingWall","Slimebound:TongueLash"],"picked":"Slimebound:SamplingLick","floor":4.0},{"not_picked":["Slimebound:SlimeSpikes","Slimebound:ItLooksTasty"],"picked":"Slimebound:Grow","floor":6.0},{"not_picked":["Slimebound:FinishingTackle","Slimebound:SamplingLick"],"picked":"Slimebound:DivideAndConquer","floor":9.0},{"not_picked":["Slimebound:BestDefense","Slimebound:SlimeSpikes"],"picked":"Slimebound:SplitSpecialist","floor":10.0},{"not_picked":["Slimebound:PressTheAttack","Slimebound:ForwardTackle"],"picked":"Slimebound:LeadByExample","floor":11.0},{"not_picked":["Slimebound:FinishingTackle","Slimebound:RollThrough"],"picked":"Slimebound:SamplingLick","floor":12.0},{"not_picked":["Slimebound:FinishingTackle","Slimebound:Chomp"],"picked":"Slimebound:SpikyOuterGoop","floor":14.0},{"not_picked":["Slimebound:HungryTackle","Slimebound:LeadByExample"],"picked":"Slimebound:Teamwork","floor":15.0},{"not_picked":["Slimebound:MassRepurpose","Slimebound:WasteNot"],"picked":"Slimebound:SlimeSlap","floor":16.0},{"not_picked":["Slimebound:GoopTackle","Slimebound:SplitBruiser"],"picked":"Slimebound:SplitLeeching","floor":19.0},{"not_picked":["Slimebound:FinishingTackle","Slimebound:SplitMire"],"picked":"Slimebound:OneTwoCombo","floor":20.0},{"not_picked":["Slimebound:ProtectTheBoss","Slimebound:SlimeSpikes"],"picked":"Slimebound:LeechingTouch","floor":21.0},{"not_picked":["Slimebound:PressTheAttack","Slimebound:SplitAcid"],"picked":"Slimebound:SpikyOuterGoop+1","floor":25.0},{"not_picked":["Slimebound:ForwardTackle","Slimebound:LeadByExample"],"picked":"Slimebound:MegaLick","floor":27.0},{"not_picked":["Slimebound:ComboTackle","Slimebound:Nibble"],"picked":"Slimebound:LeechEnergy","floor":28.0},{"not_picked":["Slimebound:GoopTackle","Slimebound:Schlurp"],"picked":"Slimebound:AcidTongue","floor":29.0},{"not_picked":["Slimebound:SplitBruiser","Slimebound:ItLooksTasty"],"picked":"Slimebound:ServeAndProtect","floor":30.0},{"not_picked":["Slimebound:SpikyOuterGoop","Slimebound:Equalize"],"picked":"Slimebound:ServeAndProtect","floor":31.0},{"not_picked":["Slimebound:LeechingTouch+1","Slimebound:Recollect"],"picked":"Slimebound:Gluttony","floor":32.0},{"not_picked":["Slimebound:MassRepurpose","Slimebound:CheckThePlaybook"],"picked":"Slimebound:TagTeam","floor":33.0},{"not_picked":["Slimebound:SlimeSpikes","Slimebound:LeechingTouch","Slimebound:RollThrough"],"picked":"SKIP","floor":36.0},{"not_picked":["Slimebound:PressTheAttack","Slimebound:Prepare+1"],"picked":"Slimebound:GoopSpray+1","floor":37.0},{"not_picked":["Slimebound:ItLooksTasty+1","Slimebound:SlimeSpikes+1"],"picked":"Slimebound:SplitMire+1","floor":39.0},{"not_picked":["Slimebound:SplitAcid+1","Slimebound:PressTheAttack+1"],"picked":"Slimebound:TagTeam","floor":42.0},{"not_picked":["Slimebound:Schlurp","Slimebound:RollThrough+1"],"picked":"Slimebound:GoopSpray+1","floor":44.0},{"not_picked":["Slimebound:SplitMire+1","Slimebound:SlimeSpikes"],"picked":"Slimebound:Replication","floor":45.0},{"not_picked":["Slimebound:Prepare+1","Slimebound:ItLooksTasty"],"picked":"Slimebound:DouseInSlime","floor":47.0},{"not_picked":["Slimebound:SplitMire","Slimebound:HungryTackle+1"],"picked":"Slimebound:SplitSpecialist+1","floor":49.0},{"not_picked":["Slimebound:LeechingTouch","Slimebound:ComboTackle+1"],"picked":"Slimebound:GrowthPunch+1","floor":52}],"player_experience":1500614,"relics_obtained":[{"floor":3.0,"key":"Potion Belt"},{"floor":9.0,"key":"WingedGreaves"},{"floor":12.0,"key":"Bottled Tornado"},{"floor":14.0,"key":"Happy Flower"},{"floor":24.0,"key":"Omamori"},{"floor":25.0,"key":"Slimebound:AggressiveSlimeRelic"},{"floor":28.0,"key":"TungstenRod"},{"floor":31.0,"key":"Smiling Mask"},{"floor":41.0,"key":"HornCleat"},{"floor":42.0,"key":"Dream Catcher"},{"floor":45.0,"key":"hexamod:CandleOfCauterizing"},{"floor":52,"key":"Bronze Scales"}],"event_choices":[{"damage_healed":0.0,"max_hp_gain":0.0,"max_hp_loss":0.0,"gold_gain":0.0,"event_name":"Lab","player_choice":"Got Potions","floor":43.0,"gold_loss":0.0,"damage_taken":0.0}],"is_beta":false,"boss_relics":[{"not_picked":["Runic Pyramid","Calling Bell"],"picked":"Philosopher\u0027s Stone"},{"not_picked":["Tiny House","bronze:MakeshiftBattery"],"picked":"SlaversCollar"}],"items_purged_floors":[20,29,38,48,53],"is_endless":false,"potions_floor_spawned":[2,3,4,6,15,21,25,30,31,32,37,42,44,45],"killed_by":"downfall:NeowBossFinal","ascension_level":10}}