{"host":"uc8wz0q199a7d901","time":1612510598,"event":{"mods":["2.2 Compatiblity","BaseMod","Colored Map","DeckTracker","Highlight Path","Minty Spire (QoL Compilation)","Permanent Neow","Quick Restart","SuperFastMode"],"gold_per_floor":[114,129,144,144,144,174,174,204,229,259,274,304,329,289,289,389,389,404,419,434,453,128,128,128,158,183,183,213,213,63,93,93,193,193,233,248,248,248,53,53,83,83,108,150,177,219,281,323,335,347],"floor_reached":51,"language":"KOR","playtime":2097,"items_purged":["Defend_P"],"score":920,"play_id":"96446e6a-1716-484f-ad09-5bc58e919e1d","local_time":"20210205163638","daily_mods":["Specialized","ControlledChaos","Elite Swarm"],"is_ascension_mode":false,"campfire_choices":[{"data":"Eruption","floor":7.0,"key":"SMITH"},{"floor":15.0,"key":"REST"},{"floor":23.0,"key":"REST"},{"data":"Ragnarok","floor":27.0,"key":"SMITH"},{"floor":32,"key":"REST"},{"data":"Wish","floor":40,"key":"SMITH"},{"floor":42,"key":"REST"},{"floor":49,"key":"REST"}],"circlet_count":0,"master_deck":["Strike_P","Strike_P","Strike_P","Strike_P","Defend_P","Defend_P","Defend_P","Eruption+1","Vigilance","FlyingSleeves","FlyingSleeves","FlyingSleeves","FlyingSleeves","Conclude","CrushJoints","TalkToTheHand","ConjureBlade","Vault","Brilliance","ClearTheMind","Ragnarok+1","DevaForm","Sanctity+1","WaveOfTheHand","EmptyFist","Wish+1","Eruption+1","Bandage Up","Scrawl","Adaptation+1","Metamorphosis","Enlightenment","Secret Weapon","Protect","MasterReality","WheelKick+1","WheelKick+1"],"relics":["HolyWater","Frozen Eye","Centennial Puzzle","Art of War","Omamori","Torii","Potion Belt","Nunchaku","Red Mask","Molten Egg 2","Question Card","Lantern","Damaru","Akabeko","Peace Pipe","Snecko Eye","Gremlin Horn","ClockworkSouvenir","Ice Cream","MawBank","Mummified Hand","Toy Ornithopter","CaptainsWheel","Incense Burner"],"acts_visited":["Exordium","TheCity","TheBeyond"],"potions_floor_usage":[33,41,41,47],"damage_taken":[{"damage":0.0,"enemies":"2 Louse","floor":1.0,"turns":2.0},{"damage":0.0,"enemies":"Small Slimes","floor":2.0,"turns":2.0},{"damage":0.0,"enemies":"Cultist","floor":3.0,"turns":2.0},{"damage":18.0,"enemies":"3 Sentries","floor":6.0,"turns":6.0},{"damage":5.0,"enemies":"Gremlin Nob","floor":8.0,"turns":3.0},{"damage":0.0,"enemies":"Lagavulin","floor":10.0,"turns":5.0},{"damage":1.0,"enemies":"Exordium Wildlife","floor":11.0,"turns":3.0},{"damage":30.0,"enemies":"Gremlin Nob","floor":12.0,"turns":3.0},{"damage":4.0,"enemies":"Hexaghost","floor":16.0,"turns":5.0},{"damage":0.0,"enemies":"Spheric Guardian","floor":18.0,"turns":2.0},{"damage":10.0,"enemies":"2 Thieves","floor":19.0,"turns":2.0},{"damage":28.0,"enemies":"Snake Plant","floor":20.0,"turns":5.0},{"damage":1.0,"enemies":"Masked Bandits","floor":21.0,"turns":4.0},{"damage":2.0,"enemies":"Gremlin Leader","floor":25.0,"turns":4.0},{"damage":12.0,"enemies":"Book of Stabbing","floor":28.0,"turns":4.0},{"damage":20,"enemies":"Slavers","floor":31,"turns":2},{"damage":23,"enemies":"Automaton","floor":33,"turns":7},{"damage":1,"enemies":"Orb Walker","floor":35,"turns":3},{"damage":0,"enemies":"3 Shapes","floor":36,"turns":2},{"damage":48,"enemies":"Nemesis","floor":41,"turns":8},{"damage":1,"enemies":"Giant Head","floor":44,"turns":8},{"damage":7,"enemies":"Maw","floor":45,"turns":6},{"damage":10,"enemies":"Reptomancer","floor":46,"turns":6},{"damage":0,"enemies":"Mind Bloom Boss Battle","floor":47,"turns":5},{"damage":10,"enemies":"Nemesis","floor":48,"turns":4},{"damage":32,"enemies":"Donu and Deca","floor":50,"turns":6}],"seed_played":"-8643747277835071688","potions_obtained":[{"floor":1.0,"key":"BottledMiracle"},{"floor":3.0,"key":"ColorlessPotion"},{"floor":10.0,"key":"StancePotion"},{"floor":11.0,"key":"Energy Potion"},{"floor":14.0,"key":"AttackPotion"},{"floor":14.0,"key":"Ancient Potion"},{"floor":14.0,"key":"EntropicBrew"},{"floor":19.0,"key":"BlessingOfTheForge"},{"floor":28.0,"key":"ColorlessPotion"},{"floor":36,"key":"Explosive Potion"},{"floor":41,"key":"Block Potion"}],"is_trial":false,"path_per_floor":["M","M","M","?","?","E","R","E","T","E","M","E","T","?","R","B",null,"M","M","M","?","$","R","?","E","T","R","E","?","$","E","R","B",null,"M","M","T","?","$","R","E","R","T","E","M","E","?","E","R","B",null],"character_chosen":"WATCHER","items_purchased":["Molten Egg 2","Akabeko","Protect","ClockworkSouvenir"],"campfire_rested":5,"item_purchase_floors":[22,30,39,39],"current_hp_per_floor":[72,72,72,72,72,54,54,49,49,49,48,18,18,18,39,35,72,72,62,34,33,33,54,54,52,52,52,40,40,40,20,41,22,72,71,71,71,61,61,61,31,52,52,51,48,42,51,45,66,34],"gold":359,"neow_bonus":"","is_daily":true,"chose_seed":false,"campfire_upgraded":3,"win_rate":0.0,"timestamp":1612510598,"path_taken":["M","M","M","?","?","E","R","E","T","E","?","E","?","?","R","BOSS","M","M","M","?","$","R","?","E","T","R","E","?","$","E","R","BOSS","M","M","?","?","$","R","E","R","T","E","M","E","?","E","R","BOSS"],"items_purchased_type":["Relic","Relic","Card","Relic"],"build_version":"2020-12-22","purchased_purges":1,"victory":true,"max_hp_per_floor":[72,72,72,72,72,72,72,72,72,72,72,72,72,72,72,72,72,72,72,72,72,72,72,72,72,72,72,72,72,72,72,72,72,72,72,72,72,72,72,72,72,72,72,72,72,72,72,72,72,72],"card_choices":[{"not_picked":["Sanctity","BowlingBash"],"picked":"Conclude","floor":1.0},{"not_picked":["Consecrate","CutThroughFate"],"picked":"CrushJoints","floor":2.0},{"not_picked":["Study","Prostrate"],"picked":"TalkToTheHand","floor":3.0},{"not_picked":["Alpha","MasterReality"],"picked":"ConjureBlade","floor":6.0},{"not_picked":["MasterReality","Alpha"],"picked":"Vault","floor":8.0},{"not_picked":["Omniscience","LessonLearned"],"picked":"Brilliance","floor":10.0},{"not_picked":["CrushJoints","Prostrate"],"picked":"ClearTheMind","floor":11.0},{"not_picked":["MasterReality","DeusExMachina"],"picked":"Ragnarok","floor":12.0},{"not_picked":["Vault","ConjureBlade"],"picked":"DevaForm","floor":16.0},{"not_picked":["Consecrate","ClearTheMind"],"picked":"Sanctity+1","floor":18.0},{"not_picked":["FlyingSleeves+1","BattleHymn+1"],"picked":"WaveOfTheHand","floor":19.0},{"not_picked":["Pray","ClearTheMind","JustLucky"],"picked":"SKIP","floor":20.0},{"not_picked":["BattleHymn","ThirdEye"],"picked":"EmptyFist","floor":21.0},{"not_picked":["DevaForm","LessonLearned+1"],"picked":"Wish","floor":25.0},{"not_picked":["Wish","Blasphemy","MasterReality","ConjureBlade"],"picked":"SKIP","floor":28.0},{"not_picked":["Wish","Vault","Alpha"],"picked":"Scrawl","floor":31},{"not_picked":["WreathOfFlame+1","PathToVictory","BowlingBash+1"],"picked":"Adaptation+1","floor":35},{"not_picked":["Consecrate+1","EmptyMind","Halt","ThirdEye+1"],"picked":"SKIP","floor":36},{"not_picked":["Sadistic Nature","Violence","Dark Shackles"],"picked":"Metamorphosis","floor":38},{"not_picked":["Good Instincts","Trip","Swift Strike+1"],"picked":"Enlightenment","floor":38},{"not_picked":["Enlightenment","Purity","PanicButton"],"picked":"Secret Weapon","floor":38},{"not_picked":["MasterReality","Vault","Brilliance+1","Wish"],"picked":"SKIP","floor":41},{"not_picked":["Brilliance+1","Ragnarok+1","Blasphemy"],"picked":"MasterReality","floor":44},{"not_picked":["Protect","FlyingSleeves+1","LikeWater+1"],"picked":"WheelKick+1","floor":45},{"not_picked":["Wish","Brilliance+1","LessonLearned+1","Establishment"],"picked":"SKIP","floor":46},{"not_picked":["JustLucky+1","Pray+1","EmptyFist+1"],"picked":"WheelKick+1","floor":47},{"not_picked":["LessonLearned+1","Brilliance+1","Establishment","Judgement"],"picked":"SKIP","floor":48}],"player_experience":727185,"relics_obtained":[{"floor":6.0,"key":"Centennial Puzzle"},{"floor":8.0,"key":"Art of War"},{"floor":9.0,"key":"Omamori"},{"floor":10.0,"key":"Torii"},{"floor":12.0,"key":"Potion Belt"},{"floor":13.0,"key":"Nunchaku"},{"floor":21.0,"key":"Red Mask"},{"floor":25.0,"key":"Question Card"},{"floor":26.0,"key":"Lantern"},{"floor":28.0,"key":"Damaru"},{"floor":31,"key":"Peace Pipe"},{"floor":37,"key":"Gremlin Horn"},{"floor":41,"key":"Ice Cream"},{"floor":43,"key":"MawBank"},{"floor":44,"key":"Mummified Hand"},{"floor":46,"key":"Toy Ornithopter"},{"floor":47,"key":"CaptainsWheel"},{"floor":48,"key":"Incense Burner"}],"event_choices":[{"damage_healed":0.0,"max_hp_gain":0.0,"max_hp_loss":0.0,"gold_gain":0.0,"event_name":"Liars Game","player_choice":"Ignored","floor":4.0,"gold_loss":0.0,"damage_taken":0.0},{"cards_removed":["FlyingSleeves"],"damage_healed":0.0,"max_hp_gain":0.0,"max_hp_loss":0.0,"gold_gain":0.0,"event_name":"Purifier","player_choice":"Purged","floor":5.0,"gold_loss":0.0,"damage_taken":0.0},{"damage_healed":0.0,"max_hp_gain":0.0,"max_hp_loss":0.0,"gold_gain":0.0,"event_name":"The Woman in Blue","player_choice":"Bought 3 Potions","floor":14.0,"gold_loss":0.0,"damage_taken":0.0},{"damage_healed":0.0,"max_hp_gain":0.0,"max_hp_loss":0.0,"gold_gain":0.0,"event_name":"Masked Bandits","player_choice":"Fought Bandits","floor":21.0,"gold_loss":0.0,"damage_taken":0.0},{"damage_healed":0.0,"max_hp_gain":0.0,"max_hp_loss":0.0,"gold_gain":0.0,"event_name":"Ghosts","player_choice":"Ignored","floor":24.0,"gold_loss":0.0,"damage_taken":0.0},{"damage_healed":0,"gold_gain":0,"player_choice":"2 cards matched","damage_taken":0,"max_hp_gain":0,"max_hp_loss":0,"event_name":"Match and Keep!","floor":29,"gold_loss":0,"cards_obtained":["Eruption","Bandage Up"]},{"damage_healed":0,"gold_gain":0,"player_choice":"Memory 3","damage_taken":10,"max_hp_gain":0,"max_hp_loss":0,"event_name":"SensoryStone","floor":38,"gold_loss":0},{"damage_healed":0,"gold_gain":0,"player_choice":"Fight","damage_taken":0,"max_hp_gain":0,"max_hp_loss":0,"event_name":"MindBloom","floor":47,"gold_loss":0}],"is_beta":false,"boss_relics":[{"not_picked":["Velvet Choker","Calling Bell"],"picked":"HolyWater"},{"not_picked":["Runic Pyramid","SlaversCollar"],"picked":"Snecko Eye"}],"items_purged_floors":[22],"is_endless":false,"potions_floor_spawned":[1,3,10,11,19,28,36,41],"ascension_level":0}}