{"host":"ryj999m4rfm064ad","time":1612486637,"event":{"mods":["BaseMod","Colored Map","Downfall","Highlight Path","Minty Spire (QoL Compilation)","Permanent Neow","StSLib","The Necromancer","UnlockEverythingMod"],"gold_per_floor":[99,110,120,120,140,166,166,76,89,239,256,276,296,37,55,159,159,159,178,85,102,202,202,202,217,227,227,237,237,237,237,237,237],"floor_reached":31,"language":"ENG","playtime":4914,"items_purged":["hexamod:Defend"],"score":241,"play_id":"ded01932-e88a-47d5-ab46-5840496d1813","local_time":"20210204195717","is_ascension_mode":false,"campfire_choices":[{"data":"hexamod:Float","floor":1,"key":"SMITH"},{"data":"hexamod:GhostflameInferno","floor":18,"key":"SMITH"},{"floor":27,"key":"REST"},{"floor":29,"key":"REST"}],"circlet_count":0,"master_deck":["hexamod:Strike","hexamod:Strike","hexamod:Strike","hexamod:Defend","hexamod:Defend","hexamod:Defend","hexamod:Sear","hexamod:Float+1","hexamod:BurningTouch","hexamod:EmpoweredFlame","hexamod:AdvancingGuard","hexamod:HauntingEcho","downfall:Icky","hexamod:InspiringFlames","hexamod:GhostflameInferno+1","hexamod:FirstSeal","hexamod:EmpoweredFlame+1","hexamod:SoulSteal","hexamod:RadiantFlame+1","Forethought"],"relics":["hexamod:UnbrokenSoul","Vajra","Mercury Hourglass","Sundial","Frozen Egg 2"],"acts_visited":["Exordium","TheCity"],"potions_floor_usage":[16,21],"damage_taken":[{"damage":0,"enemies":"Cultist","floor":2,"turns":3},{"damage":3,"enemies":"Jaw Worm","floor":3,"turns":3},{"damage":3,"enemies":"2 Louse","floor":5,"turns":3},{"damage":39,"enemies":"3 Sentries","floor":6,"turns":14},{"damage":0,"enemies":"downfall:FleeingMerchant","floor":8,"turns":4},{"damage":5,"enemies":"Large Slime","floor":9,"turns":6},{"damage":1,"enemies":"Exordium Thugs","floor":11,"turns":3},{"damage":6,"enemies":"Lots of Slimes","floor":12,"turns":5},{"damage":3,"enemies":"3 Louse","floor":13,"turns":5},{"damage":2,"enemies":"downfall:FleeingMerchant","floor":14,"turns":4},{"damage":6,"enemies":"2 Fungi Beasts","floor":15,"turns":3},{"damage":6,"enemies":"SI_SHIV_ARCHETYPE","floor":16,"turns":8},{"damage":0,"enemies":"Chosen","floor":19,"turns":4},{"damage":10,"enemies":"downfall:FleeingMerchant","floor":20,"turns":4},{"damage":8,"enemies":"Snake Plant","floor":21,"turns":4},{"damage":18,"enemies":"3 Cultists","floor":25,"turns":4},{"damage":36,"enemies":"Sentry and Sphere","floor":26,"turns":7},{"damage":29,"enemies":"Snake Plant","floor":28,"turns":4},{"damage":51,"enemies":"Gremlin Leader","floor":31,"turns":3}],"seed_played":"-577327361636730427","potions_obtained":[{"floor":5,"key":"Guardian:BlockOnCardUsePotion"},{"floor":6,"key":"hexamod:InfernoChargePotion"},{"floor":11,"key":"sneckomod:MuddlingPotion"},{"floor":13,"key":"Fire Potion"},{"floor":16,"key":"AttackPotion"},{"floor":21,"key":"FearPotion"}],"is_trial":false,"path_per_floor":["R","M","M","?","M","E","T","$","M","?","M","M","M","$","M","B",null,"R","M","$","M","?","T","T","M","M","R","M","R","?","E"],"character_chosen":"THE_SPIRIT","items_purchased":["Mercury Hourglass","hexamod:FirstSeal"],"campfire_rested":2,"item_purchase_floors":[14,20],"current_hp_per_floor":[77,77,74,74,71,32,32,32,27,27,26,20,17,15,9,3,77,77,77,67,66,66,66,66,55,26,49,27,50,50,0,0,0],"gold":237,"neow_bonus":"TEN_PERCENT_HP_BONUS","is_daily":false,"chose_seed":false,"campfire_upgraded":2,"win_rate":0.0,"timestamp":1612486637,"path_taken":["R","M","?","?","M","E","T","$","?","?","M","M","M","$","M","BOSS","R","M","$","M","?","?","T","M","?","R","M","R","?","E"],"items_purchased_type":["Relic","Card"],"build_version":"2020-12-22","purchased_purges":1,"victory":false,"max_hp_per_floor":[77,77,77,77,77,77,77,77,77,77,77,77,77,77,77,77,77,77,77,77,77,77,77,77,77,77,77,77,77,77,77,77,77],"card_choices":[{"not_picked":["hexamod:InspiringFlames","hexamod:SpectralAdrenaline"],"picked":"hexamod:BurningTouch","floor":2},{"not_picked":["hexamod:NightmareGuise","hexamod:HeatShield","hexamod:GhostLash"],"picked":"SKIP","floor":3},{"not_picked":["hexamod:GhostLash","hexamod:Rewind","hexamod:NightmareGuise"],"picked":"SKIP","floor":5},{"not_picked":["hexamod:NightmareGuise","hexamod:Haunt"],"picked":"hexamod:EmpoweredFlame","floor":6},{"not_picked":["hexamod:BurningTouch","hexamod:ThermalTransfer"],"picked":"hexamod:AdvancingGuard","floor":8},{"not_picked":["hexamod:GhostOfSpireFuture","hexamod:Hexaguard"],"picked":"hexamod:HauntingEcho","floor":9},{"not_picked":["hexamod:NecessarySacrifice","hexamod:Haunt","hexamod:SpectersWail"],"picked":"SKIP","floor":11},{"not_picked":["hexamod:HauntingEcho","hexamod:SixthSeal","hexamod:GhostLash"],"picked":"SKIP","floor":12},{"not_picked":["hexamod:Incineration","hexamod:SwordOfDarkness","hexamod:GhostShield"],"picked":"SKIP","floor":13},{"not_picked":["hexamod:BacktrackSmack","hexamod:SwordOfDarkness"],"picked":"hexamod:InspiringFlames","floor":14},{"not_picked":["hexamod:ShieldOfDarkness","hexamod:RecurringNightmare","hexamod:GhostOfSpireFuture"],"picked":"SKIP","floor":15},{"not_picked":["hexamod:SixthSeal","hexamod:ParanormalForm"],"picked":"hexamod:GhostflameInferno","floor":16},{"not_picked":["hexamod:Rewind","hexamod:RetreatToShadows","hexamod:BurningTouch"],"picked":"SKIP","floor":19},{"not_picked":["hexamod:SixthSeal","hexamod:GhostShield","hexamod:ChargedBarrage"],"picked":"SKIP","floor":20},{"not_picked":["hexamod:AdvancingGuard","hexamod:SwordOfDarkness+1","hexamod:NecessarySacrifice+1"],"picked":"SKIP","floor":21},{"not_picked":["hexamod:Haunt+1","hexamod:NightmareGuise"],"picked":"hexamod:EmpoweredFlame+1","floor":25},{"not_picked":["hexamod:Incineration+1","hexamod:FourthSeal"],"picked":"hexamod:SoulSteal","floor":26},{"not_picked":["hexamod:Hexaguard","hexamod:SwordOfDarkness"],"picked":"hexamod:RadiantFlame+1","floor":28}],"player_experience":595829,"relics_obtained":[{"floor":6,"key":"Vajra"},{"floor":23,"key":"Sundial"},{"floor":24,"key":"Frozen Egg 2"}],"event_choices":[],"is_beta":false,"boss_relics":[{"not_picked":["Snecko Eye","bronze:MakeshiftBattery"],"picked":"hexamod:UnbrokenSoul"}],"items_purged_floors":[8],"is_endless":false,"potions_floor_spawned":[5,6,11,12,13,15,16,19,21,25],"killed_by":"Gremlin Leader","ascension_level":0}}