{"host":"cxvb37eaaiijvrl4","time":1612507242,"event":{"mods":["ATMod(阿瑾Mod)","BaseMod","Better Third Choice","Minty Spire (QoL Compilation)","MostiFishMod","Quick Restart","Rare Cards Sparkle","Shop Mod","Spicy Shops","StSLib","TestMod","Uncapped","残留之物"],"gold_per_floor":[114,131,56,56,67,67,95,95,148,167,167,187,206,232,232,309,309,322,97,497,511,528,561,561,589,616,616,616,647,647,162,162,236,236,249,49,49,63,74,74,105,105,105,135,135,168,168,22,22,22,22,22,22,22,48,48],"floor_reached":57,"language":"ZHS","playtime":1276,"items_purged":["Survivor","Strike_G","Strike_G","Strike_G","Defend_G","Defend_G","Defend_G"],"score":4983,"play_id":"a25daaa9-597d-4fe1-93a2-166efdf87080","local_time":"20210204224042","is_ascension_mode":true,"campfire_choices":[{"data":"Neutralize","floor":6,"key":"SMITH"},{"data":"MostiFishMod:GrandStart","floor":8,"key":"SMITH"},{"data":"Blade Dance","floor":15,"key":"SMITH"},{"data":"Phantasmal Killer","floor":24,"key":"SMITH"},{"data":"MostiFishMod:WinterMarkForm","floor":27,"key":"SMITH"},{"data":"MostiFishMod:HiddenBlade","floor":30,"key":"SMITH"},{"data":"Backflip","floor":32,"key":"SMITH"},{"data":"Adrenaline","floor":40,"key":"SMITH"},{"data":"Acrobatics","floor":42,"key":"SMITH"},{"data":"Defend_G","floor":45,"key":"SMITH"},{"data":"AT_EssenceShift","floor":47,"key":"SMITH"},{"floor":49,"key":"RECALL"},{"floor":53,"key":"REST"}],"circlet_count":0,"master_deck":["AscendersBane","Defend_G+1","AT_DivineConfetti+1","Backflip+1","Tactician+1","MostiFishMod:GrandStart+1","Blade Dance+1","Phantasmal Killer+1","MostiFishMod:PerfectParry+1","MostiFishMod:WinterMarkForm+1","MostiFishMod:HiddenBlade+1","Adrenaline+1","Acrobatics+1","AT_EssenceShift+1","Adrenaline"],"relics":["AT_ATBox","BirthdayGift-Tetrahedron","testmod-Temperance","PlaceholderMod:LiveLive","SynthV:TestCard","DaveBox","Ginger","testmod-TimeTraveler","AT_ChloranthyRing","GreenFoldingFan","Turnip","AT_EbonyIvory","MerchantsRug","Medical Kit","Pen Nib"],"acts_visited":["Exordium","TheCity","TheBeyond","TheEnding"],"potions_floor_usage":[],"damage_taken":[{"damage":2,"enemies":"Cultist","floor":1,"turns":2},{"damage":2,"enemies":"2 Louse","floor":2,"turns":2},{"damage":3,"enemies":"Small Slimes","floor":5,"turns":2},{"damage":6,"enemies":"3 Sentries","floor":7,"turns":3},{"damage":0,"enemies":"3 Louse","floor":10,"turns":1},{"damage":0,"enemies":"Looter","floor":12,"turns":1},{"damage":0,"enemies":"Exordium Thugs","floor":13,"turns":1},{"damage":0,"enemies":"Gremlin Nob","floor":14,"turns":1},{"damage":4,"enemies":"Hexaghost","floor":16,"turns":3},{"damage":0,"enemies":"3 Byrds","floor":18,"turns":1},{"damage":0,"enemies":"2 Thieves","floor":21,"turns":1},{"damage":0,"enemies":"Sentry and Sphere","floor":22,"turns":1},{"damage":4,"enemies":"Gremlin Leader","floor":23,"turns":3},{"damage":0,"enemies":"Slavers","floor":25,"turns":1},{"damage":2,"enemies":"Book of Stabbing","floor":29,"turns":2},{"damage":4,"enemies":"Collector","floor":33,"turns":3},{"damage":6,"enemies":"3 Shapes","floor":35,"turns":2},{"damage":2,"enemies":"3 Darklings","floor":38,"turns":1},{"damage":6,"enemies":"Transient","floor":39,"turns":2},{"damage":10,"enemies":"Reptomancer","floor":41,"turns":3},{"damage":2,"enemies":"Nemesis","floor":44,"turns":1},{"damage":2,"enemies":"Reptomancer","floor":46,"turns":1},{"damage":6,"enemies":"Awakened One","floor":50,"turns":2},{"damage":6,"enemies":"Donu and Deca","floor":51,"turns":2},{"damage":6,"enemies":"Shield and Spear","floor":55,"turns":2},{"damage":2,"enemies":"The Heart","floor":56,"turns":1}],"seed_played":"-7799505072482752785","potions_obtained":[{"floor":5,"key":"SteroidPotion"},{"floor":12,"key":"PowerPotion"},{"floor":35,"key":"Block Potion"},{"floor":39,"key":"PowerPotion"}],"is_trial":false,"path_per_floor":["M","M","$","?","M","R","E","R","T","M","?","M","M","E","R","B",null,"M","$","?","M","M","E","R","E","T","R","?","E","R","$","R","B",null,"M","$","?","M","M","R","E","R","T","E","R","E","R","$","R","B","B",null,"R","$","E","B",null],"character_chosen":"THE_SILENT","items_purchased":["Blood Vial","MerchantsRug","Medical Kit"],"campfire_rested":1,"item_purchase_floors":[31,48,48],"current_hp_per_floor":[57,55,55,55,52,52,46,46,46,46,46,46,46,46,46,42,60,60,60,60,60,60,56,56,56,56,56,56,54,54,54,54,52,63,66,66,63,63,63,63,63,63,63,63,63,63,63,63,63,63,63,63,63,63,63,63],"gold":48,"neow_bonus":"BOSS_RELIC","is_daily":false,"chose_seed":false,"campfire_upgraded":11,"win_rate":0.0,"timestamp":1612507242,"path_taken":["M","?","?","?","M","R","E","R","T","M","?","M","M","E","R","BOSS","M","$","?","M","M","E","R","E","T","R","?","E","R","$","R","BOSS","M","$","?","M","M","R","E","R","T","E","R","E","R","$","R","BOSS","BOSS","R","$","E","BOSS"],"items_purchased_type":["Relic","Relic","Relic"],"build_version":"2020-12-22","purchased_purges":7,"victory":true,"max_hp_per_floor":[66,66,66,66,66,66,66,66,66,66,66,66,66,66,66,66,66,66,66,66,66,66,66,66,66,66,66,66,66,66,66,66,66,66,66,66,63,63,63,63,63,63,63,63,63,63,63,63,63,63,63,63,63,63,63,63],"card_choices":[{"not_picked":["PiercingWail","Underhanded Strike"],"picked":"Backflip","floor":1},{"not_picked":["Dagger Throw","AT_TinkerSharpsword","Footwork","Slice"],"picked":"Tactician","floor":2},{"not_picked":["Quick Slash","Dodge and Roll","Prepared","Expertise","AT_ThistleTea"],"picked":"SKIP","floor":5},{"not_picked":["Underhanded Strike","AT_ArcaneSupremacy","Deadly Poison","Flechettes"],"picked":"MostiFishMod:GrandStart","floor":7},{"not_picked":["Prepared","Flying Knee","MostiFishMod:PoisonShield","Underhanded Strike"],"picked":"Blade Dance","floor":10},{"not_picked":["Heel Hook","Blade Dance","Cloak And Dagger","All Out Attack","PiercingWail"],"picked":"SKIP","floor":12},{"not_picked":["MostiFishMod:PoisonShield","Crippling Poison","Distraction","Dagger Spray","AT_TinkerSharpsword"],"picked":"SKIP","floor":13},{"not_picked":["Expertise","AT_WindFlip","Eviscerate","Bane","Flying Knee"],"picked":"SKIP","floor":14},{"not_picked":["AT_KingSlayer","Tools of the Trade","Bullet Time","MostiFishMod:Wind"],"picked":"Phantasmal Killer","floor":16},{"not_picked":["Poisoned Stab","Eviscerate","Backflip","Deflect","Tactician"],"picked":"SKIP","floor":18},{"not_picked":["Sucker Punch","Calculated Gamble","Concentrate","Dodge and Roll"],"picked":"MostiFishMod:PerfectParry+1","floor":21},{"not_picked":["Blur","Slice","MostiFishMod:PerfectParry","Quick Slash","Dagger Throw"],"picked":"SKIP","floor":22},{"not_picked":["Cloak And Dagger+1","Dodge and Roll","Slice","Deflect"],"picked":"MostiFishMod:WinterMarkForm","floor":23},{"not_picked":["Blade Dance","Flechettes","Bullet Time","Quick Slash","Outmaneuver"],"picked":"SKIP","floor":25},{"not_picked":["Doppelganger","AT_WomanClash","MostiFishMod:PerfectParry","Dagger Throw"],"picked":"MostiFishMod:HiddenBlade","floor":29},{"not_picked":["Malaise","Bullet Time","AT_KingSlayer","Burst"],"picked":"Adrenaline","floor":33},{"not_picked":["Prepared","Sucker Punch","AT_TinkerSharpsword+1","Outmaneuver","Flying Knee"],"picked":"SKIP","floor":35},{"not_picked":["Prepared","Sucker Punch","AT_TinkerSharpsword+1","Outmaneuver","Flying Knee"],"picked":"SKIP","floor":35},{"not_picked":["Crippling Poison","Tactician","Cloak And Dagger+1","Bane","MostiFishMod:PerfectParry"],"picked":"SKIP","floor":38},{"not_picked":["Crippling Poison","Tactician","Cloak And Dagger+1","Bane","MostiFishMod:PerfectParry"],"picked":"SKIP","floor":38},{"not_picked":["Dagger Throw+1","Flying Knee+1","Flechettes+1","AT_WindFlip+1","PiercingWail"],"picked":"SKIP","floor":39},{"not_picked":["Distraction","Poisoned Stab","Cloak And Dagger+1","After Image"],"picked":"Acrobatics","floor":41},{"not_picked":["Quick Slash","Backflip","Distraction","Terror","MostiFishMod:ThornCasing"],"picked":"SKIP","floor":44},{"not_picked":["Slice","Skewer","Sucker Punch+1","Deadly Poison"],"picked":"AT_EssenceShift","floor":46},{"not_picked":["Tactician+1","Slice","AT_Desolate+1","Envenom"],"picked":"Adrenaline","floor":55}],"player_experience":746893,"relics_obtained":[{"floor":1,"key":"SynthV:TestCard"},{"floor":7,"key":"testmod-Antiphasic"},{"floor":11,"key":"Ginger"},{"floor":14,"key":"Toy Ornithopter"},{"floor":23,"key":"AT_ChloranthyRing"},{"floor":25,"key":"Calipers"},{"floor":26,"key":"Tiny Chest"},{"floor":29,"key":"Unceasing Top"},{"floor":41,"key":"Dream Catcher"},{"floor":43,"key":"Turnip"},{"floor":44,"key":"AT_EbonyIvory"},{"floor":46,"key":"AT_RedTearstoneRing"},{"floor":55,"key":"Pen Nib"}],"event_choices":[{"damage_healed":0,"gold_gain":0,"player_choice":"Swap Relic","damage_taken":0,"relics_obtained":["DaveBox"],"max_hp_gain":0,"max_hp_loss":0,"event_name":"给自己的盒子","floor":4,"relics_lost":["DaveBox"],"gold_loss":0},{"damage_healed":0,"gold_gain":0,"player_choice":"Relic","damage_taken":0,"max_hp_gain":0,"max_hp_loss":0,"event_name":"Wheel of Change","floor":11,"gold_loss":0},{"damage_healed":0,"gold_gain":400,"player_choice":"Sell","damage_taken":0,"max_hp_gain":0,"max_hp_loss":0,"event_name":"恩洛斯的盘子","floor":20,"relics_lost":["testmod-TestBox"],"gold_loss":0},{"damage_healed":0,"gold_gain":0,"player_choice":"Ignored","damage_taken":0,"max_hp_gain":0,"max_hp_loss":0,"event_name":"The Mausoleum","floor":28,"gold_loss":0},{"damage_healed":0,"gold_gain":0,"player_choice":"Max HP","damage_taken":0,"max_hp_gain":0,"max_hp_loss":3,"event_name":"Winding Halls","floor":37,"gold_loss":0}],"is_beta":false,"boss_relics":[{"not_picked":["testmod-PortableAltar","testmod-BatchProcessingSystem"],"picked":"testmod-TimeTraveler"},{"not_picked":["testmod-IncinerationGenerator","HereWithMe"],"picked":"GreenFoldingFan"}],"items_purged_floors":[3,19,19,31,31,36,48],"is_endless":false,"potions_floor_spawned":[5,12,13,14,18,21,25,35,39],"ascension_level":20}}