{"host":"rq7gz685gkaokql0","time":1612495640,"event":{"mods":["BaseMod","Hubris","Infinite Spire","Minty Spire (QoL Compilation)","Replay The Spire","StSLib"],"gold_per_floor":[118,118,56,56,26,58,58,99,149,192,192,218,242,269,269,349,349,372,393,461,497,506,506,506,506],"floor_reached":24,"language":"ENG","playtime":781,"items_purged":[],"score":520,"play_id":"ea92f0ce-1368-49b1-9aee-2162135e87e8","local_time":"20210204172720","is_ascension_mode":true,"campfire_choices":[{"floor":7,"key":"DIG"},{"floor":11,"key":"DIG"},{"floor":15,"key":"DIG"},{"floor":23,"key":"REST"}],"circlet_count":0,"master_deck":["AscendersBane","Strike_G","Strike_G","Strike_G","Strike_G","Strike_G","Defend_G","Defend_G+1","Defend_G","Defend_G","Defend_G","Survivor","Neutralize","Crippling Poison+1","Dagger Spray","Toxin Wave","Fluid Movement","All Out Attack","Blade Dance+1","Regret","Pot Of Greed+1","Pot Of Greed+1","infinitespire:Neurotoxin+1","Cloak And Dagger+1","Flying Knee","Languid","Pot Of Greed+1","Deflect+1","Pain"],"relics":["Ring of the Snake","NeowsBlessing","Shovel","Lantern","CeramicFish","hubris:Reverence","Orichalcum","hubris:SlimyHat","Toxic Egg 2","Grinning Jar","War Paint","hubris:VirtuousBlindfold","Ring of Greed","The Courier","MealTicket","ReplayTheSpireMod:Ring of Challenge","Red Mask","WarpedTongs"],"acts_visited":["Exordium","TheCity"],"potions_floor_usage":[10,16,24,24],"damage_taken":[{"damage":0,"enemies":"Jaw Worm","floor":1,"turns":1},{"damage":0,"enemies":"Gremlin Nob","floor":6,"turns":1},{"damage":0,"enemies":"Lagavulin","floor":8,"turns":1},{"damage":10,"enemies":"3 Sentries","floor":10,"turns":6},{"damage":0,"enemies":"Cultist","floor":12,"turns":4},{"damage":0,"enemies":"2 Louse","floor":13,"turns":1},{"damage":38,"enemies":"Slime Boss","floor":16,"turns":10},{"damage":1,"enemies":"3 Byrds","floor":18,"turns":3},{"damage":8,"enemies":"Spheric Guardian","floor":19,"turns":5},{"damage":26,"enemies":"Masked Bandits","floor":21,"turns":4},{"damage":37,"enemies":"Book of Stabbing","floor":24,"turns":5}],"seed_played":"3564447882842563555","potions_obtained":[{"floor":1,"key":"AttackPotion"},{"floor":5,"key":"FearPotion"},{"floor":16,"key":"Flashbang"},{"floor":18,"key":"Languid Potion"}],"is_trial":false,"path_per_floor":["M","$","?","$","?","E","R","E","T","E","R","M","M","?","R","B",null,"M","M","?","?","?","R","E"],"character_chosen":"THE_SILENT","items_purchased":[],"campfire_rested":1,"item_purchase_floors":[],"current_hp_per_floor":[59,59,59,59,59,59,59,59,59,49,49,49,49,49,49,11,52,51,43,43,17,17,36,0,0],"gold":506,"neow_bonus":"THREE_ENEMY_KILL","is_daily":false,"chose_seed":false,"campfire_upgraded":0,"win_rate":0.0,"timestamp":1612495640,"path_taken":["M","$","?","?","?","E","R","E","T","E","R","?","M","?","R","BOSS","M","M","?","?","?","R","E"],"items_purchased_type":[],"build_version":"2020-12-22","purchased_purges":0,"victory":false,"max_hp_per_floor":[66,66,66,66,66,66,66,66,66,66,66,66,66,66,66,66,66,66,66,66,66,66,66,66,66],"card_choices":[{"not_picked":["Blade Dance","hubris:Sniper"],"picked":"Crippling Poison","floor":1},{"not_picked":["Blade Dance","hubris:SlightOfHand"],"picked":"Dagger Spray","floor":6},{"not_picked":["Backflip","Quick Slash"],"picked":"Toxin Wave","floor":8},{"not_picked":["Outmaneuver","Slice"],"picked":"Fluid Movement","floor":10},{"not_picked":["Backstab","Skewer"],"picked":"All Out Attack","floor":12},{"not_picked":["Predator","Quick Slash"],"picked":"Blade Dance+1","floor":13},{"not_picked":["Tools of the Trade","Bullet Time+1"],"picked":"infinitespire:Neurotoxin+1","floor":16},{"not_picked":["All Out Attack","Acrobatics+1"],"picked":"Cloak And Dagger+1","floor":18},{"not_picked":["Finisher","Eviscerate"],"picked":"Flying Knee","floor":19},{"not_picked":["Hidden Blade+1","Prepared+1"],"picked":"Deflect+1","floor":21}],"player_experience":1250343,"relics_obtained":[{"floor":6,"key":"Lantern"},{"floor":7,"key":"CeramicFish"},{"floor":8,"key":"hubris:Reverence"},{"floor":9,"key":"Orichalcum"},{"floor":10,"key":"hubris:SlimyHat"},{"floor":11,"key":"Toxic Egg 2"},{"floor":15,"key":"War Paint"},{"floor":20,"key":"Ring of Greed"},{"floor":20,"key":"The Courier"},{"floor":20,"key":"MealTicket"},{"floor":20,"key":"ReplayTheSpireMod:Ring of Challenge"},{"floor":21,"key":"Red Mask"}],"event_choices":[{"damage_healed":0,"gold_gain":0,"player_choice":"Paid Gold","damage_taken":0,"relics_obtained":["Shovel"],"max_hp_gain":0,"max_hp_loss":0,"event_name":"WeMeetAgain","floor":3,"gold_loss":62},{"damage_healed":0,"gold_gain":0,"player_choice":"Bought 2 Potions","damage_taken":0,"max_hp_gain":0,"max_hp_loss":0,"event_name":"The Woman in Blue","floor":5,"gold_loss":0},{"damage_healed":0,"gold_gain":0,"player_choice":"Box","damage_taken":0,"relics_obtained":["Grinning Jar"],"max_hp_gain":0,"max_hp_loss":0,"event_name":"Big Fish","floor":14,"gold_loss":0,"cards_obtained":["Regret"]},{"damage_healed":0,"gold_gain":0,"player_choice":"Fought Bandits","damage_taken":0,"max_hp_gain":0,"max_hp_loss":0,"event_name":"Masked Bandits","floor":21,"gold_loss":0},{"damage_healed":0,"gold_gain":0,"player_choice":"Rummage","damage_taken":0,"relics_obtained":["WarpedTongs"],"max_hp_gain":0,"max_hp_loss":0,"event_name":"Accursed Blacksmith","floor":22,"gold_loss":0,"cards_obtained":["Pain"]}],"is_beta":false,"boss_relics":[{"not_picked":["Ectoplasm","hubris:CrackedHourglass"],"picked":"hubris:VirtuousBlindfold"}],"items_purged_floors":[],"is_endless":false,"potions_floor_spawned":[1,6,16,18,19],"killed_by":"Book of Stabbing","ascension_level":20}}