{"host":"dvdvdvm357cut69v","time":1612535335,"event":{"mods":["BaseMod","Minty Spire (QoL Compilation)","Replay The Spire","StSLib"],"gold_per_floor":[114,178,193,158,138,168,168,183,208,238,238,268,293,318,318,424,424,447,447,472,571,49,89,14,62,87,87,127,27,27,71,71,183,183,202,233,233,233,8,8,46,46,46,88,111,141,141,181,181,199],"floor_reached":51,"language":"ENG","playtime":2530,"items_purged":["Strike_P+1"],"score":1053,"play_id":"7d10677a-fe5c-4d2f-9cfc-11f11a0be79c","local_time":"20210205172855","daily_mods":["Specialized","ControlledChaos","Elite Swarm"],"is_ascension_mode":false,"campfire_choices":[{"data":"Vault","floor":7,"key":"SMITH"},{"floor":27,"key":"REST"},{"floor":32,"key":"REST"},{"floor":40,"key":"REST"},{"floor":42,"key":"REST"},{"floor":49,"key":"REST"}],"circlet_count":0,"master_deck":["Strike_P","Strike_P","Strike_P","Defend_P","Defend_P","Defend_P","Eruption","Vigilance","Brilliance","Brilliance+1","Brilliance","Brilliance","Brilliance","Nirvana","CutThroughFate","TalkToTheHand","DevaForm","Vault+1","Establishment+1","ConjureBlade","Crescendo","CurseOfTheBell","Prostrate","ClearTheMind+1","Replay:AtTheReady","Alpha","Scrawl+1","Omniscience+1","SpiritShield+1","Wireheading+1","Amnesia","Scrawl+1","Scrawl+1","Devotion"],"relics":["PureWater","Frozen Eye","ReplayFunnel","Damaru","Pen Nib","Lantern","Incense Burner","Replay:Bandana","Calling Bell","Juzu Bracelet","Blue Candle","Calipers","Bottled Tornado","Chemical X","Vajra","Toxic Egg 2","Simple Rune","Replay:Mystery Machine","Turnip","SacredBark","ReplayTheSpireMod:Ring of Addiction","Toy Ornithopter","Potion Belt","Strange Spoon","GoldenEye","White Beast Statue","Replay:Accelerometer","Dream Catcher","Ice Cream"],"acts_visited":["Exordium","TheCity","TheBeyond"],"potions_floor_usage":[20,25,31,33,36,44,45,46,50,50,50],"damage_taken":[{"damage":0,"enemies":"2 Louse","floor":1,"turns":1},{"damage":0,"enemies":"Small Slimes","floor":3,"turns":2},{"damage":17,"enemies":"3 Sentries","floor":6,"turns":6},{"damage":0,"enemies":"Cultist","floor":8,"turns":2},{"damage":18,"enemies":"Replay:BlueRogue","floor":10,"turns":3},{"damage":0,"enemies":"Lagavulin","floor":12,"turns":4},{"damage":0,"enemies":"Exordium Wildlife","floor":14,"turns":2},{"damage":11,"enemies":"Fading Forest","floor":16,"turns":12},{"damage":11,"enemies":"Spheric Guardian","floor":18,"turns":5},{"damage":0,"enemies":"2 Thieves","floor":20,"turns":3},{"damage":9,"enemies":"Replay:Snechameleon","floor":23,"turns":5},{"damage":18,"enemies":"Gremlin Leader","floor":25,"turns":5},{"damage":10,"enemies":"Book of Stabbing","floor":28,"turns":4},{"damage":32,"enemies":"Slavers","floor":31,"turns":4},{"damage":6,"enemies":"Pondfish","floor":33,"turns":8},{"damage":9,"enemies":"3 Shapes","floor":35,"turns":5},{"damage":3,"enemies":"3 Darklings","floor":36,"turns":3},{"damage":14,"enemies":"Nemesis","floor":41,"turns":8},{"damage":1,"enemies":"Reptomancer","floor":44,"turns":4},{"damage":1,"enemies":"Transient","floor":45,"turns":6},{"damage":2,"enemies":"R_Hoarder","floor":46,"turns":5},{"damage":12,"enemies":"Reptomancer","floor":48,"turns":4},{"damage":1,"enemies":"Replay:Hell Engine","floor":50,"turns":3}],"seed_played":"-8643747277835071688","potions_obtained":[{"floor":1,"key":"PowerPotion"},{"floor":2,"key":"Reflective Coating"},{"floor":5,"key":"Weak Potion"},{"floor":6,"key":"Flashbang"},{"floor":20,"key":"SpeedPotion"},{"floor":35,"key":"LiquidMemories"},{"floor":38,"key":"AttackPotion"},{"floor":38,"key":"BlessingOfTheForge"},{"floor":38,"key":"Elixir"},{"floor":41,"key":"FairyPotion"},{"floor":44,"key":"Energy Potion"},{"floor":45,"key":"LiquidMemories"},{"floor":46,"key":"SpeedPotion"},{"floor":47,"key":"DuplicationPotion"}],"is_trial":false,"path_per_floor":["M","?","M","?","?","E","R","M","T","E","?","E","T","M","R","B",null,"M","?","M","?","$","E","?","E","T","R","E","$","$","E","R","B",null,"M","M","?","?","$","R","E","R","T","E","M","E","?","E","R","B",null],"character_chosen":"WATCHER","items_purchased":["Bottled Tornado","Chemical X","Replay:AtTheReady","Cursed Concoction","DistilledChaos","Strange Spoon"],"campfire_rested":5,"item_purchase_floors":[22,22,22,29,39,39],"current_hp_per_floor":[72,54,54,72,72,55,55,55,55,37,37,37,37,37,58,61,72,61,61,61,61,61,52,52,34,34,55,45,45,45,13,34,28,72,63,60,60,60,60,72,58,70,70,70,70,70,70,58,70,68],"gold":199,"neow_bonus":"","is_daily":true,"chose_seed":false,"campfire_upgraded":1,"win_rate":0.0,"timestamp":1612535335,"path_taken":["M","?","?","?","?","E","R","?","T","E","?","E","?","?","R","BOSS","M","?","M","?","$","E","?","E","T","R","E","?","$","E","R","BOSS","M","M","?","?","$","R","E","R","T","E","M","E","?","E","R","BOSS"],"items_purchased_type":["Relic","Relic","Card","Potion","Potion","Relic"],"build_version":"2020-12-13","purchased_purges":1,"victory":true,"max_hp_per_floor":[72,72,72,72,72,72,72,72,72,72,72,72,72,72,72,72,72,72,72,72,72,72,72,72,72,72,72,72,72,72,72,72,72,72,72,72,72,72,72,72,72,70,70,70,70,70,70,70,70,68],"card_choices":[{"not_picked":["BattleHymn","FollowUp"],"picked":"Nirvana","floor":1},{"not_picked":["CrushJoints","SashWhip"],"picked":"CutThroughFate","floor":2},{"not_picked":["Fasting2","CrushJoints"],"picked":"TalkToTheHand","floor":2},{"not_picked":["FlurryOfBlows","Replay:ManipulateFuture"],"picked":"DevaForm","floor":3},{"not_picked":["Ragnarok","Replay:LoomingThreat"],"picked":"Vault","floor":6},{"not_picked":["Crescendo","CrushJoints","FlyingSleeves"],"picked":"SKIP","floor":8},{"not_picked":["Replay:AllIn","Alpha"],"picked":"Establishment","floor":10},{"not_picked":["Replay:AllIn","Omniscience"],"picked":"ConjureBlade","floor":12},{"not_picked":["CrushJoints","Wallop"],"picked":"Crescendo","floor":14},{"not_picked":["WheelKick+1","JustLucky"],"picked":"Prostrate","floor":18},{"not_picked":["Blasphemy","PathToVictory"],"picked":"ClearTheMind+1","floor":20},{"not_picked":["MasterReality","Brilliance"],"picked":"Alpha","floor":23},{"not_picked":["Brilliance","Judgement+1"],"picked":"Scrawl+1","floor":25},{"not_picked":["Alpha+1","DeusExMachina+1"],"picked":"Omniscience+1","floor":28},{"not_picked":["DeusExMachina+1","Ragnarok"],"picked":"SpiritShield+1","floor":31},{"not_picked":["WheelKick","SashWhip+1"],"picked":"Wireheading+1","floor":35},{"not_picked":["TalkToTheHand","CrushJoints","BowlingBash"],"picked":"SKIP","floor":36},{"not_picked":["Brilliance","SpiritShield+1"],"picked":"Scrawl+1","floor":41},{"not_picked":["Replay:LoomingThreat","Omniscience+1"],"picked":"Scrawl+1","floor":44},{"not_picked":["EmptyFist+1","Sanctity+1","Crescendo+1"],"picked":"SKIP","floor":45},{"not_picked":["Wish+1","SpiritShield+1"],"picked":"Devotion","floor":46},{"not_picked":["Alpha+1","Judgement+1","Wish+1"],"picked":"SKIP","floor":48}],"player_experience":116703,"relics_obtained":[{"floor":2,"key":"ReplayFunnel"},{"floor":6,"key":"Damaru"},{"floor":9,"key":"Pen Nib"},{"floor":10,"key":"Lantern"},{"floor":12,"key":"Incense Burner"},{"floor":13,"key":"Replay:Bandana"},{"floor":17,"key":"Juzu Bracelet"},{"floor":17,"key":"Blue Candle"},{"floor":17,"key":"Calipers"},{"floor":23,"key":"Vajra"},{"floor":25,"key":"Toxic Egg 2"},{"floor":26,"key":"Simple Rune"},{"floor":28,"key":"Replay:Mystery Machine"},{"floor":31,"key":"Turnip"},{"floor":38,"key":"ReplayTheSpireMod:Ring of Addiction"},{"floor":38,"key":"Toy Ornithopter"},{"floor":38,"key":"Potion Belt"},{"floor":41,"key":"GoldenEye"},{"floor":43,"key":"White Beast Statue"},{"floor":44,"key":"Replay:Accelerometer"},{"floor":46,"key":"Dream Catcher"},{"floor":48,"key":"Ice Cream"}],"event_choices":[{"damage_healed":18,"gold_gain":0,"player_choice":"Healed","damage_taken":0,"max_hp_gain":0,"max_hp_loss":0,"event_name":"The Cleric","floor":4,"gold_loss":35},{"damage_healed":0,"gold_gain":0,"player_choice":"Bought 1 Potion","damage_taken":0,"max_hp_gain":0,"max_hp_loss":0,"event_name":"The Woman in Blue","floor":5,"gold_loss":0},{"damage_healed":0,"gold_gain":0,"player_choice":"Grow","damage_taken":0,"max_hp_gain":0,"max_hp_loss":0,"event_name":"Living Wall","floor":11,"gold_loss":0,"cards_upgraded":["Establishment"]},{"damage_healed":0,"gold_gain":0,"player_choice":"Simplicity","damage_taken":0,"max_hp_gain":0,"max_hp_loss":0,"event_name":"Back to Basics","floor":19,"gold_loss":0,"cards_upgraded":["Strike_P","Strike_P","Strike_P","Strike_P","Defend_P","Defend_P","Defend_P","Defend_P"]},{"damage_healed":0,"gold_gain":99,"player_choice":"Stole From Cult","damage_taken":0,"max_hp_gain":0,"max_hp_loss":0,"event_name":"Nest","floor":21,"gold_loss":0},{"cards_removed":["Defend_P"],"damage_healed":0,"gold_gain":0,"player_choice":"Gave Gold","damage_taken":0,"max_hp_gain":0,"max_hp_loss":0,"event_name":"Beggar","floor":24,"gold_loss":75},{"damage_healed":0,"gold_gain":0,"player_choice":"Ignored","damage_taken":0,"max_hp_gain":0,"max_hp_loss":0,"event_name":"Mysterious Sphere","floor":37,"gold_loss":0},{"damage_healed":0,"gold_gain":0,"player_choice":"Got Potions","damage_taken":0,"max_hp_gain":0,"max_hp_loss":0,"event_name":"Lab","floor":47,"gold_loss":0}],"is_beta":false,"boss_relics":[{"not_picked":["Ectoplasm","Astrolabe"],"picked":"Calling Bell"},{"not_picked":["Painkiller Herb","Velvet Choker"],"picked":"SacredBark"}],"items_purged_floors":[22],"is_endless":false,"potions_floor_spawned":[1,6,10,14,16,20,35,41,44,45,46,48],"ascension_level":0}}