{"host":"bcxgpd1eu8czocm9","time":1612537578,"event":{"mods":["BaseMod","Downfall","Minty Spire (QoL Compilation)","Quick Restart","Replay The Spire","Spicy Shops","StSLib","¡¾ÒÅÎï¿¨ÅÆ¡¿REMEMod"],"gold_per_floor":[119,133,152,163,7,36,36,71,71,71,84,119,119,130,130,228,228,238,251,27,41,59,89,89,180,249,288,288,563,563,611,611,738,738,960,1187,1187,611,691,959,1014,1014,1041,563,983,1433,1857,1429,1429,1701,1701,1701,1357,1591,1675],"floor_reached":56,"language":"ZHS","playtime":2398,"items_purged":["Defend_G","Defend_G","Amnesia"],"score":1735,"play_id":"9513b5d9-550f-4da4-af6f-fb1623a37425","local_time":"20210205230618","is_ascension_mode":false,"campfire_choices":[{"data":"LessonLearned","floor":13.0,"key":"SMITH"},{"data":"Cloak And Dagger","floor":15.0,"key":"SMITH"},{"data":"Atom Bomb","floor":24.0,"key":"SMITH"},{"data":"REME_GreenPollution","floor":30.0,"key":"SMITH"},{"floor":32.0,"key":"RECALL"},{"data":"Sadistic Nature","floor":42,"key":"SMITH"},{"data":"Accuracy","floor":49,"key":"SMITH"},{"data":"Well Laid Plans","floor":52,"key":"SMITH"}],"circlet_count":0,"master_deck":["Defend_G+1","Defend_G+1","Defend_G+1","Survivor","Neutralize+1","LessonLearned+1","Dagger Spray+1","PiercingWail","ReplayTheSpireMod:Speed Training","REME_GreenPollution+1","Acrobatics+1","downfall:Haunted","downfall:Haunted","Voices","Atom Bomb+1","Blade Dance+1","Cloak And Dagger+1","Blade Dance+1","Prepared","Die Die Die","Bane+1","Noxious Fumes","Blur+1","Slice+1","Acrobatics+1","Slimebound:Tackle+1","Slimebound:Tackle+1","Slimebound:Tackle+1","Regret","Adrenaline+1","Languid","Regret","Sadistic Nature+1","REME_MagicPocketWatch","Secret Weapon","Blade Dance+1","Hallucinations","Caltrops+1","Accuracy+1","Pot Of Greed","Pot Of Greed","Pot Of Greed","Pot Of Greed","Caltrops+1","Die Die Die","Bane","ReplayTheSpireMod:IOU","Spreading Infection","Backflip","Quick Slash+1","Blade Dance+1","Spreading Infection","Pot Of Greed","ReplayTheSpireMod:IOU","Dagger Throw","Slice","Malaise","ReplayTheSpireMod:IOU","Decay","Leg Sweep+1","Well Laid Plans+1","ReplayTheSpireMod:Tripwire+1","Decay","Pot Of Greed","REME_CurseOfMatryoshka","Deadly Poison+1","Dodge and Roll+1","Catalyst+1","Regret"],"relics":["Ring of the Snake","REME_ComplimentaryCards","Anchor","Garlic","Du-Vu Doll","ReplayTheSpireMod:Shallot","Replay:Kaleidoscope","TungstenRod","Tingsha","Coffee Dripper","Guardian:BottledAnomaly","Ancient Tea Set","REME_ArchaeologicalTools","REME_IWantAll","Singing Bowl","Darkstone Periapt","REME_DemonsWealth","BargainBundle","FossilizedHelix","Ginger","Thread and Needle","Ice Cream","Grinning Jar","Toolbox","hexamod:BolsterEngine","REME_CardOfGreed","Membership Card","Eternal Feather","War Paint","Basket Of Snakes","ReplayTheSpireMod:CursedCoin","Bird Faced Urn","Centennial Puzzle","HandDrill","Durian"],"acts_visited":["Exordium","TheCity","TheBeyond","TheEnding"],"potions_floor_usage":[55,55,55,55,55,55,55],"damage_taken":[{"damage":9.0,"enemies":"Cultist","floor":1.0,"turns":4.0},{"damage":1.0,"enemies":"2 Louse","floor":2.0,"turns":5.0},{"damage":4.0,"enemies":"Jaw Worm","floor":3.0,"turns":5.0},{"damage":3.0,"enemies":"Blue Slaver","floor":4.0,"turns":6.0},{"damage":11.0,"enemies":"3 Sentries","floor":6.0,"turns":7.0},{"damage":19.0,"enemies":"Gremlin Nob","floor":8.0,"turns":4.0},{"damage":0.0,"enemies":"Looter","floor":11.0,"turns":2.0},{"damage":2.0,"enemies":"Lagavulin","floor":12.0,"turns":4.0},{"damage":0.0,"enemies":"Lots of Slimes","floor":14.0,"turns":4.0},{"damage":19.0,"enemies":"Fading Forest","floor":16.0,"turns":11.0},{"damage":0.0,"enemies":"2 Thieves","floor":18.0,"turns":3.0},{"damage":5.0,"enemies":"Shell Parasite","floor":19.0,"turns":3.0},{"damage":0.0,"enemies":"Centurion and Healer","floor":21.0,"turns":3.0},{"damage":0.0,"enemies":"Snake Plant","floor":22.0,"turns":3.0},{"damage":0.0,"enemies":"REME_1_Revenger","floor":23.0,"turns":3.0},{"damage":3.0,"enemies":"Slavers","floor":25.0,"turns":3.0},{"damage":0.0,"enemies":"Sentry and Sphere","floor":27.0,"turns":3.0},{"damage":0.0,"enemies":"Gremlin Leader","floor":31.0,"turns":3.0},{"damage":8.0,"enemies":"Collector","floor":33.0,"turns":3.0},{"damage":0.0,"enemies":"Orb Walker","floor":35.0,"turns":1.0},{"damage":4.0,"enemies":"3 Shapes","floor":36.0,"turns":3.0},{"damage":5,"enemies":"Mind Bloom Boss Battle","floor":39,"turns":4},{"damage":0,"enemies":"R_Hoarder","floor":40,"turns":4},{"damage":2,"enemies":"2 Orb Walkers","floor":41,"turns":2},{"damage":0,"enemies":"Jaw Worm Horde","floor":45,"turns":2},{"damage":2,"enemies":"Reptomancer","floor":46,"turns":3},{"damage":0,"enemies":"Writhing Mass","floor":47,"turns":2},{"damage":48,"enemies":"Awakened One","floor":50,"turns":6},{"damage":0,"enemies":"Shield and Spear","floor":54,"turns":1},{"damage":30,"enemies":"The Heart","floor":55,"turns":5}],"seed_played":"2586526566694933502","potions_obtained":[{"floor":1.0,"key":"Fire Potion"},{"floor":8.0,"key":"EntropicBrew"},{"floor":14.0,"key":"ColorlessPotion"},{"floor":16.0,"key":"PowerPotion"},{"floor":18.0,"key":"Ancient Potion"},{"floor":19.0,"key":"REME_GoldPotion"},{"floor":21.0,"key":"Flashbang"},{"floor":47,"key":"EntropicBrew"}],"is_trial":false,"path_per_floor":["M","M","M","M","$","E","?","E","T","T","M","E","R","M","R","B",null,"M","M","$","M","M","E","R","E","T","M","?","?","R","E","R","B",null,"M","M","?","$","?","E","?","R","T","$","M","E","M","$","R","B",null,"R","$","E","B",null],"character_chosen":"THE_SILENT","items_purchased":["Anchor","Guardian:BottledAnomaly","Ancient Tea Set","BargainBundle","FossilizedHelix","REME_MagicPocketWatch","Secret Weapon","Accuracy","Grinning Jar","Toolbox","REME_CardOfGreed","Membership Card","Eternal Feather","War Paint","Basket Of Snakes","ReplayTheSpireMod:CursedCoin","Bird Faced Urn","Centennial Puzzle","HandDrill","CultistPotion"],"campfire_rested":0,"item_purchase_floors":[5,20,20,38,38,38,38,44,44,44,48,48,48,53,53,53,53,53,53,53],"current_hp_per_floor":[68,67,63,60,60,49,54,35,35,35,35,33,33,33,33,14,82,82,77,77,77,77,77,77,77,77,79,79,79,79,81,81,73,89,95,97,92,92,87,93,91,91,91,91,107,121,137,137,159,121,169,169,175,190,160],"gold":1675,"neow_bonus":"TEN_PERCENT_HP_BONUS","is_daily":false,"chose_seed":false,"campfire_upgraded":7,"win_rate":0.0,"timestamp":1612537578,"path_taken":["M","M","M","?","$","E","?","E","T","?","M","E","R","M","R","BOSS","M","M","$","M","M","E","R","E","T","M","?","?","R","E","R","BOSS","M","?","?","$","?","E","?","R","T","$","M","E","M","$","R","BOSS","R","$","E","BOSS"],"items_purchased_type":["Relic","Relic","Relic","Relic","Relic","Card","Card","Card","Relic","Relic","Relic","Relic","Relic","Relic","Relic","Relic","Relic","Relic","Relic","Potion"],"build_version":"2020-12-22","purchased_purges":3,"victory":true,"max_hp_per_floor":[77,77,77,77,77,77,82,82,82,82,82,82,82,82,82,82,82,82,82,82,82,82,82,82,85,85,87,87,87,87,89,89,89,89,95,101,105,105,105,111,111,111,111,111,127,143,159,159,159,169,169,169,175,190,190],"card_choices":[{"not_picked":["Blur","Deadly Poison"],"picked":"Dagger Spray","floor":1.0},{"not_picked":["Bane","Poisoned Stab"],"picked":"PiercingWail","floor":2.0},{"not_picked":["Accuracy","Backflip"],"picked":"ReplayTheSpireMod:Speed Training","floor":3.0},{"not_picked":["Dagger Spray","ReplayTheSpireMod:Speed Training"],"picked":"REME_GreenPollution","floor":4.0},{"not_picked":["Poisoned Stab","Finisher"],"picked":"Acrobatics","floor":6.0},{"not_picked":["Dodge and Roll","Blur"],"picked":"Blade Dance","floor":8.0},{"not_picked":["Dodge and Roll","PiercingWail"],"picked":"Cloak And Dagger","floor":11.0},{"not_picked":["Deadly Poison","Die Die Die"],"picked":"Blade Dance","floor":12.0},{"not_picked":["Underhanded Strike","Poisoned Stab"],"picked":"Prepared","floor":14.0},{"not_picked":["ReplayTheSpireMod:Necrosis","ReplayTheSpireMod:From All Sides"],"picked":"Die Die Die","floor":16.0},{"not_picked":["Sucker Punch","Hidden Blade"],"picked":"Bane+1","floor":18.0},{"not_picked":["Flying Knee","Outmaneuver","Calculated Gamble"],"picked":"SKIP","floor":19.0},{"not_picked":["Dagger Throw+1","ReplayTheSpireMod:Scrap Shanks"],"picked":"Noxious Fumes","floor":21.0},{"not_picked":["Dash","Deadly Poison","Dodge and Roll"],"picked":"SKIP","floor":22.0},{"not_picked":["Crippling Poison","Backflip","Wraith Form v2"],"picked":"SKIP","floor":23.0},{"not_picked":["Blur+1","Slice+1","Acrobatics+1"],"picked":"Singing Bowl","floor":25.0},{"not_picked":["Reflex","Eviscerate","All Out Attack"],"picked":"Singing Bowl","floor":27.0},{"not_picked":["Backflip","PiercingWail","Heel Hook"],"picked":"Singing Bowl","floor":31.0},{"not_picked":["ReplayTheSpireMod:Necrosis","Atom Bomb"],"picked":"Adrenaline","floor":33.0},{"not_picked":["Concentrate","Dodge and Roll+1","Deadly Poison+1"],"picked":"Languid","floor":35.0},{"not_picked":["Distraction","Bane","Quick Slash"],"picked":"Regret","floor":36.0},{"not_picked":["Secret Weapon","Madness"],"picked":"Sadistic Nature","floor":37.0},{"not_picked":["ReplayTheSpireMod:Brewmster","Good Instincts","Panacea"],"picked":"Singing Bowl","floor":37.0},{"not_picked":["Replay:Parry","Finesse","REME_MawOfCthun"],"picked":"Singing Bowl","floor":37.0},{"not_picked":["Underhanded Strike+1","Poisoned Stab+1","Parasite"],"picked":"Blade Dance+1","floor":39},{"not_picked":["Outmaneuver","ReplayTheSpireMod:The Works","Concentrate+1"],"picked":"Hallucinations","floor":40},{"not_picked":["Die Die Die","Bane","ReplayTheSpireMod:IOU"],"picked":"Caltrops+1","floor":41},{"not_picked":["Enlightenment","Secret Technique","Poisoned Strike"],"picked":"Singing Bowl","floor":45},{"not_picked":["Backflip","Quick Slash+1","Blade Dance"],"picked":"Spreading Infection","floor":45},{"not_picked":["REME_MagicPocketWatch","REME_TheoryOfElimination","Jack Of All Trades"],"picked":"Singing Bowl","floor":46},{"not_picked":["Dagger Throw","Slice","Malaise"],"picked":"ReplayTheSpireMod:IOU","floor":46},{"not_picked":["REME_AllRoundStrike","REME_Flogging","Dark Shackles"],"picked":"Singing Bowl","floor":47},{"not_picked":["Leg Sweep","Well Laid Plans","ReplayTheSpireMod:Tripwire+1"],"picked":"Decay","floor":47},{"not_picked":["REME_BodyOfCthun","REME_AllRoundStrike","Secret Technique"],"picked":"Singing Bowl","floor":50},{"not_picked":["Deadly Poison+1","Dodge and Roll+1","Catalyst+1","Regret"],"picked":"Singing Bowl","floor":54}],"player_experience":442915,"relics_obtained":[{"floor":6.0,"key":"Garlic"},{"floor":8.0,"key":"ReplayTheSpireMod:Shallot"},{"floor":9.0,"key":"Replay:Kaleidoscope"},{"floor":10.0,"key":"TungstenRod"},{"floor":12.0,"key":"Tingsha"},{"floor":23.0,"key":"REME_ArchaeologicalTools"},{"floor":25.0,"key":"REME_IWantAll"},{"floor":26.0,"key":"Singing Bowl"},{"floor":31.0,"key":"Darkstone Periapt"},{"floor":39,"key":"Ginger"},{"floor":40,"key":"Thread and Needle"},{"floor":41,"key":"Ice Cream"},{"floor":46,"key":"hexamod:BolsterEngine"},{"floor":54,"key":"Durian"}],"event_choices":[{"damage_healed":0.0,"max_hp_gain":0.0,"max_hp_loss":0.0,"gold_gain":275.0,"event_name":"Golden Shrine","player_choice":"Desecrate","floor":29.0,"gold_loss":0.0,"damage_taken":0.0,"cards_obtained":["Regret"]},{"damage_healed":0.0,"max_hp_gain":0.0,"max_hp_loss":0.0,"gold_gain":0.0,"event_name":"SensoryStone","player_choice":"Memory 3","floor":37.0,"gold_loss":0.0,"damage_taken":10.0},{"damage_healed":0,"gold_gain":0,"player_choice":"Fight","damage_taken":0,"max_hp_gain":0,"max_hp_loss":0,"event_name":"MindBloom","floor":39,"gold_loss":0},{"damage_healed":0,"gold_gain":0,"player_choice":"Fight","damage_taken":0,"max_hp_gain":0,"max_hp_loss":0,"event_name":"Mysterious Sphere","floor":41,"gold_loss":0}],"is_beta":false,"boss_relics":[{"not_picked":["Empty Cage","REME_DuelDisc"],"picked":"Coffee Dripper"},{"not_picked":["SacredBark","Painkiller Herb"],"picked":"REME_DemonsWealth"}],"items_purged_floors":[38,44,53],"is_endless":false,"potions_floor_spawned":[1,8,14,16,18,19,21,33,36,40,47],"ascension_level":0}}