{"host":"3a1ypf1irl30q4k8","time":1612536881,"event":{"mods":["AchievementEnabler","BaseMod","Bestiary","Minty Spire (QoL Compilation)","Relic Stats","ojb\u0027s Better Paths Mod","ojb\u0027s Info Mod"],"gold_per_floor":[366,386,45,55,25,25,40,3,3,3,3,3,36,49,49,145,145,165,180,24,40,54,54,54,54],"floor_reached":24,"language":"ENG","playtime":1756,"items_purged":[],"score":248,"play_id":"5c4b625b-3902-436e-bd8a-a07661e207a9","local_time":"20210205145441","is_ascension_mode":true,"campfire_choices":[{"data":"Whirlwind","floor":6.0,"key":"SMITH"},{"data":"Metallicize","floor":11.0,"key":"SMITH"},{"data":"Clothesline","floor":15.0,"key":"SMITH"},{"floor":23,"key":"REST"}],"circlet_count":0,"master_deck":["Strike_R","Strike_R","Strike_R","Strike_R","Strike_R","Defend_R","Defend_R","Defend_R","Defend_R","Bash","Feel No Pain","Whirlwind+1","Carnage","Warcry","Battle Trance","Shockwave","Metallicize+1","Clothesline+1","Thunderclap","Feed","Rage","Inflame","Ghostly Armor","Disarm"],"relics":["Burning Blood","Bottled Tornado","The Courier","Matryoshka","Du-Vu Doll","Philosopher\u0027s Stone","Blood Vial"],"acts_visited":["Exordium","TheCity"],"potions_floor_usage":[24],"damage_taken":[{"damage":13.0,"enemies":"Jaw Worm","floor":1.0,"turns":5.0},{"damage":10.0,"enemies":"Cultist","floor":2.0,"turns":5.0},{"damage":7.0,"enemies":"Small Slimes","floor":4.0,"turns":3.0},{"damage":14.0,"enemies":"Looter","floor":7.0,"turns":3.0},{"damage":7.0,"enemies":"3 Sentries","floor":13.0,"turns":8.0},{"damage":0.0,"enemies":"Lots of Slimes","floor":14.0,"turns":1.0},{"damage":55.0,"enemies":"Hexaghost","floor":16.0,"turns":11.0},{"damage":33.0,"enemies":"Shell Parasite","floor":18.0,"turns":7.0},{"damage":1,"enemies":"3 Byrds","floor":19,"turns":3},{"damage":22,"enemies":"Snake Plant","floor":21,"turns":3},{"damage":14,"enemies":"Centurion and Healer","floor":22,"turns":8},{"damage":65,"enemies":"Gremlin Leader","floor":24,"turns":5}],"seed_played":"7721169620690110419","potions_obtained":[{"floor":1.0,"key":"Energy Potion"},{"floor":4.0,"key":"BloodPotion"},{"floor":5.0,"key":"SkillPotion"},{"floor":7.0,"key":"ElixirPotion"},{"floor":18.0,"key":"CultistPotion"}],"is_trial":false,"path_per_floor":["M","M","$","M","?","R","M","$","T","?","R","T","E","M","R","B",null,"M","M","$","M","M","R","E"],"character_chosen":"IRONCLAD","items_purchased":["Carnage","Warcry","Bottled Tornado","Metallicize","Blood Vial","Ghostly Armor"],"campfire_rested":1,"item_purchase_floors":[3,3,3,8,20,20],"current_hp_per_floor":[49,45,45,44,44,44,52,52,52,57,57,57,56,62,62,13,67,43,51,51,37,34,62,0,0],"gold":54,"neow_bonus":"TWO_FIFTY_GOLD","is_daily":false,"chose_seed":false,"campfire_upgraded":3,"win_rate":0.0,"timestamp":1612536881,"path_taken":["M","M","$","M","?","R","?","?","T","?","R","?","E","M","R","BOSS","M","M","$","?","M","R","E"],"items_purchased_type":["Card","Card","Relic","Card","Relic","Card"],"build_version":"2020-12-22","purchased_purges":0,"victory":false,"max_hp_per_floor":[80,80,80,80,80,80,80,80,80,85,85,85,85,85,85,85,85,88,91,91,91,94,94,94,94],"relic_stats":{"Blood Vial":6,"counters":[12,62],"obtain_stats":[{"Du-Vu Doll":13,"Blood Vial":20,"Matryoshka":12,"Philosopher\u0027s Stone":17,"The Courier":9,"Bottled Tornado":3,"Burning Blood":0},{"Du-Vu Doll":5,"Blood Vial":9,"Matryoshka":4,"Philosopher\u0027s Stone":7,"The Courier":4,"Bottled Tornado":2,"Burning Blood":0},{"Du-Vu Doll":24,"Blood Vial":46,"Matryoshka":16,"Philosopher\u0027s Stone":36,"The Courier":16,"Bottled Tornado":10,"Burning Blood":0}],"Burning Blood":66},"card_choices":[{"not_picked":["Dark Embrace","Searing Blow"],"picked":"Feel No Pain","floor":1.0},{"not_picked":["True Grit","Infernal Blade"],"picked":"Whirlwind","floor":2.0},{"not_picked":["Anger","Perfected Strike"],"picked":"Battle Trance","floor":4.0},{"not_picked":["Iron Wave","Thunderclap"],"picked":"Shockwave","floor":7.0},{"not_picked":["Exhume","Pommel Strike"],"picked":"Clothesline","floor":13.0},{"not_picked":["Flex","Perfected Strike"],"picked":"Thunderclap","floor":14.0},{"not_picked":["Immolate","Berserk"],"picked":"Feed","floor":16.0},{"not_picked":["Thunderclap","Sword Boomerang"],"picked":"Rage","floor":18.0},{"not_picked":["Blood for Blood","Entrench"],"picked":"Inflame","floor":19},{"not_picked":["Sword Boomerang","Sentinel"],"picked":"Disarm","floor":21},{"not_picked":["Armaments","Heavy Blade","Rage"],"picked":"SKIP","floor":22}],"player_experience":1338574,"relics_obtained":[{"floor":9.0,"key":"The Courier"},{"floor":12.0,"key":"Matryoshka"},{"floor":13.0,"key":"Du-Vu Doll"}],"event_choices":[{"damage_healed":0.0,"max_hp_gain":0.0,"max_hp_loss":0.0,"gold_gain":0.0,"event_name":"The Woman in Blue","player_choice":"Bought 2 Potions","floor":5.0,"gold_loss":0.0,"damage_taken":0.0},{"damage_healed":0.0,"max_hp_gain":5.0,"max_hp_loss":0.0,"gold_gain":0.0,"event_name":"Big Fish","player_choice":"Donut","floor":10.0,"gold_loss":0.0,"damage_taken":0.0}],"is_beta":false,"boss_relics":[{"not_picked":["Runic Dome","SacredBark"],"picked":"Philosopher\u0027s Stone"}],"items_purged_floors":[],"is_endless":false,"potions_floor_spawned":[1,4,7,18],"killed_by":"Gremlin Leader","ascension_level":5}}