{"host":"oewe6473mh2zp5ss","time":1612565327,"event":{"mods":["AchievementEnabler","Aspiration","Bard","BaseMod","Challenge The Spire","Conspire","Curses Come First","Custom Start","Downfall","Emptier Cage","Gremlin Mod","Halation","Hubris","Infinite Spire","Minty Spire (QoL Compilation)","Permanent Neow","Reliquary","Replay The Spire","Robot Space Explorer","Somnambulant","Spikes Relics","StSLib","The Cursed","The Disciple","The Jungle","The Senshi","thorton"],"gold_per_floor":[0,0,18,29,44,29,76,76,76,76,76,95,95,110,120,120,120],"floor_reached":16,"language":"ENG","playtime":3488,"items_purged":[],"score":92,"play_id":"91247169-fa0f-4d2e-b0d7-85a226959c46","local_time":"20210205144847","is_ascension_mode":false,"campfire_choices":[{"data":"PatternShift","floor":1,"key":"SMITH"},{"floor":9,"key":"REST"},{"floor":11,"key":"REST"},{"floor":13,"key":"REST"}],"circlet_count":0,"master_deck":["Strike_Br","Strike_Br","Strike_Br","Strike_Br","Defend_Br","Defend_Br","Defend_Br","Defend_Br","SecondHand","PatternShift+1","Magnetism+1","Analog+1","LockedAnchor","AlternateTimeline","AlternateTimeline","HandsUpB","LockedOrichalcum","LockedTornado"],"relics":["Chronometer","hubris:EvacipatedBox","aspiration:Nostalgia","m_SlimeRing","conspire:InfiniteJournal"],"acts_visited":["Exordium"],"potions_floor_usage":[16],"damage_taken":[{"damage":0,"enemies":"Small Slimes","floor":3,"turns":4},{"damage":14,"enemies":"Cultist","floor":4,"turns":5},{"damage":8,"enemies":"2 Louse","floor":5,"turns":3},{"damage":0,"enemies":"downfall:FleeingMerchant","floor":6,"turns":4},{"damage":22,"enemies":"Exordium Thugs","floor":12,"turns":6},{"damage":23,"enemies":"Gremlin Gang","floor":14,"turns":5},{"damage":5,"enemies":"Red Slaver","floor":15,"turns":6},{"damage":10,"enemies":"IC_STATUS_ARCHETYPE","floor":16,"turns":2}],"seed_played":"1705579224852426678","potions_obtained":[{"floor":12,"key":"Death Potion"},{"floor":14,"key":"PowerPotion"},{"floor":15,"key":"Death Potion"}],"is_trial":false,"path_per_floor":["R","?","M","M","M","$","T","?","R","$","R","M","R","M","M","B"],"character_chosen":"CHRONO_CLASS","items_purchased":["hubris:EvacipatedBox","aspiration:Nostalgia","conspire:InfiniteJournal"],"campfire_rested":3,"item_purchase_floors":[10,10,10],"current_hp_per_floor":[65,65,65,51,43,43,43,43,62,13,32,10,29,6,1,0,0],"gold":120,"neow_bonus":"RANDOM_COLORLESS_2","is_daily":false,"chose_seed":false,"campfire_upgraded":1,"win_rate":0.0,"timestamp":1612565327,"path_taken":["R","?","M","M","?","$","T","?","R","?","R","?","R","M","M","BOSS"],"items_purchased_type":["Relic","Relic","Relic"],"build_version":"2020-12-22","purchased_purges":0,"victory":false,"max_hp_per_floor":[65,65,65,65,65,65,65,65,65,65,65,65,65,65,65,65,65],"card_choices":[{"not_picked":["Secret Weapon","Reforge"],"picked":"Magnetism","floor":0},{"not_picked":["WindUp","CrunchTime"],"picked":"Analog","floor":3},{"not_picked":["ReapSow","PrimeTime"],"picked":"LockedAnchor","floor":4},{"not_picked":["HandsUpB","LockedMedicine"],"picked":"AlternateTimeline","floor":5},{"not_picked":["OverTime","LockedTurtyl"],"picked":"AlternateTimeline","floor":6},{"not_picked":["FormalWear","Echoward"],"picked":"HandsUpB","floor":12},{"not_picked":["BlueShift","TiringSlam"],"picked":"LockedOrichalcum","floor":14},{"not_picked":["Recurrance","HandsUpC"],"picked":"LockedTornado","floor":15}],"player_experience":83667,"relics_obtained":[],"event_choices":[{"damage_healed":0,"gold_gain":0,"player_choice":"Forge","damage_taken":0,"max_hp_gain":0,"max_hp_loss":0,"event_name":"Accursed Blacksmith","floor":2,"gold_loss":0,"cards_upgraded":["Magnetism"]},{"damage_healed":0,"gold_gain":0,"player_choice":"Grow","damage_taken":0,"max_hp_gain":0,"max_hp_loss":0,"event_name":"Living Wall","floor":8,"gold_loss":0,"cards_upgraded":["Analog"]}],"is_beta":false,"boss_relics":[],"items_purged_floors":[],"is_endless":false,"potions_floor_spawned":[12,14,15],"killed_by":"IC_STATUS_ARCHETYPE","ascension_level":0}}