{"host":"6q6idgl71g9ab7at","time":1612516152,"event":{"mods":["BaseMod","Minty Spire (QoL Compilation)","StSLib","SuperFastMode"],"gold_per_floor":[111,211,136,156,173,173,205,205,205,237,251,21,21,40,40,136,136,149,165,179,25,124,124,124,138,162,162,179,179,192,204,204,307,307,319,334,353,228,228,228,24,24,24],"floor_reached":42,"language":"KOR","playtime":778,"items_purged":["Defend_G","Defend_G","Strike_G"],"score":589,"play_id":"b5a7691a-eb10-467a-aa9c-87ee0ac7649c","local_time":"20210205180912","is_ascension_mode":true,"campfire_choices":[{"data":"Crippling Poison","floor":6,"key":"SMITH"},{"data":"Noxious Fumes","floor":8,"key":"SMITH"},{"data":"Catalyst","floor":13,"key":"SMITH"},{"data":"Noxious Fumes","floor":15,"key":"SMITH"},{"data":"Tactician","floor":23,"key":"SMITH"},{"floor":29,"key":"REST"},{"floor":32,"key":"REST"},{"floor":40,"key":"REST"}],"circlet_count":0,"master_deck":["Strike_G","Defend_G","Defend_G","Defend_G","Survivor","Neutralize","Backflip","Crippling Poison+1","Noxious Fumes+1","Quick Slash","Catalyst+1","Deadly Poison","Deadly Poison+1","Noxious Fumes+1","PiercingWail","Wraith Form v2","Deadly Poison+1","PiercingWail+1","Escape Plan+1","Reflex+1","Tactician+1","Catalyst+1","Tactician+1","Blur","Blur","Escape Plan","Night Terror","Catalyst","Well Laid Plans+1","Leg Sweep","Apotheosis","Escape Plan"],"relics":["Ring of the Serpent","NeowsBlessing","Ancient Tea Set","Gremlin Horn","Shuriken","Astrolabe","DollysMirror","Enchiridion","Vajra"],"acts_visited":["Exordium","TheCity","TheBeyond"],"potions_floor_usage":[25,36,37],"damage_taken":[{"damage":0,"enemies":"Jaw Worm","floor":1,"turns":1},{"damage":0,"enemies":"Cultist","floor":4,"turns":1},{"damage":0,"enemies":"2 Louse","floor":5,"turns":1},{"damage":15,"enemies":"Lagavulin","floor":7,"turns":8},{"damage":7,"enemies":"3 Sentries","floor":10,"turns":5},{"damage":3,"enemies":"2 Fungi Beasts","floor":11,"turns":3},{"damage":1,"enemies":"Red Slaver","floor":14,"turns":3},{"damage":0,"enemies":"Slime Boss","floor":16,"turns":4},{"damage":8,"enemies":"3 Byrds","floor":18,"turns":4},{"damage":4,"enemies":"Shell Parasite","floor":19,"turns":5},{"damage":23,"enemies":"3 Cultists","floor":20,"turns":5},{"damage":10,"enemies":"Cultist and Chosen","floor":25,"turns":6},{"damage":8,"enemies":"Chosen and Byrds","floor":28,"turns":4},{"damage":10,"enemies":"Shelled Parasite and Fungi","floor":30,"turns":3},{"damage":4,"enemies":"3 Cultists","floor":31,"turns":5},{"damage":0,"enemies":"Champ","floor":33,"turns":6},{"damage":17,"enemies":"3 Shapes","floor":35,"turns":4},{"damage":33,"enemies":"3 Darklings","floor":36,"turns":7},{"damage":3,"enemies":"Transient","floor":37,"turns":5},{"damage":49,"enemies":"Giant Head","floor":42,"turns":8}],"seed_played":"8715117487943083498","potions_obtained":[{"floor":5,"key":"Energy Potion"},{"floor":11,"key":"GhostInAJar"},{"floor":18,"key":"LiquidBronze"},{"floor":20,"key":"PowerPotion"},{"floor":28,"key":"LiquidMemories"}],"is_trial":false,"path_per_floor":["M","?","$","M","M","R","E","R","T","E","M","$","R","M","R","B",null,"M","M","M","$","?","R","?","M","T","?","M","R","M","M","R","B",null,"M","M","M","$","?","R","$","E"],"character_chosen":"THE_SILENT","items_purchased":["Deadly Poison","Noxious Fumes","DollysMirror","Apotheosis","Escape Plan"],"campfire_rested":3,"item_purchase_floors":[12,12,21,41,41],"current_hp_per_floor":[70,70,70,70,70,70,55,55,55,48,45,45,45,44,44,44,70,62,58,35,35,35,35,19,9,9,9,1,22,12,8,29,29,70,53,20,17,17,17,38,38,0,0],"gold":24,"neow_bonus":"THREE_ENEMY_KILL","is_daily":false,"chose_seed":false,"campfire_upgraded":5,"win_rate":0.0,"timestamp":1612516152,"path_taken":["M","?","$","?","M","R","E","R","T","E","M","$","R","M","R","BOSS","M","M","M","$","?","R","?","M","T","?","M","R","M","?","R","BOSS","M","M","M","$","?","R","$","E"],"items_purchased_type":["Card","Card","Relic","Card","Card"],"build_version":"2020-12-22","purchased_purges":3,"victory":false,"max_hp_per_floor":[70,70,70,70,70,70,70,70,70,70,70,70,70,70,70,70,70,70,70,70,70,70,70,70,70,70,70,70,70,70,70,70,70,70,70,70,70,70,70,70,70,70,70],"card_choices":[{"not_picked":["Acrobatics","Deflect"],"picked":"Backflip","floor":1},{"not_picked":["Dagger Throw","Bane"],"picked":"Crippling Poison","floor":4},{"not_picked":["Infinite Blades","Expertise"],"picked":"Noxious Fumes","floor":5},{"not_picked":["A Thousand Cuts","All Out Attack"],"picked":"Quick Slash","floor":7},{"not_picked":["Underhanded Strike","Skewer"],"picked":"Catalyst","floor":10},{"not_picked":["Finisher","Bane"],"picked":"Deadly Poison","floor":11},{"not_picked":["Blade Dance","Outmaneuver"],"picked":"PiercingWail","floor":14},{"not_picked":["Tools of the Trade","Envenom"],"picked":"Wraith Form v2","floor":16},{"not_picked":["Sucker Punch","Backflip+1"],"picked":"Reflex+1","floor":18},{"not_picked":["Dagger Spray","Blade Dance"],"picked":"Tactician","floor":19},{"not_picked":["Infinite Blades+1","All Out Attack+1","Slice"],"picked":"SKIP","floor":20},{"not_picked":["Underhanded Strike","Escape Plan"],"picked":"Tactician+1","floor":25},{"not_picked":["Distraction","Quick Slash+1"],"picked":"Blur","floor":28},{"not_picked":["Leg Sweep","Acrobatics"],"picked":"Blur","floor":30},{"not_picked":["Prepared","Skewer"],"picked":"Escape Plan","floor":31},{"not_picked":["Malaise","Venomology"],"picked":"Night Terror","floor":33},{"not_picked":["Acrobatics+1","Escape Plan+1"],"picked":"Catalyst","floor":35},{"not_picked":["Finisher","Calculated Gamble"],"picked":"Well Laid Plans+1","floor":36},{"not_picked":["Dagger Spray+1","Infinite Blades"],"picked":"Leg Sweep","floor":37}],"player_experience":11073,"relics_obtained":[{"floor":7,"key":"Ancient Tea Set"},{"floor":9,"key":"Gremlin Horn"},{"floor":10,"key":"Shuriken"},{"floor":24,"key":"Enchiridion"},{"floor":26,"key":"Vajra"}],"event_choices":[{"damage_healed":0,"gold_gain":100,"player_choice":"Pray","damage_taken":0,"max_hp_gain":0,"max_hp_loss":0,"event_name":"Golden Shrine","floor":2,"gold_loss":0},{"damage_healed":0,"gold_gain":99,"player_choice":"Stole From Cult","damage_taken":0,"max_hp_gain":0,"max_hp_loss":0,"event_name":"Nest","floor":22,"gold_loss":0},{"damage_healed":0,"gold_gain":0,"player_choice":"Obtained Book","damage_taken":16,"max_hp_gain":0,"max_hp_loss":0,"event_name":"Cursed Tome","floor":24,"gold_loss":0},{"damage_healed":0,"gold_gain":0,"player_choice":"Forge","damage_taken":0,"max_hp_gain":0,"max_hp_loss":0,"event_name":"Accursed Blacksmith","floor":27,"gold_loss":0,"cards_upgraded":["Deadly Poison"]},{"damage_healed":0,"gold_gain":0,"player_choice":"Ignored","damage_taken":0,"max_hp_gain":0,"max_hp_loss":0,"event_name":"Tomb of Lord Red Mask","floor":39,"gold_loss":0}],"is_beta":false,"boss_relics":[{"not_picked":["WristBlade","HoveringKite"],"picked":"Astrolabe"},{"not_picked":["Snecko Eye","Runic Dome"],"picked":"Ring of the Serpent"}],"items_purged_floors":[3,12,38],"is_endless":false,"potions_floor_spawned":[5,11,18,20,28,33],"killed_by":"Giant Head","ascension_level":2}}