{"host":"188x3om7sf6mgxv1","time":1612548726,"event":{"mods":["BaseMod","Downfall","Minty Spire (QoL Compilation)","Relic Stats","StSLib"],"gold_per_floor":[109,121,121,131,131,231,255,287,39,39,39,39],"floor_reached":10,"language":"ENG","playtime":449,"items_purged":[],"score":69,"play_id":"4c42e4e7-1be5-4b94-8111-dcd11a8a01f2","local_time":"20210205131206","is_ascension_mode":true,"campfire_choices":[],"circlet_count":0,"master_deck":["champ:Strike","champ:Strike","champ:Strike","champ:Defend","champ:Defend","champ:Defend","champ:Defend","champ:Execute","champ:Taunt","champ:FanOfKnives","champ:BerserkersShout","champ:Haymaker","champ:PreciseThrust","champ:StanceDance","champ:CheapShot","champ:ArenaPreparation"],"relics":["champ:ChampionCrown","Juzu Bracelet","Boot","Nunchaku","Bag of Preparation"],"acts_visited":["Exordium"],"potions_floor_usage":[],"damage_taken":[{"damage":10,"enemies":"2 Louse","floor":1,"turns":3},{"damage":11,"enemies":"Cultist","floor":2,"turns":3},{"damage":27,"enemies":"Jaw Worm","floor":4,"turns":4},{"damage":45,"enemies":"Gremlin Nob","floor":8,"turns":4},{"damage":25,"enemies":"downfall:FleeingMerchant","floor":9,"turns":4},{"damage":95,"enemies":"3 Sentries","floor":10,"turns":8}],"seed_played":"-181323001714811600","potions_obtained":[{"floor":8,"key":"champ:OpenerPotion"}],"is_trial":false,"path_per_floor":["M","M","?","M","?","?","T","E","$","E"],"character_chosen":"THE_CHAMP","items_purchased":["champ:ArenaPreparation","Bag of Preparation"],"campfire_rested":0,"item_purchase_floors":[9,9],"current_hp_per_floor":[90,89,94,82,82,82,82,57,57,0,0,0],"gold":39,"neow_bonus":"RANDOM_COMMON_RELIC","is_daily":false,"chose_seed":false,"campfire_upgraded":0,"win_rate":0.0,"timestamp":1612548726,"path_taken":["M","M","?","M","?","?","T","E","?","E"],"items_purchased_type":["Card","Relic"],"build_version":"2020-12-22","purchased_purges":0,"victory":false,"max_hp_per_floor":[90,90,95,95,95,95,95,95,95,95,95,95],"relic_stats":{"Nunchaku":[2],"counters":[6,26],"Juzu Bracelet":1,"Bag of Preparation":[2],"Boot":[0],"obtain_stats":[{"Nunchaku":8,"champ:ChampionCrown":0,"Juzu Bracelet":0,"Bag of Preparation":9,"Boot":7},{"Nunchaku":4,"champ:ChampionCrown":0,"Juzu Bracelet":0,"Bag of Preparation":5,"Boot":3},{"Nunchaku":14,"champ:ChampionCrown":0,"Juzu Bracelet":0,"Bag of Preparation":18,"Boot":10}]},"card_choices":[{"not_picked":["champ:PreciseThrust","champ:ArenaPreparation"],"picked":"champ:FanOfKnives","floor":1},{"not_picked":["champ:ShieldWall","champ:FanOfKnives"],"picked":"champ:BerserkersShout","floor":2},{"not_picked":["champ:FlashCut","champ:BladeFlurry"],"picked":"champ:Haymaker","floor":4},{"not_picked":["champ:EnragedBash","champ:FanOfKnives"],"picked":"champ:StanceDance","floor":8},{"not_picked":["champ:EnGarde","champ:DefensiveShout"],"picked":"champ:CheapShot","floor":9}],"player_experience":33603,"relics_obtained":[{"floor":7,"key":"Boot"},{"floor":8,"key":"Nunchaku"}],"event_choices":[{"damage_healed":0,"gold_gain":0,"player_choice":"Donut","damage_taken":0,"max_hp_gain":5,"max_hp_loss":0,"event_name":"Big Fish","floor":3,"gold_loss":0}],"is_beta":false,"boss_relics":[],"items_purged_floors":[],"is_endless":false,"potions_floor_spawned":[8],"killed_by":"3 Sentries","ascension_level":1}}