{"host":"jlk2k69f9c6o7b3e","time":1612501584,"event":{"mods":["AchievementEnabler","BaseMod","Minty Spire (QoL Compilation)","StSLib"],"gold_per_floor":[17,17,192,142,142,172,187,214,214,242,242,258,69,69,69,168,168,184,199,218,75,87,121,121,121,121,121,121,153,55,55,55,158,158,174,192,212,212,226,259,274,302,302,335,144,161,188,188,188,188,188,188,5,34,34],"floor_reached":56,"language":"ZHS","playtime":5253,"items_purged":["Regret"],"score":2257,"play_id":"637927b6-f6df-4dcb-971a-7c9661df9d2a","local_time":"20210205130624","is_ascension_mode":true,"campfire_choices":[{"floor":11.0,"key":"RECALL"},{"data":"Envenom","floor":15.0,"key":"SMITH"},{"data":"Storm of Steel","floor":25.0,"key":"SMITH"},{"data":"Tactician","floor":28.0,"key":"SMITH"},{"data":"Reflex","floor":32.0,"key":"SMITH"},{"data":"1","floor":49,"key":"LIFT"},{"data":"2","floor":52,"key":"LIFT"}],"circlet_count":0,"master_deck":["AscendersBane","Strike_G","Strike_G","Strike_G","Strike_G","Strike_G","Defend_G","Defend_G","Defend_G","Defend_G","Defend_G","Survivor","Neutralize","Apotheosis+1","Poisoned Stab","Riddle With Holes","Backstab","Blur","Envenom+1","Endless Agony","Storm of Steel","Blur","Prepared","Storm of Steel+1","After Image+1","Endless Agony+1","Footwork+1","Shame","Tactician+1","Phantasmal Killer","Reflex+1","Storm of Steel","Blade Dance","Calculated Gamble+1","Calculated Gamble","Reflex+1","Eviscerate+1","Caltrops+1","Acrobatics+1","Accuracy","Tools of the Trade","Distraction+1","Blade Dance+1","Madness","Madness","Accuracy","Concentrate"],"relics":["Ring of the Snake","Blue Candle","Thread and Needle","Question Card","Strawberry","Dead Branch","Membership Card","SlaversCollar","DollysMirror","Eternal Feather","White Beast Statue","Matryoshka","HandDrill","Philosopher\u0027s Stone","Bag of Preparation","Omamori","Bottled Lightning","Lantern","Girya","ClockworkSouvenir","Toy Ornithopter","InkBottle","Du-Vu Doll","Bag of Marbles"],"acts_visited":["Exordium","TheCity","TheBeyond","TheEnding"],"potions_floor_usage":[50,55,55,55,55,55,55],"damage_taken":[{"damage":0.0,"enemies":"Jaw Worm","floor":1.0,"turns":4.0},{"damage":24.0,"enemies":"Gremlin Nob","floor":6.0,"turns":5.0},{"damage":1.0,"enemies":"2 Louse","floor":7.0,"turns":3.0},{"damage":19.0,"enemies":"3 Sentries","floor":8.0,"turns":9.0},{"damage":1.0,"enemies":"Lagavulin","floor":10.0,"turns":7.0},{"damage":1.0,"enemies":"Small Slimes","floor":12.0,"turns":3.0},{"damage":30.0,"enemies":"Hexaghost","floor":16.0,"turns":7.0},{"damage":0.0,"enemies":"2 Thieves","floor":18.0,"turns":3.0},{"damage":11.0,"enemies":"Shell Parasite","floor":19.0,"turns":5.0},{"damage":0.0,"enemies":"3 Cultists","floor":20.0,"turns":6.0},{"damage":6.0,"enemies":"Centurion and Healer","floor":22.0,"turns":5.0},{"damage":0.0,"enemies":"Gremlin Leader","floor":23.0,"turns":5.0},{"damage":0.0,"enemies":"Slavers","floor":29.0,"turns":1.0},{"damage":1.0,"enemies":"Champ","floor":33.0,"turns":8.0},{"damage":0.0,"enemies":"3 Darklings","floor":35.0,"turns":3.0},{"damage":36.0,"enemies":"3 Shapes","floor":36.0,"turns":4.0},{"damage":0.0,"enemies":"Transient","floor":37.0,"turns":5.0},{"damage":1.0,"enemies":"Sphere and 2 Shapes","floor":39.0,"turns":7.0},{"damage":0.0,"enemies":"Giant Head","floor":40.0,"turns":4.0},{"damage":1,"enemies":"Writhing Mass","floor":41,"turns":3},{"damage":0,"enemies":"Nemesis","floor":42,"turns":1},{"damage":0,"enemies":"Giant Head","floor":44,"turns":6},{"damage":0,"enemies":"Jaw Worm Horde","floor":46,"turns":2},{"damage":0,"enemies":"Reptomancer","floor":47,"turns":2},{"damage":0,"enemies":"Donu and Deca","floor":50,"turns":3},{"damage":0,"enemies":"Shield and Spear","floor":54,"turns":2},{"damage":39,"enemies":"The Heart","floor":55,"turns":4}],"seed_played":"-869266884624952300","potions_obtained":[{"floor":8.0,"key":"PowerPotion"},{"floor":16.0,"key":"EssenceOfSteel"},{"floor":22.0,"key":"Dexterity Potion"},{"floor":23.0,"key":"Ancient Potion"},{"floor":29.0,"key":"Regen Potion"},{"floor":33.0,"key":"Fire Potion"},{"floor":35.0,"key":"EntropicBrew"},{"floor":37.0,"key":"SteroidPotion"},{"floor":39.0,"key":"Explosive Potion"},{"floor":40.0,"key":"Energy Potion"},{"floor":42,"key":"LiquidMemories"},{"floor":54,"key":"Explosive Potion"}],"is_trial":false,"path_per_floor":["M","?","?","?","?","E","M","E","T","E","R","M","$","?","R","B",null,"M","M","M","$","M","E","?","R","T","?","R","E","$","?","R","B",null,"M","M","M","?","M","E","M","E","T","E","$","M","E","?","R","B",null,"R","$","E","B",null],"character_chosen":"THE_SILENT","items_purchased":["Membership Card","DollysMirror","After Image","Reflex","HandDrill","ClockworkSouvenir","Tools of the Trade","Toy Ornithopter","Du-Vu Doll","Accuracy"],"campfire_rested":0,"item_purchase_floors":[13,21,21,30,30,45,45,45,53,53],"current_hp_per_floor":[63,63,63,63,63,39,38,19,26,25,25,24,24,77,77,47,70,70,59,59,59,53,53,53,68,68,68,77,77,77,63,81,80,82,82,46,46,46,45,45,44,44,44,44,44,44,44,34,61,66,78,82,82,82,49],"gold":34,"neow_bonus":"RANDOM_COLORLESS_2","is_daily":false,"chose_seed":false,"campfire_upgraded":4,"win_rate":0.0,"timestamp":1612501584,"path_taken":["M","?","?","?","?","E","M","E","T","E","R","M","$","?","R","BOSS","M","M","?","$","M","E","?","R","T","?","R","E","$","?","R","BOSS","M","M","M","?","M","E","M","E","T","E","$","?","E","?","R","BOSS","R","$","E","BOSS"],"items_purchased_type":["Relic","Relic","Card","Card","Relic","Relic","Card","Relic","Relic","Card"],"build_version":"2020-12-22","purchased_purges":1,"victory":true,"max_hp_per_floor":[70,70,70,70,70,70,70,70,77,77,77,77,77,77,77,77,77,77,77,77,77,77,77,77,77,77,77,77,77,77,82,82,82,82,82,82,82,82,82,82,82,82,82,82,82,82,82,82,82,82,82,82,82,82,82],"card_choices":[{"not_picked":["Sadistic Nature","Metamorphosis"],"picked":"Apotheosis","floor":0.0},{"not_picked":["Eviscerate","Outmaneuver"],"picked":"Poisoned Stab","floor":1.0},{"not_picked":["Dagger Spray","Predator"],"picked":"Riddle With Holes","floor":6.0},{"not_picked":["Slice","Flying Knee"],"picked":"Backstab","floor":7.0},{"not_picked":["Dagger Throw","PiercingWail"],"picked":"Blur","floor":8.0},{"not_picked":["Backflip","Poisoned Stab","Deflect"],"picked":"Envenom","floor":10.0},{"not_picked":["Poisoned Stab","Acrobatics","Expertise"],"picked":"Endless Agony","floor":12.0},{"not_picked":["Tools of the Trade","Burst","Venomology"],"picked":"Storm of Steel","floor":16.0},{"not_picked":["Outmaneuver","Dagger Spray","Flying Knee","Quick Slash"],"picked":"SKIP","floor":18.0},{"not_picked":["Dodge and Roll+1","Bane","All Out Attack"],"picked":"Blur","floor":19.0},{"not_picked":["Deadly Poison","Concentrate","Setup+1"],"picked":"Prepared","floor":20.0},{"not_picked":["Calculated Gamble+1","Poisoned Stab+1","Cloak And Dagger"],"picked":"Endless Agony+1","floor":22.0},{"not_picked":["Poisoned Stab","Deflect","Blur"],"picked":"Footwork+1","floor":23.0},{"not_picked":["Poisoned Stab","Dagger Throw","Dagger Spray"],"picked":"Phantasmal Killer","floor":29.0},{"not_picked":["Die Die Die","Envenom","After Image"],"picked":"Storm of Steel","floor":33.0},{"not_picked":["Slice+1","Infinite Blades","Bane"],"picked":"Blade Dance","floor":35.0},{"not_picked":["PiercingWail","Quick Slash","Slice+1"],"picked":"Calculated Gamble+1","floor":36.0},{"not_picked":["Catalyst+1","Deadly Poison","Reflex"],"picked":"Calculated Gamble","floor":37.0},{"not_picked":["Predator","Dagger Spray","Poisoned Stab+1"],"picked":"Reflex+1","floor":39.0},{"not_picked":["Outmaneuver","All Out Attack","Well Laid Plans+1"],"picked":"Eviscerate+1","floor":40.0},{"not_picked":["Crippling Poison","Dash","Slice+1"],"picked":"Caltrops+1","floor":41},{"not_picked":["Flying Knee","Heel Hook","Choke"],"picked":"Acrobatics+1","floor":42},{"not_picked":["Quick Slash+1","Choke","Acrobatics+1"],"picked":"Accuracy","floor":44},{"not_picked":["Flechettes+1","Well Laid Plans","Finisher"],"picked":"Distraction+1","floor":46},{"not_picked":["Glass Knife","Endless Agony","Cloak And Dagger+1"],"picked":"Blade Dance+1","floor":47},{"not_picked":["Expertise","Dagger Throw","All Out Attack"],"picked":"Concentrate","floor":54}],"player_experience":355711,"relics_obtained":[{"floor":6.0,"key":"Thread and Needle"},{"floor":8.0,"key":"Question Card"},{"floor":9.0,"key":"Strawberry"},{"floor":10.0,"key":"Dead Branch"},{"floor":23.0,"key":"Eternal Feather"},{"floor":29.0,"key":"Matryoshka"},{"floor":40.0,"key":"Bag of Preparation"},{"floor":42,"key":"Omamori"},{"floor":43,"key":"Bottled Lightning"},{"floor":43,"key":"Lantern"},{"floor":44,"key":"Girya"},{"floor":47,"key":"InkBottle"},{"floor":54,"key":"Bag of Marbles"}],"event_choices":[{"damage_healed":0.0,"max_hp_gain":0.0,"max_hp_loss":0.0,"gold_gain":0.0,"event_name":"Living Wall","player_choice":"Grow","floor":2.0,"gold_loss":0.0,"damage_taken":0.0,"cards_upgraded":["Apotheosis"]},{"damage_healed":0.0,"max_hp_gain":0.0,"max_hp_loss":0.0,"gold_gain":175.0,"event_name":"Liars Game","player_choice":"AGREE","floor":3.0,"gold_loss":0.0,"damage_taken":0.0,"cards_obtained":["Doubt"]},{"cards_removed":["Doubt"],"damage_healed":0.0,"max_hp_gain":0.0,"max_hp_loss":0.0,"gold_gain":0.0,"event_name":"The Cleric","player_choice":"Card Removal","floor":4.0,"gold_loss":50.0,"damage_taken":0.0},{"damage_healed":0.0,"max_hp_gain":0.0,"max_hp_loss":0.0,"gold_gain":0.0,"event_name":"Big Fish","player_choice":"Box","floor":5.0,"gold_loss":0.0,"damage_taken":0.0,"relics_obtained":["Blue Candle"],"cards_obtained":["Regret"]},{"damage_healed":53.0,"max_hp_gain":0.0,"max_hp_loss":0.0,"gold_gain":0.0,"event_name":"Wheel of Change","player_choice":"Full Heal","floor":14.0,"gold_loss":0.0,"damage_taken":0.0},{"damage_healed":0.0,"max_hp_gain":0.0,"max_hp_loss":0.0,"gold_gain":0.0,"event_name":"Addict","player_choice":"Stole Relic","floor":24.0,"gold_loss":0.0,"damage_taken":0.0,"relics_obtained":["White Beast Statue"],"cards_obtained":["Shame"]},{"damage_healed":0.0,"max_hp_gain":0.0,"max_hp_loss":0.0,"gold_gain":0.0,"event_name":"The Library","player_choice":"Read","floor":27.0,"gold_loss":0.0,"damage_taken":0.0,"cards_obtained":["Tactician"]},{"damage_healed":0.0,"max_hp_gain":5.0,"max_hp_loss":0.0,"gold_gain":0.0,"event_name":"Forgotten Altar","player_choice":"Shed Blood","floor":31.0,"gold_loss":0.0,"damage_taken":19.0},{"damage_healed":0.0,"max_hp_gain":0.0,"max_hp_loss":0.0,"gold_gain":0.0,"event_name":"Upgrade Shrine","player_choice":"Upgraded","floor":38.0,"gold_loss":0.0,"damage_taken":0.0,"cards_upgraded":["After Image"]},{"damage_healed":0,"gold_gain":0,"player_choice":"Embrace Madness","damage_taken":10,"max_hp_gain":0,"max_hp_loss":0,"event_name":"Winding Halls","floor":48,"gold_loss":0,"cards_obtained":["Madness","Madness"]}],"is_beta":false,"boss_relics":[{"not_picked":["Ectoplasm","Empty Cage"],"picked":"SlaversCollar"},{"not_picked":["WristBlade","Ring of the Serpent"],"picked":"Philosopher\u0027s Stone"}],"items_purged_floors":[13],"is_endless":false,"potions_floor_spawned":[8,16,22,23,29,33,35,36,37,39,40,41,42,44,46,47,54],"ascension_level":10}}