{"host":"3ghcx3e93lhog3cp","time":1612494136,"event":{"mods":["AchievementEnabler","BaseMod","Downfall","Minty Spire (QoL Compilation)","Replay The Spire","StSLib"],"gold_per_floor":[115,115,125,125,143,178,178,205,205,205,239,239,239,195,195,195,195],"floor_reached":16,"language":"ENG","playtime":708,"items_purged":[],"score":141,"play_id":"6bfb58f1-fe3c-423e-8ec4-4529e4abd6f9","local_time":"20210204190216","is_ascension_mode":false,"campfire_choices":[{"floor":7,"key":"DIG"},{"floor":10,"key":"DIG"},{"floor":13,"key":"DIG"},{"floor":15,"key":"REST"}],"circlet_count":0,"master_deck":["Strike_R","Strike_R","Strike_R","Strike_R","Strike_R","Defend_R","Defend_R","Defend_R","Defend_R","Bash","Warcry","Regret","Havoc+1","Feel No Pain","Inflame","Reaper","Sword Boomerang"],"relics":["Burning Blood","Self Forming Clay","Shovel","Juzu Bracelet","Omamori","Pondfish Scales","Bottled Tornado","Regal Pillow","Strawberry","Replay:Rubber Ducky"],"acts_visited":["Exordium"],"potions_floor_usage":[6],"damage_taken":[{"damage":1,"enemies":"Cultist","floor":1,"turns":3},{"damage":9,"enemies":"Jaw Worm","floor":3,"turns":3},{"damage":8,"enemies":"Small Slimes","floor":5,"turns":3},{"damage":54,"enemies":"3 Sentries","floor":6,"turns":17},{"damage":31,"enemies":"Gremlin Nob","floor":8,"turns":5},{"damage":26,"enemies":"Lagavulin","floor":11,"turns":7},{"damage":73,"enemies":"Hexaghost","floor":16,"turns":13}],"seed_played":"-6168229159771190494","potions_obtained":[{"floor":1,"key":"Regen Potion"},{"floor":11,"key":"AttackPotion"}],"is_trial":false,"path_per_floor":["M","?","M","?","M","E","R","E","T","R","E","?","R","?","R","B"],"character_chosen":"IRONCLAD","items_purchased":[],"campfire_rested":1,"item_purchase_floors":[],"current_hp_per_floor":[88,88,85,85,83,50,50,25,25,25,11,18,18,18,61,0,0],"gold":195,"neow_bonus":"TEN_PERCENT_HP_BONUS","is_daily":false,"chose_seed":false,"campfire_upgraded":0,"win_rate":0.0,"timestamp":1612494136,"path_taken":["M","?","M","?","M","E","R","E","T","R","E","?","R","?","R","BOSS"],"items_purchased_type":[],"build_version":"2020-12-22","purchased_purges":0,"victory":false,"max_hp_per_floor":[88,88,88,88,88,88,88,88,88,88,88,95,95,95,95,95,95],"card_choices":[{"not_picked":["Clash","Thunderclap"],"picked":"Warcry","floor":1},{"not_picked":["Clash","Flex"],"picked":"Havoc","floor":3},{"not_picked":["Iron Wave","Perfected Strike"],"picked":"Feel No Pain","floor":5},{"not_picked":["Bloodletting","Sword Boomerang"],"picked":"Inflame","floor":6},{"not_picked":["Life Link","Eclipse"],"picked":"Reaper","floor":8},{"not_picked":["Pommel Strike","Anger"],"picked":"Sword Boomerang","floor":11}],"player_experience":260982,"relics_obtained":[{"floor":6,"key":"Shovel"},{"floor":7,"key":"Juzu Bracelet"},{"floor":8,"key":"Omamori"},{"floor":9,"key":"Pondfish Scales"},{"floor":10,"key":"Bottled Tornado"},{"floor":11,"key":"Regal Pillow"},{"floor":13,"key":"Replay:Rubber Ducky"}],"event_choices":[{"damage_healed":0,"gold_gain":0,"player_choice":"Box","damage_taken":0,"relics_obtained":["Self Forming Clay"],"max_hp_gain":0,"max_hp_loss":0,"event_name":"Big Fish","floor":2,"gold_loss":0,"cards_obtained":["Regret"]},{"damage_healed":0,"gold_gain":0,"player_choice":"Upgraded","damage_taken":0,"max_hp_gain":0,"max_hp_loss":0,"event_name":"Upgrade Shrine","floor":4,"gold_loss":0,"cards_upgraded":["Havoc"]},{"damage_healed":0,"gold_gain":0,"player_choice":"Gave Potion","damage_taken":0,"relics_obtained":["Strawberry"],"max_hp_gain":0,"max_hp_loss":0,"event_name":"WeMeetAgain","floor":12,"gold_loss":0},{"damage_healed":0,"gold_gain":0,"player_choice":"Left Gold","damage_taken":0,"max_hp_gain":0,"max_hp_loss":0,"event_name":"World of Goop","floor":14,"gold_loss":44}],"is_beta":false,"boss_relics":[],"items_purged_floors":[],"is_endless":false,"potions_floor_spawned":[1,11],"killed_by":"Hexaghost","ascension_level":0}}