{"host":"92wx9z21c4p52du4","time":1612545071,"event":{"mods":["BaseMod","Downfall","Hermit","Minty Spire (QoL Compilation)","Reliquary","StSLib","The Hierophant"],"gold_per_floor":[99,115,115,127,184,184,184,211,33,133,133,143,143,161,178,277,277,277,290,290,390,409,409,409,409,409,423,423,143,143,157,177,275,275,275,287,305,355,355,365,418,418,467,480,534,280,292,320,332,332],"floor_reached":51,"language":"ENG","playtime":3800,"items_purged":["hexamod:Strike","hexamod:Defend","hexamod:Strike","hexamod:Strike"],"score":637,"play_id":"05de0d42-4eb2-4947-8fc1-7c0b57f966a6","local_time":"20210205111111","is_ascension_mode":false,"campfire_choices":[{"data":"hexamod:GhostflameInferno","floor":1,"key":"SMITH"},{"data":"hexamod:FastForward","floor":6,"key":"SMITH"},{"data":"hexamod:SoulSteal","floor":13,"key":"SMITH"},{"data":"hexamod:TimeOfNeed","floor":18,"key":"SMITH"},{"data":"Deep Breath","floor":23,"key":"SMITH"},{"data":"hexamod:Float","floor":26,"key":"SMITH"},{"data":"hexamod:EtherealExpedition","floor":28,"key":"SMITH"},{"data":"expansioncontent:QuickStudy","floor":30,"key":"SMITH"},{"data":"hexamod:GhostShield","floor":35,"key":"SMITH"}],"circlet_count":0,"master_deck":["hexamod:Strike+1","hexamod:Defend","hexamod:Defend+1","hexamod:Defend+1","hexamod:Sear+1","hexamod:Float+1","hexamod:GhostflameInferno+1","hexamod:EtherealExpedition+1","hexamod:FastForward+1","hexamod:NightmareGuise+1","hexamod:SoulSteal+1","hexamod:FirstSeal","hexamod:GhostShield","Deep Breath+1","hexamod:PhantomFireball+1","hexamod:SpectralSpark","hexamod:FourthSeal","hexamod:TimeOfNeed+1","hexamod:GhostShield+1","hexamod:Firestarter+1","hexamod:FlamesFromBeyond+1","hexamod:SpectralAdrenaline+1","expansioncontent:QuickStudy+1","hexamod:Hexaguard","hexamod:Hexaguard+1","hexamod:SixthSeal","hexamod:FastForward+1","expansioncontent:GuardianWhirl","hexamod:ChargedBarrage","hexamod:PhantomFireball","Jack Of All Trades","hexamod:VolcanoVisage"],"relics":["hexamod:SpiritBrand","reliquary:BallBearing","reliquary:HotPoker","reliquary:TatteredRug","Odd Mushroom","Membership Card","reliquary:PorcupineQuills","Busted Crown","Omamori","Incense Burner","Mercury Hourglass","reliquary:TuningFork","Orichalcum","reliquary:RedCape","reliquary:OuijaBoard","War Paint","Anchor","Thread and Needle","HornCleat","Frozen Eye","Medical Kit","Juzu Bracelet"],"acts_visited":["Exordium","TheCity","TheBeyond"],"potions_floor_usage":[8,14,16,19,21,33,36,37,38,40,40,45,45,50,50,50],"damage_taken":[{"damage":0,"enemies":"Cultist","floor":2,"turns":3},{"damage":0,"enemies":"Small Slimes","floor":4,"turns":2},{"damage":13,"enemies":"3 Sentries","floor":5,"turns":7},{"damage":14,"enemies":"The Mushroom Lair","floor":8,"turns":5},{"damage":0,"enemies":"downfall:FleeingMerchant","floor":9,"turns":4},{"damage":0,"enemies":"2 Louse","floor":12,"turns":3},{"damage":0,"enemies":"Blue Slaver","floor":14,"turns":4},{"damage":0,"enemies":"Large Slime","floor":15,"turns":3},{"damage":20,"enemies":"WA_ARCHETYPE_RETAIN","floor":16,"turns":10},{"damage":4,"enemies":"3 Byrds","floor":19,"turns":5},{"damage":45,"enemies":"Colosseum Nobs","floor":21,"turns":4},{"damage":3,"enemies":"Spheric Guardian","floor":22,"turns":4},{"damage":0,"enemies":"Shelled Parasite and Fungi","floor":27,"turns":4},{"damage":0,"enemies":"downfall:FleeingMerchant","floor":29,"turns":4},{"damage":0,"enemies":"Sentry and Sphere","floor":31,"turns":5},{"damage":0,"enemies":"3 Cultists","floor":32,"turns":2},{"damage":42,"enemies":"IC_MUSHROOM_ARCHETYPE","floor":33,"turns":12},{"damage":5,"enemies":"Orb Walker","floor":36,"turns":5},{"damage":0,"enemies":"3 Darklings","floor":37,"turns":3},{"damage":14,"enemies":"3 Darklings","floor":38,"turns":8},{"damage":4,"enemies":"Writhing Mass","floor":40,"turns":5},{"damage":22,"enemies":"Sphere and 2 Shapes","floor":44,"turns":6},{"damage":0,"enemies":"2 Orb Walkers","floor":45,"turns":3},{"damage":0,"enemies":"downfall:FleeingMerchant","floor":46,"turns":4},{"damage":0,"enemies":"Jaw Worm Horde","floor":47,"turns":3},{"damage":0,"enemies":"downfall:FleeingMerchant","floor":48,"turns":3},{"damage":0,"enemies":"4 Shapes","floor":49,"turns":3},{"damage":43,"enemies":"DF_ARCHETYPE_ORBS","floor":50,"turns":11}],"seed_played":"7666683563048742105","potions_obtained":[{"floor":2,"key":"SmokeBomb"},{"floor":5,"key":"champ:CounterPotion"},{"floor":12,"key":"PowerPotion"},{"floor":14,"key":"AttackPotion"},{"floor":16,"key":"Fire Potion"},{"floor":16,"key":"Dexterity Potion"},{"floor":19,"key":"AttackPotion"},{"floor":21,"key":"hexamod:DoubleChargePotion"},{"floor":21,"key":"CultistPotion"},{"floor":33,"key":"GamblersBrew"},{"floor":36,"key":"Swift Potion"},{"floor":37,"key":"hexamod:InfernoChargePotion"},{"floor":38,"key":"Regen Potion"},{"floor":38,"key":"Block Potion"},{"floor":40,"key":"Dexterity Potion"},{"floor":44,"key":"PowerPotion"},{"floor":45,"key":"champ:CounterPotion"},{"floor":48,"key":"Strength Potion"},{"floor":49,"key":"hexamod:SoulburnPotion"}],"is_trial":false,"path_per_floor":["R","M","T","M","?","R","T","?","$","?","T","M","R","M","M","B",null,"R","M","?","?","M","R","T","?","R","M","R","$","R","M","M","B",null,"R","M","M","?","?","M","T","?","T","M","?","$","M","$","M","B",null],"character_chosen":"THE_SPIRIT","items_purchased":["Membership Card","hexamod:GhostShield","Deep Breath","hexamod:SpectralAdrenaline","expansioncontent:QuickStudy","Orichalcum","hexamod:Hexaguard","HornCleat","Frozen Eye","hexamod:PhantomFireball","Jack Of All Trades","Medical Kit","Juzu Bracelet","hexamod:VolcanoVisage","hexamod:SoulburnPotion"],"campfire_rested":0,"item_purchase_floors":[9,9,9,29,29,29,29,46,46,46,46,48,48,48,48],"current_hp_per_floor":[70,70,70,70,57,57,57,43,43,43,43,50,50,57,57,37,70,70,70,70,32,36,36,36,36,36,43,43,50,50,57,57,22,70,70,70,70,63,63,70,70,70,70,55,55,62,69,70,70,34],"gold":332,"neow_bonus":"ONE_RANDOM_RARE_CARD","is_daily":false,"chose_seed":false,"campfire_upgraded":9,"win_rate":0.0,"timestamp":1612545071,"path_taken":["R","M","?","M","?","R","T","?","$","?","?","M","R","M","M","BOSS","R","M","?","?","M","R","T","?","R","M","R","$","R","?","M","BOSS","R","M","M","?","?","?","T","?","?","M","?","?","?","$","M","BOSS"],"items_purchased_type":["Relic","Card","Card","Card","Card","Relic","Card","Relic","Relic","Card","Card","Relic","Relic","Card","Potion"],"build_version":"2020-12-22","purchased_purges":4,"victory":true,"max_hp_per_floor":[70,70,70,70,70,70,70,70,70,70,70,70,70,70,70,70,70,70,70,70,70,70,70,70,70,70,70,70,70,70,70,70,70,70,70,70,70,70,70,70,70,70,70,70,70,70,70,70,70,70],"card_choices":[{"not_picked":["hexamod:HauntingEcho","hexamod:SkipABeat"],"picked":"hexamod:EtherealExpedition","floor":2},{"not_picked":["hexamod:BurningTouch","hexamod:RetreatToShadows"],"picked":"hexamod:FastForward","floor":4},{"not_picked":["hexamod:GhostLash","hexamod:PhantomCloak"],"picked":"hexamod:NightmareGuise","floor":5},{"not_picked":["hexamod:HauntingEcho","hexamod:FlamesFromBeyond"],"picked":"hexamod:SoulSteal","floor":8},{"not_picked":["hexamod:HauntingEcho","hexamod:UnleashSpirits"],"picked":"hexamod:FirstSeal","floor":9},{"not_picked":["hexamod:InspiringFlames","hexamod:SwordOfDarkness"],"picked":"hexamod:PhantomFireball","floor":12},{"not_picked":["hexamod:HauntingEcho","hexamod:GhostShield"],"picked":"hexamod:SpectralSpark","floor":14},{"not_picked":["hexamod:AdvancingGuard","hexamod:ThermalTransfer"],"picked":"hexamod:FourthSeal","floor":15},{"not_picked":["hexamod:HexaLevel","hexamod:GhostOfSpirePresent"],"picked":"hexamod:TimeOfNeed","floor":16},{"not_picked":[],"picked":"hexamod:GhostShield","floor":19},{"not_picked":[],"picked":"hexamod:Firestarter+1","floor":22},{"not_picked":["hexamod:FourthSeal"],"picked":"SKIP","floor":27},{"not_picked":[],"picked":"hexamod:FlamesFromBeyond","floor":29},{"not_picked":["hexamod:Again"],"picked":"SKIP","floor":31},{"not_picked":[],"picked":"hexamod:Hexaguard","floor":32},{"not_picked":[],"picked":"hexamod:SixthSeal","floor":33},{"not_picked":["hexamod:InspiringFlames"],"picked":"SKIP","floor":36},{"not_picked":["hexamod:BacktrackSmack+1"],"picked":"SKIP","floor":37},{"not_picked":[],"picked":"hexamod:FastForward","floor":38},{"not_picked":["hexamod:Haunt"],"picked":"SKIP","floor":40},{"not_picked":["expansioncontent:PolyBeam","expansioncontent:PrepareCrush"],"picked":"expansioncontent:GuardianWhirl","floor":42},{"not_picked":[],"picked":"hexamod:ChargedBarrage","floor":44},{"not_picked":["hexamod:RainOfEmbers+1"],"picked":"SKIP","floor":46},{"not_picked":["hexamod:Firestarter+1"],"picked":"SKIP","floor":47},{"not_picked":["hexamod:HeatMetal"],"picked":"SKIP","floor":48},{"not_picked":["hexamod:ThirdSeal"],"picked":"SKIP","floor":49}],"player_experience":272944,"relics_obtained":[{"floor":3,"key":"reliquary:BallBearing"},{"floor":5,"key":"reliquary:HotPoker"},{"floor":7,"key":"reliquary:TatteredRug"},{"floor":8,"key":"Odd Mushroom"},{"floor":11,"key":"reliquary:PorcupineQuills"},{"floor":21,"key":"Incense Burner"},{"floor":21,"key":"Mercury Hourglass"},{"floor":24,"key":"reliquary:TuningFork"},{"floor":38,"key":"reliquary:OuijaBoard"},{"floor":41,"key":"War Paint"},{"floor":43,"key":"Anchor"},{"floor":45,"key":"Thread and Needle"}],"event_choices":[{"damage_healed":0,"gold_gain":0,"player_choice":"Fought Mushrooms","damage_taken":0,"max_hp_gain":0,"max_hp_loss":0,"event_name":"Mushrooms","floor":8,"gold_loss":0},{"damage_healed":0,"gold_gain":0,"player_choice":"Forge","damage_taken":0,"max_hp_gain":0,"max_hp_loss":0,"event_name":"Accursed Blacksmith","floor":39,"gold_loss":0,"cards_upgraded":["hexamod:FastForward"]},{"damage_healed":0,"gold_gain":0,"player_choice":"Fight","damage_taken":0,"max_hp_gain":0,"max_hp_loss":0,"event_name":"Mysterious Sphere","floor":45,"gold_loss":0}],"is_beta":false,"boss_relics":[{"not_picked":["Sozu","Philosopher\u0027s Stone"],"picked":"Busted Crown"},{"not_picked":["reliquary:Craggleroot","Runic Dome"],"picked":"reliquary:RedCape"}],"items_purged_floors":[9,29,46,48],"is_endless":false,"potions_floor_spawned":[2,5,12,14,16,21,32,33,36,38,45,49],"ascension_level":0}}