{"host":"5p9hybygolzp0efr","time":1612505218,"event":{"mods":["AchievementEnabler","BaseMod","Bestiary","Colored Map","Minty Spire (QoL Compilation)","Permanent Neow","Relic Stats"],"gold_per_floor":[114,129,144,69,69,69,99,99,124,154,169,199,199,214,214,314,314,329,344,344,359,71,71,71],"floor_reached":23,"language":"ENG","playtime":1044,"items_purged":["Strike_P","Defend_P"],"score":236,"play_id":"cdb3706f-6674-42a0-b68b-7baeca503c91","local_time":"20210205140658","daily_mods":["Specialized","ControlledChaos","Elite Swarm"],"is_ascension_mode":false,"campfire_choices":[{"data":"TalkToTheHand","floor":6.0,"key":"SMITH"},{"floor":8.0,"key":"REST"},{"data":"Vault","floor":13.0,"key":"SMITH"},{"data":"Eruption","floor":15.0,"key":"SMITH"}],"circlet_count":0,"master_deck":["Strike_P","Strike_P","Strike_P","Defend_P","Defend_P","Defend_P","Eruption+1","Vigilance","FlyingSleeves","FlyingSleeves","FlyingSleeves","FlyingSleeves","FlyingSleeves","TalkToTheHand+1","Vault+1","Blasphemy","Omniscience","Study"],"relics":["HolyWater","Frozen Eye","Centennial Puzzle","Art of War","Omamori","Torii","Akabeko"],"acts_visited":["Exordium","TheCity"],"potions_floor_usage":[19,20],"damage_taken":[{"damage":0.0,"enemies":"2 Louse","floor":1.0,"turns":2.0},{"damage":0.0,"enemies":"Small Slimes","floor":2.0,"turns":3.0},{"damage":0.0,"enemies":"Cultist","floor":3.0,"turns":2.0},{"damage":46.0,"enemies":"3 Sentries","floor":7.0,"turns":8.0},{"damage":3.0,"enemies":"Gremlin Nob","floor":10.0,"turns":4.0},{"damage":4.0,"enemies":"Exordium Wildlife","floor":11.0,"turns":3.0},{"damage":9.0,"enemies":"Lagavulin","floor":12.0,"turns":7.0},{"damage":0.0,"enemies":"Blue Slaver","floor":14.0,"turns":3.0},{"damage":13,"enemies":"Hexaghost","floor":16,"turns":8},{"damage":0,"enemies":"Spheric Guardian","floor":18,"turns":2},{"damage":12,"enemies":"2 Thieves","floor":19,"turns":4},{"damage":0,"enemies":"Snake Plant","floor":21,"turns":1},{"damage":43,"enemies":"Gremlin Leader","floor":23,"turns":8}],"seed_played":"-8643747277835071688","potions_obtained":[{"floor":1.0,"key":"BottledMiracle"},{"floor":3.0,"key":"ColorlessPotion"},{"floor":7.0,"key":"AttackPotion"},{"floor":19,"key":"DuplicationPotion"},{"floor":20,"key":"Fruit Juice"},{"floor":20,"key":"EntropicBrew"}],"is_trial":false,"path_per_floor":["M","M","M","$","?","R","E","R","T","E","M","E","R","M","R","B",null,"M","M","?","M","$","E"],"character_chosen":"WATCHER","items_purchased":["Akabeko","Study"],"campfire_rested":1,"item_purchase_floors":[22,22],"current_hp_per_floor":[72,72,72,72,72,72,26,47,47,44,40,31,31,31,31,18,72,72,60,65,65,65,22,22],"gold":71,"neow_bonus":"","is_daily":true,"chose_seed":false,"campfire_upgraded":3,"win_rate":0.0,"timestamp":1612505218,"path_taken":["M","M","M","$","?","R","E","R","T","E","M","E","R","M","R","BOSS","M","M","?","?","$","E"],"items_purchased_type":["Relic","Card"],"build_version":"2020-12-22","purchased_purges":2,"victory":false,"max_hp_per_floor":[72,72,72,72,72,72,72,72,72,72,72,72,72,72,72,72,72,72,72,77,77,77,77,77],"relic_stats":{"Centennial Puzzle":[18],"Torii":17,"counters":[13,55],"Art of War":[2],"obtain_stats":[{"Frozen Eye":0,"Centennial Puzzle":7,"Torii":12,"HolyWater":17,"Art of War":9,"Omamori":10,"PureWater":0,"Akabeko":22},{"Frozen Eye":0,"Centennial Puzzle":4,"Torii":7,"HolyWater":9,"Art of War":4,"Omamori":5,"PureWater":0,"Akabeko":12},{"Frozen Eye":0,"Centennial Puzzle":15,"Torii":29,"HolyWater":40,"Art of War":15,"Omamori":19,"PureWater":0,"Akabeko":47}]},"card_choices":[{"not_picked":["Sanctity","Conclude","BowlingBash"],"picked":"SKIP","floor":1.0},{"not_picked":["CrushJoints","Consecrate","CutThroughFate"],"picked":"SKIP","floor":2.0},{"not_picked":["Study","Prostrate"],"picked":"TalkToTheHand","floor":3.0},{"not_picked":["Wish","DeusExMachina","Omniscience"],"picked":"SKIP","floor":7.0},{"not_picked":["MasterReality","Omniscience"],"picked":"Vault","floor":10.0},{"not_picked":["ReachHeaven","BowlingBash","Consecrate"],"picked":"SKIP","floor":11.0},{"not_picked":["Scrawl","Vault"],"picked":"Blasphemy","floor":12.0},{"not_picked":["EmptyFist","Meditate","JustLucky"],"picked":"SKIP","floor":14.0},{"not_picked":["Ragnarok","Brilliance"],"picked":"Omniscience","floor":16},{"not_picked":["Consecrate","Sanctity+1","ClearTheMind"],"picked":"SKIP","floor":18},{"not_picked":["WaveOfTheHand","FlyingSleeves+1","BattleHymn+1"],"picked":"SKIP","floor":19},{"not_picked":["Pray","ClearTheMind","JustLucky"],"picked":"SKIP","floor":21}],"player_experience":595328,"relics_obtained":[{"floor":7.0,"key":"Centennial Puzzle"},{"floor":9.0,"key":"Art of War"},{"floor":10.0,"key":"Omamori"},{"floor":12.0,"key":"Torii"}],"event_choices":[{"damage_healed":0.0,"max_hp_gain":0.0,"max_hp_loss":0.0,"gold_gain":0.0,"event_name":"Liars Game","player_choice":"Ignored","floor":5.0,"gold_loss":0.0,"damage_taken":0.0},{"damage_healed":0,"gold_gain":0,"player_choice":"Got Potions","damage_taken":0,"max_hp_gain":0,"max_hp_loss":0,"event_name":"Lab","floor":20,"gold_loss":0}],"is_beta":false,"boss_relics":[{"not_picked":["Velvet Choker","Calling Bell"],"picked":"HolyWater"}],"items_purged_floors":[4,22],"is_endless":false,"potions_floor_spawned":[1,3,7,14,16,19],"killed_by":"Gremlin Leader","ascension_level":0}}