{"host":"rn4c402gwd40h2z6","time":1612528435,"event":{"mods":["Act Like it!","BaseMod","CapriCore","Card Forge","Challenge The Spire","DNKmod","Data Control","Downfall","Friendly Minions","Gensokyo","Good Game Mod","Hallownest","Infinite Spire","Minty Spire (QoL Compilation)","Quick Restart","Random Character Button","StSLib","The Wild Card","noobMod","°æ“≈ŒÔMod°øÀ¿¡È∑® ¶NEW","¿œ“¡¿Ú—≈","ƒßΩ‰"],"gold_per_floor":[211,3,13,13,13,21,21,21,21,35,69,86,111,111,111,208,208,224,237,97,97,115,144,161,161,161,106,131,131,131,151,151,251,251,267,267,87,87,104,122,137,167,218,243,260,278,278,333,333,333,333,333,333,31,56,56],"floor_reached":57,"language":"ZHS","playtime":3461,"items_purged":[],"score":1437,"play_id":"1146fb0d-281b-44b8-8913-704590623ba8","local_time":"20210205203355","is_ascension_mode":false,"campfire_choices":[{"floor":7.0,"key":"RECALL"},{"floor":15.0,"key":"REST"},{"floor":29.0,"key":"REST"},{"floor":32.0,"key":"REST"},{"floor":47.0,"key":"REST"},{"floor":49.0,"key":"REST"},{"floor":53.0,"key":"REST"}],"circlet_count":1,"master_deck":["RingOfDestiny:Strike_MB+1","RingOfDestiny:Strike_MB+1","RingOfDestiny:Strike_MB+1","RingOfDestiny:DeathLeakage+1","RingOfDestiny:DeathLeakage+1","RingOfDestiny:DarkShield+1","RingOfDestiny:GrowBullet+1","RingOfDestiny:NimbleShield+1","RingOfDestiny:DarkShield+1","RingOfDestiny:DeadlyShoot+1","RingOfDestiny:DanceOfDeath+1","infinitespire:Punishment+1","RingOfDestiny:MoonCurtain+1","RingOfDestiny:Epilogue+1","RingOfDestiny:Determination+1","RingOfDestiny:MoonCurtain+1","RingOfDestiny:Reload+1","RingOfDestiny:QuickDraw+1","RingOfDestiny:Flash+1","infinitespire:FinalStrike+1","Night Terror+1","RingOfDestiny:TestBullet+1","infinitespire:Punishment+1","RingOfDestiny:EtchReflection+1","RingOfDestiny:Residual+1"],"relics":["RingOfDestiny:Flintlock","Hammer of Thor","Seething Fire","Anvil of the Gods","REME:ComplimentaryCards","ice","Bronze Scales","Circlet","Hallownest:DreamNailRelic","bronze:DecasWashers","Gremlin Horn","Toy Ornithopter","OrangePellets","SumUndead","Art of War","Bag of Marbles","Runic Pyramid","Hallownest:StagBellRelic1","Oddly Smooth Stone","infinitespire:Eraser","Runic Pyramid","champ:DuelingGlove","infinitespire:Joker Card","War Paint"],"acts_visited":["Hallownest:Greenpath","Gensokyo:Gensokyoer","Hallownest:KingdomsEdge","RingOfDestiny:BlackNoah"],"potions_floor_usage":[],"damage_taken":[{"damage":0.0,"enemies":"Hallownest:monsterHuskWarrior","floor":1.0,"turns":1.0},{"damage":12.0,"enemies":"Hallownest:2_Tiktiks_and_1_Crawlid","floor":3.0,"turns":1.0},{"damage":0.0,"enemies":"Hallownest:eliteMossKnight","floor":6.0,"turns":3.0},{"damage":0.0,"enemies":"2_ Uuma","floor":10.0,"turns":1.0},{"damage":0.0,"enemies":"Hallownest:eliteCrystalGuardian","floor":11.0,"turns":2.0},{"damage":0.0,"enemies":"Hallownest:Guard_and_Warrior","floor":12.0,"turns":4.0},{"damage":0.0,"enemies":"Hallownest:eliteMossKnight","floor":13.0,"turns":1.0},{"damage":0.0,"enemies":"Hallownest:BossHornet","floor":16.0,"turns":2.0},{"damage":0.0,"enemies":"Gensokyo:Chomper","floor":18.0,"turns":1.0},{"damage":0.0,"enemies":"Gensokyo:3_Dogs","floor":19.0,"turns":1.0},{"damage":1.0,"enemies":"Gensokyo:Swordslinger","floor":22.0,"turns":2.0},{"damage":0.0,"enemies":"Gensokyo:Reisen","floor":23.0,"turns":1.0},{"damage":0.0,"enemies":"Gensokyo:Wraith","floor":24.0,"turns":4.0},{"damage":0.0,"enemies":"Gensokyo:Slime_Group","floor":27.0,"turns":1.0},{"damage":0.0,"enemies":"Gensokyo:Tenshi","floor":28.0,"turns":1.0},{"damage":6.0,"enemies":"Gensokyo:3_Gloops","floor":31.0,"turns":1.0},{"damage":0.0,"enemies":"Gensokyo:Kaguya","floor":33.0,"turns":2.0},{"damage":0.0,"enemies":"Hallownest:3_Siblings","floor":35.0,"turns":2.0},{"damage":0.0,"enemies":"Hallownest:2_Littles","floor":39.0,"turns":1.0},{"damage":12.0,"enemies":"Hallownest:Shield_Sturdy","floor":40.0,"turns":2.0},{"damage":0.0,"enemies":"Hallownest:monsterPrimalAspid","floor":41.0,"turns":1.0},{"damage":7.0,"enemies":"Hallownest:eliteHiveKnight","floor":42.0,"turns":2.0},{"damage":0.0,"enemies":"Hallownest:StalkingDevout","floor":44.0,"turns":1.0},{"damage":0.0,"enemies":"Hallownest:Slobbering_and_Violent","floor":45.0,"turns":3.0},{"damage":2.0,"enemies":"Hallownest:2_Soldiers_and_1_Guardian","floor":46.0,"turns":1.0},{"damage":3.0,"enemies":"Hallownest:2_Primals","floor":48.0,"turns":2.0},{"damage":9.0,"enemies":"Hallownest:BossGreyPrinceZote","floor":50.0,"turns":3.0},{"damage":0.0,"enemies":"Hallownest:BossGreyPrinceZote","floor":51.0,"turns":2.0},{"damage":6.0,"enemies":"RingOfDestiny:fyra","floor":55.0,"turns":3.0},{"damage":0,"enemies":"RingOfDestiny:Rita","floor":56,"turns":1}],"seed_played":"8205197230172038353","potions_obtained":[{"floor":12.0,"key":"Explosive Potion"},{"floor":19.0,"key":"DistilledChaos"}],"is_trial":false,"path_per_floor":["M","$","M","?","$","E","R","?","T","M","E","M","E","?","R","B",null,"M","M","COS","?","M","E","M","AVR","T","M","E","R","?","M","R","B",null,"M","?","?","AVR","M","M","M","E","T","E","M","M","R","?","R","B",null,null,"R","$","E","B",null],"character_chosen":"MagicBullet","items_purchased":["Bronze Scales","RingOfDestiny:DarkShield","infinitespire:Joker Card"],"campfire_rested":6,"item_purchase_floors":[2,2,54],"current_hp_per_floor":[1000,1000,997,997,997,997,997,738,738,738,738,744,744,744,1006,1006,1006,1006,1006,1006,1006,1005,1005,1006,1006,1006,1006,1006,1006,906,900,1006,1006,1006,1006,1001,1001,1001,800,788,788,782,782,784,784,784,1102,1099,1102,1093,1095,1102,1102,1102,1096,1096],"gold":56,"neow_bonus":"HUNDRED_GOLD","is_daily":false,"chose_seed":false,"campfire_upgraded":0,"win_rate":0.0,"timestamp":1612528435,"path_taken":["M","?","M","?","$","E","R","?","T","M","E","M","E","?","R","BOSS","M","M","COS","?","M","E","M","AVR","T","M","E","R","?","?","R","BOSS","M","?","?","AVR","M","?","M","E","T","E","M","M","R","?","R","BOSS","R","$","E","BOSS"],"items_purchased_type":["Relic","Card","Relic"],"build_version":"2020-12-22","purchased_purges":0,"victory":true,"max_hp_per_floor":[1000,1000,1000,1000,1000,1000,1000,1000,1000,1000,1000,1006,1006,1006,1006,1006,1006,1006,1006,1006,1006,1006,1006,1006,1006,1006,1006,1006,1006,1006,1006,1006,1006,1006,1006,1001,1001,1001,1102,1102,1102,1102,1102,1102,1102,1102,1102,1102,1102,1102,1102,1102,1102,1102,1102,1102],"card_choices":[{"not_picked":["RingOfDestiny:DarkShield","RingOfDestiny:CovertOperation"],"picked":"RingOfDestiny:NimbleShield","floor":1.0},{"not_picked":["RingOfDestiny:DeathTrack","RingOfDestiny:BulletZero"],"picked":"RingOfDestiny:DeadlyShoot","floor":3.0},{"not_picked":["RingOfDestiny:PhantasmalAssailants","RingOfDestiny:MagicAbsorb"],"picked":"RingOfDestiny:DanceOfDeath","floor":6.0},{"not_picked":["infinitespire:Execution","infinitespire:Fortify"],"picked":"infinitespire:Punishment","floor":8.0},{"not_picked":["RingOfDestiny:Enchantment","RingOfDestiny:Strafing","RingOfDestiny:BlackLight"],"picked":"SKIP","floor":10.0},{"not_picked":["RingOfDestiny:Enchantment","RingOfDestiny:DoomsdayMark"],"picked":"RingOfDestiny:MoonCurtain","floor":11.0},{"not_picked":["RingOfDestiny:DeathTrack","RingOfDestiny:OathOfBlood"],"picked":"RingOfDestiny:Epilogue","floor":12.0},{"not_picked":["RingOfDestiny:OriginBullet","RingOfDestiny:AmmoRain"],"picked":"RingOfDestiny:Determination","floor":13.0},{"not_picked":["RingOfDestiny:MagicAbsorb","RingOfDestiny:RiteOfOrigin"],"picked":"RingOfDestiny:MoonCurtain","floor":16.0},{"not_picked":["RingOfDestiny:OathOfBlood","RingOfDestiny:DarkShield","RingOfDestiny:Enchantment"],"picked":"SKIP","floor":18.0},{"not_picked":["RingOfDestiny:ForgeBullet","RingOfDestiny:OriginBullet","RingOfDestiny:PhantasmalAssailants+1"],"picked":"SKIP","floor":19.0},{"not_picked":["RingOfDestiny:DeathLeakage","RingOfDestiny:InitialBullet+1"],"picked":"RingOfDestiny:QuickDraw","floor":22.0},{"not_picked":["RingOfDestiny:DeathLeakage","RingOfDestiny:EtchSpirit","RingOfDestiny:LethalTwins"],"picked":"SKIP","floor":23.0},{"not_picked":["RingOfDestiny:ForgeBullet","RingOfDestiny:AmmoRain"],"picked":"RingOfDestiny:Flash","floor":24.0},{"not_picked":["RingOfDestiny:BlastBullet","RingOfDestiny:ForgeBullet","RingOfDestiny:EtchPhantom"],"picked":"SKIP","floor":27.0},{"not_picked":["RingOfDestiny:EtchSpirit+1","RingOfDestiny:DeadlyShoot","RingOfDestiny:DeathTrack+1"],"picked":"SKIP","floor":28.0},{"not_picked":["RingOfDestiny:BreakBullet","RingOfDestiny:OriginBullet","RingOfDestiny:Strafing"],"picked":"SKIP","floor":31.0},{"not_picked":["RingOfDestiny:Underhand","RingOfDestiny:Determination","RingOfDestiny:DeathLeakage"],"picked":"SKIP","floor":35.0},{"not_picked":["RingOfDestiny:Strafing+1","RingOfDestiny:BlackLight+1","RingOfDestiny:DevilKiss+1"],"picked":"SKIP","floor":39.0},{"not_picked":["RingOfDestiny:SecretAmmunition","RingOfDestiny:FlowerOfDespair+1","RingOfDestiny:InitialBullet+1"],"picked":"SKIP","floor":40.0},{"not_picked":["RingOfDestiny:EtchSpirit","RingOfDestiny:DeadlyShoot+1"],"picked":"RingOfDestiny:EtchReflection+1","floor":41.0},{"not_picked":["RingOfDestiny:BreakBullet","RingOfDestiny:EtchReflection+1","RingOfDestiny:FlowerOfDespair"],"picked":"SKIP","floor":42.0},{"not_picked":["RingOfDestiny:BloodyLeakage","RingOfDestiny:Crimson","RingOfDestiny:VolleyBullet"],"picked":"SKIP","floor":44.0},{"not_picked":["RingOfDestiny:NimbleShield+1","RingOfDestiny:Apoptosis+1","RingOfDestiny:Enchantment"],"picked":"SKIP","floor":45.0},{"not_picked":["RingOfDestiny:Determination","RingOfDestiny:AmmoRain+1","RingOfDestiny:BulletZero+1"],"picked":"SKIP","floor":46.0},{"not_picked":["RingOfDestiny:OriginBullet+1","RingOfDestiny:Crimson"],"picked":"RingOfDestiny:Residual","floor":55.0}],"player_experience":90932,"relics_obtained":[{"floor":1.0,"key":"Baka"},{"floor":3.0,"key":"Baka2"},{"floor":6.0,"key":"bronze:DecasWashers"},{"floor":11.0,"key":"Gremlin Horn"},{"floor":13.0,"key":"Toy Ornithopter"},{"floor":23.0,"key":"SumUndead"},{"floor":26.0,"key":"MagicDraw4"},{"floor":28.0,"key":"Art of War"},{"floor":33.0,"key":"Bag of Marbles"},{"floor":42.0,"key":"MagicDraw3"},{"floor":43.0,"key":"Oddly Smooth Stone"},{"floor":44.0,"key":"infinitespire:Eraser"},{"floor":46.0,"key":"Runic Pyramid"},{"floor":48.0,"key":"champ:DuelingGlove"},{"floor":55.0,"key":"War Paint"}],"event_choices":[],"is_beta":false,"boss_relics":[{"not_picked":["Pandora\u0027s Box","infinitespire:Cupcake"],"picked":"SoulBox"},{"not_picked":["Philosopher\u0027s Stone","bronze:MakeshiftBattery"],"picked":"Runic Pyramid"}],"items_purged_floors":[],"is_endless":false,"potions_floor_spawned":[3,12,16,19,27,28,31,39,40,41,44,46,48],"ascension_level":0}}