{"host":"75zx7uhsgygk98v8","time":1612557823,"event":{"mods":["BaseMod","Colored Map","Colored Powertips","Downfall","Googly Eyes","Highlight Path","Minty Spire (QoL Compilation)","StSLib"],"gold_per_floor":[99,116,132,147,166,196,246,263,63,63,79,99,111,111,111,111],"floor_reached":14,"language":"ENG","playtime":43920,"items_purged":[],"score":123,"play_id":"547b3947-52a6-4933-9e82-0fc9fe04357a","local_time":"20210205144343","is_ascension_mode":false,"campfire_choices":[{"floor":1.0,"key":"RECALL"},{"data":"champ:ShieldWall","floor":9.0,"key":"SMITH"}],"circlet_count":0,"master_deck":["champ:Strike","champ:Strike","champ:Strike","champ:Strike","champ:Defend","champ:Defend","champ:Defend","champ:Defend","champ:Execute","champ:Taunt","champ:SwordSigil","champ:Encircle","champ:Parry","champ:DeathBlow","champ:ShieldWall+1","champ:BerserkerStyle","champ:Improvising"],"relics":["champ:ChampionCrown","Singing Bowl","downfall:HeartBlessingBlue","downfall:HeartBlessingRed"],"acts_visited":["Exordium"],"potions_floor_usage":[10,12],"damage_taken":[{"damage":20.0,"enemies":"Cultist","floor":2.0,"turns":3.0},{"damage":10.0,"enemies":"2 Louse","floor":3.0,"turns":3.0},{"damage":25.0,"enemies":"Jaw Worm","floor":4.0,"turns":3.0},{"damage":28.0,"enemies":"Large Slime","floor":5.0,"turns":4.0},{"damage":33.0,"enemies":"3 Sentries","floor":6.0,"turns":6.0},{"damage":28.0,"enemies":"3 Louse","floor":8.0,"turns":4.0},{"damage":0,"enemies":"Exordium Thugs","floor":10,"turns":1},{"damage":23,"enemies":"2 Fungi Beasts","floor":11,"turns":4},{"damage":40,"enemies":"3 Louse","floor":12,"turns":4},{"damage":18,"enemies":"Exordium Thugs","floor":13,"turns":4},{"damage":43,"enemies":"Lagavulin","floor":14,"turns":7}],"seed_played":"-8758791782324243879","potions_obtained":[{"floor":6.0,"key":"SkillPotion"},{"floor":8.0,"key":"SmokeBomb"},{"floor":12,"key":"Explosive Potion"}],"is_trial":false,"path_per_floor":["R","M","M","M","M","E","T","M","R","M","M","M","M","E"],"character_chosen":"THE_CHAMP","items_purchased":[],"campfire_rested":0,"item_purchase_floors":[],"current_hp_per_floor":[99,99,99,99,96,83,83,77,87,87,76,61,43,0,0,0],"gold":111,"neow_bonus":"TEN_PERCENT_HP_BONUS","is_daily":false,"chose_seed":false,"campfire_upgraded":1,"win_rate":0.0,"timestamp":1612557823,"path_taken":["R","M","M","M","M","E","T","M","R","?","?","M","M","E"],"items_purchased_type":[],"build_version":"2020-12-22","purchased_purges":0,"victory":false,"max_hp_per_floor":[99,99,99,99,99,99,99,101,111,111,113,113,113,113,113,113],"card_choices":[{"not_picked":["champ:TornadoPunch","champ:GladiatorStyle"],"picked":"champ:SwordSigil","floor":2.0},{"not_picked":["champ:PerfectedStrike","champ:TornadoPunch"],"picked":"champ:Encircle","floor":3.0},{"not_picked":["champ:EndlessRage","champ:PerfectedStrike"],"picked":"champ:Parry","floor":4.0},{"not_picked":["champ:GladiatorStyle","champ:BladeFlurry"],"picked":"champ:DeathBlow","floor":5.0},{"not_picked":["champ:FocusedBerserking","champ:BerserkerStyle"],"picked":"champ:ShieldWall","floor":6.0},{"not_picked":["champ:TornadoPunch","champ:PreemptiveStrike","champ:RisingSlash"],"picked":"Singing Bowl","floor":8.0},{"not_picked":["champ:RisingSlash","champ:StanceDance","champ:EnragedBash"],"picked":"Singing Bowl","floor":11},{"not_picked":["champ:DefensiveShout","champ:RecklessLeap"],"picked":"champ:BerserkerStyle","floor":12},{"not_picked":["champ:PreemptiveStrike","champ:BerserkersShout"],"picked":"champ:Improvising","floor":13}],"player_experience":1330854,"relics_obtained":[{"floor":6.0,"key":"Singing Bowl"}],"event_choices":[],"is_beta":false,"boss_relics":[],"items_purged_floors":[],"is_endless":false,"potions_floor_spawned":[6,8,10,12],"killed_by":"Lagavulin","ascension_level":0}}