{"host":"61ejhfsushs0xmcl","time":1612522701,"event":{"mods":["ATMod(°¢èªMod)","Act Like it!","Arknights","BaseMod","Colored Map","Gold Saver","Minty Spire (QoL Compilation)","MostiFishMod","Reliquary","Spicy Shops","StSLib","¡¾ÒÅÎï¿¨ÅÆ¡¿REMEMod","óô»ðÖ¸ÄÏ"],"gold_per_floor":[1797,1809,1827,1844,1887,1914,1914,1914,1959,1992,1992,2018,1724,1741,1178,1277,1277,1293,1306,833,803,482,513,533,566,645,676,330,348,348,379,379,476,476,493,242,257,257,257,283,283,314,314,340,370,280,204,532,269,269,269],"floor_reached":50,"language":"ZHS","playtime":1711,"items_purged":["ats:Strike C","ats:Strike V","ats:Counter Healing Mode","ats:Defend","ats:Strike S","ats:Armor Crushing Shot","ats:Apocalypse+1","ats:Consecutive Shot Auto"],"score":1000,"play_id":"bdc5f50f-7729-43d8-8ee3-6bbd155e6b52","local_time":"20210205185821","is_ascension_mode":true,"campfire_choices":[{"data":"MostiFishMod:FlyOverUtopia","floor":7.0,"key":"SMITH"},{"floor":11.0,"key":"RECALL"},{"data":"ats:Defend","floor":30.0,"key":"PURGE"},{"data":"ats:Encircling Forest","floor":32.0,"key":"PURGE"}],"circlet_count":0,"master_deck":["ats:Emotion Absorption+1","MostiFishMod:FlyOverUtopia+1","ats:Neurotoxin","ats:Healing Strengthening+1","ats:Ambush","ats:Neurotoxin","ats:Poison Spread+1","ats:Calcification","ats:Overload+1"],"relics":["ats:Sanity","AT_ATBox","REME_ComplimentaryCards","DaveBox","FeatherPendant","SynthV:TestCard","ats:Originium","Mercury Hourglass","Kunai","Blood Vial","AT_SeraphEmbrace","reliquary:TatteredRug","OrangePellets","DollysMirror","ChiXiaoBlade","Peace Pipe","Omamori","War Paint","Darkstone Periapt","reliquary:Stiletto","reliquary:NewFriend","Boot","ats:Snipe","Happy Flower","Fusion Hammer","Membership Card","Medical Kit","AT_BellDemon","Oddly Smooth Stone","ats:Hidden Killer","Strawberry","Prayer Wheel","Pen Nib","ats:Industrial Water Cannon","ats:Rhine Circuitry","ThornShield","AT_RedTearstoneRing","Civilization","Centennial Puzzle","Old Coin","Bag of Preparation","REME_CardOfGreed","Du-Vu Doll"],"acts_visited":["Exordium","TheCity","TheBeyond"],"potions_floor_usage":[],"damage_taken":[{"damage":6.0,"enemies":"2 Louse","floor":1.0,"turns":2.0},{"damage":8.0,"enemies":"Cultist","floor":2.0,"turns":3.0},{"damage":0.0,"enemies":"Small Slimes","floor":3.0,"turns":3.0},{"damage":1.0,"enemies":"Looter","floor":4.0,"turns":3.0},{"damage":24.0,"enemies":"3 Louse","floor":5.0,"turns":4.0},{"damage":45.0,"enemies":"Gremlin Nob","floor":6.0,"turns":4.0},{"damage":8.0,"enemies":"Lagavulin","floor":10.0,"turns":3.0},{"damage":8.0,"enemies":"Gremlin Nob","floor":12.0,"turns":3.0},{"damage":8.0,"enemies":"2 Fungi Beasts","floor":14.0,"turns":3.0},{"damage":32.0,"enemies":"Hexaghost","floor":16.0,"turns":5.0},{"damage":8.0,"enemies":"Chosen","floor":18.0,"turns":3.0},{"damage":8.0,"enemies":"Spheric Guardian","floor":19.0,"turns":3.0},{"damage":26.0,"enemies":"Gremlin Leader","floor":23.0,"turns":3.0},{"damage":8.0,"enemies":"Centurion and Healer","floor":24.0,"turns":3.0},{"damage":21.0,"enemies":"Book of Stabbing","floor":25.0,"turns":3.0},{"damage":21.0,"enemies":"Slavers","floor":27.0,"turns":2.0},{"damage":20.0,"enemies":"3 Cultists","floor":29.0,"turns":3.0},{"damage":36.0,"enemies":"Book of Stabbing","floor":31.0,"turns":3.0},{"damage":20.0,"enemies":"Champ","floor":33.0,"turns":4.0},{"damage":19.0,"enemies":"3 Darklings","floor":35.0,"turns":3.0},{"damage":40,"enemies":"Orb Walker","floor":37,"turns":3},{"damage":44,"enemies":"Reptomancer","floor":40,"turns":4},{"damage":8,"enemies":"Giant Head","floor":42,"turns":4},{"damage":12,"enemies":"Nemesis","floor":45,"turns":3},{"damage":8,"enemies":"Giant Head","floor":48,"turns":2},{"damage":104,"enemies":"Awakened One","floor":50,"turns":3}],"seed_played":"516785077921252976","potions_obtained":[{"floor":1.0,"key":"REME_GoldPotion"},{"floor":3.0,"key":"LiquidBronze"},{"floor":5.0,"key":"SpeedPotion"},{"floor":10.0,"key":"ColorlessPotion"},{"floor":12.0,"key":"FairyPotion"},{"floor":16.0,"key":"Fire Potion"},{"floor":21.0,"key":"FairyPotion"},{"floor":21.0,"key":"LiquidMemories"},{"floor":23.0,"key":"EssenceOfSteel"},{"floor":24.0,"key":"GamblersBrew"},{"floor":40,"key":"Block Potion"},{"floor":42,"key":"PowerPotion"},{"floor":45,"key":"EssenceOfSteel"}],"is_trial":false,"path_per_floor":["M","M","M","M","M","E","R","?","T","E","R","E","$","M","R","B",null,"M","M","$","?","$","E","M","E","T","E","R","M","R","E","R","B",null,"M","$","M","?","?","E","?","E","T","T","E","?","R","E","R","B"],"character_chosen":"DOCTOR_CLASS","items_purchased":["AT_ArchangelStaff","ats:Rapid Magazine","reliquary:TatteredRug","OrangePellets","DollysMirror","Peace Pipe","Omamori","War Paint","Weak Potion","ats:Snipe","Membership Card","Medical Kit","AT_BellDemon","Oddly Smooth Stone","ColorlessPotion","Swift Potion","Energy Potion","SteroidPotion","Civilization","Bag of Preparation","REME_CardOfGreed","Du-Vu Doll"],"campfire_rested":0,"item_purchase_floors":[13,13,15,15,15,20,22,22,22,28,36,36,36,36,36,36,36,36,47,49,49,49],"current_hp_per_floor":[45,45,53,60,48,11,11,11,11,23,23,35,35,49,49,39,72,64,70,70,70,70,72,72,51,51,32,32,26,26,32,32,58,72,72,72,59,59,59,59,59,75,75,75,74,74,74,76,76,0,0],"gold":269,"neow_bonus":"TRANSFORM_TWO_CARDS","is_daily":false,"chose_seed":false,"campfire_upgraded":1,"win_rate":0.0,"timestamp":1612522701,"path_taken":["M","M","M","M","M","E","R","?","T","E","R","E","$","M","R","BOSS","M","M","$","?","$","E","M","E","T","E","R","?","R","E","R","BOSS","M","$","M","?","?","E","?","E","T","?","E","?","R","E","R","BOSS"],"items_purchased_type":["Relic","Card","Relic","Relic","Relic","Relic","Relic","Relic","Potion","Relic","Relic","Relic","Relic","Relic","Potion","Potion","Potion","Potion","Relic","Relic","Relic","Relic"],"build_version":"2020-12-22","purchased_purges":8,"victory":false,"max_hp_per_floor":[72,72,72,72,72,72,72,72,72,72,72,72,72,72,72,72,72,72,72,72,72,72,72,72,72,72,72,72,72,72,72,72,72,72,72,72,72,72,68,75,75,75,75,75,75,75,75,76,76,76,76],"card_choices":[{"not_picked":["ats:Shadow Raid","ats:Leaping Hammer"],"picked":"ats:Apocalypse","floor":1.0},{"not_picked":["ats:Encircling Forest","ats:Absolute Focus","ats:Serious Mode","ats:Hook Shot","ats:Very Hot Blade"],"picked":"SKIP","floor":2.0},{"not_picked":["ats:Cat Scratch","ats:Ignite","ats:Powerful Strike","ats:Flexible Camouflage"],"picked":"ats:Neurotoxin","floor":3.0},{"not_picked":["ats:Counter Healing Mode","ats:Ignite","ats:Support Order","ats:Beaten Up"],"picked":"ats:Healing Strengthening","floor":4.0},{"not_picked":["ats:Part Time Job","ats:Apocalypse","ats:Revitalization","ats:Ignite"],"picked":"ats:Ambush","floor":5.0},{"not_picked":["ats:Thorns","ats:Assault Order","ats:Mental Burst","ats:Revitalization"],"picked":"ats:Consecutive Shot Auto","floor":6.0},{"not_picked":["ats:Counter Healing Mode","ats:Closed Bolt Burst Fire","ats:Apocalypse","ats:Healing Strengthening","ats:Mental Burst"],"picked":"SKIP","floor":10.0},{"not_picked":["ats:Phantom","ats:Counter Healing Mode","ats:Directed Diagnosis","ats:Soul Rend","ats:Shell Defense"],"picked":"SKIP","floor":12.0},{"not_picked":["ats:Revitalization","ats:Soul Absorption","ats:Serious Mode","ats:Apocalypse","ats:Consecutive Shot Auto"],"picked":"SKIP","floor":14.0},{"not_picked":["ats:Hammer On","ats:Curse Doll","ats:Closed Bolt Burst Fire+1","ats:Sword Rain+1","ats:Powerful Strike"],"picked":"SKIP","floor":18.0},{"not_picked":["ats:Cat Scratch","ats:Spore Proliferation","ats:Ignite+1","ats:Shell Defense","ats:Leaping Hammer"],"picked":"SKIP","floor":19.0},{"not_picked":["ats:Absolute Focus","ats:Thorns","ats:Closed Bolt Burst Fire+1","ats:True Silver Slash","ats:Phantom"],"picked":"SKIP","floor":23.0},{"not_picked":["ats:Ignite","ats:Hammer On","ats:Closed Bolt Burst Fire+1","ats:Very Hot Blade"],"picked":"ats:Poison Spread+1","floor":24.0},{"not_picked":["ats:Burning Ground","ats:Blood Oath","ats:Hammer On","ats:Disruption Kick"],"picked":"ats:Neurotoxin","floor":25.0},{"not_picked":["ats:Steam Pump","ats:Closed Bolt Burst Fire+1","ats:Very Hot Blade","ats:Automatic Cover","ats:Blood Oath"],"picked":"SKIP","floor":27.0},{"not_picked":["ats:Hook Shot","ats:Very Hot Blade+1","ats:Ignite","ats:Shell Defense","ats:Rapid Magazine"],"picked":"SKIP","floor":29.0},{"not_picked":["ats:Phantom","ats:Steam Pump","ats:Powerful Strike","ats:Soul Rend","ats:Flame Of Heaven"],"picked":"SKIP","floor":31.0},{"not_picked":["ats:Durian","ats:Dogmatic Field","ats:Echo Reverb","ats:True Silver Slash"],"picked":"ats:Calcification","floor":33.0},{"not_picked":["ats:Very Hot Blade+1","ats:Flexible Camouflage","ats:Sashimi Platter+1","ats:Flame Of Heaven+1","ats:Closed Bolt Burst Fire+1"],"picked":"SKIP","floor":35.0},{"not_picked":["ats:Chain Hook+1","ats:Guard Mode+1","ats:Very Hot Blade+1","ats:Ignite","ats:Mental Burst"],"picked":"SKIP","floor":37},{"not_picked":["ats:Rapid Magazine+1","ats:Guard Mode","ats:Serious Mode+1","ats:Consecutive Shot Auto+1","ats:Revitalization"],"picked":"SKIP","floor":40},{"not_picked":["ats:Part Time Job","ats:Flame Of Heaven","ats:Beaten Up","ats:Explosion Area Strengthen","ats:Revitalization"],"picked":"SKIP","floor":42},{"not_picked":["ats:Neurotoxin+1","ats:Cat Scratch+1","ats:Very Hot Blade+1","ats:Shell Defense"],"picked":"ats:Overload+1","floor":45},{"not_picked":["ats:Thorns","ats:Poison Spread","ats:Nebulous Foxfire","ats:Cat Scratch","ats:Spore Proliferation+1"],"picked":"SKIP","floor":48}],"player_experience":858957,"relics_obtained":[{"floor":1.0,"key":"SynthV:TestCard"},{"floor":6.0,"key":"ats:Originium"},{"floor":6.0,"key":"Mercury Hourglass"},{"floor":10.0,"key":"ats:Originium"},{"floor":10.0,"key":"Kunai"},{"floor":12.0,"key":"ats:Originium"},{"floor":12.0,"key":"Blood Vial"},{"floor":23.0,"key":"ats:Originium"},{"floor":23.0,"key":"Darkstone Periapt"},{"floor":25.0,"key":"reliquary:Stiletto"},{"floor":26.0,"key":"reliquary:NewFriend"},{"floor":27.0,"key":"Boot"},{"floor":31.0,"key":"Happy Flower"},{"floor":37,"key":"ats:Hidden Killer"},{"floor":40,"key":"Strawberry"},{"floor":40,"key":"Prayer Wheel"},{"floor":42,"key":"Pen Nib"},{"floor":43,"key":"ats:Industrial Water Cannon"},{"floor":44,"key":"ats:Rhine Circuitry"},{"floor":45,"key":"ThornShield"},{"floor":45,"key":"AT_RedTearstoneRing"},{"floor":48,"key":"Centennial Puzzle"},{"floor":48,"key":"Old Coin"}],"event_choices":[{"cards_removed":["ats:Strike G"],"damage_healed":0.0,"max_hp_gain":0.0,"max_hp_loss":0.0,"gold_gain":0.0,"event_name":"Purifier","player_choice":"Purged","floor":8.0,"gold_loss":0.0,"damage_taken":0.0},{"damage_healed":0.0,"max_hp_gain":0.0,"max_hp_loss":0.0,"gold_gain":0.0,"event_name":"The Woman in Blue","player_choice":"Bought 2 Potions","floor":21.0,"gold_loss":0.0,"damage_taken":0.0},{"damage_healed":0,"gold_gain":0,"player_choice":"Ignored","damage_taken":0,"max_hp_gain":0,"max_hp_loss":0,"event_name":"Tomb of Lord Red Mask","floor":38,"gold_loss":0},{"damage_healed":0,"gold_gain":0,"player_choice":"Max HP","damage_taken":0,"max_hp_gain":0,"max_hp_loss":4,"event_name":"Winding Halls","floor":39,"gold_loss":0},{"cards_removed":["ats:Neurotoxin"],"damage_healed":0,"gold_gain":0,"player_choice":"Removed Power","damage_taken":0,"max_hp_gain":0,"max_hp_loss":0,"event_name":"Falling","floor":41,"gold_loss":0},{"cards_removed":["ats:Rapid Magazine"],"damage_healed":0,"gold_gain":0,"player_choice":"Upgrade and Remove","damage_taken":0,"max_hp_gain":0,"max_hp_loss":0,"event_name":"Designer","floor":46,"gold_loss":90,"cards_upgraded":["ats:Healing Strengthening"]}],"is_beta":false,"boss_relics":[{"not_picked":["Snecko Eye","MoonlightInvasionPlan"],"picked":"ChiXiaoBlade"},{"not_picked":["JellyFishMachine","reliquary:KinkedSpring"],"picked":"Fusion Hammer"}],"items_purged_floors":[13,15,20,20,22,28,36,36],"is_endless":false,"potions_floor_spawned":[1,3,5,10,12,16,23,24,25,29,31,33,40,42,45],"killed_by":"Awakened One","ascension_level":3}}