{"host":"avq773cl9g5msfol","time":1612548612,"event":{"mods":["100% Spire Juice","AchievementEnabler","Act Like it!","Ascension Unlocker","Aspiration","Astrologer","Bard","Bartender","BaseMod","Better Altar","Better Third Choice","BetterRewards","CapriCore","ChefMod","Colored Map","Colored Powertips","Conspire","Dio Mod","Downfall","Elementarium","Energized Spire","Gensokyo","GifTheSpireLib","Hallownest","Hermit","Highlight Path","Hubris","Humility","Infinite Spire","Jorbs\u0027s Wanderer Trilogy","Koishi","Magitek Elite","Marisa????????","Marked Mod","Menagerie","Minty Spire (QoL Compilation)","Pale of the Ancients","Potionbrewer","Quarter Circle Forward PUNCH!","Rare Cards Sparkle","Reimu??????","Relic Stats","Reliquary","Remilia??????","Replay The Spire","Robot Space Explorer","SacredBarkPlus","Shade Mod","Somnambulant","Spicy Shops","Spire Arcade","StSLib","The Administrix","The Animator","The Blue Laboratory","The Bug Knight","The Construct","The Cursed","The Disciple","The Dragon Tamer","The Exalted","The Hayseed","The Hierophant","The Hydrologist","The Immortal","The Marked","The Mystic","The Problem Sleuth","The Runesmith","The Senshi","The Vixen","The Wild Card","TheFirefly","Wandering Minibosses","Wide Potions","vexMod"],"gold_per_floor":[116,147,177,177,200,232,232,264,264,290,305,305,332,348,348,445,445,462,473,516,516,531,566,566,585,585,585,596,596,596,624,624,749,799,823,864,864,864,884,884,913,913,936,727,769,769,586,610,610,624],"floor_reached":51,"language":"ENG","playtime":4059,"items_purged":["animator:Azekura+1","animator:Shichika+1","animator:Kuribayashi","animator:Bozes"],"score":1614,"play_id":"4ee8d89b-f693-49ea-aed7-c7b1e9549455","local_time":"20210206011012","is_ascension_mode":true,"campfire_choices":[{"data":"animator:KrulTepes","floor":7,"key":"SMITH"},{"data":"animator:CrowleyEusford","floor":12,"key":"SMITH"},{"data":"animator:Mikaela","floor":15,"key":"SMITH"},{"data":"animator:Millim+1","floor":27,"key":"SMITH"},{"data":"animator:Souei","floor":32,"key":"SMITH"},{"data":"hubris:TrickCloak","floor":40,"key":"SMITH"},{"data":"Footwork","floor":42,"key":"SMITH"},{"data":"Gensokyo:ManorOfTheDishes","floor":49,"key":"SMITH"}],"circlet_count":0,"master_deck":["AscendersBane","animator:Shinoa+1","animator:Mikaela+1","animator:Sebas+1","animator:GoblinSlayer+1","animator:Millim+2","animator:Shichika+1","animator:PandorasActor+1","animator:Nanami+1","animator:Cirno+1","animator:Shuna+1","animator:Konayuki+1","animator:GazelDwargon+1","animator:Darkness+1","animator:Verdia+1","animator:LimeBell+1","animator:Shigure","animator:KrulTepes+1","animator:CrowleyEusford+1","animator:HiiragiShinya+1","animator:Ainz+1","animator:Yuuichirou","Toxin Wave","Replay:Bag of Tricks+1","animator:Souei+1","animator:FeridBathory+1","animator:Biyorigo+1","animator:Mitsuba+1","animator:Tyuule+1","hubris:TrickCloak+1","Neutralize","Footwork+1","Gensokyo:ManorOfTheDishes+1","Gensokyo:UnlikelyAid+1","animator:HarukoHaruhara+1"],"relics":["animator:LivingPicture","animator:TheMissingPiece","Golden Egg","Quantum Egg","Runic Capacitor","animator:WizardHat","Turnip","animator:ShionDessert","animator:WornHelmet","reliquary:PrincelyHelmet","vexMod:PlasmaPancake","animator:Hoodie","Paper Crane","Hallownest:DreamNailRelic","infinitespire:PuzzleCube","Blood Vial","Gambling Chip","Bromod:ArcaneDeflection","Gem_Box","wanderingMiniBosses:AbyssPearl","Protect_Vest","Slimebound:PreparedRelic","Replay:Bandana","Tiny House","Bag of Marbles"],"acts_visited":["Hallownest:Greenpath","TheCity","Gensokyo:Gensokyoest"],"potions_floor_usage":[0,18,19,20,20,22,22,22,22,22,22,22,22,50,50,50,50],"damage_taken":[{"damage":0,"enemies":"2_ Uuma","floor":1,"turns":5},{"damage":0,"enemies":"Hallownest:monsterHuskWarrior","floor":2,"turns":2},{"damage":0,"enemies":"Hallownest:2_Baldur","floor":5,"turns":2},{"damage":4,"enemies":"Hallownest:eliteMossKnight","floor":6,"turns":4},{"damage":0,"enemies":"Hallownest:1_Ooma_and_2_Uuma","floor":8,"turns":4},{"damage":0,"enemies":"Hallownest:eliteVengeflyKing","floor":10,"turns":6},{"damage":0,"enemies":"Hallownest:Guard_and_Warrior","floor":11,"turns":3},{"damage":0,"enemies":"Hallownest:eliteCrystalGuardian","floor":13,"turns":8},{"damage":0,"enemies":"Hallownest:1_Baldur_1_Crawlid_1_Warrior","floor":14,"turns":2},{"damage":0,"enemies":"Hallownest:BossFalseKnight","floor":16,"turns":8},{"damage":0,"enemies":"2 Thieves","floor":18,"turns":2},{"damage":0,"enemies":"3 Byrds","floor":19,"turns":2},{"damage":0,"enemies":"Snake Plant","floor":20,"turns":3},{"damage":0,"enemies":"Snecko","floor":22,"turns":7},{"damage":0,"enemies":"Slavers","floor":23,"turns":2},{"damage":0,"enemies":"3 Cultists","floor":25,"turns":3},{"damage":0,"enemies":"Sentry and Sphere","floor":28,"turns":6},{"damage":0,"enemies":"conspire:SneckoGhost","floor":31,"turns":6},{"damage":0,"enemies":"conspire:MysteriousRune","floor":33,"turns":7},{"damage":0,"enemies":"Gensokyo:3_Bats","floor":35,"turns":2},{"damage":0,"enemies":"Gensokyo:AncientGuardian","floor":36,"turns":5},{"damage":0,"enemies":"Gensokyo:AtlasGolem","floor":39,"turns":5},{"damage":0,"enemies":"Gensokyo:Sharpion","floor":41,"turns":5},{"damage":0,"enemies":"Gensokyo:3_Boulders","floor":45,"turns":3},{"damage":0,"enemies":"Gensokyo:SeedOfUnknown","floor":48,"turns":6},{"damage":36,"enemies":"Gensokyo:Scarlet_Devils","floor":50,"turns":9}],"seed_played":"-5439097071278141908","potions_obtained":[{"floor":23,"key":"Strength Potion"},{"floor":33,"key":"blueLaboratory:BottledHope"},{"floor":34,"key":"champ:CounterPotion"}],"is_trial":false,"path_per_floor":["M","M","?","?","M","E","R","M","T","E","M","R","E","M","R","B",null,"M","M","M","?","M","E","AVR","M","T","R","M","?","T","E","R","B",null,"M","M","AVR","?","M","R","M","R","T","COS","M","?","$","M","R","B",null],"character_chosen":"THE_ANIMATOR","items_purchased":["Runic Capacitor","animator:WizardHat","animator:Hibiki","animator:Nanami","Turnip","animator:ShionDessert","animator:Lelouch","animator:Cirno","animator:Shichika","animator:WornHelmet","reliquary:PrincelyHelmet","animator:MisakiNakahara","animator:Shuna","animator:Konayuki","animator:GazelDwargon","potionbrewer:BlacksmithPotion","animator:Darkness","qcfpunch:Challenger_Coin","PowerPotion","potionbrewer:HastePotion","animator:Verdia","vexMod:PlasmaPancake","animator:Hoodie","animator:LimeBell","Paper Crane","animator:HarukoHaruhara"],"campfire_rested":0,"item_purchase_floors":[0,0,0,0,0,0,0,0,0,0,0,0,0,0,0,0,0,0,0,0,0,0,0,0,0,47],"current_hp_per_floor":[68,71,71,71,74,71,71,74,74,78,83,83,89,94,94,99,101,105,108,111,111,114,117,117,120,120,120,123,123,123,128,128,131,136,139,142,142,142,145,145,148,148,148,148,151,151,151,154,154,118],"gold":624,"neow_bonus":"","is_daily":false,"chose_seed":false,"campfire_upgraded":8,"win_rate":0.0,"timestamp":1612548612,"path_taken":["M","M","?","?","M","E","R","M","T","E","M","R","E","M","R","BOSS","M","?","M","?","?","E","AVR","?","T","R","M","?","?","E","R","BOSS","M","M","AVR","?","M","R","M","R","T","COS","?","?","?","M","R","BOSS"],"items_purchased_type":["Relic","Relic","Card","Card","Relic","Relic","Card","Card","Card","Relic","Relic","Card","Card","Card","Card","Potion","Card","Potion","Potion","Potion","Card","Relic","Relic","Card","Relic","Card"],"build_version":"2020-12-22","purchased_purges":4,"victory":true,"max_hp_per_floor":[75,78,78,78,81,82,82,85,85,89,92,92,96,99,99,102,102,105,108,111,111,114,117,117,120,120,120,123,123,123,128,128,131,136,139,142,142,142,145,145,148,148,148,148,151,151,151,154,154,154],"relic_stats":{"Blood Vial":9,"counters":[26,117],"Gambling Chip":[19],"Turnip":[13],"obtain_stats":[{"Golden Egg":0,"vexMod:PlasmaPancake":0,"animator:WizardHat":0,"animator:ShionDessert":0,"animator:Hoodie":0,"Tiny House":34,"reliquary:PrincelyHelmet":0,"animator:TheMissingPiece":0,"wanderingMiniBosses:AbyssPearl":22,"Runic Capacitor":0,"Hallownest:DreamNailRelic":4,"hubris:EmptyBottle":0,"Blood Vial":10,"Replay:Bandana":31,"Gambling Chip":10,"Potion Belt":0,"Quantum Egg":0,"Protect_Vest":23,"animator:WornHelmet":0,"Paper Crane":0,"Bromod:ArcaneDeflection":13,"Pandora\u0027s Box":0,"animator:LivingPicture":0,"Turnip":0,"Slimebound:PreparedRelic":30,"Bag of Marbles":43,"Gem_Box":17,"infinitespire:PuzzleCube":6},{"Golden Egg":0,"vexMod:PlasmaPancake":0,"animator:WizardHat":0,"animator:ShionDessert":0,"animator:Hoodie":0,"Tiny House":19,"reliquary:PrincelyHelmet":0,"animator:TheMissingPiece":0,"wanderingMiniBosses:AbyssPearl":14,"Runic Capacitor":0,"Hallownest:DreamNailRelic":2,"hubris:EmptyBottle":0,"Blood Vial":6,"Replay:Bandana":18,"Gambling Chip":6,"Potion Belt":0,"Quantum Egg":0,"Protect_Vest":15,"animator:WornHelmet":0,"Paper Crane":0,"Bromod:ArcaneDeflection":8,"Pandora\u0027s Box":0,"animator:LivingPicture":0,"Turnip":0,"Slimebound:PreparedRelic":17,"Bag of Marbles":23,"Gem_Box":10,"infinitespire:PuzzleCube":4},{"Golden Egg":0,"vexMod:PlasmaPancake":0,"animator:WizardHat":0,"animator:ShionDessert":0,"animator:Hoodie":0,"Tiny House":82,"reliquary:PrincelyHelmet":0,"animator:TheMissingPiece":0,"wanderingMiniBosses:AbyssPearl":58,"Runic Capacitor":0,"Hallownest:DreamNailRelic":7,"hubris:EmptyBottle":0,"Blood Vial":23,"Replay:Bandana":75,"Gambling Chip":23,"Potion Belt":0,"Quantum Egg":0,"Protect_Vest":60,"animator:WornHelmet":0,"Paper Crane":0,"Bromod:ArcaneDeflection":34,"Pandora\u0027s Box":0,"animator:LivingPicture":0,"Turnip":0,"Slimebound:PreparedRelic":69,"Bag of Marbles":99,"Gem_Box":44,"infinitespire:PuzzleCube":13}]},"card_choices":[{"not_picked":["animator:Shinoa","animator:TukaLunaMarceau","animator:Cocytus"],"picked":"SKIP","floor":1},{"not_picked":["animator:Kazuma","animator:Nanami"],"picked":"animator:Shigure","floor":2},{"not_picked":["animator:Mitsuba","animator:Priestess"],"picked":"animator:Kuribayashi","floor":5},{"not_picked":["animator:CrowleyEusford","animator:Yoichi"],"picked":"animator:KrulTepes","floor":6},{"not_picked":["animator:Aqua","animator:ZankiKiguchi"],"picked":"animator:CrowleyEusford","floor":8},{"not_picked":["animator:UneriGinkaku","animator:Togame"],"picked":"animator:Bozes","floor":10},{"not_picked":["animator:Aqua","animator:Mitsurugi","animator:Spearman"],"picked":"SKIP","floor":11},{"not_picked":["animator:Shinoa","animator:Mikaela"],"picked":"animator:HiiragiShinya","floor":13},{"not_picked":["animator:Verdia","animator:Entoma","animator:Sebas"],"picked":"SKIP","floor":14},{"not_picked":["animator:FeridBathory","animator:Shizu"],"picked":"animator:Ainz","floor":16},{"not_picked":["animator:Yoichi+1","animator:Shuna","animator:Priestess+1"],"picked":"SKIP","floor":18},{"not_picked":["animator:TukaLunaMarceau+1","animator:HiiragiShinya","animator:Demiurge+1"],"picked":"SKIP","floor":19},{"not_picked":["animator:Mikaela","animator:KrulTepes"],"picked":"animator:Yuuichirou","floor":20},{"not_picked":["animator:Shichika+1","animator:Megumin","animator:Priestess"],"picked":"SKIP","floor":22},{"not_picked":["animator:Yoichi","animator:Hakurou","animator:Spearman"],"picked":"SKIP","floor":23},{"not_picked":["animator:LizardPriest","animator:Bozes","animator:GazelDwargon"],"picked":"SKIP","floor":25},{"not_picked":["animator:Shion","animator:Shuna"],"picked":"animator:Souei","floor":28},{"not_picked":["animator:Priestess","animator:Hakurou"],"picked":"animator:FeridBathory","floor":31},{"not_picked":["animator:Rimuru","animator:Shizu"],"picked":"animator:Biyorigo","floor":33},{"not_picked":["animator:ZankiKiguchi","animator:Shinoa"],"picked":"animator:Mitsuba+1","floor":35},{"not_picked":["animator:Chris+1","animator:Priestess"],"picked":"animator:Tyuule+1","floor":36},{"not_picked":["animator:Verdia+1","animator:TukaLunaMarceau+1","animator:FeridBathory"],"picked":"SKIP","floor":41},{"not_picked":["animator:DwarfShaman","animator:Shuna","animator:Shion"],"picked":"SKIP","floor":45},{"not_picked":["Gensokyo:EverlastingLife","Gensokyo:SalamanderShield"],"picked":"Gensokyo:UnlikelyAid","floor":46},{"not_picked":["animator:Vesta","animator:Kuribayashi+1","animator:Togame"],"picked":"SKIP","floor":48}],"player_experience":1415612,"relics_obtained":[{"floor":6,"key":"infinitespire:PuzzleCube"},{"floor":10,"key":"Blood Vial"},{"floor":10,"key":"Gambling Chip"},{"floor":13,"key":"Bromod:ArcaneDeflection"},{"floor":22,"key":"wanderingMiniBosses:AbyssPearl"},{"floor":23,"key":"Protect_Vest"},{"floor":30,"key":"Slimebound:PreparedRelic"},{"floor":31,"key":"Replay:Bandana"},{"floor":43,"key":"Bag of Marbles"}],"event_choices":[],"is_beta":false,"boss_relics":[{"not_picked":["ReplayTheSpireMod:SealedPack","aspiration:RitualDagger"],"picked":"Gem_Box"},{"not_picked":["qcfpunch:Killian_Engine_Alpha","Calling Bell"],"picked":"Tiny House"}],"items_purged_floors":[0,0,24,37],"is_endless":false,"potions_floor_spawned":[5,10,14,16,23,25,33,35,39],"ascension_level":10,"is_humility":true}}