{"host":"jlk2k69f9c6o7b3e","time":1612494575,"event":{"mods":["AchievementEnabler","BaseMod","Minty Spire (QoL Compilation)","StSLib"],"gold_per_floor":[119,134,309,328,347,380,380,407,407,407,441,20,36,52,52,148,148,164,184,204,279,292,319,319,352,352,387,410,47,68,92,92,205,205,229,249,24,57,86,120,149,205,205,205,246,255,294,321,321,321],"floor_reached":51,"language":"ZHS","playtime":4387,"items_purged":["Doubt","Well Laid Plans"],"score":1282,"play_id":"4ebe8045-dff5-4299-a136-2825e88a65fc","local_time":"20210205110935","is_ascension_mode":true,"campfire_choices":[{"floor":7.0,"key":"RECALL"},{"floor":15.0,"key":"REST"},{"floor":24.0,"key":"REST"},{"floor":32.0,"key":"REST"},{"floor":44.0,"key":"REST"},{"floor":49.0,"key":"REST"}],"circlet_count":0,"master_deck":["Survivor+1","Neutralize","Choke","Slice","Terror","Acrobatics","Unload","Acrobatics","Wraith Form v2","Calculated Gamble","Backflip","Choke+1","A Thousand Cuts","All Out Attack+1","All Out Attack+1","Tactician","Slice+1","Expertise","Noxious Fumes","Poisoned Stab+1","Masterful Stab+1","Acrobatics","Backflip","Dagger Throw+1","Masterful Stab+1","Escape Plan+1","Acrobatics","Blade Dance+1","Masterful Stab+1","Escape Plan","Transmutation","Predator+1","Distraction","Adrenaline","Backflip","Backstab+1","Parasite","Blade Dance","Prepared+1","Escape Plan+1","Setup+1","Slice+1","Calculated Gamble+1","Pain","After Image","Underhanded Strike+1"],"relics":["Fusion Hammer","War Paint","Oddly Smooth Stone","Gremlin Horn","HornCleat","Pen Nib","Membership Card","Molten Egg 2","Happy Flower","Pandora\u0027s Box","Pear","Question Card","Bronze Scales","CeramicFish","Matryoshka","TheAbacus","WristBlade","Nunchaku","StoneCalendar","Paper Crane","Turnip","Pantograph","Incense Burner","Snake Skull","WarpedTongs","Orichalcum"],"acts_visited":["Exordium","TheCity","TheBeyond"],"potions_floor_usage":[],"damage_taken":[{"damage":0.0,"enemies":"Cultist","floor":1.0,"turns":5.0},{"damage":2.0,"enemies":"Jaw Worm","floor":2.0,"turns":3.0},{"damage":0.0,"enemies":"Small Slimes","floor":4.0,"turns":4.0},{"damage":13.0,"enemies":"Exordium Wildlife","floor":5.0,"turns":7.0},{"damage":20.0,"enemies":"3 Sentries","floor":6.0,"turns":8.0},{"damage":10.0,"enemies":"Lagavulin","floor":8.0,"turns":7.0},{"damage":4.0,"enemies":"3 Sentries","floor":11.0,"turns":7.0},{"damage":0.0,"enemies":"2 Fungi Beasts","floor":13.0,"turns":2.0},{"damage":0.0,"enemies":"Red Slaver","floor":14.0,"turns":2.0},{"damage":6.0,"enemies":"Hexaghost","floor":16.0,"turns":7.0},{"damage":0.0,"enemies":"Spheric Guardian","floor":18.0,"turns":3.0},{"damage":0.0,"enemies":"Chosen","floor":19.0,"turns":3.0},{"damage":4.0,"enemies":"Shelled Parasite and Fungi","floor":20.0,"turns":3.0},{"damage":0.0,"enemies":"Centurion and Healer","floor":22.0,"turns":3.0},{"damage":34.0,"enemies":"Slavers","floor":23.0,"turns":4.0},{"damage":3.0,"enemies":"Book of Stabbing","floor":25.0,"turns":3.0},{"damage":3.0,"enemies":"Slavers","floor":27.0,"turns":3.0},{"damage":0.0,"enemies":"Cultist and Chosen","floor":28.0,"turns":3.0},{"damage":0.0,"enemies":"3 Cultists","floor":30.0,"turns":2.0},{"damage":0.0,"enemies":"Snake Plant","floor":31.0,"turns":3.0},{"damage":6.0,"enemies":"Collector","floor":33.0,"turns":5.0},{"damage":6.0,"enemies":"3 Darklings","floor":35.0,"turns":2.0},{"damage":1.0,"enemies":"Orb Walker","floor":36.0,"turns":3.0},{"damage":2.0,"enemies":"Writhing Mass","floor":38.0,"turns":3.0},{"damage":0.0,"enemies":"Transient","floor":39.0,"turns":5.0},{"damage":9.0,"enemies":"Giant Head","floor":40.0,"turns":4.0},{"damage":4.0,"enemies":"Maw","floor":41.0,"turns":5.0},{"damage":11.0,"enemies":"2 Orb Walkers","floor":42.0,"turns":2.0},{"damage":0.0,"enemies":"Reptomancer","floor":45.0,"turns":3.0},{"damage":6.0,"enemies":"Nemesis","floor":47.0,"turns":5.0},{"damage":0.0,"enemies":"Jaw Worm Horde","floor":48.0,"turns":2.0},{"damage":63,"enemies":"Time Eater","floor":50,"turns":8}],"seed_played":"-1618816238780128914","potions_obtained":[{"floor":1.0,"key":"Fruit Juice"},{"floor":6.0,"key":"Explosive Potion"},{"floor":11.0,"key":"Energy Potion"},{"floor":18.0,"key":"DuplicationPotion"},{"floor":20.0,"key":"EssenceOfSteel"},{"floor":30.0,"key":"Regen Potion"},{"floor":31.0,"key":"Strength Potion"},{"floor":35.0,"key":"Regen Potion"},{"floor":39.0,"key":"SpeedPotion"},{"floor":40.0,"key":"Weak Potion"},{"floor":47.0,"key":"Poison Potion"}],"is_trial":false,"path_per_floor":["M","M","?","M","M","E","R","E","T","?","E","$","M","M","R","B",null,"M","M","M","?","M","E","R","E","T","E","M","$","M","M","R","B",null,"M","M","$","M","M","E","M","?","T","R","E","?","E","M","R","B",null],"character_chosen":"THE_SILENT","items_purchased":["Membership Card","Molten Egg 2","Calculated Gamble","Happy Flower","Matryoshka","TheAbacus","SkillPotion","Transmutation","Nunchaku","StoneCalendar"],"campfire_rested":5,"item_purchase_floors":[12,12,12,12,29,29,29,29,37,37],"current_hp_per_floor":[63,61,61,61,48,28,28,18,18,18,14,14,14,14,35,29,60,60,60,56,49,49,25,49,46,46,43,43,43,43,43,67,61,75,69,77,77,75,75,66,62,51,51,75,75,75,69,69,80,17],"gold":321,"neow_bonus":"BOSS_RELIC","is_daily":false,"chose_seed":false,"campfire_upgraded":0,"win_rate":0.0,"timestamp":1612494575,"path_taken":["M","M","?","M","M","E","R","E","T","?","E","$","?","M","R","BOSS","M","?","M","?","M","E","R","E","T","E","M","$","?","M","R","BOSS","M","M","$","?","M","E","M","?","T","R","E","?","E","M","R","BOSS"],"items_purchased_type":["Relic","Relic","Card","Relic","Relic","Relic","Potion","Card","Relic","Relic"],"build_version":"2020-12-22","purchased_purges":2,"victory":true,"max_hp_per_floor":[70,70,70,70,70,70,70,70,70,70,70,70,70,70,70,70,70,70,70,70,70,70,80,80,80,80,80,80,80,80,80,80,80,80,80,80,80,80,80,80,80,80,80,80,80,80,80,80,80,80],"card_choices":[{"not_picked":["Dagger Spray","Backflip"],"picked":"Choke","floor":1.0},{"not_picked":["Quick Slash","Flying Knee"],"picked":"Slice","floor":2.0},{"not_picked":["Acrobatics","Backflip"],"picked":"Terror","floor":4.0},{"not_picked":["Deflect","Bane"],"picked":"Acrobatics","floor":5.0},{"not_picked":["Dagger Throw","Choke"],"picked":"Unload","floor":6.0},{"not_picked":["Backflip","Prepared"],"picked":"Acrobatics","floor":8.0},{"not_picked":["Backflip","Prepared"],"picked":"Wraith Form v2","floor":11.0},{"not_picked":["Bane+1","Caltrops"],"picked":"Backflip","floor":13.0},{"not_picked":["PiercingWail","Poisoned Stab+1"],"picked":"Choke+1","floor":14.0},{"not_picked":["Wraith Form v2","Venomology"],"picked":"A Thousand Cuts","floor":16.0},{"not_picked":["Poisoned Stab+1","Outmaneuver"],"picked":"Backflip","floor":18.0},{"not_picked":["Dagger Spray+1","Deadly Poison"],"picked":"Dagger Throw+1","floor":19.0},{"not_picked":["Calculated Gamble","Cloak And Dagger"],"picked":"Masterful Stab+1","floor":20.0},{"not_picked":["Blade Dance","Dagger Throw+1"],"picked":"Escape Plan+1","floor":22.0},{"not_picked":["Prepared","Bane+1"],"picked":"Acrobatics","floor":23.0},{"not_picked":["Choke+1","Underhanded Strike+1"],"picked":"Blade Dance+1","floor":25.0},{"not_picked":["A Thousand Cuts","Quick Slash+1","Flying Knee+1"],"picked":"Masterful Stab+1","floor":27.0},{"not_picked":["Deflect","Flying Knee+1","Leg Sweep+1"],"picked":"Escape Plan","floor":28.0},{"not_picked":["Dagger Spray+1","Dodge and Roll","Backflip"],"picked":"Predator+1","floor":30.0},{"not_picked":["A Thousand Cuts","Heel Hook+1","Flying Knee+1"],"picked":"Distraction","floor":31.0},{"not_picked":["Grand Finale+1","A Thousand Cuts","Wraith Form v2"],"picked":"Adrenaline","floor":33.0},{"not_picked":["Sucker Punch+1","Deadly Poison","Crippling Poison"],"picked":"Backflip","floor":35.0},{"not_picked":["Heel Hook+1","Dodge and Roll","Infinite Blades"],"picked":"Backstab+1","floor":36.0},{"not_picked":["Skewer+1","Dodge and Roll","Slice+1"],"picked":"Blade Dance","floor":38.0},{"not_picked":["Masterful Stab+1","Sucker Punch+1","Outmaneuver+1"],"picked":"Prepared+1","floor":39.0},{"not_picked":["Die Die Die+1","Expertise+1","Distraction"],"picked":"Escape Plan+1","floor":40.0},{"not_picked":["Catalyst","Cloak And Dagger+1","Crippling Poison+1"],"picked":"Setup+1","floor":41.0},{"not_picked":["Flechettes+1","Concentrate+1","Terror"],"picked":"Slice+1","floor":42.0},{"not_picked":["Acrobatics+1","Accuracy","Quick Slash+1"],"picked":"Calculated Gamble+1","floor":45.0},{"not_picked":["Prepared+1","Noxious Fumes+1","Masterful Stab+1"],"picked":"After Image","floor":47.0},{"not_picked":["Sucker Punch+1","PiercingWail+1","Backflip+1"],"picked":"Underhanded Strike+1","floor":48.0}],"player_experience":350320,"relics_obtained":[{"floor":6.0,"key":"War Paint"},{"floor":8.0,"key":"Oddly Smooth Stone"},{"floor":9.0,"key":"Gremlin Horn"},{"floor":11.0,"key":"Pen Nib"},{"floor":23.0,"key":"Pear"},{"floor":25.0,"key":"Question Card"},{"floor":26.0,"key":"Bronze Scales"},{"floor":27.0,"key":"CeramicFish"},{"floor":40.0,"key":"Paper Crane"},{"floor":42.0,"key":"Turnip"},{"floor":43.0,"key":"Pantograph"},{"floor":43.0,"key":"Incense Burner"},{"floor":45.0,"key":"Snake Skull"},{"floor":47.0,"key":"Orichalcum"}],"event_choices":[{"damage_healed":0.0,"max_hp_gain":0.0,"max_hp_loss":0.0,"gold_gain":175.0,"event_name":"Liars Game","player_choice":"AGREE","floor":3.0,"gold_loss":0.0,"damage_taken":0.0,"cards_obtained":["Doubt"]},{"damage_healed":0.0,"max_hp_gain":0.0,"max_hp_loss":0.0,"gold_gain":0.0,"event_name":"WeMeetAgain","player_choice":"Gave Potion","floor":10.0,"gold_loss":0.0,"damage_taken":0.0,"relics_obtained":["HornCleat"]},{"damage_healed":0.0,"max_hp_gain":0.0,"max_hp_loss":0.0,"gold_gain":75.0,"event_name":"FaceTrader","player_choice":"Touch","floor":21.0,"gold_loss":0.0,"damage_taken":7.0},{"damage_healed":0.0,"max_hp_gain":0.0,"max_hp_loss":0.0,"gold_gain":0.0,"event_name":"Mysterious Sphere","player_choice":"Fight","floor":42.0,"gold_loss":0.0,"damage_taken":0.0},{"damage_healed":0.0,"max_hp_gain":0.0,"max_hp_loss":0.0,"gold_gain":0.0,"event_name":"Accursed Blacksmith","player_choice":"Rummage","floor":46.0,"gold_loss":0.0,"damage_taken":0.0,"relics_obtained":["WarpedTongs"],"cards_obtained":["Pain"]}],"is_beta":false,"boss_relics":[{"not_picked":["Astrolabe","Snecko Eye"],"picked":"Pandora\u0027s Box"},{"not_picked":["Velvet Choker","Busted Crown"],"picked":"WristBlade"}],"items_purged_floors":[12,29],"is_endless":false,"potions_floor_spawned":[1,6,11,18,20,30,31,35,39,40,47],"ascension_level":9}}