{"host":"x1wt4ryasj4hxyw3","time":1612504073,"event":{"mods":["Act Like it!","BaseMod","CapriCore","CavMod","Gensokyo","GungeonMod","Lobotomy","LobotomyExtend","Minty Spire (QoL Compilation)","Prisma Mod","Quick Restart","Remilia（蕾米莉亚）","RumiaBox-露米娅的神秘盒子","StSLib","The Administrix","The Alterego","The Immortal","Youmu（魂魄妖梦）","Yuyuko","【功能Mod】混沌之环修复补丁"],"gold_per_floor":[13,13,28,28,28,57,18,34,34,34,44,44,44,59,59,154,154,171,171,124,124,134,134,134],"floor_reached":23,"language":"ZHS","playtime":1469,"items_purged":[],"score":214,"play_id":"ae174be8-4d78-4401-a738-3c3f62e251af","local_time":"20210205134753","is_ascension_mode":false,"campfire_choices":[{"data":"alterego_mod:BiFurious","floor":10.0,"key":"SMITH"},{"data":"alterego_mod:Undulate","floor":12.0,"key":"SMITH"},{"data":"alterego_mod:Antipathy","floor":15.0,"key":"SMITH"}],"circlet_count":0,"master_deck":["alterego_mod:Strike+1","alterego_mod:Strike","alterego_mod:Strike","alterego_mod:Strike","alterego_mod:Defend","alterego_mod:Defend","alterego_mod:Defend","alterego_mod:Defend","alterego_mod:Impale+1","alterego_mod:BigMeatyClaws","alterego_mod:BrynhildrsRune","alterego_mod:Undulate+1","alterego_mod:BiFurious+1","alterego_mod:Lingerie","alterego_mod:Complex","alterego_mod:Bounce","alterego_mod:Antipathy+1","alterego_mod:BrynhildrRomantia","alterego_mod:DeftHands+1","alterego_mod:Birthday","alterego_mod:Crossover","alterego_mod:Cooking+1"],"relics":["alterego_mod:MasochisticConstitution","DemoMod:Orange","LetterFromLob","Gensokyo:Justice","Gensokyo:NagashiBinaDoll","Whetstone","Calipers","Runic Dome","Gensokyo:DayTheSeaSplit","Frozen Eye"],"acts_visited":["Exordium","Gensokyo:Gensokyo"],"potions_floor_usage":[],"damage_taken":[{"damage":15.0,"enemies":"Gensokyo:Python","floor":1.0,"turns":4.0},{"damage":7.0,"enemies":"Gensokyo:2_Kodama","floor":3.0,"turns":2.0},{"damage":14.0,"enemies":"Gensokyo:Cirno","floor":6.0,"turns":4.0},{"damage":1.0,"enemies":"Gensokyo:Gryphon","floor":8.0,"turns":5.0},{"damage":3.0,"enemies":"Gensokyo:3_Kodama","floor":11.0,"turns":3.0},{"damage":3.0,"enemies":"Gensokyo:5_Fairies","floor":14.0,"turns":6.0},{"damage":34.0,"enemies":"Gensokyo:Reimu","floor":16.0,"turns":10.0},{"damage":0.0,"enemies":"Gensokyo:2_Gloops","floor":18.0,"turns":4.0},{"damage":61.0,"enemies":"Gensokyo:3_Dogs","floor":22.0,"turns":7.0},{"damage":44,"enemies":"Gensokyo:Koishi","floor":23,"turns":4}],"seed_played":"-442290883650634031","potions_obtained":[{"floor":1.0,"key":"AttackPotion"},{"floor":6.0,"key":"Energy Potion"},{"floor":11.0,"key":"Ancient Potion"}],"is_trial":false,"path_per_floor":["M","?","M","?","?","E","$","M","T","R","M","R","M","M","R","B",null,"M","?","$","?","M","E"],"character_chosen":"The_Alterego","items_purchased":["alterego_mod:Lingerie","alterego_mod:Birthday"],"campfire_rested":0,"item_purchase_floors":[7,20],"current_hp_per_floor":[68,68,62,62,62,49,49,56,56,56,54,54,87,85,85,66,89,92,92,92,92,37,0,0],"gold":134,"neow_bonus":"ONE_RARE_RELIC","is_daily":false,"chose_seed":false,"campfire_upgraded":3,"win_rate":0.0,"timestamp":1612504073,"path_taken":["M","?","M","?","?","E","?","?","T","R","?","R","M","M","R","BOSS","M","?","$","?","?","E"],"items_purchased_type":["Card","Card"],"build_version":"2020-12-22","purchased_purges":0,"victory":false,"max_hp_per_floor":[83,83,84,84,84,85,85,86,86,86,87,87,87,88,88,89,89,92,92,92,92,96,96,96],"card_choices":[{"not_picked":["alterego_mod:Undulate","alterego_mod:Maid"],"picked":"alterego_mod:Birthday","floor":1.0},{"not_picked":["alterego_mod:PerceptionDisorder","alterego_mod:Table"],"picked":"alterego_mod:Undulate","floor":3.0},{"not_picked":["alterego_mod:Clap","alterego_mod:PerceptionDisorder"],"picked":"alterego_mod:BiFurious","floor":6.0},{"not_picked":["alterego_mod:PresenceConcealment","alterego_mod:Maid"],"picked":"alterego_mod:Complex","floor":8.0},{"not_picked":["alterego_mod:SakuraFive","alterego_mod:DustData"],"picked":"alterego_mod:Bounce","floor":11.0},{"not_picked":["alterego_mod:Bloomers","alterego_mod:Collar"],"picked":"alterego_mod:Antipathy","floor":14.0},{"not_picked":["alterego_mod:RingBreak","alterego_mod:Antipathy"],"picked":"alterego_mod:BrynhildrRomantia","floor":16.0},{"not_picked":["alterego_mod:TrashNCrash","alterego_mod:Bounce"],"picked":"alterego_mod:DeftHands+1","floor":18.0},{"not_picked":["alterego_mod:Pet+1","alterego_mod:Support"],"picked":"alterego_mod:Cooking+1","floor":22.0}],"player_experience":170678,"relics_obtained":[{"floor":1.0,"key":"LetterFromLob"},{"floor":6.0,"key":"Whetstone"},{"floor":9.0,"key":"Calipers"}],"event_choices":[],"is_beta":false,"boss_relics":[{"not_picked":["Cursed Key","AddBug"],"picked":"Runic Dome"}],"items_purged_floors":[],"is_endless":false,"potions_floor_spawned":[1,6,11],"killed_by":"Gensokyo:Koishi","ascension_level":0}}