{"host":"2wp95sdfrgw3k439","time":1612486889,"event":{"mods":["BaseMod","Better Altar","Better Skull","Better Third Choice","Curses Come First","Minty Spire (QoL Compilation)","Permanent Neow","StSLib"],"gold_per_floor":[110,185,185,201,216,242,242,270,270,270,270,270,283,296,296,296,296],"floor_reached":16,"language":"ENG","playtime":472,"items_purged":[],"score":185,"play_id":"938cf350-6764-474d-84d7-ec61eb6df88d","local_time":"20210204180129","is_ascension_mode":true,"campfire_choices":[{"floor":7,"key":"REST"},{"floor":10,"key":"REST"},{"data":"Shockwave","floor":12,"key":"SMITH"},{"data":"Pommel Strike","floor":15,"key":"SMITH"}],"circlet_count":0,"master_deck":["Strike_R","Strike_R","Strike_R","Strike_R","Strike_R+1","Defend_R","Defend_R","Defend_R","Defend_R+1","Bash","Sword Boomerang","Reaper","Whirlwind","Shockwave+1","Pummel","Pommel Strike+1","Pummel"],"relics":["Burning Blood","Mercury Hourglass","Bottled Lightning","Blue Candle"],"acts_visited":["Exordium"],"potions_floor_usage":[6,16],"damage_taken":[{"damage":1,"enemies":"Cultist","floor":1,"turns":4},{"damage":10,"enemies":"Small Slimes","floor":4,"turns":3},{"damage":8,"enemies":"2 Louse","floor":5,"turns":3},{"damage":32,"enemies":"Gremlin Nob","floor":6,"turns":4},{"damage":27,"enemies":"3 Sentries","floor":8,"turns":6},{"damage":2,"enemies":"Red Slaver","floor":13,"turns":4},{"damage":7,"enemies":"Blue Slaver","floor":14,"turns":3},{"damage":80,"enemies":"Hexaghost","floor":16,"turns":11}],"seed_played":"-8489842220045658898","potions_obtained":[{"floor":4,"key":"FearPotion"},{"floor":13,"key":"GamblersBrew"},{"floor":14,"key":"Fire Potion"}],"is_trial":false,"path_per_floor":["M","?","?","M","M","E","R","E","T","R","?","R","M","M","R","B"],"character_chosen":"IRONCLAD","items_purchased":[],"campfire_rested":2,"item_purchase_floors":[],"current_hp_per_floor":[72,61,42,38,44,24,52,43,43,71,71,71,75,74,74,0,0],"gold":296,"neow_bonus":"TWENTY_PERCENT_HP_BONUS","is_daily":false,"chose_seed":false,"campfire_upgraded":2,"win_rate":0.0,"timestamp":1612486889,"path_taken":["M","?","?","M","M","E","R","E","T","R","?","R","?","M","R","BOSS"],"items_purchased_type":[],"build_version":"2020-12-22","purchased_purges":0,"victory":false,"max_hp_per_floor":[96,96,96,96,96,96,96,96,96,96,96,96,96,96,96,96,96],"card_choices":[{"not_picked":["Anger","Burning Pact"],"picked":"Sword Boomerang","floor":1},{"not_picked":["Shrug It Off","Thunderclap"],"picked":"Reaper","floor":4},{"not_picked":["Intimidate","Havoc"],"picked":"Whirlwind","floor":5},{"not_picked":["Clash","Pummel"],"picked":"Shockwave","floor":6},{"not_picked":["Sentinel","Havoc"],"picked":"Pummel","floor":8},{"not_picked":["Sentinel","Heavy Blade"],"picked":"Pommel Strike","floor":13},{"not_picked":["Warcry","Anger"],"picked":"Pummel","floor":14}],"player_experience":539253,"relics_obtained":[{"floor":6,"key":"Mercury Hourglass"},{"floor":8,"key":"Bottled Lightning"},{"floor":9,"key":"Blue Candle"}],"event_choices":[{"damage_healed":0,"gold_gain":75,"player_choice":"Gold","damage_taken":11,"max_hp_gain":0,"max_hp_loss":0,"event_name":"betterThird:BetterGoop","floor":2,"gold_loss":0},{"damage_healed":61,"gold_gain":0,"player_choice":"Upgrade","damage_taken":19,"max_hp_gain":0,"max_hp_loss":96,"event_name":"betterThird:BetterShining","floor":3,"gold_loss":0,"cards_upgraded":["Strike_R","Defend_R"]},{"damage_healed":0,"gold_gain":0,"player_choice":"Bought 0 Potions","damage_taken":0,"max_hp_gain":0,"max_hp_loss":0,"event_name":"The Woman in Blue","floor":11,"gold_loss":0}],"is_beta":false,"boss_relics":[],"items_purged_floors":[],"is_endless":false,"potions_floor_spawned":[4,13,14],"killed_by":"Hexaghost","ascension_level":9}}