{"host":"el64n55ujqqj0ju7","time":1612568845,"event":{"mods":["AchievementEnabler","Act Like it!","BaseMod","Beaked The Cultist","Better Altar","Better Third Choice","BetterRewards","Card Forge","Colored Map","Conspire","Downfall","Hallownest","Hermit","Hubris","Infinite Spire","Minty Spire (QoL Compilation)","Rare Cards Sparkle","Reliquary","Replay The Spire","Spicy Shops","Spikes Relics","StSLib","The Bug Knight","The Hierophant"],"gold_per_floor":[112,132,12,25,36,36,65,35,62,62,95,95,130,186,186,289,289,309,309,309,328,339,365,381,416,495,495,114,114,214,231,231,332,332,367,407,443,491,491,557,557,557,557],"floor_reached":42,"language":"ENG","playtime":2042,"items_purged":["Strike_R"],"score":755,"play_id":"5020cc6d-6d17-40ba-8c89-da7393309711","local_time":"20210205184725","is_ascension_mode":true,"campfire_choices":[{"data":"Juggernaut","floor":6,"key":"SMITH"},{"data":"Fire Breathing","floor":10,"key":"SMITH"},{"floor":12,"key":"REST"},{"data":"infinitespire:UltimateForm","floor":27,"key":"SMITH"},{"floor":32,"key":"REST"}],"circlet_count":0,"master_deck":["Strike_R","Strike_R","Strike_R","Strike_R","Defend_R","Defend_R","Defend_R","Defend_R","Bash","m_Survivalism","Juggernaut+1","Shockwave","Fire Breathing+1","Iron Wave","Shrug It Off+1","Cleave","Offering+1","infinitespire:UltimateForm+1","Fire Breathing+1","Juggernaut","Parasite","Flame Barrier"],"relics":["Burning Blood","Hammer of Thor","Seething Fire","Anvil of the Gods","reliquary:TridentHead","Replay:Wax Seal","ReplayTheSpireMod:Lightbulb","Thread and Needle","FossilizedHelix","Mirror","hubris:VirtuousBlindfold","WizardHat","CrustySpines","hubris:DeckOfHolding","Self Forming Clay","ClockworkSouvenir","Juzu Bracelet","Durian","HollowMod:LifeEnderRelic","Mark of Pain","infinitespire:EvilPickle","Ginger"],"acts_visited":["Exordium","TheCity","TheBeyond"],"potions_floor_usage":[33,35,36,37,40,40],"damage_taken":[{"damage":5,"enemies":"Cultist","floor":1,"turns":4},{"damage":3,"enemies":"conspire:RoseBush","floor":2,"turns":4},{"damage":11,"enemies":"2 Louse","floor":4,"turns":3},{"damage":13,"enemies":"Red Slaver","floor":5,"turns":4},{"damage":18,"enemies":"3 Sentries","floor":7,"turns":4},{"damage":6,"enemies":"Looter","floor":8,"turns":4},{"damage":27,"enemies":"Gremlin Nob","floor":11,"turns":6},{"damage":0,"enemies":"Lagavulin","floor":13,"turns":6},{"damage":3,"enemies":"Fading Forest","floor":16,"turns":11},{"damage":0,"enemies":"Chosen","floor":18,"turns":4},{"damage":0,"enemies":"Snecko","floor":21,"turns":5},{"damage":13,"enemies":"Snake Plant","floor":22,"turns":4},{"damage":6,"enemies":"HollowMod:Nosk","floor":23,"turns":9},{"damage":30,"enemies":"3 Cultists","floor":24,"turns":5},{"damage":4,"enemies":"Replay:Snechameleon","floor":25,"turns":5},{"damage":20,"enemies":"Colosseum Slavers","floor":30,"turns":5},{"damage":28,"enemies":"Colosseum Nobs","floor":30,"turns":5},{"damage":13,"enemies":"Centurion and Healer","floor":31,"turns":7},{"damage":9,"enemies":"Pondfish","floor":33,"turns":8},{"damage":6,"enemies":"3 Darklings","floor":35,"turns":3},{"damage":31,"enemies":"3 Shapes","floor":36,"turns":4},{"damage":6,"enemies":"Writhing Mass","floor":37,"turns":5},{"damage":38,"enemies":"Sphere and 2 Shapes","floor":38,"turns":4},{"damage":21,"enemies":"Nemesis","floor":40,"turns":7},{"damage":28,"enemies":"Donu and Deca","floor":42,"turns":4}],"seed_played":"-3505798855945442969","potions_obtained":[{"floor":5,"key":"Dexterity Potion"},{"floor":7,"key":"Weak Potion"},{"floor":11,"key":"Ancient Potion"},{"floor":14,"key":"Dexterity Potion"},{"floor":24,"key":"Fire Potion"},{"floor":33,"key":"Block Potion"},{"floor":37,"key":"HeartOfIron"},{"floor":38,"key":"EssenceOfSteel"}],"is_trial":false,"path_per_floor":["M","M","$","M","M","R","E","M","T","R","E","R","E","?","R_BF","B",null,"M","?","AVR","M","M","E","M","E","T","R","$","?","?","M","R","B",null,"M","M","M","M","?","E","?","B"],"character_chosen":"IRONCLAD","items_purchased":["reliquary:TridentHead","ClockworkSouvenir","Juzu Bracelet"],"campfire_rested":2,"item_purchase_floors":[3,28,28],"current_hp_per_floor":[80,80,80,75,68,68,56,56,56,56,35,59,65,33,57,70,80,80,80,80,80,73,73,49,51,51,51,51,51,20,13,38,35,85,85,60,60,28,28,13,13,0,0],"gold":557,"neow_bonus":"THREE_RARE_CARDS","is_daily":false,"chose_seed":false,"campfire_upgraded":3,"win_rate":0.0,"timestamp":1612568845,"path_taken":["M","M","$","?","M","R","E","M","T","R","E","R","E","?","R_BF","BOSS","M","?","AVR","M","M","E","M","E","T","R","$","?","?","M","R","BOSS","M","M","M","M","?","E","?","BOSS"],"items_purchased_type":["Relic","Relic","Relic"],"build_version":"2020-12-22","purchased_purges":1,"victory":false,"max_hp_per_floor":[80,80,80,80,80,80,80,80,80,80,80,80,80,80,80,80,80,80,80,80,80,80,80,80,80,80,80,80,80,85,85,85,85,85,85,85,85,85,85,85,85,85,85],"card_choices":[{"not_picked":["hubris:StunningStrike","conspire:HitWhereItHurts"],"picked":"Juggernaut","floor":0},{"not_picked":["Rupture","Anger","Clash"],"picked":"SKIP","floor":1},{"not_picked":["Thunderclap","ReplayTheSpireMod:Strike From Hell"],"picked":"Shockwave","floor":2},{"not_picked":["Perfected Strike","ReplayReversal"],"picked":"Fire Breathing","floor":4},{"not_picked":["hubris:ReadiedAction","Warcry"],"picked":"Iron Wave","floor":5},{"not_picked":["Twin Strike","Reckless Charge"],"picked":"Shrug It Off","floor":7},{"not_picked":["Wild Strike","ReplayTheSpireMod:Strike From Hell","Defy Death"],"picked":"SKIP","floor":8},{"not_picked":["Fiend Fire","Perfected Strike","Replay:Undeath\u0027s Touch"],"picked":"SKIP","floor":11},{"not_picked":["Uppercut","Iron Wave","Thunderclap"],"picked":"SKIP","floor":13},{"not_picked":["Heavy Blade","Clothesline"],"picked":"Cleave","floor":14},{"not_picked":["hubris:StunningStrike","Reaper"],"picked":"Offering","floor":16},{"not_picked":["Wild Strike","Dropkick","Iron Wave"],"picked":"SKIP","floor":18},{"not_picked":["Wild Strike","Dropkick","Iron Wave"],"picked":"SKIP","floor":18},{"not_picked":["Body Slam","Flex","Warcry"],"picked":"SKIP","floor":21},{"not_picked":["Heavy Blade","ReplayTheSpireMod:Stacked"],"picked":"Fire Breathing+1","floor":22},{"not_picked":["Shrug It Off","Whirlwind+1","Anger"],"picked":"SKIP","floor":23},{"not_picked":["Pommel Strike","Defy Death","Corruption"],"picked":"SKIP","floor":24},{"not_picked":["Body Slam","True Grit","Flex"],"picked":"SKIP","floor":25},{"not_picked":["Inflame","Sword Boomerang","Perfected Strike"],"picked":"SKIP","floor":31},{"not_picked":["Immolate","Impervious"],"picked":"Juggernaut","floor":33},{"not_picked":["ReplayTheSpireMod:Strike From Hell","Seeing Red+1","conspire:Charge"],"picked":"SKIP","floor":35},{"not_picked":["Flex","Clash","Second Wind"],"picked":"SKIP","floor":36},{"not_picked":["Bludgeon","Disarm+1","conspire:Charge+1"],"picked":"SKIP","floor":37},{"not_picked":["Spot Weakness+1","Wild Strike+1"],"picked":"Flame Barrier","floor":38},{"not_picked":["Uppercut+1","Clash","Rupture+1"],"picked":"SKIP","floor":40}],"player_experience":27843,"relics_obtained":[{"floor":7,"key":"Replay:Wax Seal"},{"floor":9,"key":"ReplayTheSpireMod:Lightbulb"},{"floor":11,"key":"Thread and Needle"},{"floor":13,"key":"FossilizedHelix"},{"floor":14,"key":"Mirror"},{"floor":23,"key":"CrustySpines"},{"floor":25,"key":"hubris:DeckOfHolding"},{"floor":26,"key":"Self Forming Clay"},{"floor":30,"key":"Durian"},{"floor":30,"key":"HollowMod:LifeEnderRelic"},{"floor":40,"key":"Ginger"}],"event_choices":[{"damage_healed":0,"gold_gain":0,"player_choice":"Upgraded","damage_taken":0,"max_hp_gain":0,"max_hp_loss":0,"event_name":"Upgrade Shrine","floor":19,"gold_loss":0,"cards_upgraded":["Offering"]},{"damage_healed":0,"gold_gain":0,"player_choice":"Leave","damage_taken":0,"max_hp_gain":0,"max_hp_loss":0,"event_name":"conspire:Investor","floor":29,"gold_loss":0},{"damage_healed":0,"gold_gain":0,"player_choice":"Fight","damage_taken":0,"max_hp_gain":0,"max_hp_loss":0,"event_name":"Colosseum","floor":30,"gold_loss":0},{"damage_healed":0,"gold_gain":0,"player_choice":"Fought Nobs","damage_taken":0,"max_hp_gain":0,"max_hp_loss":0,"event_name":"Colosseum","floor":30,"gold_loss":0},{"cards_removed":["HollowMod:NailStrikeStart"],"damage_healed":0,"gold_gain":0,"player_choice":"Removed Attack","damage_taken":0,"max_hp_gain":0,"max_hp_loss":0,"event_name":"Falling","floor":39,"gold_loss":0},{"damage_healed":0,"gold_gain":0,"player_choice":"Portal","damage_taken":0,"max_hp_gain":0,"max_hp_loss":0,"event_name":"betterThird:BetterPortal","floor":41,"gold_loss":0}],"is_beta":false,"boss_relics":[{"not_picked":["hubris:GrandSneckoEye","Velvet Choker"],"picked":"hubris:VirtuousBlindfold"},{"not_picked":["Black Star","bronze:MakeshiftBattery"],"picked":"Mark of Pain"}],"items_purged_floors":[28],"is_endless":false,"potions_floor_spawned":[5,7,11,22,23,24,30,33,37,38],"killed_by":"Donu and Deca","ascension_level":2}}