{"host":"2zjdcgw4be5n15ja","time":1612515442,"event":{"mods":["AchievementEnabler","BaseMod","Better Skull","Better Third Choice","BetterRewards","Hermit","Marisa????????","Minty Spire (QoL Compilation)","Quick Restart","Rare Cards Sparkle","Reimu??????","Relic Stats","Reliquary","StSLib","The Runesmith","The Senshi"],"gold_per_floor":[114,114,114,129,154,154,184,164,189,219,234,264,264,289,289,389,389,404,404,419,419,233,233,148,178,203,233,248,278,293,323,323,423,423,438,453,453,453,453,453,483,498,498,528,109,0,0,15,15,15],"floor_reached":51,"language":"ENG","playtime":3266,"items_purged":[],"score":1072,"play_id":"1956624c-fbcb-44ac-a1f9-d1a3191e13c4","local_time":"20210205215722","daily_mods":["Specialized","Blue Cards","Elite Swarm"],"is_ascension_mode":false,"campfire_choices":[{"data":"IllusionStar","floor":6,"key":"SMITH"},{"floor":15,"key":"REST"},{"data":"BigCrunch","floor":23,"key":"SMITH"},{"floor":32,"key":"REST"},{"data":"CollectingQuirk","floor":40,"key":"SMITH"},{"floor":49,"key":"REST"}],"circlet_count":0,"master_deck":["MasterSpark+1","UpSweep+1","MysteriousBeam","MysteriousBeam","MysteriousBeam","MysteriousBeam","MysteriousBeam","IllusionStar+1","GrandCross+1","TreasureHunter+1","TreasureHunter","IllusionStar","BigCrunch+1","MillisecondPulsars","StarDustReverie","GasGiant","ChargingUp","GrandCross","GravityBeat","SprinkleStarSeal","UltimateShortwave","PowerUp","PulseMagic+1","OrrerysSun+1","Insight","Singularity","PowerUp","MagicAbsorber","BinaryStars","WitchLeyline","WitchLeyline","TreasureHunter","JA","DC","SatelliteIllusion","IllusionStar+1","CollectingQuirk+1","EscapeVelocity","SuperPerseids","Wraith","Violence","Violence","PowerUp+1","CasketOfStar","GalacticHalo+1","Mind Blast","MeteoricShower","PowerUp+1"],"relics":["MiniHakkero","Boot","Whetstone","Happy Flower","Anchor","Du-Vu Doll","Akabeko","reliquary:Boomerang","Pandora\u0027s Box","Bottled Lightning","Orrery","Art of War","Singing Bowl","reliquary:BallBearing","MealTicket","reliquary:Knoch","Vajra","reliquary:RosewoodLute","RuthlessExorcism:ReiMu","Bag of Preparation","SlaversCollar","Toxic Egg 2","Dream Catcher","TungstenRod","Kunai","PureWhite:ReiMu","Chemical X","Red Mask"],"acts_visited":["Exordium","TheCity","TheBeyond"],"potions_floor_usage":[10,10,29,35,50,50],"damage_taken":[{"damage":0,"enemies":"2 Louse","floor":1,"turns":1},{"damage":5,"enemies":"Small Slimes","floor":4,"turns":2},{"damage":27,"enemies":"3 Sentries","floor":7,"turns":3},{"damage":0,"enemies":"Gremlin Nob","floor":10,"turns":2},{"damage":0,"enemies":"Cultist","floor":11,"turns":2},{"damage":13,"enemies":"Lagavulin","floor":12,"turns":3},{"damage":43,"enemies":"Hexaghost","floor":16,"turns":5},{"damage":0,"enemies":"Spheric Guardian","floor":18,"turns":1},{"damage":7,"enemies":"2 Thieves","floor":20,"turns":2},{"damage":0,"enemies":"Gremlin Leader","floor":25,"turns":3},{"damage":0,"enemies":"Book of Stabbing","floor":27,"turns":2},{"damage":0,"enemies":"Snake Plant","floor":28,"turns":2},{"damage":11,"enemies":"Slavers","floor":29,"turns":2},{"damage":0,"enemies":"Snecko","floor":30,"turns":3},{"damage":0,"enemies":"Gremlin Leader","floor":31,"turns":3},{"damage":16,"enemies":"Automaton","floor":33,"turns":4},{"damage":0,"enemies":"Orb Walker","floor":35,"turns":1},{"damage":0,"enemies":"3 Shapes","floor":36,"turns":1},{"damage":0,"enemies":"Nemesis","floor":41,"turns":1},{"damage":0,"enemies":"Maw","floor":42,"turns":5},{"damage":0,"enemies":"Giant Head","floor":44,"turns":1},{"damage":0,"enemies":"Spire Growth","floor":48,"turns":1},{"damage":9,"enemies":"Donu and Deca","floor":50,"turns":3}],"seed_played":"-8643747277835071688","potions_obtained":[{"floor":1,"key":"Strength Potion"},{"floor":4,"key":"Dexterity Potion"},{"floor":8,"key":"GamblersBrew"},{"floor":10,"key":"Explosive Potion"},{"floor":16,"key":"GamblersBrew"},{"floor":18,"key":"ZuzhouPotion:ReiMu"},{"floor":27,"key":"Energy Potion"},{"floor":41,"key":"LiquidBronze"},{"floor":44,"key":"SpeedPotion"},{"floor":47,"key":"SkillPotion"},{"floor":47,"key":"Energy Potion"},{"floor":47,"key":"Regen Potion"}],"is_trial":false,"path_per_floor":["M","?","?","M","T","R","E","?","T","E","M","E","?","T","R","B",null,"M","T","M","?","$","R","?","E","T","E","M","E","M","E","R","B",null,"M","M","?","?","T","R","E","M","T","E","$","?","?","M","R","B",null],"character_chosen":"MARISA","items_purchased":["Singularity","Orrery","GalacticHalo+1","Mind Blast","Chemical X","MeteoricShower","PowerUp+1"],"campfire_rested":3,"item_purchase_floors":[22,22,45,45,45,45,45],"current_hp_per_floor":[75,75,75,70,70,70,43,43,43,43,43,30,30,30,52,9,75,75,75,68,68,68,68,68,68,68,68,68,57,57,57,75,59,75,75,77,77,72,72,72,74,74,74,74,79,79,79,81,83,74],"gold":15,"neow_bonus":"","is_daily":true,"chose_seed":false,"campfire_upgraded":3,"win_rate":0.0,"timestamp":1612515442,"path_taken":["M","?","?","?","?","R","E","?","T","E","?","E","?","?","R","BOSS","M","?","M","?","$","R","?","E","T","E","M","E","M","E","R","BOSS","M","M","?","?","?","R","E","M","T","E","$","?","?","?","R","BOSS"],"items_purchased_type":["Card","Relic","Card","Card","Relic","Card","Card"],"build_version":"2020-12-22","purchased_purges":0,"victory":true,"max_hp_per_floor":[75,75,75,75,75,75,75,75,75,75,75,75,75,75,75,75,75,75,75,75,75,75,75,75,75,75,75,75,75,75,75,75,75,75,75,77,77,77,77,77,79,79,79,79,79,79,79,81,83,83],"relic_stats":{"Happy Flower":[15],"Singing Bowl":8,"counters":[23,53],"Bag of Preparation":[16],"Whetstone":["GrandCross","UpSweep"],"Boot":[103],"Dream Catcher":1,"Pandora\u0027s Box":["StarDustReverie","GasGiant","ChargingUp","GrandCross","GravityBeat","SprinkleStarSeal","UltimateShortwave","PowerUp"],"MealTicket":5,"Art of War":[0],"Kunai":[9],"Chemical X":[1],"obtain_stats":[{"reliquary:Boomerang":14,"Singing Bowl":25,"Vajra":29,"Bag of Preparation":31,"Whetstone":7,"Boot":5,"Dream Catcher":41,"MealTicket":26,"Red Mask":46,"Kunai":43,"Chemical X":45,"Toxic Egg 2":39,"Happy Flower":9,"reliquary:RosewoodLute":29,"Akabeko":12,"Du-Vu Doll":10,"SlaversCollar":34,"Anchor":10,"PureWhite:ReiMu":44,"Ornamental Fan":25,"Orrery":22,"Pandora\u0027s Box":17,"reliquary:BallBearing":25,"Art of War":24,"MiniHakkero":0,"Bottled Lightning":19,"reliquary:Knoch":27,"TungstenRod":41,"RuthlessExorcism:ReiMu":29},{"reliquary:Boomerang":6,"Singing Bowl":10,"Vajra":13,"Bag of Preparation":15,"Whetstone":3,"Boot":2,"Dream Catcher":19,"MealTicket":10,"Red Mask":21,"Kunai":20,"Chemical X":21,"Toxic Egg 2":18,"Happy Flower":3,"reliquary:RosewoodLute":13,"Akabeko":6,"Du-Vu Doll":4,"SlaversCollar":16,"Anchor":4,"PureWhite:ReiMu":21,"Ornamental Fan":10,"Orrery":9,"Pandora\u0027s Box":7,"reliquary:BallBearing":10,"Art of War":9,"MiniHakkero":0,"Bottled Lightning":8,"reliquary:Knoch":11,"TungstenRod":19,"RuthlessExorcism:ReiMu":13},{"reliquary:Boomerang":13,"Singing Bowl":24,"Vajra":30,"Bag of Preparation":36,"Whetstone":6,"Boot":3,"Dream Catcher":43,"MealTicket":24,"Red Mask":49,"Kunai":48,"Chemical X":49,"Toxic Egg 2":42,"Happy Flower":6,"reliquary:RosewoodLute":30,"Akabeko":13,"Du-Vu Doll":8,"SlaversCollar":40,"Anchor":8,"PureWhite:ReiMu":49,"Ornamental Fan":22,"Orrery":21,"Pandora\u0027s Box":18,"reliquary:BallBearing":24,"Art of War":21,"MiniHakkero":0,"Bottled Lightning":19,"reliquary:Knoch":26,"TungstenRod":43,"RuthlessExorcism:ReiMu":30}],"TungstenRod":1},"card_choices":[{"not_picked":["PulseMagic","MeteoricShower"],"picked":"IllusionStar","floor":1},{"not_picked":["6A","GravityBeat"],"picked":"GrandCross","floor":4},{"not_picked":["MillisecondPulsars","BlazingStar"],"picked":"TreasureHunter","floor":7},{"not_picked":["SatelliteIllusion","CollectingQuirk"],"picked":"TreasureHunter","floor":10},{"not_picked":["EnergyRecoil","DarkMatter"],"picked":"IllusionStar","floor":11},{"not_picked":["JA","FinalSpark"],"picked":"BigCrunch","floor":12},{"not_picked":["CollectingQuirk","BigCrunch"],"picked":"MillisecondPulsars","floor":16},{"not_picked":["GravityBeat","ShootingEcho"],"picked":"PulseMagic+1","floor":18},{"not_picked":["MagicAbsorber","MysteriousBeam+1"],"picked":"OrrerysSun+1","floor":20},{"not_picked":["GalacticHalo","DragonMeteor+1"],"picked":"PowerUp","floor":22},{"not_picked":["ShootingEcho+1","DoubleSpark"],"picked":"MagicAbsorber","floor":22},{"not_picked":["DC","ManaConvection"],"picked":"BinaryStars","floor":22},{"not_picked":["NonDirectionalLaser","MeteoricShower+1"],"picked":"WitchLeyline","floor":22},{"not_picked":["Singularity","6A"],"picked":"WitchLeyline","floor":22},{"not_picked":["BigCrunch","AbsoluteMagnitude"],"picked":"TreasureHunter","floor":25},{"not_picked":["MillisecondPulsars","SatelliteIllusion"],"picked":"JA","floor":27},{"not_picked":["Occultation","NonDirectionalLaser"],"picked":"DC","floor":28},{"not_picked":["BlazingStar","MaximisePower"],"picked":"SatelliteIllusion","floor":29},{"not_picked":["MachineGunSpark","GrandCross"],"picked":"IllusionStar+1","floor":30},{"not_picked":["SatelliteIllusion","CasketOfStar"],"picked":"CollectingQuirk","floor":31},{"not_picked":["FinalSpark","CasketOfStar"],"picked":"EscapeVelocity","floor":33},{"not_picked":["ManaConvection+1","AsteroidBelt+1"],"picked":"SuperPerseids","floor":35},{"not_picked":["StarBarrage","Acceleration","GravityBeat"],"picked":"Singing Bowl","floor":36},{"not_picked":["Metamorphosis","Finesse"],"picked":"Violence","floor":38},{"not_picked":["Sadistic Nature","Metamorphosis"],"picked":"Violence","floor":38},{"not_picked":["EscapeVelocity","FinalSpark","UltimateShortwave+1"],"picked":"Singing Bowl","floor":41},{"not_picked":["GalacticHalo+1","Acceleration+1"],"picked":"PowerUp+1","floor":42},{"not_picked":["EscapeVelocity","BinaryStars+1"],"picked":"CasketOfStar","floor":44},{"not_picked":["GrandCross","SprinkleStarSeal+1","DeepEcoloBomb"],"picked":"Singing Bowl","floor":48},{"not_picked":["GrandCross","AlicesGift","EnergyRecoil+1"],"picked":"Singing Bowl","floor":49}],"player_experience":385093,"relics_obtained":[{"floor":5,"key":"Boot"},{"floor":7,"key":"Whetstone"},{"floor":9,"key":"Happy Flower"},{"floor":10,"key":"Anchor"},{"floor":10,"key":"Du-Vu Doll"},{"floor":12,"key":"Akabeko"},{"floor":14,"key":"reliquary:Boomerang"},{"floor":19,"key":"Bottled Lightning"},{"floor":25,"key":"Singing Bowl"},{"floor":25,"key":"reliquary:BallBearing"},{"floor":26,"key":"MealTicket"},{"floor":27,"key":"reliquary:Knoch"},{"floor":29,"key":"Vajra"},{"floor":29,"key":"reliquary:RosewoodLute"},{"floor":29,"key":"RuthlessExorcism:ReiMu"},{"floor":31,"key":"Bag of Preparation"},{"floor":39,"key":"Toxic Egg 2"},{"floor":41,"key":"Dream Catcher"},{"floor":41,"key":"TungstenRod"},{"floor":43,"key":"Kunai"},{"floor":44,"key":"PureWhite:ReiMu"}],"event_choices":[{"damage_healed":0,"gold_gain":0,"player_choice":"Leave","damage_taken":0,"max_hp_gain":0,"max_hp_loss":0,"event_name":"The Cleric","floor":2,"gold_loss":0},{"damage_healed":0,"gold_gain":0,"player_choice":"Upgraded","damage_taken":0,"max_hp_gain":0,"max_hp_loss":0,"event_name":"Upgrade Shrine","floor":3,"gold_loss":0,"cards_upgraded":["MasterSpark"]},{"damage_healed":0,"gold_gain":0,"player_choice":"Bought 1 Potion","damage_taken":0,"max_hp_gain":0,"max_hp_loss":0,"event_name":"The Woman in Blue","floor":8,"gold_loss":0},{"damage_healed":0,"gold_gain":0,"player_choice":"Grow","damage_taken":0,"max_hp_gain":0,"max_hp_loss":0,"event_name":"Living Wall","floor":13,"gold_loss":0,"cards_upgraded":["TreasureHunter"]},{"damage_healed":0,"gold_gain":0,"player_choice":"Insight","damage_taken":0,"max_hp_gain":0,"max_hp_loss":0,"event_name":"betterThird:BetterWriting","floor":21,"gold_loss":0,"cards_obtained":["Insight"]},{"damage_healed":0,"gold_gain":0,"player_choice":"Obtained Relic","damage_taken":0,"relics_obtained":["Art of War"],"max_hp_gain":0,"max_hp_loss":0,"event_name":"Addict","floor":24,"gold_loss":85},{"damage_healed":0,"gold_gain":0,"player_choice":"Ignored","damage_taken":0,"max_hp_gain":0,"max_hp_loss":0,"event_name":"OrinTheCat","floor":37,"gold_loss":0},{"damage_healed":0,"gold_gain":0,"player_choice":"Memory 2","damage_taken":5,"max_hp_gain":0,"max_hp_loss":0,"event_name":"SensoryStone","floor":38,"gold_loss":0},{"damage_healed":0,"gold_gain":0,"player_choice":"Paid","damage_taken":0,"relics_obtained":["Red Mask"],"max_hp_gain":0,"max_hp_loss":0,"event_name":"Tomb of Lord Red Mask","floor":46,"gold_loss":109},{"damage_healed":0,"gold_gain":0,"player_choice":"Got Potions","damage_taken":0,"max_hp_gain":0,"max_hp_loss":0,"event_name":"Lab","floor":47,"gold_loss":0}],"is_beta":false,"boss_relics":[{"not_picked":["SacredBark","Astrolabe"],"picked":"Pandora\u0027s Box"},{"not_picked":["reliquary:RedCape","theSenshi:MoonKaleidoScopeRelic"],"picked":"SlaversCollar"}],"items_purged_floors":[],"is_endless":false,"potions_floor_spawned":[1,4,10,16,18,27,28,41,44,48],"ascension_level":0}}