{"host":"eemx8njkng76fu5x","time":1612512618,"event":{"mods":["2.2 Compatiblity","BaseMod","Colored Map","Downfall","Minty Spire (QoL Compilation)","Permanent Neow","StSLib","Unceasing Turn Reminder","Unknown Chances"],"gold_per_floor":[99,113,124,124,124,138,138,138,38,58,90,102,2,37,48,124,124,24,39,39,55,75,75,75,93,7,7,22,53,53,80,95,172,172,172,186,205,225,86,106,106,32,47,82,98,98,123,140,152,152,152,177,52,52,52,52],"floor_reached":57,"language":"ENG","playtime":4213,"items_purged":["Guardian:Strike_Guardian","Guardian:Strike_Guardian","Guardian:Strike_Guardian"],"score":2264,"play_id":"1c9a7f5c-1f5b-4292-8e84-7d97b82ebb69","local_time":"20210205161018","is_ascension_mode":true,"campfire_choices":[{"floor":1,"key":"RECALL"},{"data":"Guardian:PiercingHide","floor":9,"key":"SMITH"},{"data":"Guardian:VentSteam","floor":13,"key":"SMITH"},{"data":"Guardian:StasisField","floor":18,"key":"SMITH"},{"data":"Guardian:TemporalShield","floor":23,"key":"SMITH"},{"data":"Guardian:PiercingHide","floor":27,"key":"SMITH"},{"data":"Guardian:ChargeUp","floor":30,"key":"SMITH"},{"data":"Guardian:SentryBeam","floor":35,"key":"SMITH"},{"data":"Guardian:TemporalShield","floor":46,"key":"SMITH"},{"data":"Guardian:FastForward","floor":54,"key":"SMITH"}],"circlet_count":0,"master_deck":["AscendersBane","Guardian:Strike_Guardian+1","Guardian:Defend_Guardian","Guardian:Defend_Guardian","Guardian:Defend_Guardian+1","Guardian:Defend_Guardian","Guardian:CurlUp+1","Guardian:TwinSlam+1","Guardian:FloatingOrbs+1","Guardian:PiercingHide+1","Guardian:VentSteam+1","Guardian:StasisField+1","Guardian:PiercingHide+1","Guardian:TemporalShield+1","Guardian:BronzeOrb+1","Guardian:SpikerProtocol","Guardian:ArmoredProtocol","Guardian:ChargeUp+1","Guardian:FloatingOrbs+1","Guardian:Incinerate+1","Guardian:SentryBeam+1","Guardian:TemporalShield+1","Guardian:Incinerate","Guardian:FastForward+1","Parasite"],"relics":["Guardian:ModeShifter","Blue Candle","Happy Flower","downfall:HeartBlessingRed","Pear","downfall:HeartBlessingBlue","Guardian:PocketSentry","Runic Dome","downfall:HeartBlessingGreen","Letter Opener","InkBottle","War Paint","Whetstone","sneckomod:SneckoTalon","Bottled Tornado","Calipers","Thread and Needle","champ:DuelingGlove","hexamod:BolsterEngine"],"acts_visited":["Exordium","TheCity","TheBeyond","TheEnding"],"potions_floor_usage":[11,12,14,16,29,39,44,47,56],"damage_taken":[{"damage":3,"enemies":"Jaw Worm","floor":2,"turns":4},{"damage":3,"enemies":"2 Louse","floor":3,"turns":4},{"damage":1,"enemies":"Cultist","floor":6,"turns":3},{"damage":5,"enemies":"Red Slaver","floor":10,"turns":4},{"damage":0,"enemies":"Gremlin Nob","floor":11,"turns":4},{"damage":6,"enemies":"Lots of Slimes","floor":12,"turns":5},{"damage":11,"enemies":"3 Sentries","floor":14,"turns":8},{"damage":4,"enemies":"Blue Slaver","floor":15,"turns":3},{"damage":19,"enemies":"WA_ARCHETYPE_RETAIN","floor":16,"turns":12},{"damage":2,"enemies":"3 Byrds","floor":19,"turns":5},{"damage":6,"enemies":"Snecko","floor":21,"turns":6},{"damage":10,"enemies":"Snake Plant","floor":22,"turns":3},{"damage":0,"enemies":"3 Cultists","floor":25,"turns":6},{"damage":0,"enemies":"downfall:FleeingMerchant","floor":26,"turns":4},{"damage":4,"enemies":"Chosen and Byrds","floor":28,"turns":6},{"damage":4,"enemies":"Slavers","floor":29,"turns":4},{"damage":0,"enemies":"Book of Stabbing","floor":31,"turns":4},{"damage":0,"enemies":"Centurion and Healer","floor":32,"turns":5},{"damage":0,"enemies":"DF_ARCHETYPE_CLAW","floor":33,"turns":8},{"damage":0,"enemies":"Orb Walker","floor":36,"turns":4},{"damage":0,"enemies":"3 Shapes","floor":37,"turns":4},{"damage":0,"enemies":"Maw","floor":38,"turns":7},{"damage":0,"enemies":"downfall:FleeingMerchant","floor":39,"turns":4},{"damage":2,"enemies":"Writhing Mass","floor":40,"turns":5},{"damage":0,"enemies":"downfall:FleeingMerchant","floor":42,"turns":1},{"damage":5,"enemies":"Spire Growth","floor":43,"turns":5},{"damage":22,"enemies":"Nemesis","floor":44,"turns":7},{"damage":0,"enemies":"Transient","floor":45,"turns":5},{"damage":0,"enemies":"Transient","floor":47,"turns":6},{"damage":0,"enemies":"Maw","floor":48,"turns":6},{"damage":6,"enemies":"Writhing Mass","floor":49,"turns":5},{"damage":1,"enemies":"IC_BLOCK_ARCHETYPE","floor":50,"turns":12},{"damage":1,"enemies":"downfall:CharBossMerchant","floor":52,"turns":11},{"damage":4,"enemies":"downfall:NeowBoss","floor":55,"turns":18},{"damage":6,"enemies":"downfall:NeowBossFinal","floor":56,"turns":11}],"seed_played":"1219214132149965915","potions_obtained":[{"floor":3,"key":"PowerPotion"},{"floor":10,"key":"BlessingOfTheForge"},{"floor":11,"key":"ColorlessPotion"},{"floor":14,"key":"champ:CounterPotion"},{"floor":21,"key":"Strength Potion"},{"floor":25,"key":"LiquidBronze"},{"floor":29,"key":"SneckoOil"},{"floor":36,"key":"DistilledChaos"},{"floor":43,"key":"Strength Potion"},{"floor":45,"key":"Regen Potion"},{"floor":49,"key":"ColorlessPotion"},{"floor":52,"key":"Swift Potion"}],"is_trial":false,"path_per_floor":["R","M","M","?","?","M","T","?","R","M","E","M","R","E","M","B",null,"R","M","T","M","M","R","T","M","$","R","M","E","R","E","M","B",null,"R","M","M","M","$","M","T","$","M","E","M","R","?","M","M","B",null,"E","$","R","B","B",null],"character_chosen":"GUARDIAN","items_purchased":["Guardian:ArmoredProtocol","Guardian:Gem_Red","Calipers"],"campfire_rested":0,"item_purchase_floors":[26,39,42],"current_hp_per_floor":[72,69,66,61,61,60,60,60,60,55,65,59,69,58,54,35,84,84,82,82,76,66,66,66,66,66,66,62,58,58,58,58,58,90,90,90,90,90,90,88,88,88,83,61,61,61,76,76,70,69,92,91,91,91,87,81],"gold":52,"neow_bonus":"UPGRADE_CARD","is_daily":false,"chose_seed":false,"campfire_upgraded":9,"win_rate":0.0,"timestamp":1612512618,"path_taken":["R","M","M","?","?","M","T","?","R","M","E","?","R","E","M","BOSS","R","M","?","M","M","R","T","M","$","R","M","E","R","E","M","BOSS","R","M","M","M","$","M","T","$","M","E","?","R","?","M","M","BOSS","E","$","R","BOSS","BOSS"],"items_purchased_type":["Card","Card","Relic"],"build_version":"2020-12-22","purchased_purges":3,"victory":true,"max_hp_per_floor":[80,80,80,80,80,80,80,80,80,80,90,90,100,100,100,100,100,100,100,100,100,100,100,100,100,100,100,100,100,100,100,100,100,100,100,100,100,100,100,100,100,100,100,100,100,100,100,100,100,100,100,100,100,100,100,100],"card_choices":[{"not_picked":["Guardian:TemporalStrike","Guardian:Gem_Green"],"picked":"Guardian:FloatingOrbs","floor":2},{"not_picked":["Guardian:Preprogram","Guardian:Gem_Green","Guardian:PrismaticBarrier"],"picked":"SKIP","floor":3},{"not_picked":["Guardian:Reroute","Guardian:ShieldCharger"],"picked":"Guardian:PiercingHide","floor":6},{"not_picked":["Guardian:Reroute","Guardian:Gem_Yellow"],"picked":"Guardian:VentSteam","floor":10},{"not_picked":["Guardian:EvasiveProtocol","Guardian:VentSteam"],"picked":"Guardian:Gem_Red","floor":11},{"not_picked":["Guardian:TemporalShield","Guardian:VentSteam","Guardian:TimeBomb"],"picked":"SKIP","floor":12},{"not_picked":["Guardian:TemporalShield","Guardian:PrimingBeam"],"picked":"Guardian:StasisField","floor":14},{"not_picked":["Guardian:Clone","Guardian:Gem_Green"],"picked":"Guardian:PiercingHide","floor":15},{"not_picked":["Guardian:Suspension","Guardian:PrimingBeam"],"picked":"Guardian:TemporalShield","floor":19},{"not_picked":["Guardian:ShieldCharger","Guardian:Reroute"],"picked":"Guardian:BronzeOrb+1","floor":21},{"not_picked":["Guardian:Suspension","Guardian:ChargeCore","Guardian:PrismaticBarrier"],"picked":"SKIP","floor":22},{"not_picked":["Guardian:FloatingOrbs","Guardian:Gem_Cyan"],"picked":"Guardian:Gem_Orange","floor":25},{"not_picked":["Guardian:ChargeCore","Guardian:Gem_Lightblue"],"picked":"Guardian:SpikerProtocol","floor":26},{"not_picked":["Guardian:PrimingBeam","Guardian:Repulse"],"picked":"Guardian:ChargeUp","floor":28},{"not_picked":["Guardian:ExploitGems","Guardian:ChargeUp"],"picked":"Guardian:FloatingOrbs+1","floor":29},{"not_picked":["Guardian:TimeBomb","Guardian:Gem_Red"],"picked":"Guardian:Incinerate","floor":31},{"not_picked":["Guardian:TimeBomb","Guardian:Planning"],"picked":"Guardian:SentryBeam","floor":32},{"not_picked":["Guardian:TemporalStrike","Guardian:Reroute"],"picked":"Guardian:TemporalShield","floor":36},{"not_picked":["Guardian:Reroute","Guardian:Harden"],"picked":"Guardian:Incinerate","floor":37},{"not_picked":["Guardian:Harden","Guardian:RefractedBeam","Guardian:ChargeCore"],"picked":"SKIP","floor":38},{"not_picked":["Guardian:ArmoredProtocol","Guardian:CrystalBeam"],"picked":"Guardian:Gem_Fragmented","floor":39},{"not_picked":["Guardian:RollAttack+1","Guardian:Recover"],"picked":"Guardian:FastForward","floor":40},{"not_picked":["Guardian:TemporalShield","Guardian:Incinerate+1"],"picked":"Guardian:Gem_Green","floor":42},{"not_picked":["Guardian:TemporalStrike","Guardian:TimeBomb","Guardian:Reroute"],"picked":"SKIP","floor":43},{"not_picked":["Guardian:FloatingOrbs","Guardian:ShieldCharger","Guardian:StasisStrike"],"picked":"SKIP","floor":44},{"not_picked":["Guardian:VentSteam","Guardian:TimeBomb+1"],"picked":"Guardian:Gem_Yellow","floor":45},{"not_picked":["Guardian:Planning","Guardian:RollAttack+1"],"picked":"Guardian:Gem_White","floor":47},{"not_picked":["Guardian:DonusPower","Guardian:PiercingHide","Guardian:Planning"],"picked":"SKIP","floor":48},{"not_picked":["Guardian:Clone","Guardian:Preprogram","Guardian:Reroute"],"picked":"SKIP","floor":49},{"not_picked":["Guardian:Suspension","Guardian:TemporalShield+1","Guardian:Recover"],"picked":"SKIP","floor":52}],"player_experience":557957,"relics_obtained":[{"floor":11,"key":"Pear"},{"floor":14,"key":"Guardian:PocketSentry"},{"floor":20,"key":"Letter Opener"},{"floor":24,"key":"InkBottle"},{"floor":29,"key":"War Paint"},{"floor":31,"key":"Whetstone"},{"floor":41,"key":"Bottled Tornado"},{"floor":44,"key":"Thread and Needle"},{"floor":47,"key":"champ:DuelingGlove"},{"floor":52,"key":"hexamod:BolsterEngine"}],"event_choices":[],"is_beta":false,"boss_relics":[{"not_picked":["Velvet Choker","Snecko Eye"],"picked":"Runic Dome"},{"not_picked":["Philosopher\u0027s Stone","SacredBark"],"picked":"sneckomod:SneckoTalon"}],"items_purged_floors":[39,42,53],"is_endless":false,"potions_floor_spawned":[3,10,11,14,21,25,29,36,37,43,45,49,52],"ascension_level":13}}