{"host":"i0avyit1s6jb1siw","time":1612554841,"event":{"mods":["BaseMod","DeckTracker","Dota2Spire","Highlight Path","Minty Spire (QoL Compilation)","Quick Restart","StSLib","SuperFastMode"],"gold_per_floor":[113,133,58,58,58,58,58,85,85,103,103,117,128,156,156,231,231,231,231,231],"floor_reached":19,"language":"ENG","playtime":428,"items_purged":["Strike_G"],"score":350,"play_id":"1c1d6480-11f6-44cd-9f47-7a5953df5eff","local_time":"20210205205401","is_ascension_mode":true,"campfire_choices":[{"data":"Adrenaline","floor":6,"key":"SMITH"},{"data":"Burst","floor":11,"key":"SMITH"},{"data":"Dagger Spray","floor":15,"key":"SMITH"},{"floor":18,"key":"REST"}],"circlet_count":0,"master_deck":["AscendersBane","Strike_G","Strike_G","Strike_G","Strike_G","Defend_G","Defend_G","Defend_G","Defend_G","Defend_G","Survivor","Neutralize","Adrenaline+1","Dagger Throw+1","Bouncing Flask+1","Crippling Poison","Burst+1","Dagger Spray+1","Wraith Form v2","Venomology"],"relics":["Ring of the Snake","Happy Flower","Dota2Spire:CrimsonGuard","Dota2Spire:Vanguard","Dota2Spire:RefresherOrb"],"acts_visited":["Exordium"],"potions_floor_usage":[8,19,19],"damage_taken":[{"damage":11,"enemies":"Cultist","floor":1,"turns":5},{"damage":0,"enemies":"2 Louse","floor":2,"turns":3},{"damage":11,"enemies":"Gremlin Nob","floor":8,"turns":3},{"damage":1,"enemies":"Jaw Worm","floor":10,"turns":3},{"damage":0,"enemies":"Large Slime","floor":12,"turns":3},{"damage":5,"enemies":"Blue Slaver","floor":13,"turns":3},{"damage":2,"enemies":"3 Sentries","floor":14,"turns":6},{"damage":20,"enemies":"Slime Boss","floor":16,"turns":10},{"damage":37,"enemies":"Slime Boss","floor":19,"turns":8}],"seed_played":"-7017158977302907530","potions_obtained":[{"floor":1,"key":"AttackPotion"},{"floor":8,"key":"FearPotion"},{"floor":16,"key":"PowerPotion"}],"is_trial":false,"path_per_floor":["M","M","$","?","?","R","?","E","T","M","R","M","M","E","R","B",null,"R","B"],"character_chosen":"THE_SILENT","items_purchased":[],"campfire_rested":1,"item_purchase_floors":[],"current_hp_per_floor":[48,48,48,53,53,53,53,42,42,41,41,41,36,34,34,14,14,33,0,0],"gold":231,"neow_bonus":"THREE_RARE_CARDS","is_daily":false,"chose_seed":false,"campfire_upgraded":3,"win_rate":0.0,"timestamp":1612554841,"path_taken":["M","?","$","?","?","R","?","E","T","M","R","?","M","E","R","BOSS","R","BOSS"],"items_purchased_type":[],"build_version":"2020-12-22","purchased_purges":1,"victory":false,"max_hp_per_floor":[60,60,60,65,65,65,65,65,65,65,65,65,65,65,65,65,65,65,65,65],"card_choices":[{"not_picked":["Storm of Steel","Unload"],"picked":"Adrenaline","floor":0},{"not_picked":["Riddle With Holes","Dodge and Roll"],"picked":"Dagger Throw","floor":1},{"not_picked":["Deflect","Masterful Stab"],"picked":"Bouncing Flask","floor":2},{"not_picked":["Choke","PiercingWail"],"picked":"Crippling Poison","floor":8},{"not_picked":["Dodge and Roll","Choke"],"picked":"Burst","floor":10},{"not_picked":["Underhanded Strike","Reflex","Accuracy"],"picked":"SKIP","floor":12},{"not_picked":["Quick Slash","Acrobatics"],"picked":"Dagger Spray","floor":13},{"not_picked":["Backstab","Bane"],"picked":"Wraith Form v2","floor":14},{"not_picked":["Grand Finale","Bullet Time"],"picked":"Venomology","floor":16}],"player_experience":2415192,"relics_obtained":[{"floor":8,"key":"Happy Flower"},{"floor":9,"key":"Dota2Spire:CrimsonGuard"},{"floor":14,"key":"Dota2Spire:Vanguard"}],"event_choices":[{"damage_healed":0,"gold_gain":0,"player_choice":"Donut","damage_taken":0,"max_hp_gain":5,"max_hp_loss":0,"event_name":"Big Fish","floor":4,"gold_loss":0},{"damage_healed":0,"gold_gain":0,"player_choice":"Grow","damage_taken":0,"max_hp_gain":0,"max_hp_loss":0,"event_name":"Living Wall","floor":5,"gold_loss":0,"cards_upgraded":["Bouncing Flask"]},{"damage_healed":0,"gold_gain":0,"player_choice":"Forge","damage_taken":0,"max_hp_gain":0,"max_hp_loss":0,"event_name":"Accursed Blacksmith","floor":7,"gold_loss":0,"cards_upgraded":["Dagger Throw"]}],"is_beta":false,"boss_relics":[{"not_picked":["Runic Dome","Sozu"],"picked":"Dota2Spire:RefresherOrb"}],"items_purged_floors":[3],"is_endless":false,"potions_floor_spawned":[1,8,16],"killed_by":"Slime Boss","ascension_level":20}}