{"host":"5jdby9iqu3ct6557","time":1612494933,"event":{"mods":["BaseMod","DeckTracker","Highlight Path","Minty Spire (QoL Compilation)","Relic Stats","StSLib"],"gold_per_floor":[160,173,173,183,183,214,214,242,294,312,312,343,343,356,356,356,356],"floor_reached":16,"language":"ENG","playtime":1250,"items_purged":[],"score":240,"play_id":"03e7f2df-ecc6-4501-a129-c9dcbe7b94d2","local_time":"20210204221533","is_ascension_mode":true,"campfire_choices":[{"floor":7,"key":"REST"},{"floor":13,"key":"REST"},{"floor":15,"key":"REST"}],"circlet_count":0,"master_deck":["AscendersBane","Strike_R","Strike_R","Strike_R","Strike_R","Defend_R","Defend_R","Defend_R+1","Defend_R","Bash","Clothesline","Iron Wave","Offering","Spot Weakness","True Grit+1","Perfected Strike","Cleave","Twin Strike","Intimidate+1","Fiend Fire"],"relics":["Tiny House","Toxic Egg 2","Potion Belt","InkBottle","Tiny Chest","Prayer Wheel"],"acts_visited":["Exordium"],"potions_floor_usage":[6,8],"damage_taken":[{"damage":4,"enemies":"Small Slimes","floor":1,"turns":4},{"damage":0,"enemies":"Jaw Worm","floor":2,"turns":5},{"damage":7,"enemies":"Cultist","floor":4,"turns":3},{"damage":23,"enemies":"Gremlin Nob","floor":6,"turns":4},{"damage":10,"enemies":"3 Sentries","floor":8,"turns":8},{"damage":12,"enemies":"Large Slime","floor":10,"turns":5},{"damage":40,"enemies":"Gremlin Nob","floor":12,"turns":4},{"damage":6,"enemies":"Red Slaver","floor":14,"turns":2},{"damage":42,"enemies":"Slime Boss","floor":16,"turns":8}],"seed_played":"-639437737952926676","potions_obtained":[{"floor":0,"key":"FearPotion"},{"floor":1,"key":"FearPotion"},{"floor":2,"key":"HeartOfIron"}],"is_trial":false,"path_per_floor":["M","M","?","M","?","E","R","E","T","M","?","E","R","M","R","B"],"character_chosen":"IRONCLAD","items_purchased":[],"campfire_rested":3,"item_purchase_floors":[],"current_hp_per_floor":[69,69,69,62,62,39,63,53,53,41,41,1,25,19,43,1,1],"gold":356,"neow_bonus":"BOSS_RELIC","is_daily":false,"chose_seed":false,"campfire_upgraded":0,"win_rate":0.0,"timestamp":1612494933,"path_taken":["M","M","?","M","?","E","R","E","T","?","?","E","R","M","R","BOSS"],"items_purchased_type":[],"build_version":"2020-12-22","purchased_purges":0,"victory":false,"max_hp_per_floor":[80,80,80,80,80,80,80,80,80,80,80,80,80,80,80,80,80],"relic_stats":{"counters":[9,43],"Tiny Chest":0,"Prayer Wheel":1,"obtain_stats":[{"Potion Belt":6,"Tiny House":0,"Tiny Chest":9,"Prayer Wheel":12,"Toxic Egg 2":5,"Burning Blood":0,"InkBottle":8},{"Potion Belt":4,"Tiny House":0,"Tiny Chest":5,"Prayer Wheel":7,"Toxic Egg 2":3,"Burning Blood":0,"InkBottle":5},{"Potion Belt":16,"Tiny House":0,"Tiny Chest":24,"Prayer Wheel":33,"Toxic Egg 2":12,"Burning Blood":0,"InkBottle":24}],"InkBottle":[5]},"card_choices":[{"not_picked":["Reckless Charge","Armaments"],"picked":"Clothesline","floor":0},{"not_picked":["Flex","Thunderclap"],"picked":"Iron Wave","floor":1},{"not_picked":["Cleave","Warcry"],"picked":"Offering","floor":2},{"not_picked":["Heavy Blade","Pummel"],"picked":"Spot Weakness","floor":4},{"not_picked":["Barricade","Clothesline"],"picked":"True Grit+1","floor":6},{"not_picked":["Thunderclap","Ghostly Armor+1"],"picked":"Perfected Strike","floor":8},{"not_picked":["Evolve","Warcry+1"],"picked":"Cleave","floor":10},{"not_picked":["True Grit+1","Pummel"],"picked":"Intimidate+1","floor":12},{"not_picked":["Body Slam","Pommel Strike"],"picked":"Fiend Fire","floor":14}],"player_experience":2519963,"relics_obtained":[{"floor":5,"key":"Toxic Egg 2"},{"floor":6,"key":"Potion Belt"},{"floor":8,"key":"InkBottle"},{"floor":9,"key":"Tiny Chest"},{"floor":12,"key":"Prayer Wheel"}],"event_choices":[{"damage_healed":0,"gold_gain":0,"player_choice":"Ignored","damage_taken":0,"max_hp_gain":0,"max_hp_loss":0,"event_name":"Liars Game","floor":3,"gold_loss":0},{"damage_healed":0,"gold_gain":0,"player_choice":"Relic","damage_taken":0,"max_hp_gain":0,"max_hp_loss":0,"event_name":"Wheel of Change","floor":5,"gold_loss":0},{"damage_healed":0,"gold_gain":0,"cards_transformed":["Strike_R"],"player_choice":"Transformed","damage_taken":0,"max_hp_gain":0,"max_hp_loss":0,"event_name":"Transmorgrifier","floor":11,"gold_loss":0,"cards_obtained":["Twin Strike"]}],"is_beta":false,"boss_relics":[],"items_purged_floors":[],"is_endless":false,"potions_floor_spawned":[1,2,4],"killed_by":"Slime Boss","ascension_level":20}}