{"host":"r4aerl4ckfvw1dw3","time":1612484875,"event":{"mods":["BaseMod","BetterRewards","Minty Spire (QoL Compilation)","Quick Restart","StSLib"],"gold_per_floor":[117,67,20,36,36,65,85,112,139,168,168,178,189,211,211,315,315,335,346,70,87,100,100,134,134,134,134,167,179,179,189,189,290,290,304,318,141,141,156,189,189,189,261,13,39,88,88,102,102,102,102,102,18,52,52,52],"floor_reached":55,"language":"ENG","playtime":6633,"items_purged":["Searing Blow","Decay"],"score":1046,"play_id":"ff27f272-44df-4f08-a800-7bf742cc7928","local_time":"20210204162755","is_ascension_mode":true,"campfire_choices":[{"data":"Sword Boomerang","floor":11.0,"key":"SMITH"},{"data":"Pommel Strike","floor":15.0,"key":"SMITH"},{"floor":23.0,"key":"REST"},{"data":"Panacea","floor":25.0,"key":"SMITH"},{"data":"Shockwave","floor":27.0,"key":"SMITH"},{"data":"Shrug It Off","floor":30.0,"key":"SMITH"},{"data":"Flame Barrier","floor":32.0,"key":"SMITH"},{"floor":42.0,"key":"REST"},{"floor":47.0,"key":"REST"},{"floor":49.0,"key":"RECALL"},{"data":"True Grit","floor":52.0,"key":"SMITH"}],"circlet_count":0,"master_deck":["Bash","Cleave+1","Pommel Strike+1","Clothesline","Sword Boomerang+1","Pummel","Shrug It Off+1","Flame Barrier+1","Rampage","Demon Form","Shrug It Off","Sentinel","Shockwave+1","Impervious","Heavy Blade","Whirlwind+1","Pommel Strike","Havoc+1","Panacea+1","Headbutt","Feed","Cleave+1","Seeing Red","Offering","Hemokinesis+1","Twin Strike","True Grit+1","Impervious","Violence","Wild Strike+1","Power Through","Entrench"],"relics":["Burning Blood","NeowsBlessing","Anchor","Art of War","Smiling Mask","Pear","Odd Mushroom","Pandora\u0027s Box","Whetstone","Ancient Tea Set","Gremlin Horn","Self Forming Clay","Snecko Eye","MealTicket","White Beast Statue","Pantograph","Ornamental Fan","TungstenRod","Lantern"],"acts_visited":["Exordium","TheCity","TheBeyond","TheEnding"],"potions_floor_usage":[54,54,54,55],"damage_taken":[{"damage":0.0,"enemies":"Jaw Worm","floor":1.0,"turns":1.0},{"damage":0.0,"enemies":"2 Louse","floor":4.0,"turns":1.0},{"damage":0.0,"enemies":"Lagavulin","floor":6.0,"turns":1.0},{"damage":1.0,"enemies":"Cultist","floor":7.0,"turns":3.0},{"damage":26.0,"enemies":"Gremlin Nob","floor":8.0,"turns":4.0},{"damage":40.0,"enemies":"Lagavulin","floor":10.0,"turns":6.0},{"damage":10.0,"enemies":"Large Slime","floor":12.0,"turns":5.0},{"damage":0.0,"enemies":"Looter","floor":13.0,"turns":3.0},{"damage":4.0,"enemies":"The Mushroom Lair","floor":14.0,"turns":4.0},{"damage":23.0,"enemies":"The Guardian","floor":16.0,"turns":17.0},{"damage":0.0,"enemies":"Chosen","floor":18.0,"turns":6.0},{"damage":18.0,"enemies":"Spheric Guardian","floor":19.0,"turns":5.0},{"damage":8.0,"enemies":"Centurion and Healer","floor":21.0,"turns":5.0},{"damage":34.0,"enemies":"Snake Plant","floor":22.0,"turns":6.0},{"damage":0.0,"enemies":"Gremlin Leader","floor":24.0,"turns":5.0},{"damage":13.0,"enemies":"Slavers","floor":28.0,"turns":3.0},{"damage":11.0,"enemies":"Snecko","floor":29.0,"turns":6.0},{"damage":7.0,"enemies":"Cultist and Chosen","floor":31.0,"turns":5.0},{"damage":42.0,"enemies":"Collector","floor":33.0,"turns":8.0},{"damage":8.0,"enemies":"3 Shapes","floor":35.0,"turns":5.0},{"damage":8.0,"enemies":"Orb Walker","floor":36.0,"turns":4.0},{"damage":5.0,"enemies":"4 Shapes","floor":39.0,"turns":6.0},{"damage":76.0,"enemies":"Reptomancer","floor":40.0,"turns":9.0},{"damage":12.0,"enemies":"Nemesis","floor":45.0,"turns":9.0},{"damage":24.0,"enemies":"2 Orb Walkers","floor":46.0,"turns":6.0},{"damage":13.0,"enemies":"Maw","floor":48.0,"turns":7.0},{"damage":67.0,"enemies":"Time Eater","floor":50.0,"turns":9.0},{"damage":64,"enemies":"Shield and Spear","floor":54,"turns":8},{"damage":77,"enemies":"The Heart","floor":55,"turns":5}],"seed_played":"-8506764470850958300","potions_obtained":[{"floor":6.0,"key":"LiquidMemories"},{"floor":12.0,"key":"ElixirPotion"},{"floor":13.0,"key":"Weak Potion"},{"floor":14.0,"key":"DistilledChaos"},{"floor":16.0,"key":"PowerPotion"},{"floor":21.0,"key":"Dexterity Potion"},{"floor":22.0,"key":"DuplicationPotion"},{"floor":29.0,"key":"Block Potion"},{"floor":39.0,"key":"BlessingOfTheForge"},{"floor":40.0,"key":"DuplicationPotion"},{"floor":45.0,"key":"EssenceOfSteel"},{"floor":54,"key":"ColorlessPotion"}],"is_trial":false,"path_per_floor":["M","?","$","M","$","E","M","E","T","E","R","M","M","?","R","B",null,"M","M","$","M","M","R","E","R","T","R","E","M","R","M","R","B",null,"M","M","$","?","M","E","?","R","T","$","E","?","R","M","R","B",null,"R","$","E","B"],"character_chosen":"IRONCLAD","items_purchased":["Pommel Strike","Whetstone","Panacea","True Grit","MealTicket","Pantograph","Power Through"],"campfire_rested":3,"item_purchase_floors":[3,20,20,37,37,44,53],"current_hp_per_floor":[78,78,78,80,80,80,80,60,60,36,36,32,38,40,40,23,73,79,67,67,65,37,64,70,70,70,70,66,61,61,63,63,27,79,80,78,78,78,82,15,15,46,46,61,55,37,68,61,61,25,85,85,100,42,0,0],"gold":52,"neow_bonus":"THREE_ENEMY_KILL","is_daily":false,"chose_seed":false,"campfire_upgraded":7,"win_rate":0.0,"timestamp":1612484875,"path_taken":["M","?","?","M","$","E","M","E","T","E","R","M","M","?","R","BOSS","M","M","$","M","M","R","E","R","T","R","E","M","R","M","R","BOSS","M","M","$","?","?","E","?","R","T","$","E","?","R","M","R","BOSS","R","$","E","BOSS"],"items_purchased_type":["Card","Relic","Card","Card","Relic","Relic","Card"],"build_version":"2020-12-22","purchased_purges":2,"victory":false,"max_hp_per_floor":[80,80,80,80,80,80,80,80,80,90,90,90,90,90,90,90,90,90,90,90,90,90,90,90,90,90,90,93,93,93,96,96,96,96,99,99,99,99,102,105,105,105,105,105,105,105,105,105,105,105,105,105,105,105,105,105],"card_choices":[{"not_picked":["Anger","Clothesline"],"picked":"Cleave","floor":1.0},{"not_picked":["Shrug It Off","Perfected Strike"],"picked":"Clothesline","floor":4.0},{"not_picked":["Shockwave","Flex"],"picked":"Sword Boomerang","floor":6.0},{"not_picked":["Thunderclap","Feel No Pain"],"picked":"Pummel","floor":7.0},{"not_picked":["Entrench","Combust","Body Slam"],"picked":"SKIP","floor":8.0},{"not_picked":["Corruption","Clothesline"],"picked":"Shrug It Off","floor":10.0},{"not_picked":["Shrug It Off","Armaments"],"picked":"Flame Barrier","floor":12.0},{"not_picked":["Clash","Body Slam","Heavy Blade"],"picked":"SKIP","floor":13.0},{"not_picked":["Clash","Spot Weakness"],"picked":"Rampage","floor":14.0},{"not_picked":["Limit Break","Brutality"],"picked":"Demon Form","floor":16.0},{"not_picked":["Iron Wave","Clothesline","Clash"],"picked":"SKIP","floor":18.0},{"not_picked":["Flame Barrier+1","Dual Wield"],"picked":"Havoc+1","floor":19.0},{"not_picked":["Armaments","Iron Wave"],"picked":"Headbutt","floor":21.0},{"not_picked":["Second Wind","Perfected Strike"],"picked":"Feed","floor":22.0},{"not_picked":["Sword Boomerang","Clash","Burning Pact"],"picked":"SKIP","floor":24.0},{"not_picked":["Brutality","Disarm","Cleave"],"picked":"SKIP","floor":28.0},{"not_picked":["Intimidate","Wild Strike"],"picked":"Cleave+1","floor":29.0},{"not_picked":["Clothesline","Infernal Blade+1"],"picked":"Seeing Red","floor":31.0},{"not_picked":["Feed","Limit Break"],"picked":"Offering","floor":33.0},{"not_picked":["Thunderclap+1","Inflame+1"],"picked":"Hemokinesis+1","floor":35.0},{"not_picked":["Sever Soul","Clothesline+1"],"picked":"Twin Strike","floor":36.0},{"not_picked":["Clothesline","Cleave","Sword Boomerang"],"picked":"SKIP","floor":39.0},{"not_picked":["Armaments","Dropkick+1"],"picked":"Impervious","floor":40.0},{"not_picked":["Deep Breath","Thinking Ahead"],"picked":"Violence","floor":41.0},{"not_picked":["Flex+1","Flame Barrier","Warcry"],"picked":"SKIP","floor":45.0},{"not_picked":["Intimidate+1","Body Slam"],"picked":"Wild Strike+1","floor":48.0},{"not_picked":["Clash","Shockwave"],"picked":"Entrench","floor":54}],"player_experience":495209,"relics_obtained":[{"floor":6.0,"key":"Anchor"},{"floor":8.0,"key":"Art of War"},{"floor":9.0,"key":"Smiling Mask"},{"floor":10.0,"key":"Pear"},{"floor":14.0,"key":"Odd Mushroom"},{"floor":24.0,"key":"Ancient Tea Set"},{"floor":26.0,"key":"Gremlin Horn"},{"floor":28.0,"key":"Self Forming Clay"},{"floor":40.0,"key":"White Beast Statue"},{"floor":45.0,"key":"Ornamental Fan"},{"floor":46.0,"key":"TungstenRod"},{"floor":54,"key":"Lantern"}],"event_choices":[{"cards_removed":["Strike_R"],"damage_healed":0.0,"max_hp_gain":0.0,"max_hp_loss":0.0,"gold_gain":0.0,"event_name":"The Cleric","player_choice":"Card Removal","floor":2.0,"gold_loss":50.0,"damage_taken":0.0},{"damage_healed":0.0,"max_hp_gain":0.0,"max_hp_loss":0.0,"gold_gain":0.0,"event_name":"Mushrooms","player_choice":"Fought Mushrooms","floor":14.0,"gold_loss":0.0,"damage_taken":0.0},{"damage_healed":0.0,"max_hp_gain":0.0,"max_hp_loss":0.0,"gold_gain":0.0,"event_name":"Wheel of Change","player_choice":"Cursed","floor":38.0,"gold_loss":0.0,"damage_taken":0.0,"cards_obtained":["Decay"]},{"damage_healed":0.0,"max_hp_gain":0.0,"max_hp_loss":0.0,"gold_gain":0.0,"event_name":"SensoryStone","player_choice":"Memory 1","floor":41.0,"gold_loss":0.0,"damage_taken":0.0},{"damage_healed":0.0,"max_hp_gain":0.0,"max_hp_loss":0.0,"gold_gain":0.0,"event_name":"Mysterious Sphere","player_choice":"Fight","floor":46.0,"gold_loss":0.0,"damage_taken":0.0}],"is_beta":false,"boss_relics":[{"not_picked":["Busted Crown","Ectoplasm"],"picked":"Pandora\u0027s Box"},{"not_picked":["Calling Bell","Runic Pyramid"],"picked":"Snecko Eye"}],"items_purged_floors":[20,53],"is_endless":false,"potions_floor_spawned":[6,12,13,14,16,21,22,29,39,40,45,46,48,54],"killed_by":"The Heart","ascension_level":6}}