{"host":"3jpwrwmmgyabjceh","time":1612550064,"event":{"mods":["AchievementEnabler","BaseMod","Colored Map","Colored Powertips","Highlight Path","Minty Spire (QoL Compilation)","Quick Restart","Relic Stats","StSLib","SuperFastMode"],"gold_per_floor":[118,130,142,160,160,160,195,41,41,70,81,110,124,158,158,262,262,273,183,3,19,34,63,63,94,120,18,18,18,49,49,49,147,147,162,211,211,311,337,337,367,367,394,429,429,440,458,8,8,8,8,8,8,71,71],"floor_reached":56,"language":"ENG","playtime":2009,"items_purged":["Defend_P","Defend_P"],"score":1930,"play_id":"288515c7-f32f-4fa3-a5d1-62a9dc807cd0","local_time":"20210205213424","is_ascension_mode":true,"campfire_choices":[{"data":"LessonLearned","floor":6.0,"key":"SMITH"},{"data":"LessonLearned","floor":15.0,"key":"SMITH"},{"floor":24.0,"key":"REST"},{"floor":28.0,"key":"REST"},{"data":"ForeignInfluence","floor":32.0,"key":"SMITH"},{"floor":40.0,"key":"REST"},{"floor":45.0,"key":"REST"},{"floor":49.0,"key":"RECALL"},{"floor":52.0,"key":"REST"}],"circlet_count":0,"master_deck":["Defend_P+1","Eruption+1","Vigilance+1","Tantrum+1","Wallop+1","Halt+1","Conclude+1","LessonLearned+1","Tantrum+1","CutThroughFate+1","Vault+1","Crescendo+1","LessonLearned+1","Ragnarok+1","CutThroughFate+1","ClearTheMind+1","Perseverance+1","ForeignInfluence+1","EmptyBody","Halt+1","CutThroughFate+1","Omniscience","Wish+1","SpiritShield+1","FearNoEvil+1","Vault","FlurryOfBlows+1","FlurryOfBlows+1","WaveOfTheHand","Protect+1"],"relics":["SlaversCollar","Vajra","Blood Vial","Oddly Smooth Stone","StrikeDummy","Unceasing Top","The Courier","VioletLotus","Nunchaku","Dream Catcher","PreservedInsect","Juzu Bracelet","Lizard Tail","Tiny Chest","Astrolabe","CloakClasp","Anchor","War Paint","Ancient Tea Set","Gambling Chip","Lantern","Blue Candle"],"acts_visited":["Exordium","TheCity","TheBeyond","TheEnding"],"potions_floor_usage":[55,55,55],"damage_taken":[{"damage":0.0,"enemies":"Small Slimes","floor":1.0,"turns":2.0},{"damage":0.0,"enemies":"Cultist","floor":2.0,"turns":3.0},{"damage":2.0,"enemies":"Jaw Worm","floor":3.0,"turns":5.0},{"damage":18.0,"enemies":"Lots of Slimes","floor":4.0,"turns":5.0},{"damage":2.0,"enemies":"Gremlin Nob","floor":7.0,"turns":3.0},{"damage":0.0,"enemies":"Lagavulin","floor":10.0,"turns":3.0},{"damage":0.0,"enemies":"Looter","floor":11.0,"turns":3.0},{"damage":0.0,"enemies":"Gremlin Nob","floor":12.0,"turns":2.0},{"damage":10.0,"enemies":"Gremlin Gang","floor":13.0,"turns":5.0},{"damage":1.0,"enemies":"3 Sentries","floor":14.0,"turns":3.0},{"damage":17.0,"enemies":"Slime Boss","floor":16.0,"turns":6.0},{"damage":0.0,"enemies":"3 Byrds","floor":18.0,"turns":6.0},{"damage":16.0,"enemies":"2 Thieves","floor":21.0,"turns":3.0},{"damage":24.0,"enemies":"Centurion and Healer","floor":22.0,"turns":5.0},{"damage":0.0,"enemies":"Gremlin Leader","floor":23.0,"turns":3.0},{"damage":0.0,"enemies":"Book of Stabbing","floor":25.0,"turns":3.0},{"damage":0.0,"enemies":"Gremlin Leader","floor":30.0,"turns":5.0},{"damage":0.0,"enemies":"Automaton","floor":33.0,"turns":7.0},{"damage":0.0,"enemies":"Orb Walker","floor":35.0,"turns":1.0},{"damage":34.0,"enemies":"2 Orb Walkers","floor":36.0,"turns":6.0},{"damage":5.0,"enemies":"Reptomancer","floor":41.0,"turns":4.0},{"damage":26.0,"enemies":"Nemesis","floor":44.0,"turns":3.0},{"damage":20.0,"enemies":"3 Shapes","floor":46.0,"turns":11.0},{"damage":0.0,"enemies":"Maw","floor":47.0,"turns":5.0},{"damage":14.0,"enemies":"Awakened One","floor":50.0,"turns":9.0},{"damage":0,"enemies":"Shield and Spear","floor":54,"turns":3},{"damage":105,"enemies":"The Heart","floor":55,"turns":11}],"seed_played":"2309353364926115074","potions_obtained":[{"floor":1.0,"key":"Strength Potion"},{"floor":3.0,"key":"LiquidMemories"},{"floor":7.0,"key":"Explosive Potion"},{"floor":11.0,"key":"PowerPotion"},{"floor":13.0,"key":"Regen Potion"},{"floor":14.0,"key":"AttackPotion"},{"floor":16.0,"key":"CultistPotion"},{"floor":36.0,"key":"Strength Potion"},{"floor":47.0,"key":"Block Potion"}],"is_trial":false,"path_per_floor":["M","M","M","M","?","R","E","$","T","E","M","E","M","E","R","B",null,"M","?","$","M","M","E","R","E","T","$","R","?","E","?","R","B",null,"M","?","?","?","T","R","E","?","T","E","R","M","M","$","R","B",null,"R","$","E","B",null],"character_chosen":"WATCHER","items_purchased":["Blood Vial","Nunchaku","EmptyBody","Halt","PowerPotion","Gambling Chip","Lantern"],"campfire_rested":5,"item_purchase_floors":[8,20,27,27,27,48,48],"current_hp_per_floor":[65,65,63,45,45,45,43,43,43,45,47,49,41,42,42,27,61,63,63,63,49,27,34,55,57,57,57,72,66,68,68,68,70,72,72,38,33,33,33,54,51,51,51,27,48,30,32,32,32,20,59,72,72,72,3],"gold":71,"neow_bonus":"BOSS_RELIC","is_daily":false,"chose_seed":false,"campfire_upgraded":3,"win_rate":0.0,"timestamp":1612550064,"path_taken":["M","M","M","M","?","R","E","$","T","E","M","E","M","E","R","BOSS","M","?","?","M","?","E","R","E","T","?","R","?","E","?","R","BOSS","M","?","?","?","?","R","E","?","T","E","R","M","M","?","R","BOSS","R","$","E","BOSS"],"items_purchased_type":["Relic","Relic","Card","Card","Potion","Relic","Relic"],"build_version":"2020-12-22","purchased_purges":2,"victory":true,"max_hp_per_floor":[72,72,72,72,72,72,72,72,72,72,72,72,72,72,72,72,72,72,72,72,72,72,72,72,72,72,72,72,72,72,72,72,72,72,72,72,72,72,72,72,72,72,72,72,72,72,72,72,72,72,72,72,72,72,72],"relic_stats":{"counters":[27,125],"Astrolabe":["Wish","SpiritShield","FearNoEvil"],"Blue Candle":[0],"PreservedInsect":233,"Juzu Bracelet":1,"CloakClasp":[99],"War Paint":["ClearTheMind","Halt"],"Blood Vial":36,"Nunchaku":[18],"Dream Catcher":5,"Lizard Tail":36,"Gambling Chip":[3],"Tiny Chest":1,"VioletLotus":[22],"obtain_stats":[{"Lantern":48,"Astrolabe":34,"Blue Candle":54,"Vajra":7,"Oddly Smooth Stone":9,"The Courier":14,"PreservedInsect":25,"Juzu Bracelet":26,"CloakClasp":36,"War Paint":41,"Ancient Tea Set":44,"Blood Vial":8,"SlaversCollar":0,"Nunchaku":20,"Dream Catcher":23,"Lizard Tail":30,"Anchor":39,"Gambling Chip":48,"Tiny Chest":31,"VioletLotus":17,"PureWater":0,"StrikeDummy":10,"Unceasing Top":12},{"Lantern":24,"Astrolabe":18,"Blue Candle":26,"Vajra":5,"Oddly Smooth Stone":5,"The Courier":10,"PreservedInsect":16,"Juzu Bracelet":16,"CloakClasp":20,"War Paint":21,"Ancient Tea Set":22,"Blood Vial":5,"SlaversCollar":0,"Nunchaku":12,"Dream Catcher":15,"Lizard Tail":17,"Anchor":20,"Gambling Chip":24,"Tiny Chest":17,"VioletLotus":11,"PureWater":0,"StrikeDummy":6,"Unceasing Top":8},{"Lantern":102,"Astrolabe":72,"Blue Candle":114,"Vajra":18,"Oddly Smooth Stone":18,"The Courier":34,"PreservedInsect":60,"Juzu Bracelet":60,"CloakClasp":79,"War Paint":83,"Ancient Tea Set":86,"Blood Vial":18,"SlaversCollar":0,"Nunchaku":46,"Dream Catcher":57,"Lizard Tail":65,"Anchor":79,"Gambling Chip":102,"Tiny Chest":65,"VioletLotus":40,"PureWater":0,"StrikeDummy":21,"Unceasing Top":26}],"Unceasing Top":[3]},"card_choices":[{"not_picked":["SashWhip","EmptyBody"],"picked":"Tantrum","floor":1.0},{"not_picked":["Evaluate","Crescendo"],"picked":"Wallop","floor":2.0},{"not_picked":["Study","ReachHeaven"],"picked":"Halt","floor":3.0},{"not_picked":["EmptyBody","FollowUp"],"picked":"Conclude","floor":4.0},{"not_picked":["Judgement","Consecrate","WindmillStrike"],"picked":"SKIP","floor":7.0},{"not_picked":["ForeignInfluence","WreathOfFlame"],"picked":"Tantrum","floor":10.0},{"not_picked":["PathToVictory","BowlingBash"],"picked":"CutThroughFate","floor":11.0},{"not_picked":["Crescendo","SashWhip"],"picked":"Vault","floor":12.0},{"not_picked":["Study","Halt"],"picked":"Crescendo","floor":13.0},{"not_picked":["Nirvana","Evaluate"],"picked":"LessonLearned","floor":14.0},{"not_picked":["DeusExMachina","Wish"],"picked":"Ragnarok","floor":16.0},{"not_picked":["ThirdEye","Prostrate"],"picked":"CutThroughFate","floor":18.0},{"not_picked":["EmptyFist+1","SandsOfTime"],"picked":"ClearTheMind","floor":21.0},{"not_picked":["BowlingBash+1","Pray+1","CrushJoints"],"picked":"SKIP","floor":22.0},{"not_picked":["Protect","Crescendo"],"picked":"Perseverance","floor":23.0},{"not_picked":["FollowUp","ThirdEye"],"picked":"ForeignInfluence","floor":24.0},{"not_picked":["JustLucky","FlyingSleeves","Vengeance+1"],"picked":"SKIP","floor":25.0},{"not_picked":["Wireheading","Alpha"],"picked":"CutThroughFate","floor":30.0},{"not_picked":["Blasphemy","Vault"],"picked":"Omniscience","floor":33.0},{"not_picked":["EmptyFist","Vengeance","Evaluate+1"],"picked":"SKIP","floor":35.0},{"not_picked":["LikeWater+1","Protect","PathToVictory+1"],"picked":"SKIP","floor":41.0},{"not_picked":["Evaluate+1","SashWhip"],"picked":"Vault","floor":44.0},{"not_picked":["Prostrate+1","Vengeance"],"picked":"FlurryOfBlows+1","floor":46.0},{"not_picked":["SashWhip+1","Halt"],"picked":"FlurryOfBlows+1","floor":47.0},{"not_picked":["FollowUp","Sanctity"],"picked":"WaveOfTheHand","floor":52.0},{"not_picked":["EmptyBody","Pray+1"],"picked":"Protect+1","floor":54}],"player_experience":329190,"relics_obtained":[{"floor":7.0,"key":"Vajra"},{"floor":9.0,"key":"Oddly Smooth Stone"},{"floor":10.0,"key":"StrikeDummy"},{"floor":12.0,"key":"Unceasing Top"},{"floor":14.0,"key":"The Courier"},{"floor":23.0,"key":"Dream Catcher"},{"floor":25.0,"key":"PreservedInsect"},{"floor":26.0,"key":"Juzu Bracelet"},{"floor":30.0,"key":"Lizard Tail"},{"floor":36.0,"key":"CloakClasp"},{"floor":39.0,"key":"Anchor"},{"floor":41.0,"key":"War Paint"},{"floor":44.0,"key":"Ancient Tea Set"},{"floor":54,"key":"Blue Candle"}],"event_choices":[{"damage_healed":0.0,"max_hp_gain":0.0,"max_hp_loss":0.0,"gold_gain":0.0,"cards_transformed":["Strike_P"],"event_name":"Transmorgrifier","player_choice":"Transformed","floor":5.0,"gold_loss":0.0,"damage_taken":0.0,"cards_obtained":["LessonLearned"]},{"cards_removed":["Strike_P"],"damage_healed":0.0,"max_hp_gain":0.0,"max_hp_loss":0.0,"gold_gain":0.0,"event_name":"Designer","player_choice":"Upgrade and Remove","floor":19.0,"gold_loss":90.0,"damage_taken":0.0,"cards_upgraded":["Tantrum"]},{"damage_healed":0.0,"max_hp_gain":0.0,"max_hp_loss":0.0,"gold_gain":0.0,"event_name":"Knowing Skull","player_choice":"","floor":29.0,"potions_obtained":[],"gold_loss":0.0,"damage_taken":6.0,"cards_obtained":[]},{"damage_healed":0.0,"max_hp_gain":0.0,"max_hp_loss":0.0,"gold_gain":0.0,"event_name":"The Mausoleum","player_choice":"Opened","floor":31.0,"gold_loss":0.0,"damage_taken":0.0,"relics_obtained":["Tiny Chest"]},{"damage_healed":0.0,"max_hp_gain":0.0,"max_hp_loss":0.0,"gold_gain":0.0,"event_name":"Mysterious Sphere","player_choice":"Fight","floor":36.0,"gold_loss":0.0,"damage_taken":0.0},{"damage_healed":0.0,"max_hp_gain":0.0,"max_hp_loss":0.0,"gold_gain":0.0,"event_name":"SensoryStone","player_choice":"Memory 2","floor":37.0,"gold_loss":0.0,"damage_taken":5.0},{"damage_healed":0.0,"max_hp_gain":0.0,"max_hp_loss":0.0,"gold_gain":100.0,"event_name":"Golden Shrine","player_choice":"Pray","floor":38.0,"gold_loss":0.0,"damage_taken":0.0},{"damage_healed":0.0,"max_hp_gain":0.0,"max_hp_loss":0.0,"gold_gain":0.0,"event_name":"Tomb of Lord Red Mask","player_choice":"Ignored","floor":42.0,"gold_loss":0.0,"damage_taken":0.0}],"is_beta":false,"boss_relics":[{"not_picked":["SacredBark","Tiny House"],"picked":"VioletLotus"},{"not_picked":["Runic Dome","Empty Cage"],"picked":"Astrolabe"}],"items_purged_floors":[20,48],"is_endless":false,"potions_floor_spawned":[1,3,7,11,13,14,16,18,30,36,47],"ascension_level":8}}