{"host":"4a0aa7b2d8dxohwr","time":1612511384,"event":{"mods":["ATMod(∞¢Ë™Mod)","Act Like it!","BaseMod","Dota2Spire","Friendly Minions","Gensokyo","GifTheSpireLib","GungeonMod","Marisa£®ÏF”Í°°ƒß¿Ì…≥£©","Minty Spire (QoL Compilation)","Reimu£®≤©¿ˆ¡È√Œ£©","Reliquary","Remilia£®¿Ÿ√◊¿Ú—«£©","Shop Mod","StSLib","The Cursed","The Senshi","The Servant 0.9.4","Youmu£®ªÍ∆«—˝√Œ£©","[IsaacMod]“‘»ˆº‚À˛"],"gold_per_floor":[211,226,226,176,190,219,149,149,226,252,252,268,285,65,65,368,368,387,387,406,406,406,437,437,437,464,464,484,518,179,206,206,311,311,327,365,95,195,211,211,243,243,243,469,519,551,551,563,563,563,563,563,217,246,246],"floor_reached":56,"language":"ZHS","playtime":2655,"items_purged":["Strike_MRS","Strike_MRS","DC"],"score":2329,"play_id":"e6c215e8-1c61-4cf8-b8a6-5b8f9e0e7e74","local_time":"20210205154943","is_ascension_mode":true,"campfire_choices":[{"data":"AT_FamilyPortrait","floor":15.0,"key":"SMITH"},{"data":"EnergyFlow","floor":25,"key":"SMITH"},{"data":"MasterSpark","floor":27,"key":"SMITH"},{"data":"MysteriousBeam","floor":32,"key":"SMITH"},{"data":"UltimateShortwave","floor":40,"key":"SMITH"},{"data":"ManaRampage","floor":42,"key":"SMITH"},{"data":"Singularity","floor":47,"key":"SMITH"},{"floor":49,"key":"RECALL"},{"data":"EnergyFlow","floor":52,"key":"SMITH"}],"circlet_count":0,"master_deck":["AscendersBane","Strike_MRS+1","Defend_MRS","Defend_MRS","Defend_MRS","Defend_MRS","MasterSpark+1","UpSweep","AT_FamilyPortrait+1","GrandCross+1","Gensokyo:BlessingOfConstitution","EnergyFlow+1","Parasite","Parasite","MysteriousBeam+1","DoubleSpark","UltimateShortwave+1","UnstableBomb","Singularity+1","IllusionStar","ManaRampage+1","PropBag","MagicChant+1","EnergyFlow+1","AlicesGift","MilkyWay","RefractionSpark","EnergyFlow"],"relics":["MiniHakkero","HushsDoor","AT_ATBox","HowToJump","ShroomBag","AT_ImmortalShieldbow","DemoMod:SerJunkan","Lantern","DemoMod:WhiteGuonStone","DemoMod:WaxWing","PreservedInsect","Ginger","DemoMod:Junk","SteamSale","Dota2Spire:Bloodstone","Dota2Spire:MaskOfMadness","Centennial Puzzle","AT_BladeRuinedKing","DollysMirror","MerchantsRug","CaptainsWheel","Leech","AT_BellowingDragoncrestRing","BookOfRevelations","Bag of Marbles","ClockworkSouvenir","Dota2Spire:ArmletOfMordiggian","Dota2Spire:EchoSabre"],"acts_visited":["Exordium","Gensokyo:Gensokyo","TheBeyond","TheEnding"],"potions_floor_usage":[24,33,55],"damage_taken":[{"damage":0.0,"enemies":"Gensokyo:Gryphon","floor":1.0,"turns":2.0},{"damage":0.0,"enemies":"Gensokyo:2_Kodama","floor":2.0,"turns":2.0},{"damage":0.0,"enemies":"Gensokyo:3_Fairies","floor":5.0,"turns":3.0},{"damage":3.0,"enemies":"Gensokyo:Cirno","floor":6.0,"turns":8.0},{"damage":2.0,"enemies":"Gensokyo:Mamizou","floor":10.0,"turns":7.0},{"damage":0.0,"enemies":"Gensokyo:VengefulSpirit","floor":12.0,"turns":2.0},{"damage":0.0,"enemies":"Gensokyo:Kitsune","floor":13.0,"turns":1.0},{"damage":0.0,"enemies":"Gensokyo:Reimu","floor":16.0,"turns":7.0},{"damage":0.0,"enemies":"Gensokyo:AngelMirror","floor":18.0,"turns":2.0},{"damage":0.0,"enemies":"Gensokyo:CosmicMonolith","floor":20.0,"turns":2.0},{"damage":7.0,"enemies":"Gensokyo:Reisen","floor":23.0,"turns":6.0},{"damage":0,"enemies":"Gensokyo:Wraith","floor":24,"turns":1},{"damage":24,"enemies":"Gensokyo:Slime_Group","floor":28,"turns":5},{"damage":14,"enemies":"Gensokyo:Tenshi","floor":29,"turns":4},{"damage":4,"enemies":"Gensokyo:Reisen","floor":31,"turns":4},{"damage":26,"enemies":"Gensokyo:Eternal_Rivals","floor":33,"turns":11},{"damage":0,"enemies":"3 Darklings","floor":35,"turns":7},{"damage":0,"enemies":"Orb Walker","floor":36,"turns":2},{"damage":8,"enemies":"4 Shapes","floor":39,"turns":5},{"damage":1,"enemies":"Giant Head","floor":41,"turns":2},{"damage":0,"enemies":"Nemesis","floor":44,"turns":3},{"damage":0,"enemies":"Hiden Room Battle","floor":45,"turns":2},{"damage":3,"enemies":"Reptomancer","floor":46,"turns":4},{"damage":0,"enemies":"3 Darklings","floor":48,"turns":2},{"damage":9,"enemies":"Time Eater","floor":50,"turns":4},{"damage":1,"enemies":"Shield and Spear","floor":54,"turns":2},{"damage":0,"enemies":"The Heart","floor":55,"turns":4}],"seed_played":"-1915598353939770938","potions_obtained":[{"floor":1.0,"key":"Energy Potion"},{"floor":2.0,"key":"DemoMod:LeadSkinPotion"},{"floor":12.0,"key":"PowerPotion"},{"floor":13.0,"key":"SteroidPotion"},{"floor":18.0,"key":"EssenceOfSteel"},{"floor":23.0,"key":"SmokeBomb"},{"floor":31,"key":"SpeedPotion"},{"floor":36,"key":"Explosive Potion"},{"floor":48,"key":"Energy Potion"}],"is_trial":false,"path_per_floor":["M","M","?","?","M","E","COS","T","T","E","?","M","M","$","R","B",null,"M","?","M","?","?","E","M","R","T","R","M","E","COS","E","R","B",null,"M","M","$","?","M","R","E","R","T","E","?","E","R","M","R","B",null,"R","$","E","B",null],"character_chosen":"MARISA","items_purchased":["Whetstone","AT_BladeRuinedKing","DollysMirror","MerchantsRug","Bag of Marbles","ClockworkSouvenir","MilkyWay","Dota2Spire:ArmletOfMordiggian","RefractionSpark","DemoMod:LeadSkinPotion"],"campfire_rested":0,"item_purchase_floors":[14,37,37,37,53,53,53,53,53,53],"current_hp_per_floor":[68,68,68,68,68,69,69,69,69,71,56,56,56,56,56,60,71,73,69,69,69,69,64,64,64,64,64,44,34,34,32,32,10,54,58,60,60,60,56,56,60,60,60,64,56,60,60,65,65,61,69,69,69,72,72],"gold":246,"neow_bonus":"HUNDRED_GOLD","is_daily":false,"chose_seed":false,"campfire_upgraded":8,"win_rate":0.0,"timestamp":1612511383,"path_taken":["M","?","?","?","M","E","COS","?","T","E","?","?","M","$","R","BOSS","M","?","M","?","?","E","?","R","T","R","M","E","COS","E","R","BOSS","M","M","$","?","M","R","E","R","T","E","?","E","R","M","R","BOSS","R","$","E","BOSS"],"items_purchased_type":["Relic","Relic","Relic","Relic","Relic","Relic","Card","Relic","Card","Undefined"],"build_version":"2020-12-22","purchased_purges":3,"victory":true,"max_hp_per_floor":[75,75,75,75,75,75,75,75,75,75,75,75,75,75,75,75,75,75,69,69,69,69,69,69,69,69,69,69,69,69,69,69,69,69,69,69,69,69,69,69,69,69,69,69,72,72,72,72,72,72,72,72,72,72,72],"card_choices":[{"not_picked":["WitchOfGreed","ChargeUpSpray"],"picked":"DC","floor":1.0},{"not_picked":["Robbery","DC"],"picked":"GrandCross","floor":2.0},{"not_picked":["EarthLightRay","WitchLeyline"],"picked":"EnergyFlow","floor":5.0},{"not_picked":["GalacticHalo","WitchOfGreed"],"picked":"MysteriousBeam","floor":6.0},{"not_picked":["6A","Acceleration"],"picked":"DoubleSpark","floor":10.0},{"not_picked":["BigCrunch","DC","FairyDestructionRay"],"picked":"SKIP","floor":12.0},{"not_picked":["SporeBomb","DC","MysteriousBeam"],"picked":"SKIP","floor":13.0},{"not_picked":["TreasureHunter","BinaryStars"],"picked":"UltimateShortwave","floor":16.0},{"not_picked":["GrandCross","ManaConvection"],"picked":"UnstableBomb","floor":18.0},{"not_picked":["StarBarrage","Acceleration+1","GravityBeat"],"picked":"SKIP","floor":20.0},{"not_picked":["UnstableBomb+1","WitchLeyline","GravityBeat"],"picked":"SKIP","floor":23.0},{"not_picked":["UnstableBomb","LuminesStrike","GravityBeat"],"picked":"SKIP","floor":28},{"not_picked":["ManaRampage","WitchLeyline"],"picked":"Singularity","floor":29},{"not_picked":["MagicAbsorber","MagicChant"],"picked":"IllusionStar","floor":31},{"not_picked":["JA","FinalSpark"],"picked":"ManaRampage","floor":33},{"not_picked":["MysteriousBeam","ShootingEcho","StarBarrage"],"picked":"SKIP","floor":35},{"not_picked":["AsteroidBelt","MilkyWay"],"picked":"PropBag","floor":36},{"not_picked":["BlazeAway","SuperPerseids"],"picked":"MagicChant+1","floor":39},{"not_picked":["DragonMeteor+1","AsteroidBelt","DoubleSpark"],"picked":"SKIP","floor":41},{"not_picked":["LuminesStrike+1","AsteroidBelt","ShootTheMoon"],"picked":"SKIP","floor":44},{"not_picked":["BigCrunch","GravityBeat+1"],"picked":"EnergyFlow","floor":46},{"not_picked":["AsteroidBelt","Acceleration"],"picked":"AlicesGift","floor":48},{"not_picked":["IllusionStar","EnergyRecoil"],"picked":"EnergyFlow","floor":54}],"player_experience":559121,"relics_obtained":[{"floor":6.0,"key":"ShroomBag"},{"floor":8.0,"key":"AT_ImmortalShieldbow"},{"floor":10.0,"key":"DemoMod:SerJunkan"},{"floor":23.0,"key":"Ginger"},{"floor":26,"key":"DemoMod:Junk"},{"floor":29,"key":"DemoMod:Junk"},{"floor":31,"key":"DemoMod:Junk"},{"floor":41,"key":"DemoMod:Junk"},{"floor":43,"key":"AT_BellowingDragoncrestRing"},{"floor":44,"key":"DemoMod:Junk"},{"floor":45,"key":"DemoMod:Junk"},{"floor":45,"key":"BookOfRevelations"},{"floor":46,"key":"DemoMod:Junk"},{"floor":54,"key":"Dota2Spire:EchoSabre"}],"event_choices":[{"damage_healed":0,"gold_gain":100,"player_choice":"Pray","damage_taken":0,"max_hp_gain":0,"max_hp_loss":0,"event_name":"Golden Shrine","floor":38,"gold_loss":0},{"damage_healed":0,"gold_gain":0,"player_choice":"Fight","damage_taken":0,"max_hp_gain":0,"max_hp_loss":0,"event_name":"HidenRoomEvent","floor":45,"gold_loss":0}],"is_beta":false,"boss_relics":[{"not_picked":["Pandora\u0027s Box","reliquary:Craggleroot"],"picked":"DemoMod:WaxWing"},{"not_picked":[]},{"not_picked":["DemoMod:RiddleOfLead","Empty Cage"],"picked":"Dota2Spire:Bloodstone"},{"not_picked":[]}],"items_purged_floors":[14,37,53],"is_endless":false,"potions_floor_spawned":[1,2,12,13,18,23,24,31,36,45,48,54],"ascension_level":12}}