{"host":"jegehu1t82aiec5j","time":1612532884,"event":{"mods":["BaseMod","Colored Map","Minty Spire (QoL Compilation)","Relic Stats","StSLib"],"gold_per_floor":[111,124,135,145,163,195,195,222,248,287,287,296,296,296,305,434,434,467,476,498,84,84,125,134,172,172,214,238,247,290,313,322,429,456,483,504,504,526,26,65,65,101,101,110,130,139,139,164,164,164],"floor_reached":51,"language":"ENG","playtime":2598,"items_purged":["Strike_P","Strike_P"],"score":1089,"play_id":"47928303-43c1-4a01-be66-13a3e99cf30d","local_time":"20210205084804","is_ascension_mode":true,"campfire_choices":[{"floor":7.0,"key":"REST"},{"floor":12.0,"key":"REST"},{"floor":15.0,"key":"REST"},{"floor":24.0,"key":"REST"},{"floor":29.0,"key":"REST"},{"floor":32.0,"key":"REST"},{"floor":44,"key":"REST"},{"floor":46,"key":"REST"},{"floor":49,"key":"REST"}],"circlet_count":0,"master_deck":["Defend_P","Defend_P","Eruption","Vigilance","EmptyFist","Wallop","FlurryOfBlows","JustLucky","CutThroughFate","Consecrate","Crescendo","Wallop","Fasting2+1","InnerPeace","Blasphemy","Wireheading","Crescendo","Halt+1","Establishment","Prostrate","Protect","EmptyMind","Vault","ThirdEye","TalkToTheHand","FlurryOfBlows","Adaptation","Evaluate+1","Indignation+1","Vault","Alpha+1","Adaptation+1","DevaForm+1","ThirdEye","DeceiveReality+1","JustLucky+1","CutThroughFate","Devotion","Worship+1","Evaluate+1","Meditate+1","WaveOfTheHand+1","JustLucky"],"relics":["Fusion Hammer","WarpedTongs","Akabeko","Turnip","Dream Catcher","CeramicFish","Bloody Idol","SlaversCollar","Damaru","Boot","Blue Candle","Unceasing Top","Ancient Tea Set","Vajra","Astrolabe","Meat on the Bone","Ornamental Fan","Regal Pillow","Toxic Egg 2","Strawberry"],"acts_visited":["Exordium","TheCity","TheBeyond"],"potions_floor_usage":[35,36,38,38,42,48,48,50,50],"damage_taken":[{"damage":0.0,"enemies":"Cultist","floor":1.0,"turns":2.0},{"damage":0.0,"enemies":"2 Louse","floor":2.0,"turns":3.0},{"damage":0.0,"enemies":"Small Slimes","floor":3.0,"turns":3.0},{"damage":0.0,"enemies":"Looter","floor":4.0,"turns":2.0},{"damage":18.0,"enemies":"Exordium Thugs","floor":5.0,"turns":6.0},{"damage":4.0,"enemies":"Gremlin Nob","floor":6.0,"turns":3.0},{"damage":19.0,"enemies":"Lagavulin","floor":8.0,"turns":6.0},{"damage":0.0,"enemies":"Gremlin Nob","floor":10.0,"turns":2.0},{"damage":9.0,"enemies":"Slime Boss","floor":16.0,"turns":5.0},{"damage":26.0,"enemies":"3 Byrds","floor":18.0,"turns":5.0},{"damage":12.0,"enemies":"2 Thieves","floor":20.0,"turns":3.0},{"damage":27.0,"enemies":"Slavers","floor":23.0,"turns":6.0},{"damage":0.0,"enemies":"Gremlin Leader","floor":25.0,"turns":6.0},{"damage":8.0,"enemies":"Book of Stabbing","floor":27.0,"turns":6.0},{"damage":0.0,"enemies":"Centurion and Healer","floor":28.0,"turns":5.0},{"damage":5.0,"enemies":"Slavers","floor":30.0,"turns":5.0},{"damage":20.0,"enemies":"Snake Plant","floor":31.0,"turns":3.0},{"damage":15.0,"enemies":"Champ","floor":33.0,"turns":11.0},{"damage":37,"enemies":"3 Darklings","floor":35,"turns":7},{"damage":19,"enemies":"Orb Walker","floor":36,"turns":4},{"damage":49,"enemies":"Maw","floor":38,"turns":8},{"damage":2,"enemies":"Giant Head","floor":40,"turns":8},{"damage":4,"enemies":"Nemesis","floor":42,"turns":11},{"damage":57,"enemies":"Writhing Mass","floor":45,"turns":7},{"damage":62,"enemies":"Transient","floor":48,"turns":5},{"damage":87,"enemies":"Time Eater","floor":50,"turns":12}],"seed_played":"-3867273500554973454","potions_obtained":[{"floor":4.0,"key":"DuplicationPotion"},{"floor":5.0,"key":"BlessingOfTheForge"},{"floor":8.0,"key":"Swift Potion"},{"floor":10.0,"key":"PowerPotion"},{"floor":16.0,"key":"Fruit Juice"},{"floor":20.0,"key":"GamblersBrew"},{"floor":25.0,"key":"Swift Potion"},{"floor":30.0,"key":"SkillPotion"},{"floor":33.0,"key":"Fruit Juice"},{"floor":35,"key":"Regen Potion"},{"floor":36,"key":"ColorlessPotion"},{"floor":45,"key":"DistilledChaos"},{"floor":48,"key":"Ancient Potion"}],"is_trial":false,"path_per_floor":["M","M","M","M","M","E","R","E","T","E","?","R","?","?","R","B",null,"M","?","M","$","?","E","R","E","T","E","M","R","E","M","R","B",null,"M","M","?","M","$","E","$","E","T","R","M","R","T","M","R","B",null],"character_chosen":"WATCHER","items_purchased":["Establishment","Prostrate","Damaru","Meat on the Bone","SkillPotion","Strength Potion","CutThroughFate"],"campfire_rested":9,"item_purchase_floors":[21,21,21,39,39,39,39],"current_hp_per_floor":[72,72,72,72,54,50,71,52,52,52,57,77,58,58,77,68,77,51,51,39,39,39,27,56,66,66,68,78,82,82,72,82,77,82,60,51,51,27,32,52,52,58,58,87,52,87,94,54,94,19],"gold":164,"neow_bonus":"BOSS_RELIC","is_daily":false,"chose_seed":false,"campfire_upgraded":0,"win_rate":0.0,"timestamp":1612532884,"path_taken":["M","M","M","?","M","E","R","E","T","E","?","R","?","?","R","BOSS","M","?","M","?","?","E","R","E","T","E","M","R","E","M","R","BOSS","M","M","?","M","$","E","$","E","T","R","M","R","?","M","R","BOSS"],"items_purchased_type":["Card","Card","Relic","Relic","Potion","Potion","Card"],"build_version":"2020-12-22","purchased_purges":2,"victory":true,"max_hp_per_floor":[72,72,72,72,72,72,72,72,72,72,77,77,77,77,77,77,77,77,77,77,77,77,82,82,82,82,82,82,82,82,82,82,82,82,87,87,87,87,87,87,87,87,87,87,87,87,94,94,94,94],"relic_stats":{"Regal Pillow":24,"counters":[26,144],"CeramicFish":288,"Blue Candle":[0],"Astrolabe":["Alpha","Adaptation","DevaForm"],"Boot":[57],"WarpedTongs":[144],"Dream Catcher":8,"Ornamental Fan":[36],"Bloody Idol":150,"Turnip":[11],"obtain_stats":[{"Regal Pillow":42,"Golden Idol":13,"CeramicFish":10,"Blue Candle":25,"Astrolabe":34,"Damaru":21,"Vajra":30,"Boot":23,"Ancient Tea Set":27,"Akabeko":6,"WarpedTongs":0,"SlaversCollar":17,"Dream Catcher":9,"Ornamental Fan":40,"Bloody Idol":22,"Strawberry":47,"Fusion Hammer":0,"Turnip":8,"PureWater":0,"Toxic Egg 2":43,"Unceasing Top":26,"Meat on the Bone":39},{"Regal Pillow":23,"Golden Idol":8,"CeramicFish":8,"Blue Candle":13,"Astrolabe":18,"Damaru":11,"Vajra":16,"Boot":12,"Ancient Tea Set":14,"Akabeko":6,"WarpedTongs":0,"SlaversCollar":9,"Dream Catcher":7,"Ornamental Fan":22,"Bloody Idol":11,"Strawberry":24,"Fusion Hammer":0,"Turnip":7,"PureWater":0,"Toxic Egg 2":23,"Unceasing Top":13,"Meat on the Bone":21},{"Regal Pillow":120,"Golden Idol":27,"CeramicFish":27,"Blue Candle":52,"Astrolabe":82,"Damaru":40,"Vajra":68,"Boot":46,"Ancient Tea Set":58,"Akabeko":19,"WarpedTongs":0,"SlaversCollar":32,"Dream Catcher":25,"Ornamental Fan":109,"Bloody Idol":40,"Strawberry":127,"Fusion Hammer":0,"Turnip":25,"PureWater":0,"Toxic Egg 2":120,"Unceasing Top":52,"Meat on the Bone":101}],"Unceasing Top":[4],"Meat on the Bone":48},"card_choices":[{"not_picked":["Crescendo","FlyingSleeves"],"picked":"EmptyFist","floor":1.0},{"not_picked":["Halt","ReachHeaven"],"picked":"Wallop","floor":2.0},{"not_picked":["EmptyMind","Crescendo"],"picked":"FlurryOfBlows","floor":3.0},{"not_picked":["PathToVictory","WreathOfFlame"],"picked":"JustLucky","floor":4.0},{"not_picked":["Brilliance","SashWhip"],"picked":"CutThroughFate","floor":5.0},{"not_picked":["CutThroughFate","BowlingBash"],"picked":"Consecrate","floor":6.0},{"not_picked":["ClearTheMind","Evaluate"],"picked":"Crescendo","floor":8.0},{"not_picked":["Omniscience","Study"],"picked":"Wallop","floor":10.0},{"not_picked":["FlyingSleeves","WaveOfTheHand"],"picked":"Fasting2","floor":12.0},{"not_picked":["JustLucky","EmptyMind"],"picked":"InnerPeace","floor":15.0},{"not_picked":["Devotion","SpiritShield"],"picked":"Blasphemy","floor":16.0},{"not_picked":["EmptyBody","CutThroughFate"],"picked":"Wireheading","floor":18.0},{"not_picked":["FollowUp","Protect+1"],"picked":"Halt+1","floor":20.0},{"not_picked":["Adaptation","ForeignInfluence"],"picked":"Protect","floor":23.0},{"not_picked":["SashWhip","CrushJoints"],"picked":"EmptyMind","floor":24.0},{"not_picked":["CarveReality+1","FearNoEvil"],"picked":"Vault","floor":25.0},{"not_picked":["Halt","SignatureMove"],"picked":"ThirdEye","floor":27.0},{"not_picked":["WheelKick","PathToVictory"],"picked":"TalkToTheHand","floor":28.0},{"not_picked":["BowlingBash","EmptyBody+1"],"picked":"FlurryOfBlows","floor":29.0},{"not_picked":["WheelKick","EmptyBody"],"picked":"Adaptation","floor":30.0},{"not_picked":["Judgement","FlurryOfBlows"],"picked":"Evaluate+1","floor":31.0},{"not_picked":["CrushJoints","JustLucky"],"picked":"Indignation+1","floor":32.0},{"not_picked":["Alpha","Judgement"],"picked":"Vault","floor":33.0},{"not_picked":["EmptyFist","BowlingBash+1"],"picked":"ThirdEye","floor":35},{"not_picked":["EmptyBody","WaveOfTheHand+1"],"picked":"DeceiveReality+1","floor":36},{"not_picked":["ClearTheMind+1","WaveOfTheHand+1"],"picked":"JustLucky+1","floor":38},{"not_picked":["Brilliance","Sanctity+1"],"picked":"Devotion","floor":40},{"not_picked":["CrushJoints","Swivel"],"picked":"Worship+1","floor":42},{"not_picked":["EmptyBody+1","EmptyFist+1"],"picked":"Evaluate+1","floor":44},{"not_picked":["Indignation+1","JustLucky"],"picked":"Meditate+1","floor":45},{"not_picked":["FlurryOfBlows+1","EmptyFist"],"picked":"WaveOfTheHand+1","floor":46},{"not_picked":["WreathOfFlame+1","EmptyFist"],"picked":"JustLucky","floor":48}],"player_experience":2583747,"relics_obtained":[{"floor":6.0,"key":"Akabeko"},{"floor":8.0,"key":"Turnip"},{"floor":9.0,"key":"Dream Catcher"},{"floor":10.0,"key":"CeramicFish"},{"floor":23.0,"key":"Boot"},{"floor":25.0,"key":"Blue Candle"},{"floor":26.0,"key":"Unceasing Top"},{"floor":27.0,"key":"Ancient Tea Set"},{"floor":30.0,"key":"Vajra"},{"floor":40,"key":"Ornamental Fan"},{"floor":42,"key":"Regal Pillow"},{"floor":43,"key":"Toxic Egg 2"},{"floor":47,"key":"Strawberry"}],"event_choices":[{"damage_healed":0.0,"max_hp_gain":5.0,"max_hp_loss":0.0,"gold_gain":0.0,"event_name":"Big Fish","player_choice":"Donut","floor":11.0,"gold_loss":0.0,"damage_taken":0.0},{"damage_healed":0.0,"max_hp_gain":0.0,"max_hp_loss":0.0,"gold_gain":0.0,"event_name":"Golden Idol","player_choice":"Take Damage","floor":13.0,"gold_loss":0.0,"damage_taken":19.0,"relics_obtained":["Golden Idol"]},{"damage_healed":0.0,"max_hp_gain":0.0,"max_hp_loss":0.0,"gold_gain":0.0,"event_name":"Living Wall","player_choice":"Grow","floor":14.0,"gold_loss":0.0,"damage_taken":0.0,"cards_upgraded":["Fasting2"]},{"damage_healed":0.0,"max_hp_gain":0.0,"max_hp_loss":0.0,"gold_gain":0.0,"cards_transformed":["Strike_P"],"event_name":"Transmorgrifier","player_choice":"Transformed","floor":19.0,"gold_loss":0.0,"damage_taken":0.0,"cards_obtained":["Crescendo"]},{"damage_healed":0.0,"max_hp_gain":0.0,"max_hp_loss":0.0,"gold_gain":0.0,"event_name":"Forgotten Altar","player_choice":"Gave Idol","floor":22.0,"relics_lost":["Golden Idol"],"gold_loss":0.0,"damage_taken":0.0,"relics_obtained":["Bloody Idol"]},{"damage_healed":0,"gold_gain":0,"player_choice":"Memory 1","damage_taken":0,"max_hp_gain":0,"max_hp_loss":0,"event_name":"SensoryStone","floor":37,"gold_loss":0}],"is_beta":false,"boss_relics":[{"not_picked":["Velvet Choker","Pandora\u0027s Box"],"picked":"SlaversCollar"},{"not_picked":["Snecko Eye","SacredBark"],"picked":"Astrolabe"}],"items_purged_floors":[21,39],"is_endless":false,"potions_floor_spawned":[4,5,8,10,16,20,25,30,33,35,36,45,48],"ascension_level":4}}