{"host":"ox77rn1xcurm2t5a","time":1612560127,"event":{"mods":["2.2 Compatiblity","AchievementEnabler","Act Like it!","Aspiration","BaseMod","Best Route Mod","Better Match","Better Note","Better Sensory Stone","Block Reminder","Colored Map","Colored Powertips","Conjunction","Conspire","Custom Start","Energized Spire","GifTheSpireLib","Gold Saver","Gremlin Skip","Halation","Highlight Path","Hubris","Infinite Spire","Minty Spire (QoL Compilation)","Pale of the Ancients","Quick Restart","Replay The Spire","Reworked Bosses","ShortenTheSpire","Spire Exporter","StSLib","Stuff the Spire","Wandering Minibosses"],"gold_per_floor":[113,2,2,12,12,12,38,52,79,79,79,23,55,69,69,145,145,162,177,193,193,193,193,193],"floor_reached":23,"language":"ENG","playtime":487,"items_purged":["Strike_B"],"score":403,"play_id":"d341de8b-e698-47f8-8f2d-a2564064e199","local_time":"20210205232207","is_ascension_mode":true,"campfire_choices":[{"floor":6,"key":"RECALL"},{"data":"Zap","floor":11,"key":"SMITH"},{"data":"Dualcast","floor":15,"key":"SMITH"}],"circlet_count":0,"master_deck":["AscendersBane","Strike_B+1","Strike_B","Defend_B+1","Defend_B","Defend_B","Defend_B","Zap+1","Dualcast+1","Streamline+1","Cold Snap","Ball Lightning","Ball Lightning","White Noise"],"relics":["Cracked Core","NeowsBlessing","Simple Rune","Tiny Chest","Letter Opener","Philosopher\u0027s Stone","Question Card"],"acts_visited":["Exordium","TheCity"],"potions_floor_usage":[14,16,20,23],"damage_taken":[{"damage":0,"enemies":"2 Louse","floor":1,"turns":1},{"damage":0,"enemies":"Cultist","floor":4,"turns":1},{"damage":0,"enemies":"3 Sentries","floor":7,"turns":1},{"damage":0,"enemies":"Small Slimes","floor":8,"turns":3},{"damage":8,"enemies":"Gremlin Nob","floor":13,"turns":3},{"damage":6,"enemies":"2 Fungi Beasts","floor":14,"turns":2},{"damage":41,"enemies":"Hexaghost","floor":16,"turns":9},{"damage":13,"enemies":"Shell Parasite","floor":18,"turns":5},{"damage":22,"enemies":"2 Thieves","floor":19,"turns":4},{"damage":10,"enemies":"Centurion and Healer","floor":20,"turns":3},{"damage":17,"enemies":"Book of Stabbing","floor":23,"turns":1}],"seed_played":"7828970282193591953","potions_obtained":[{"floor":4,"key":"FocusPotion"},{"floor":7,"key":"Ancient Potion"},{"floor":19,"key":"FocusPotion"},{"floor":20,"key":"Regen Potion"}],"is_trial":false,"path_per_floor":["M","$","?","M","?","R","E","M","T","?","R","$","E","M","R","B",null,"M","M","M","?","T","E"],"character_chosen":"DEFECT","items_purchased":["Streamline+1","Ball Lightning"],"campfire_rested":0,"item_purchase_floors":[2,12],"current_hp_per_floor":[64,64,64,64,64,64,64,64,64,64,64,64,56,50,50,9,56,43,21,11,11,11,0,0],"gold":193,"neow_bonus":"THREE_ENEMY_KILL","is_daily":false,"chose_seed":false,"campfire_upgraded":2,"win_rate":0.0,"timestamp":1612560127,"path_taken":["M","$","?","?","?","R","E","?","T","?","R","$","E","M","R","BOSS","M","?","M","?","?","E"],"items_purchased_type":["Card","Card"],"build_version":"2020-12-22","purchased_purges":1,"victory":false,"max_hp_per_floor":[71,71,71,71,71,71,71,71,71,71,71,71,71,71,71,71,71,71,71,71,71,71,71,71],"card_choices":[{"not_picked":["Rebound","ReplayTheSpireMod:System Scan","Beam Cell"],"picked":"SKIP","floor":1},{"not_picked":["Genetic Algorithm","Tempest"],"picked":"Cold Snap","floor":4},{"not_picked":["StuffTheSpire:Plugnplay","Reprogram","Leap"],"picked":"SKIP","floor":7},{"not_picked":["Leap","Rebound","StuffTheSpire:Plugnplay"],"picked":"SKIP","floor":8},{"not_picked":["Turbo","BasicCrystalCard","Genetic Algorithm"],"picked":"SKIP","floor":13},{"not_picked":["ReplayTheSpireMod:Reroute Power","StuffTheSpire:ShieldGenerator","Double Energy"],"picked":"SKIP","floor":14},{"not_picked":["Streamline","Double Energy"],"picked":"Ball Lightning","floor":18},{"not_picked":["Time Bomb+1","Genetic Algorithm"],"picked":"White Noise","floor":19},{"not_picked":["StuffTheSpire:CleanHardDrive","Conserve Battery","Barrage"],"picked":"SKIP","floor":20}],"player_experience":3032345,"relics_obtained":[{"floor":7,"key":"Simple Rune"},{"floor":10,"key":"Tiny Chest"},{"floor":13,"key":"Letter Opener"},{"floor":22,"key":"Question Card"}],"event_choices":[{"damage_healed":0,"gold_gain":0,"player_choice":"Ignored","damage_taken":0,"max_hp_gain":0,"max_hp_loss":0,"event_name":"Transmorgrifier","floor":3,"gold_loss":0},{"cards_removed":["Strike_B"],"damage_healed":0,"gold_gain":0,"player_choice":"Purged","damage_taken":0,"max_hp_gain":0,"max_hp_loss":0,"event_name":"Purifier","floor":5,"gold_loss":0},{"damage_healed":0,"gold_gain":0,"player_choice":"Relic","damage_taken":0,"max_hp_gain":0,"max_hp_loss":0,"event_name":"Wheel of Change","floor":10,"gold_loss":0}],"is_beta":false,"boss_relics":[{"not_picked":["halation:CatFaceCupcake","conspire:RoyalGoblet"],"picked":"Philosopher\u0027s Stone"}],"items_purged_floors":[2],"is_endless":false,"potions_floor_spawned":[4,7,8,19,20],"killed_by":"Book of Stabbing","ascension_level":16}}