{"host":"684z1xpuwaoqmmh1","time":1612525367,"event":{"mods":["A Magickal Journey","BaseMod","Downfall","Hermit","Jorbs\u0027s Wanderer Trilogy","Marisa????????","Minty Spire (QoL Compilation)","Robot Space Explorer","Shade Mod","StSLib","The Dragon Tamer","The Elementalist","The Hayseed","The Hierophant","The Marked","The Mystic","The Runesmith","The Saiyan","The Vixen","TheBandit","TheFirefly"],"gold_per_floor":[191,3,13,31,106,106,135,151,151,164,198,198,198,223,223,326,326,341,20,40,40,40,40,66,44,44,79,79,103,122,151,151,256,256,266,282,332,332,349,384,384,413,413,429,441,441,475,475,475,475,475,475,47,81,81],"floor_reached":56,"language":"ENG","playtime":4582,"items_purged":[],"score":1583,"play_id":"2e7f281e-0f13-4334-ab8b-a67f0c4cbc5f","local_time":"20210205134247","is_ascension_mode":true,"campfire_choices":[{"data":"Saiyan:ExtremeSpeed","floor":6.0,"key":"SMITH"},{"floor":12.0,"key":"REST"},{"data":"Saiyan:ThirstForFight","floor":13.0,"key":"SMITH"},{"data":"Saiyan:RuthlessBlow","floor":15.0,"key":"SMITH"},{"data":"Saiyan:MajinSeal","floor":23.0,"key":"SMITH"},{"floor":28.0,"key":"REST"},{"data":"Saiyan:MonkeyTail","floor":32.0,"key":"SMITH"},{"floor":41,"key":"RECALL"},{"data":"Saiyan:WarmUp","floor":49,"key":"SMITH"},{"data":"Saiyan:GhostAttack","floor":52,"key":"SMITH"}],"circlet_count":0,"master_deck":["Saiyan:SAIYA_Strike","Saiyan:SAIYA_Strike","Saiyan:SAIYA_Defend","Saiyan:SAIYA_Defend","Saiyan:EnergyBlast","Saiyan:KaioKen","Saiyan:RuthlessBlow+1","Saiyan:WarmUp+1","Saiyan:ThirstForFight+1","Saiyan:FingerParry","Saiyan:ExtremeSpeed+1","Saiyan:FinalFlash","Saiyan:KiExplosion","Saiyan:Fly+1","Saiyan:Pacing+1","Saiyan:MajinSeal+1","Saiyan:TurtleShell","Saiyan:UltraInstinct+1","Saiyan:Quickening+1","Saiyan:Flurry","Saiyan:Overexert+1","Saiyan:MonkeyTail+1","Saiyan:MeteorDash+1","Saiyan:HyperTimeChamber","Saiyan:ThirstForFight+1","Saiyan:Flurry+1","Saiyan:Planning+1","Saiyan:PlotArmor+1","Saiyan:BurningSoul+1","Saiyan:TurtleShell+1","Saiyan:GhostAttack+1","Saiyan:RemoveWeights+1","Saiyan:PowerUp+1","Saiyan:CCCapsule+1","Saiyan:Scouter+1","Saiyan:TurtleShell","Saiyan:Quickening+1","Saiyan:PowerStance+1"],"relics":["SaiyanSoul","SaiyanHeart","Tiny Chest","Runesmith:AutoHammer","Toxic Egg 2","WingedGreaves","Strawberry","sneckomod:SneckoTalon","Lee\u0027s Waffle","Guardian:PocketSentry","Blue Candle","Pantograph","StrikeDummy","Bronze Scales","Toy Ornithopter","Astrolabe","hexamod:Sixitude","Kunai","Centennial Puzzle","Gremlin Horn","Eternal Feather","Bottled Flame","Ornamental Fan","Bag of Preparation"],"acts_visited":["Exordium","TheCity","TheBeyond","TheEnding"],"potions_floor_usage":[35,35,40,47,54,55,55],"damage_taken":[{"damage":0.0,"enemies":"Small Slimes","floor":1.0,"turns":2.0},{"damage":0.0,"enemies":"Jaw Worm","floor":3.0,"turns":4.0},{"damage":0.0,"enemies":"2 Louse","floor":4.0,"turns":4.0},{"damage":30.0,"enemies":"Gremlin Nob","floor":7.0,"turns":4.0},{"damage":7.0,"enemies":"Looter","floor":8.0,"turns":5.0},{"damage":3.0,"enemies":"Exordium Wildlife","floor":10.0,"turns":6.0},{"damage":2.0,"enemies":"3 Sentries","floor":11.0,"turns":9.0},{"damage":17.0,"enemies":"Gremlin Nob","floor":14.0,"turns":5.0},{"damage":1.0,"enemies":"Slime Boss","floor":16.0,"turns":12.0},{"damage":4.0,"enemies":"3 Byrds","floor":18.0,"turns":5.0},{"damage":1.0,"enemies":"Shell Parasite","floor":20.0,"turns":8.0},{"damage":11.0,"enemies":"Book of Stabbing","floor":24.0,"turns":7.0},{"damage":54.0,"enemies":"Slavers","floor":27.0,"turns":13.0},{"damage":0.0,"enemies":"Centurion and Healer","floor":30.0,"turns":7.0},{"damage":16.0,"enemies":"Book of Stabbing","floor":31.0,"turns":6.0},{"damage":48.0,"enemies":"Collector","floor":33.0,"turns":9.0},{"damage":25,"enemies":"3 Darklings","floor":35,"turns":5},{"damage":0,"enemies":"3 Shapes","floor":36,"turns":5},{"damage":0,"enemies":"Mind Bloom Boss Battle","floor":37,"turns":5},{"damage":39,"enemies":"3 Darklings","floor":39,"turns":4},{"damage":10,"enemies":"Nemesis","floor":40,"turns":5},{"damage":2,"enemies":"Giant Head","floor":42,"turns":8},{"damage":11,"enemies":"Spire Growth","floor":44,"turns":6},{"damage":29,"enemies":"Sphere and 2 Shapes","floor":45,"turns":5},{"damage":2,"enemies":"Reptomancer","floor":47,"turns":6},{"damage":39,"enemies":"Donu and Deca","floor":50,"turns":9},{"damage":52,"enemies":"Shield and Spear","floor":54,"turns":8},{"damage":36,"enemies":"The Heart","floor":55,"turns":10}],"seed_played":"6450958759108421278","potions_obtained":[{"floor":1.0,"key":"PowerPotion"},{"floor":8.0,"key":"Fire Potion"},{"floor":10.0,"key":"EssenceOfSteel"},{"floor":14.0,"key":"Swift Potion"},{"floor":20.0,"key":"GamblersBrew"},{"floor":27.0,"key":"sneckomod:MuddlingPotion"},{"floor":33.0,"key":"sneckomod:MuddlingPotion"},{"floor":36,"key":"BlessingOfTheForge"},{"floor":37,"key":"Regen Potion"},{"floor":45,"key":"Weak Potion"},{"floor":47,"key":"SkillPotion"}],"is_trial":false,"path_per_floor":["M","$","M","M","?","R","E","M","T","M","E","R","R","E","R","B",null,"M","$","M","?","?","R","E","$","T","E","R","T","M","E","R","B",null,"M","M","?","?","M","E","R","E","T","M","M","?","E","T","R","B",null,"R","$","E","B",null],"character_chosen":"SAIYAJIN","items_purchased":["Saiyan:ThirstForFight","Tiny Chest","Saiyan:TurtleShell","Lee\u0027s Waffle","Guardian:PocketSentry","Saiyan:Flurry","Ornamental Fan","Saiyan:Scouter+1","Saiyan:TurtleShell","Saiyan:Quickening+1","PowerPotion"],"campfire_rested":2,"item_purchase_floors":[2,2,19,19,19,25,53,53,53,53,53],"current_hp_per_floor":[62,62,63,67,56,56,27,24,24,24,24,47,47,39,39,41,77,75,98,100,95,75,75,67,67,67,14,47,47,49,35,35,14,91,77,78,104,104,67,77,77,77,77,67,42,42,46,46,64,50,110,128,128,80,80],"gold":81,"neow_bonus":"HUNDRED_GOLD","is_daily":false,"chose_seed":false,"campfire_upgraded":7,"win_rate":0.0,"timestamp":1612525367,"path_taken":["M","$","M","M","?","R","E","M","T","M","E","R","R","E","R","BOSS","M","$","M","?","?","R","E","$","T","E","R","?","M","E","R","BOSS","M","M","?","?","M","E","R","E","T","M","M","?","E","?","R","BOSS","R","$","E","BOSS"],"items_purchased_type":["Card","Relic","Card","Relic","Relic","Card","Relic","Card","Card","Card","Potion"],"build_version":"2020-12-22","purchased_purges":0,"victory":true,"max_hp_per_floor":[62,62,63,67,67,67,68,72,72,75,77,77,77,86,86,89,89,91,98,101,101,106,106,109,109,109,110,110,110,112,114,114,116,116,117,118,119,119,121,122,122,124,124,125,129,129,130,130,130,130,130,130,130,132,133],"card_choices":[{"not_picked":["Saiyan:RemoveWeights","Saiyan:DragonRadar"],"picked":"Saiyan:WarmUp","floor":1.0},{"not_picked":["Saiyan:SaiyanHubris","Saiyan:ExpandingShockwave"],"picked":"Saiyan:FingerParry","floor":3.0},{"not_picked":["Saiyan:Planning","Saiyan:ExpandingShockwave"],"picked":"Saiyan:ExtremeSpeed","floor":4.0},{"not_picked":["Saiyan:Endure","Saiyan:ThirstForFight"],"picked":"Saiyan:FinalFlash","floor":7.0},{"not_picked":["Saiyan:ExpandingShockwave","Saiyan:Reset"],"picked":"Saiyan:KiExplosion","floor":8.0},{"not_picked":["Saiyan:DoubleMasenko","Saiyan:TurtleShell"],"picked":"Saiyan:Fly+1","floor":10.0},{"not_picked":["Saiyan:BigBangAttack","Saiyan:PowerPole","Saiyan:DoubleMasenko"],"picked":"SKIP","floor":11.0},{"not_picked":["Saiyan:Kienzan","Saiyan:Taunt+1"],"picked":"Saiyan:Pacing+1","floor":14.0},{"not_picked":["Saiyan:TheBomb+1","Saiyan:GenkiDama"],"picked":"Saiyan:MajinSeal","floor":16.0},{"not_picked":["Saiyan:ExpandingShockwave","Saiyan:SaiyanHubris+1","Saiyan:KiExplosion+1"],"picked":"SKIP","floor":18.0},{"not_picked":["Saiyan:CCCapsule+1","Saiyan:DragonFist+1"],"picked":"Saiyan:UltraInstinct+1","floor":20.0},{"not_picked":["Saiyan:DoubleMasenko+1","Saiyan:KiExplosion+1"],"picked":"Saiyan:Quickening+1","floor":24.0},{"not_picked":["Saiyan:Reset+1","Saiyan:SaiyanHubris+1"],"picked":"Saiyan:Overexert+1","floor":27.0},{"not_picked":["Saiyan:Quickening+1","Saiyan:Honing+1"],"picked":"Saiyan:MonkeyTail","floor":30.0},{"not_picked":["Saiyan:Reset+1","Saiyan:DragonFist"],"picked":"Saiyan:MeteorDash+1","floor":31.0},{"not_picked":["Saiyan:TheBomb+1","Saiyan:TransfigurationBeam"],"picked":"Saiyan:HyperTimeChamber","floor":33.0},{"not_picked":["Saiyan:TurtleShell+1","Saiyan:SpiritSword+1"],"picked":"Saiyan:PlotArmor+1","floor":35},{"not_picked":["Saiyan:ThirstForFight+1","Saiyan:SoulSpice"],"picked":"Saiyan:BurningSoul+1","floor":36},{"not_picked":["Saiyan:Expend+1","Saiyan:BigBangAttack"],"picked":"Saiyan:TurtleShell+1","floor":37},{"not_picked":["Saiyan:MeteorDash+1","Saiyan:Planning+1","Saiyan:ExpandingShockwave"],"picked":"SKIP","floor":39},{"not_picked":["Saiyan:Kienzan+1","Saiyan:ExpandingShockwave","Saiyan:FingerParry+1"],"picked":"SKIP","floor":40},{"not_picked":["Saiyan:KameHameHa+1","Saiyan:PowerUp+1"],"picked":"Saiyan:GhostAttack","floor":42},{"not_picked":["Saiyan:UltraInstinct+1","Saiyan:KiExplosion+1"],"picked":"Saiyan:RemoveWeights+1","floor":44},{"not_picked":["Saiyan:KameHameHa+1","Saiyan:PressOn+1"],"picked":"Saiyan:PowerUp+1","floor":45},{"not_picked":["Saiyan:SenzuBean+1","Saiyan:RemoveWeights+1"],"picked":"Saiyan:CCCapsule+1","floor":47},{"not_picked":["Saiyan:BigBangAttack","Saiyan:SaiyanHubris+1"],"picked":"Saiyan:PowerStance+1","floor":54}],"player_experience":2945413,"relics_obtained":[{"floor":7.0,"key":"Runesmith:AutoHammer"},{"floor":9.0,"key":"Toxic Egg 2"},{"floor":11.0,"key":"WingedGreaves"},{"floor":14.0,"key":"Strawberry"},{"floor":24.0,"key":"Pantograph"},{"floor":27.0,"key":"StrikeDummy"},{"floor":29.0,"key":"Bronze Scales"},{"floor":31.0,"key":"Toy Ornithopter"},{"floor":37,"key":"hexamod:Sixitude"},{"floor":40,"key":"Kunai"},{"floor":42,"key":"Centennial Puzzle"},{"floor":43,"key":"Gremlin Horn"},{"floor":47,"key":"Eternal Feather"},{"floor":48,"key":"Bottled Flame"},{"floor":54,"key":"Bag of Preparation"}],"event_choices":[{"damage_healed":0.0,"max_hp_gain":0.0,"max_hp_loss":0.0,"gold_gain":75.0,"event_name":"World of Goop","player_choice":"Gather Gold","floor":5.0,"gold_loss":0.0,"damage_taken":11.0},{"damage_healed":0.0,"max_hp_gain":5.0,"max_hp_loss":0.0,"gold_gain":0.0,"event_name":"Forgotten Altar","player_choice":"Shed Blood","floor":22.0,"gold_loss":0.0,"damage_taken":25.0},{"damage_healed":0,"gold_gain":0,"player_choice":"Fight","damage_taken":0,"max_hp_gain":0,"max_hp_loss":0,"event_name":"MindBloom","floor":37,"gold_loss":0},{"cards_removed":["Saiyan:SAIYA_Defend"],"damage_healed":0,"gold_gain":0,"player_choice":"Removed Skill","damage_taken":0,"max_hp_gain":0,"max_hp_loss":0,"event_name":"Falling","floor":46,"gold_loss":0}],"is_beta":false,"boss_relics":[{"not_picked":["Calling Bell","Cursed Key"],"picked":"sneckomod:SneckoTalon"},{"not_picked":["Runic Pyramid","SacredBark"],"picked":"Astrolabe"}],"items_purged_floors":[],"is_endless":false,"potions_floor_spawned":[1,8,10,14,20,27,33,36,37,45,47],"ascension_level":5}}