{"host":"hjajo0rafoe1e6c4","time":1612514323,"event":{"mods":["AchievementEnabler","BaseMod","Bestiary","Colored Map","Colored Powertips","Downfall","Highlight Path","Minty Spire (QoL Compilation)","Relic Stats","StSLib"],"gold_per_floor":[99,114,214,214,227,20,20,52,64,64,64,91,102,115,129,231,231,131,331,331,431,119,134,157,157,54,154,13,24,24,55,68,164,164,64,75,88,204,216,79,79,97,131,147,162,62,82,112,128,128,128,162,33,33,33,33,33,33],"floor_reached":56,"language":"ENG","playtime":5677,"items_purged":["downfall:Haunted","Pride","Pride"],"score":839,"play_id":"006ba101-4bbc-46f7-a05b-e820a56e2e98","local_time":"20210205033843","is_ascension_mode":false,"campfire_choices":[{"floor":1,"key":"RECALL"},{"data":"Guardian:StasisField","floor":11,"key":"SMITH"},{"data":"Guardian:TimeSifter","floor":18,"key":"SMITH"},{"data":"Guardian:MultiBeam","floor":30,"key":"SMITH"},{"data":"Guardian:ShieldCharger","floor":35,"key":"SMITH"},{"data":"Guardian:TimeCapacitor","floor":46,"key":"SMITH"},{"floor":54,"key":"REST"}],"circlet_count":0,"master_deck":["Guardian:Defend_Guardian","Guardian:Defend_Guardian","Guardian:Defend_Guardian","Guardian:CurlUp","Guardian:TwinSlam","Guardian:ShieldCharger+1","Guardian:RollAttack","Guardian:Planning","Guardian:StasisField+1","Guardian:TemporalStrike","Guardian:Incinerate","Guardian:TemporalStrike+1","Guardian:MultiBeam+1","Guardian:TimeSifter+1","Slimebound:Tackle+1","Slimebound:Tackle+1","Slimebound:Tackle+1","Guardian:TimeCapacitor+1","Guardian:SentryBeam","Guardian:CrystalBeam+1","Guardian:Suspension+1","Guardian:MultiBeam+1","Guardian:ShieldCharger+1","Guardian:TimeSifter+1","Guardian:SentryBeam+1","Guardian:TemporalStrike+1","Guardian:Repulse+1","Guardian:Suspension+1","Guardian:Reroute+1","Guardian:Clone","Guardian:CrystalBeam+1","Guardian:DecasProtection"],"relics":["Guardian:ModeShifter","Mummified Hand","Membership Card","Meat on the Bone","InkBottle","Pear","Dream Catcher","Black Star","downfall:HeartBlessingRed","Oddly Smooth Stone","Guardian:BottledStasis","TungstenRod","Frozen Egg 2","Omamori","Nunchaku","bronze:MakeshiftBattery","downfall:HeartBlessingGreen","Pen Nib","DollysMirror","Bottled Lightning","Bottled Tornado","Juzu Bracelet","Regal Pillow","downfall:HeartBlessingBlue","Whetstone","HornCleat","Centennial Puzzle","Art of War","Shuriken"],"acts_visited":["Exordium","TheCity","TheBeyond","TheEnding"],"potions_floor_usage":[12,16,16,16,31,32,38,38,52,56,56,56],"damage_taken":[{"damage":1,"enemies":"Cultist","floor":2,"turns":4},{"damage":0,"enemies":"Small Slimes","floor":5,"turns":4},{"damage":0,"enemies":"downfall:FleeingMerchant","floor":6,"turns":4},{"damage":0,"enemies":"Lagavulin","floor":8,"turns":7},{"damage":0,"enemies":"Jaw Worm","floor":9,"turns":5},{"damage":22,"enemies":"Gremlin Nob","floor":12,"turns":4},{"damage":9,"enemies":"Gremlin Gang","floor":13,"turns":4},{"damage":1,"enemies":"Exordium Wildlife","floor":14,"turns":5},{"damage":0,"enemies":"3 Louse","floor":15,"turns":3},{"damage":43,"enemies":"IC_STATUS_ARCHETYPE","floor":16,"turns":10},{"damage":0,"enemies":"downfall:FleeingMerchant","floor":22,"turns":4},{"damage":5,"enemies":"Shell Parasite","floor":23,"turns":6},{"damage":2,"enemies":"downfall:FleeingMerchant","floor":26,"turns":4},{"damage":0,"enemies":"downfall:FleeingMerchant","floor":27,"turns":5},{"damage":5,"enemies":"downfall:FleeingMerchant","floor":28,"turns":4},{"damage":9,"enemies":"Centurion and Healer","floor":29,"turns":6},{"damage":26,"enemies":"Slavers","floor":31,"turns":3},{"damage":0,"enemies":"Snecko","floor":32,"turns":4},{"damage":9,"enemies":"WA_ARCHETYPE_CALM","floor":33,"turns":9},{"damage":0,"enemies":"3 Darklings","floor":36,"turns":3},{"damage":2,"enemies":"Orb Walker","floor":37,"turns":3},{"damage":0,"enemies":"downfall:FleeingMerchant","floor":38,"turns":3},{"damage":0,"enemies":"Spire Growth","floor":39,"turns":3},{"damage":0,"enemies":"Writhing Mass","floor":42,"turns":4},{"damage":6,"enemies":"Giant Head","floor":43,"turns":8},{"damage":0,"enemies":"Transient","floor":44,"turns":5},{"damage":0,"enemies":"3 Darklings","floor":45,"turns":2},{"damage":24,"enemies":"Jaw Worm Horde","floor":47,"turns":3},{"damage":8,"enemies":"Reptomancer","floor":48,"turns":3},{"damage":13,"enemies":"Writhing Mass","floor":49,"turns":4},{"damage":17,"enemies":"DF_ARCHETYPE_ORBS","floor":50,"turns":7},{"damage":100,"enemies":"downfall:CharBossMerchant","floor":52,"turns":8},{"damage":31,"enemies":"downfall:NeowBoss","floor":55,"turns":13},{"damage":49,"enemies":"downfall:NeowBossFinal","floor":56,"turns":8}],"seed_played":"-4237580597255908013","potions_obtained":[{"floor":5,"key":"champ:CounterPotion"},{"floor":8,"key":"hexamod:SoulburnPotion"},{"floor":9,"key":"DuplicationPotion"},{"floor":13,"key":"Strength Potion"},{"floor":16,"key":"hexamod:SoulburnPotion"},{"floor":27,"key":"DuplicationPotion"},{"floor":29,"key":"Fruit Juice"},{"floor":31,"key":"hexamod:SoulburnPotion"},{"floor":32,"key":"SteroidPotion"},{"floor":39,"key":"Dexterity Potion"},{"floor":42,"key":"Fire Potion"},{"floor":43,"key":"Fire Potion"},{"floor":52,"key":"Energy Potion"}],"is_trial":false,"path_per_floor":["R","M","?","?","M","$","T","E","M","?","R","E","M","M","M","B",null,"R","?","?","?","$","M","T","?","$","?","$","M","R","E","M","B",null,"R","M","M","$","M","$","T","M","E","M","M","R","M","E","M","B",null,"E","$","R","B","B"],"character_chosen":"GUARDIAN","items_purchased":["Membership Card","Guardian:StasisField","Guardian:Gem_Yellow","Guardian:BottledStasis","TungstenRod","Guardian:TimeCapacitor","Frozen Egg 2","Guardian:Repulse+1","Pen Nib","DollysMirror","Bottled Lightning","Guardian:Gem_Lightblue","Shuriken"],"campfire_rested":1,"item_purchase_floors":[6,6,22,22,22,26,28,38,38,38,40,40,53],"current_hp_per_floor":[56,55,55,55,55,55,55,55,55,53,53,43,46,57,57,26,90,90,90,90,90,90,85,85,85,83,83,78,69,69,55,60,51,95,95,95,93,93,93,93,93,93,87,87,87,97,73,65,64,59,105,17,17,63,44,0,0,0],"gold":33,"neow_bonus":"REMOVE_TWO","is_daily":false,"chose_seed":false,"campfire_upgraded":5,"win_rate":0.0,"timestamp":1612514323,"path_taken":["R","M","?","?","M","$","T","E","M","?","R","E","?","?","M","BOSS","R","?","?","?","$","?","T","?","?","?","$","?","R","E","M","BOSS","R","M","M","?","M","$","T","M","E","M","M","R","M","E","M","BOSS","E","$","R","BOSS","BOSS"],"items_purchased_type":["Relic","Card","Card","Relic","Relic","Card","Relic","Card","Relic","Relic","Relic","Card","Relic"],"build_version":"2020-12-22","purchased_purges":3,"victory":false,"max_hp_per_floor":[80,80,80,80,80,80,80,80,80,90,90,90,90,90,90,90,90,90,90,90,90,90,90,90,90,90,90,90,90,90,90,95,95,95,95,95,95,95,95,95,95,95,95,95,95,105,105,105,105,105,105,105,105,105,105,105,105,105],"relic_stats":{"Regal Pillow":15,"counters":[34,172],"Pen Nib":[22],"Juzu Bracelet":0,"Whetstone":["Guardian:TemporalStrike","Guardian:CrystalBeam"],"Dream Catcher":1,"Nunchaku":[28],"Centennial Puzzle":[6],"Mummified Hand":[72],"Shuriken":[19],"Black Star":4,"Art of War":[1],"obtain_stats":[{"Regal Pillow":43,"downfall:HeartBlessingGreen":35,"Juzu Bracelet":43,"Whetstone":48,"Bottled Tornado":41,"Dream Catcher":12,"Nunchaku":31,"Centennial Puzzle":52,"HornCleat":48,"Mummified Hand":4,"DollysMirror":38,"downfall:HeartBlessingBlue":46,"InkBottle":8,"Guardian:BottledStasis":22,"Pear":10,"downfall:HeartBlessingRed":18,"Guardian:ModeShifter":0,"Oddly Smooth Stone":20,"Pen Nib":38,"Omamori":31,"Frozen Egg 2":28,"Shuriken":53,"Black Star":17,"Art of War":52,"Membership Card":6,"Bottled Lightning":40,"TungstenRod":22,"bronze:MakeshiftBattery":34,"Meat on the Bone":7},{"Regal Pillow":25,"downfall:HeartBlessingGreen":19,"Juzu Bracelet":25,"Whetstone":29,"Bottled Tornado":23,"Dream Catcher":6,"Nunchaku":17,"Centennial Puzzle":32,"HornCleat":29,"Mummified Hand":1,"DollysMirror":22,"downfall:HeartBlessingBlue":27,"InkBottle":4,"Guardian:BottledStasis":11,"Pear":5,"downfall:HeartBlessingRed":10,"Guardian:ModeShifter":0,"Oddly Smooth Stone":10,"Pen Nib":22,"Omamori":17,"Frozen Egg 2":15,"Shuriken":32,"Black Star":10,"Art of War":32,"Membership Card":3,"Bottled Lightning":23,"TungstenRod":11,"bronze:MakeshiftBattery":19,"Meat on the Bone":3},{"Regal Pillow":119,"downfall:HeartBlessingGreen":95,"Juzu Bracelet":119,"Whetstone":132,"Bottled Tornado":107,"Dream Catcher":28,"Nunchaku":82,"Centennial Puzzle":151,"HornCleat":132,"Mummified Hand":4,"DollysMirror":104,"downfall:HeartBlessingBlue":126,"InkBottle":19,"Guardian:BottledStasis":54,"Pear":24,"downfall:HeartBlessingRed":50,"Guardian:ModeShifter":0,"Oddly Smooth Stone":50,"Pen Nib":104,"Omamori":82,"Frozen Egg 2":73,"Shuriken":151,"Black Star":50,"Art of War":151,"Membership Card":12,"Bottled Lightning":107,"TungstenRod":54,"bronze:MakeshiftBattery":95,"Meat on the Bone":12}],"InkBottle":[80],"TungstenRod":46,"Meat on the Bone":108},"card_choices":[{"not_picked":["Guardian:Harden","Guardian:Planning"],"picked":"Guardian:ShieldCharger","floor":2},{"not_picked":["Guardian:RefractedBeam","Guardian:DonusPower"],"picked":"Guardian:RollAttack","floor":5},{"not_picked":["Guardian:BodySlam","Guardian:CrystalBeam"],"picked":"Guardian:Planning","floor":6},{"not_picked":["Guardian:Clone","Guardian:Gem_Green"],"picked":"Guardian:Gem_Synthetic","floor":8},{"not_picked":["Guardian:WalkerClaw","Guardian:GuardianWhirl"],"picked":"Guardian:TemporalStrike","floor":9},{"not_picked":["Guardian:ShieldCharger","Guardian:FloatingOrbs","Guardian:RevengeProtocol"],"picked":"SKIP","floor":12},{"not_picked":["Guardian:SpikerProtocol","Guardian:PrimingBeam"],"picked":"Guardian:Incinerate","floor":13},{"not_picked":["Guardian:Recover","Guardian:BronzeArmor"],"picked":"Guardian:TemporalStrike","floor":14},{"not_picked":["Guardian:Suspension","Guardian:TemporalShield"],"picked":"Guardian:MultiBeam","floor":15},{"not_picked":["Guardian:SphericShield","Guardian:StasisStrike"],"picked":"Guardian:TimeSifter","floor":16},{"not_picked":["Guardian:TemporalStrike","Guardian:Reroute"],"picked":"Guardian:Gem_Blue","floor":22},{"not_picked":["Guardian:PiercingHide","Guardian:ChargeCore"],"picked":"Guardian:Gem_Red","floor":23},{"not_picked":["Guardian:ChargeCore+1","Guardian:Gem_Cyan"],"picked":"Guardian:Gem_Red","floor":26},{"not_picked":["Guardian:GuardianWhirl","Guardian:RollAttack"],"picked":"Guardian:SentryBeam","floor":27},{"not_picked":["Guardian:GuardianWhirl","Guardian:Gem_Lightblue"],"picked":"Guardian:CrystalBeam","floor":28},{"not_picked":["Guardian:EvasiveProtocol+1","Guardian:ShieldCharger"],"picked":"Guardian:Suspension+1","floor":29},{"not_picked":["Guardian:Recover+1","Guardian:FloatingOrbs+1"],"picked":"Guardian:MultiBeam+1","floor":31},{"not_picked":["Guardian:ShieldSpikes","Guardian:Repulse+1"],"picked":"Guardian:ShieldCharger+1","floor":32},{"not_picked":["Guardian:ConstructionForm+1","Guardian:BaubleBeam"],"picked":"Guardian:TimeSifter+1","floor":33},{"not_picked":["Guardian:PiercingHide","Guardian:Gem_Lightblue"],"picked":"Guardian:Gem_Crimson","floor":36},{"not_picked":["Guardian:Gem_Cyan","Guardian:ArmoredProtocol+1"],"picked":"Guardian:SentryBeam+1","floor":37},{"not_picked":["Guardian:TimeCapacitor+1","Guardian:BaubleBeam"],"picked":"Guardian:TemporalStrike+1","floor":38},{"not_picked":["Guardian:PolyBeam","Guardian:Reroute","Guardian:PrismaticBarrier+1"],"picked":"SKIP","floor":39},{"not_picked":["Guardian:ShieldSpikes","Guardian:Suspension"],"picked":"Guardian:Reroute+1","floor":42},{"not_picked":["Guardian:FloatingOrbs+1","Guardian:BronzeOrb"],"picked":"Guardian:Clone","floor":43},{"not_picked":["Guardian:EvasiveProtocol+1","Guardian:ShieldCharger","Guardian:PrimingBeam"],"picked":"SKIP","floor":44},{"not_picked":["Guardian:WalkerClaw","Guardian:GuardianWhirl","Guardian:Reroute"],"picked":"SKIP","floor":45},{"not_picked":["Guardian:ChargeCore","Guardian:Gem_Green"],"picked":"Guardian:CrystalBeam+1","floor":47},{"not_picked":["Guardian:FloatingOrbs+1","Guardian:BaubleBeam","Guardian:Gem_Lightblue"],"picked":"SKIP","floor":48},{"not_picked":["Guardian:Gem_Blue","Guardian:PrimingBeam+1"],"picked":"Guardian:DecasProtection","floor":49},{"not_picked":["Guardian:RollAttack+1","Guardian:BodySlam"],"picked":"Guardian:Gem_Purple","floor":52}],"player_experience":235094,"relics_obtained":[{"floor":7,"key":"Meat on the Bone"},{"floor":8,"key":"InkBottle"},{"floor":12,"key":"Dream Catcher"},{"floor":31,"key":"Omamori"},{"floor":31,"key":"Nunchaku"},{"floor":41,"key":"Bottled Tornado"},{"floor":43,"key":"Juzu Bracelet"},{"floor":43,"key":"Regal Pillow"},{"floor":48,"key":"Whetstone"},{"floor":48,"key":"HornCleat"},{"floor":52,"key":"Centennial Puzzle"},{"floor":52,"key":"Art of War"}],"event_choices":[{"damage_healed":0,"gold_gain":0,"player_choice":"Success","damage_taken":12,"relics_obtained":["Pear"],"max_hp_gain":0,"max_hp_loss":0,"event_name":"Scrap Ooze","floor":10,"gold_loss":0},{"damage_healed":0,"gold_gain":0,"player_choice":"Stole Relic","damage_taken":0,"relics_obtained":["Oddly Smooth Stone"],"max_hp_gain":0,"max_hp_loss":0,"event_name":"Addict","floor":20,"gold_loss":0,"cards_obtained":["Pride"]}],"is_beta":false,"boss_relics":[{"not_picked":["Snecko Eye","Tiny House"],"picked":"Black Star"},{"not_picked":["Velvet Choker","Guardian:StasisSlotReductionRelic"],"picked":"bronze:MakeshiftBattery"}],"items_purged_floors":[22,26,38],"is_endless":false,"potions_floor_spawned":[5,8,9,13,16,27,29,31,32,36,39,42,43,44,49,52],"killed_by":"downfall:NeowBossFinal","ascension_level":0}}