{"host":"r4aerl4ckfvw1dw3","time":1612487136,"event":{"mods":["BaseMod","BetterRewards","Minty Spire (QoL Compilation)","Quick Restart","StSLib"],"gold_per_floor":[119,135,148,164,264,289,45,56,56,86,86,118,134,149,149,251,251,263,89,124,144,160,160,190,190,190,219,235,262,262,274,274,274,274],"floor_reached":33,"language":"ENG","playtime":2258,"items_purged":["Strike_R","Strike_R"],"score":428,"play_id":"70cbee40-7ad5-4eac-bd0a-79ff81e5bddd","local_time":"20210204170536","is_ascension_mode":true,"campfire_choices":[{"data":"Carnage","floor":11,"key":"SMITH"},{"data":"True Grit","floor":15,"key":"SMITH"},{"data":"Berserk","floor":23,"key":"SMITH"},{"floor":25,"key":"REST"},{"floor":32,"key":"REST"}],"circlet_count":0,"master_deck":["Strike_R","Strike_R","Strike_R","Defend_R","Defend_R","Defend_R","Defend_R","Bash+1","Clothesline","Sword Boomerang","Reaper","Carnage+1","True Grit+1","Twin Strike","Pummel","Sword Boomerang","Pommel Strike","Clothesline","Berserk+1","Cleave","Inflame+1","Heavy Blade","Dual Wield+1","Headbutt","Cleave+1","Feel No Pain","Barricade"],"relics":["Burning Blood","Torii","Red Skull","Letter Opener","Orichalcum","Girya","Sozu","Red Mask","Strawberry","Kunai","InkBottle"],"acts_visited":["Exordium","TheCity"],"potions_floor_usage":[10,16,27,33],"damage_taken":[{"damage":7,"enemies":"Jaw Worm","floor":1,"turns":3},{"damage":1,"enemies":"Cultist","floor":2,"turns":3},{"damage":5,"enemies":"Small Slimes","floor":3,"turns":4},{"damage":0,"enemies":"Exordium Wildlife","floor":4,"turns":3},{"damage":32,"enemies":"Gremlin Nob","floor":6,"turns":4},{"damage":9,"enemies":"Red Slaver","floor":8,"turns":4},{"damage":12,"enemies":"3 Sentries","floor":10,"turns":5},{"damage":1,"enemies":"Gremlin Nob","floor":12,"turns":4},{"damage":0,"enemies":"Large Slime","floor":13,"turns":4},{"damage":11,"enemies":"Exordium Thugs","floor":14,"turns":5},{"damage":36,"enemies":"Hexaghost","floor":16,"turns":6},{"damage":0,"enemies":"Chosen","floor":18,"turns":3},{"damage":31,"enemies":"Masked Bandits","floor":20,"turns":4},{"damage":7,"enemies":"3 Byrds","floor":21,"turns":5},{"damage":25,"enemies":"3 Cultists","floor":22,"turns":5},{"damage":37,"enemies":"Gremlin Leader","floor":24,"turns":6},{"damage":21,"enemies":"Slavers","floor":27,"turns":4},{"damage":8,"enemies":"Cultist and Chosen","floor":28,"turns":5},{"damage":50,"enemies":"Book of Stabbing","floor":29,"turns":7},{"damage":13,"enemies":"Sentry and Sphere","floor":31,"turns":4},{"damage":42,"enemies":"Champ","floor":33,"turns":7}],"seed_played":"-5270673660965260433","potions_obtained":[{"floor":3,"key":"AttackPotion"},{"floor":4,"key":"CultistPotion"},{"floor":8,"key":"ElixirPotion"},{"floor":14,"key":"LiquidMemories"}],"is_trial":false,"path_per_floor":["M","M","M","M","?","E","$","M","T","E","R","E","M","M","R","B",null,"M","$","?","M","M","R","E","R","T","E","M","E","?","M","R","B"],"character_chosen":"IRONCLAD","items_purchased":["Red Skull","True Grit","Inflame"],"campfire_rested":2,"item_purchase_floors":[7,7,19],"current_hp_per_floor":[71,76,77,80,80,60,60,57,57,63,63,72,80,75,75,45,71,77,77,52,53,46,46,34,60,60,45,51,14,14,7,33,0,0],"gold":274,"neow_bonus":"UPGRADE_CARD","is_daily":false,"chose_seed":false,"campfire_upgraded":3,"win_rate":0.0,"timestamp":1612487136,"path_taken":["M","M","M","M","?","E","$","?","T","E","R","E","M","M","R","BOSS","M","$","?","M","M","R","E","R","T","E","M","E","?","M","R","BOSS"],"items_purchased_type":["Relic","Card","Card"],"build_version":"2020-12-22","purchased_purges":2,"victory":false,"max_hp_per_floor":[80,80,80,80,80,80,80,80,80,80,80,80,80,80,80,80,80,80,80,80,80,80,80,87,87,87,87,87,87,87,87,87,87,87],"card_choices":[{"not_picked":["Warcry","Iron Wave"],"picked":"Clothesline","floor":1},{"not_picked":["Wild Strike","Reckless Charge"],"picked":"Sword Boomerang","floor":2},{"not_picked":["Perfected Strike","Pommel Strike"],"picked":"Reaper","floor":3},{"not_picked":["Infernal Blade","Anger"],"picked":"Carnage","floor":4},{"not_picked":["Clash","Uppercut","Spot Weakness"],"picked":"SKIP","floor":6},{"not_picked":["Burning Pact","Havoc"],"picked":"Twin Strike","floor":8},{"not_picked":["Iron Wave","Cleave"],"picked":"Pummel","floor":10},{"not_picked":["Heavy Blade","Thunderclap"],"picked":"Sword Boomerang","floor":12},{"not_picked":["Fire Breathing","Anger"],"picked":"Pommel Strike","floor":13},{"not_picked":["Perfected Strike","Cleave"],"picked":"Clothesline","floor":14},{"not_picked":["Brutality","Bludgeon"],"picked":"Berserk","floor":16},{"not_picked":["Perfected Strike","Pummel"],"picked":"Cleave","floor":18},{"not_picked":["Thunderclap+1","Anger"],"picked":"Heavy Blade","floor":20},{"not_picked":["Infernal Blade","Uppercut"],"picked":"Dual Wield+1","floor":21},{"not_picked":["Clothesline","Wild Strike"],"picked":"Headbutt","floor":22},{"not_picked":["Cleave","Brutality","Uppercut"],"picked":"SKIP","floor":24},{"not_picked":["Flex+1","Thunderclap+1"],"picked":"Cleave+1","floor":27},{"not_picked":["Warcry","Dropkick","Spot Weakness"],"picked":"SKIP","floor":28},{"not_picked":["Thunderclap","Perfected Strike"],"picked":"Feel No Pain","floor":29},{"not_picked":["Whirlwind","Body Slam"],"picked":"Barricade","floor":31}],"player_experience":495209,"relics_obtained":[{"floor":6,"key":"Torii"},{"floor":9,"key":"Letter Opener"},{"floor":10,"key":"Orichalcum"},{"floor":12,"key":"Girya"},{"floor":20,"key":"Red Mask"},{"floor":24,"key":"Strawberry"},{"floor":27,"key":"Kunai"},{"floor":29,"key":"InkBottle"}],"event_choices":[{"damage_healed":0,"gold_gain":100,"player_choice":"Pray","damage_taken":0,"max_hp_gain":0,"max_hp_loss":0,"event_name":"Golden Shrine","floor":5,"gold_loss":0},{"damage_healed":0,"gold_gain":0,"player_choice":"Fought Bandits","damage_taken":0,"max_hp_gain":0,"max_hp_loss":0,"event_name":"Masked Bandits","floor":20,"gold_loss":0},{"damage_healed":0,"gold_gain":0,"player_choice":"Forge","damage_taken":0,"max_hp_gain":0,"max_hp_loss":0,"event_name":"Accursed Blacksmith","floor":30,"gold_loss":0,"cards_upgraded":["Inflame"]}],"is_beta":false,"boss_relics":[{"not_picked":["Velvet Choker","Philosopher\u0027s Stone"],"picked":"Sozu"}],"items_purged_floors":[7,19],"is_endless":false,"potions_floor_spawned":[3,4,8,14,18,20,22],"killed_by":"Champ","ascension_level":6}}