{"host":"whloki2o3dp1b07n","time":1612552805,"event":{"mods":["100% Spire Juice","Abigail Mod","Act Like it!","Arknights","BaseMod","Better Synergies","Block Reminder","Bossed Relics","CapriCore","Colored Map","Colored Powertips","DNKmod","Friendly Minions","GifTheSpireLib","GungeonMod","HexUI Lib","Koishi","Marked Mod","Minty Spire (QoL Compilation)","Poor People Problems","StSLib","Swap Starting Deck Mod","The Bug Knight","The Marked","TheSurvivalist","Transform Curses"],"gold_per_floor":[112,112,131,147,162,162,187,203,203,203,219,234,234,47,47,175,175,194,194,218,233,249,280,280,301,328,328,341,354,354,354,354,477,477,500,500,563,563,563],"floor_reached":38,"language":"ENG","playtime":2539,"items_purged":[],"score":450,"play_id":"b9dcd476-a32a-4f7c-903c-0d5658ec5cfd","local_time":"20210205142005","is_ascension_mode":false,"campfire_choices":[{"data":"survmod:MarkedShot","floor":6,"key":"SMITH"},{"floor":10,"key":"REST"},{"data":"survmod:SurpriseTrap","floor":15,"key":"SMITH"},{"floor":24,"key":"REST"},{"floor":27,"key":"REST"},{"floor":30,"key":"REST"},{"floor":32,"key":"REST"}],"circlet_count":0,"master_deck":["survmod:Strike","survmod:Strike","survmod:Defend","survmod:Defend","survmod:Defend","survmod:Defend","survmod:VersatileOffense","survmod:Sprint","survmod:DuckAndFlare","survmod:FlashbangTrap","survmod:SurpriseTrap+1","survmod:MarkedShot+1","survmod:DuckAndFlare","survmod:KnowThyEnemy","survmod:GoForFace","survmod:UnfortunateEscape","survmod:AcidArrow","survmod:DeadlyAim","Injury","survmod:GoForFace","survmod:FlashbangTrap","Panacea","survmod:Detonation","survmod:MarkedShot","survmod:AimForTheLiver","survmod:WalledOffTraps","survmod:FenceTrap","survmod:SwiftKick+1","survmod:GoForFace","survmod:AimForTheLiver+1","survmod:RejectWeakness","survmod:CloseCombat","survmod:Adaptability","Flash of Steel","survmod:BearTrap+1"],"relics":["survmod:AdvancedEvolution","Torii","survmod:TrapManual","Golden Idol","Philosopher\u0027s Stone","Potion Belt","Strawberry","Incense Burner","DemoMod:GlassGuonStoneRelic"],"acts_visited":["Exordium","TheCity","TheBeyond"],"potions_floor_usage":[20,23,23,23,25,33],"damage_taken":[{"damage":0,"enemies":"Cultist","floor":1,"turns":5},{"damage":2,"enemies":"2 Louse","floor":3,"turns":3},{"damage":0,"enemies":"Small Slimes","floor":4,"turns":6},{"damage":0,"enemies":"Red Slaver","floor":5,"turns":6},{"damage":11,"enemies":"Lagavulin","floor":7,"turns":9},{"damage":0,"enemies":"Looter","floor":8,"turns":2},{"damage":0,"enemies":"3 Louse","floor":11,"turns":5},{"damage":0,"enemies":"Blue Slaver","floor":12,"turns":3},{"damage":8,"enemies":"Hexaghost","floor":16,"turns":9},{"damage":2,"enemies":"3 Byrds","floor":18,"turns":6},{"damage":21,"enemies":"3 Cultists","floor":20,"turns":6},{"damage":15,"enemies":"Centurion and Healer","floor":21,"turns":4},{"damage":0,"enemies":"Sentry and Sphere","floor":22,"turns":4},{"damage":3,"enemies":"Slavers","floor":23,"turns":5},{"damage":7,"enemies":"Shelled Parasite and Fungi","floor":25,"turns":4},{"damage":2,"enemies":"Snake Plant","floor":28,"turns":5},{"damage":3,"enemies":"Centurion and Healer","floor":29,"turns":6},{"damage":22,"enemies":"Colosseum Slavers","floor":31,"turns":6},{"damage":10,"enemies":"Automaton","floor":33,"turns":9},{"damage":34,"enemies":"3 Shapes","floor":35,"turns":4},{"damage":18,"enemies":"Mind Bloom Boss Battle","floor":37,"turns":8},{"damage":0,"enemies":"Orb Walker","floor":38,"turns":1}],"seed_played":"1566884053443366191","potions_obtained":[{"floor":3,"key":"FearPotion"},{"floor":7,"key":"SpeedPotion"},{"floor":12,"key":"FearPotion"},{"floor":16,"key":"LiquidMemories"},{"floor":21,"key":"SkillPotion"},{"floor":23,"key":"LiquidMemories"},{"floor":25,"key":"SteroidPotion"},{"floor":29,"key":"PowerPotion"},{"floor":33,"key":"Strength Potion"},{"floor":37,"key":"Fire Potion"}],"is_trial":false,"path_per_floor":["M","?","M","M","M","R","E","M","T","R","M","M","?","$","R","B",null,"M","?","M","M","M","E","R","M","T","R","M","M","R","?","R","B",null,"M","?","?","M"],"character_chosen":"THE_SURVIVOR","items_purchased":["survmod:GoForFace","survmod:FlashbangTrap","Panacea"],"campfire_rested":5,"item_purchase_floors":[14,14,14],"current_hp_per_floor":[50,50,48,48,48,48,37,37,37,50,50,50,50,50,50,42,50,48,48,27,12,12,9,24,17,24,41,39,36,53,31,48,38,57,23,23,5,5,5],"gold":563,"neow_bonus":"TRANSFORM_CARD","is_daily":false,"chose_seed":false,"campfire_upgraded":2,"win_rate":0.0,"timestamp":1612552805,"path_taken":["M","?","M","M","M","R","E","M","T","R","?","M","?","$","R","BOSS","M","?","M","M","M","E","R","M","T","R","?","M","R","?","R","BOSS","M","?","?","M"],"items_purchased_type":["Card","Card","Card"],"build_version":"2020-12-22","purchased_purges":0,"victory":false,"max_hp_per_floor":[50,50,50,50,50,50,50,50,50,50,50,50,50,50,50,50,50,50,50,50,50,50,50,50,50,57,57,57,57,57,57,57,57,57,57,57,57,57,57],"card_choices":[{"not_picked":["survmod:SimpleMutation","survmod:FlareBarrage"],"picked":"survmod:FlashbangTrap","floor":1},{"not_picked":["survmod:AimForTheLiver","survmod:ComplexMutation"],"picked":"survmod:MarkedShot","floor":3},{"not_picked":["survmod:AcidTrap","survmod:MarkTrap"],"picked":"survmod:DuckAndFlare","floor":4},{"not_picked":["survmod:BearTrap","survmod:UnfortunateEscape"],"picked":"survmod:KnowThyEnemy","floor":5},{"not_picked":["survmod:TwinShot","survmod:TacticalManeuver"],"picked":"survmod:GoForFace","floor":7},{"not_picked":["survmod:MarkedFromAfar","survmod:PinningSnipe"],"picked":"survmod:UnfortunateEscape","floor":8},{"not_picked":["survmod:BearTrap","survmod:LongShot"],"picked":"survmod:AcidArrow","floor":11},{"not_picked":["survmod:HiddenTactic","survmod:QuickDash"],"picked":"survmod:DeadlyAim","floor":12},{"not_picked":["survmod:Heartseeker","survmod:ChokingBow"],"picked":"survmod:Detonation","floor":16},{"not_picked":["survmod:VersatileDefense","survmod:Adaptability+1"],"picked":"survmod:MarkedShot","floor":18},{"not_picked":["survmod:BearTrap","survmod:MarkTrap"],"picked":"survmod:AimForTheLiver","floor":20},{"not_picked":["survmod:FocusedFire+1","survmod:Adaptability+1"],"picked":"survmod:WalledOffTraps","floor":21},{"not_picked":["survmod:TacticalManeuver","survmod:FocusedFire"],"picked":"survmod:FenceTrap","floor":22},{"not_picked":["survmod:OverwhelmingAssault","survmod:SkillfulManeuver"],"picked":"survmod:SwiftKick+1","floor":23},{"not_picked":["survmod:FocusedFire+1","survmod:QuickDash"],"picked":"survmod:GoForFace","floor":25},{"not_picked":["survmod:PiercingShot","survmod:PerfectPosition"],"picked":"survmod:AimForTheLiver+1","floor":28},{"not_picked":["survmod:DuckAndFlare","survmod:UnfortunateEscape"],"picked":"survmod:RejectWeakness","floor":29},{"not_picked":["survmod:CloseCall","survmod:LeapingShot"],"picked":"survmod:CloseCombat","floor":33},{"not_picked":["survmod:UnfortunateEscape","survmod:ComplexMutation+1"],"picked":"survmod:Adaptability","floor":35},{"not_picked":["Apotheosis","Swift Strike"],"picked":"Flash of Steel","floor":36},{"not_picked":["survmod:Adaptability+1","survmod:FocusedFire"],"picked":"survmod:BearTrap+1","floor":37}],"player_experience":1143373,"relics_obtained":[{"floor":7,"key":"Torii"},{"floor":9,"key":"survmod:TrapManual"},{"floor":23,"key":"Potion Belt"},{"floor":26,"key":"Strawberry"},{"floor":37,"key":"Incense Burner"}],"event_choices":[{"damage_healed":0,"gold_gain":0,"cards_transformed":["survmod:Strike"],"player_choice":"Transformed","damage_taken":0,"max_hp_gain":0,"max_hp_loss":0,"event_name":"Transmorgrifier","floor":2,"gold_loss":0,"cards_obtained":["survmod:SurpriseTrap"]},{"damage_healed":0,"gold_gain":0,"player_choice":"Take Wound","damage_taken":0,"relics_obtained":["Golden Idol"],"max_hp_gain":0,"max_hp_loss":0,"event_name":"Golden Idol","floor":13,"gold_loss":0,"cards_obtained":["Injury"]},{"damage_healed":0,"gold_gain":0,"player_choice":"Ignored","damage_taken":0,"max_hp_gain":0,"max_hp_loss":0,"event_name":"Transmorgrifier","floor":19,"gold_loss":0},{"damage_healed":0,"gold_gain":0,"player_choice":"Fight","damage_taken":0,"max_hp_gain":0,"max_hp_loss":0,"event_name":"Colosseum","floor":31,"gold_loss":0},{"damage_healed":0,"gold_gain":0,"player_choice":"Fled From Nobs","damage_taken":0,"max_hp_gain":0,"max_hp_loss":0,"event_name":"Colosseum","floor":31,"gold_loss":0},{"damage_healed":0,"gold_gain":0,"player_choice":"Memory 1","damage_taken":0,"max_hp_gain":0,"max_hp_loss":0,"event_name":"SensoryStone","floor":36,"gold_loss":0},{"damage_healed":0,"gold_gain":0,"player_choice":"Fight","damage_taken":0,"max_hp_gain":0,"max_hp_loss":0,"event_name":"MindBloom","floor":37,"gold_loss":0}],"is_beta":false,"boss_relics":[{"not_picked":["Ectoplasm","Runic Dome"],"picked":"Philosopher\u0027s Stone"},{"not_picked":["Cursed Key","DemoMod:WaxWing"],"picked":"survmod:AdvancedEvolution"}],"items_purged_floors":[],"is_endless":false,"potions_floor_spawned":[3,7,12,16,21,23,25,29,33,37],"killed_by":"Orb Walker","ascension_level":0}}