{"host":"syozzdlzcqop4jia","time":1612487084,"event":{"mods":["BaseMod","Colored Map","Colored Powertips","Minty Spire (QoL Compilation)","Quick Restart"],"gold_per_floor":[99,119,137,137,153,153,228,228,228,262,262,282,295,36,36,136,136,149,160,175,175,175,207,22,35,106,106,26,37,37,37],"floor_reached":30,"language":"ENG","playtime":1624,"items_purged":["Strike_B","Defend_B"],"score":290,"play_id":"c00247a5-9354-45df-94ab-cc938e217e26","local_time":"20210205020444","is_ascension_mode":true,"campfire_choices":[{"data":"Ball Lightning","floor":6,"key":"SMITH"},{"floor":8,"key":"REST"},{"floor":15,"key":"REST"},{"floor":27,"key":"REST"}],"circlet_count":0,"master_deck":["Strike_B","Strike_B+1","Strike_B","Defend_B","Defend_B","Defend_B","Zap","Dualcast","Scrape","Streamline","Ball Lightning+1","Rip and Tear","Storm","Rip and Tear","Rebound","Fission","Gash","Biased Cognition","Ball Lightning+1","Capacitor","Biased Cognition"],"relics":["Cracked Core","Ancient Tea Set","Happy Flower","The Courier","Mango","Pen Nib","Fusion Hammer","Whetstone","Bag of Marbles","Gremlin Horn"],"acts_visited":["Exordium","TheCity"],"potions_floor_usage":[16,23,23,23,23,23,23,29,30],"damage_taken":[{"damage":10,"enemies":"2 Louse","floor":1,"turns":3},{"damage":1,"enemies":"Cultist","floor":2,"turns":3},{"damage":4,"enemies":"Small Slimes","floor":3,"turns":3},{"damage":8,"enemies":"2 Fungi Beasts","floor":5,"turns":3},{"damage":17,"enemies":"3 Sentries","floor":10,"turns":4},{"damage":10,"enemies":"Looter","floor":12,"turns":3},{"damage":8,"enemies":"Red Slaver","floor":13,"turns":2},{"damage":40,"enemies":"The Guardian","floor":16,"turns":8},{"damage":20,"enemies":"2 Thieves","floor":18,"turns":4},{"damage":0,"enemies":"Chosen","floor":19,"turns":3},{"damage":20,"enemies":"Snecko","floor":20,"turns":4},{"damage":31,"enemies":"Book of Stabbing","floor":23,"turns":4},{"damage":21,"enemies":"Snake Plant","floor":25,"turns":3},{"damage":30,"enemies":"3 Cultists","floor":29,"turns":4},{"damage":26,"enemies":"Centurion and Healer","floor":30,"turns":2}],"seed_played":"-5323926335154428004","potions_obtained":[{"floor":3,"key":"ColorlessPotion"},{"floor":4,"key":"EntropicBrew"},{"floor":4,"key":"Swift Potion"},{"floor":12,"key":"LiquidMemories"},{"floor":13,"key":"FocusPotion"},{"floor":16,"key":"Fruit Juice"},{"floor":20,"key":"EntropicBrew"},{"floor":23,"key":"Strength Potion"},{"floor":25,"key":"DistilledChaos"}],"is_trial":false,"path_per_floor":["M","M","M","?","M","R","?","R","T","E","?","M","M","$","R","B",null,"M","M","M","?","?","E","$","M","T","R","$","M","M"],"character_chosen":"DEFECT","items_purchased":["Pen Nib","Fission","Gash","Bag of Marbles"],"campfire_rested":3,"item_purchase_floors":[14,14,14,24],"current_hp_per_floor":[65,64,60,60,52,52,52,74,74,57,71,61,53,53,79,44,94,74,74,54,35,35,4,4,15,15,44,44,14,0,0],"gold":37,"neow_bonus":"RANDOM_COMMON_RELIC","is_daily":false,"chose_seed":false,"campfire_upgraded":1,"win_rate":0.0,"timestamp":1612487084,"path_taken":["M","M","M","?","?","R","?","R","T","E","?","M","?","$","R","BOSS","M","M","M","?","?","E","$","?","T","R","$","M","M"],"items_purchased_type":["Relic","Card","Card","Relic"],"build_version":"2020-12-22","purchased_purges":2,"victory":false,"max_hp_per_floor":[75,75,75,75,75,75,75,75,75,75,89,89,89,89,89,94,94,94,94,94,99,99,99,99,99,99,99,99,99,99,99],"card_choices":[{"not_picked":["Beam Cell","Blizzard"],"picked":"Scrape","floor":1},{"not_picked":["Turbo","Cold Snap"],"picked":"Streamline","floor":2},{"not_picked":["Stack","Compile Driver"],"picked":"Ball Lightning","floor":3},{"not_picked":["Gash","Turbo"],"picked":"Rip and Tear","floor":5},{"not_picked":["Hologram","Melter"],"picked":"Storm","floor":10},{"not_picked":["Beam Cell","Steam"],"picked":"Rip and Tear","floor":12},{"not_picked":["Coolheaded","Turbo"],"picked":"Rebound","floor":13},{"not_picked":["Machine Learning","Echo Form"],"picked":"Biased Cognition","floor":16},{"not_picked":["Genetic Algorithm","Force Field+1"],"picked":"Ball Lightning","floor":18},{"not_picked":["Conserve Battery","Barrage"],"picked":"Capacitor","floor":19},{"not_picked":["Chill+1","Consume","Go for the Eyes"],"picked":"SKIP","floor":20},{"not_picked":["Scrape","Beam Cell","Creative AI"],"picked":"SKIP","floor":23},{"not_picked":["White Noise+1","Reinforced Body","Barrage+1"],"picked":"SKIP","floor":25},{"not_picked":["Leap","Go for the Eyes"],"picked":"Biased Cognition","floor":29}],"player_experience":550651,"relics_obtained":[{"floor":9,"key":"Happy Flower"},{"floor":10,"key":"The Courier"},{"floor":23,"key":"Whetstone"},{"floor":26,"key":"Gremlin Horn"}],"event_choices":[{"damage_healed":0,"gold_gain":0,"player_choice":"Got Potions","damage_taken":0,"max_hp_gain":0,"max_hp_loss":0,"event_name":"Lab","floor":4,"gold_loss":0},{"damage_healed":0,"gold_gain":75,"player_choice":"Gained Gold","damage_taken":0,"max_hp_gain":0,"max_hp_loss":0,"event_name":"Golden Wing","floor":7,"gold_loss":0},{"damage_healed":0,"gold_gain":0,"player_choice":"Gave Potion","damage_taken":0,"relics_obtained":["Mango"],"max_hp_gain":0,"max_hp_loss":0,"event_name":"WeMeetAgain","floor":11,"gold_loss":0},{"damage_healed":0,"gold_gain":0,"player_choice":"Shed Blood","damage_taken":24,"max_hp_gain":5,"max_hp_loss":0,"event_name":"Forgotten Altar","floor":21,"gold_loss":0},{"damage_healed":0,"gold_gain":0,"player_choice":"0 cards matched","damage_taken":0,"max_hp_gain":0,"max_hp_loss":0,"event_name":"Match and Keep!","floor":22,"gold_loss":0,"cards_obtained":[]}],"is_beta":false,"boss_relics":[{"not_picked":["Tiny House","Coffee Dripper"],"picked":"Fusion Hammer"}],"items_purged_floors":[24,28],"is_endless":false,"potions_floor_spawned":[3,12,13,16,20,23,25],"killed_by":"Centurion and Healer","ascension_level":1}}