{"host":"xo0glkmxta74xh34","time":1612542379,"event":{"mods":["BaseMod","Downfall","Minty Spire (QoL Compilation)","Replay The Spire","StSLib"],"gold_per_floor":[99,115,134,154,154,154,154,169,169,204,214,226,226,256,269,369,369,369,19,38,56,70,70,123,123,123,123,123,123,123,156,168,267,267,267,282,300,146,160,160,184,0,0,18,18,18,35,35,50,50],"floor_reached":51,"language":"ENG","playtime":3980,"items_purged":["downfall:Malfunctioning"],"score":679,"play_id":"978e33b9-bd72-46b5-9506-502b93f90fc5","local_time":"20210205102619","is_ascension_mode":false,"campfire_choices":[{"data":"Slimebound:Defend_Slimebound","floor":1.0,"key":"PURGE"},{"floor":6.0,"key":"REST"},{"data":"Slimebound:MassRepurpose","floor":9.0,"key":"SMITH"},{"data":"Slimebound:FormOfPuddle","floor":13.0,"key":"SMITH"},{"data":"Slimebound:MassRepurpose","floor":18,"key":"SMITH"},{"data":"Slimebound:PrepareCrush","floor":23,"key":"SMITH"},{"data":"Slimebound:SelfFormingGoo","floor":28,"key":"SMITH"},{"data":"Slimebound:SplitSpecialist","floor":30,"key":"SMITH"},{"data":"Slimebound:TagTeam","floor":35,"key":"SMITH"},{"data":"Slimebound:FirmFortitude","floor":40,"key":"SMITH"},{"data":"Slimebound:LevelUp","floor":43,"key":"SMITH"},{"data":"expansioncontent:AwakenDeath","floor":46,"key":"SMITH"}],"circlet_count":0,"master_deck":["Slimebound:Defend_Slimebound+1","Slimebound:Defend_Slimebound+1","Slimebound:SelfFormingGoo+1","Slimebound:FormOfPuddle+1","Slimebound:SplitLeeching","Slimebound:SpikyOuterGoop","Slimebound:MassRepurpose+1","Slimebound:SlimeBarrage","Slimebound:PrepareCrush+1","Slimebound:SplitLeeching","Slimebound:SplitSpecialist+1","Slimebound:Equalize","Slimebound:MassRepurpose+1","Slimebound:SplitAcid+1","Slimebound:DisruptingSlam+1","Slimebound:CheckThePlaybook","Slimebound:DivideAndConquer","Slimebound:TagTeam+1","Slimebound:SplitMire","Slimebound:FirmFortitude+1","Slimebound:Grow","Slimebound:Equalize+1","Slimebound:Repurpose","Slimebound:FormOfPuddle","Slimebound:LevelUp","expansioncontent:AwakenDeath+1","Slimebound:LevelUp+1","Slimebound:LevelUp+1","Slimebound:Dissolve+1","Slimebound:Nibble"],"relics":["Slimebound:AbsorbEndCombatUpgraded","Replay:PocketPolymizer","Letter Opener","ReplayTheSpireMod:TigerMarble","Counterbalance","Replay:Bottled Flurry","Omamori","Happy Flower","sneckomod:BabySnecko","Incense Burner","PreservedInsect","Philosopher\u0027s Stone","Replay:Rubber Ducky","Blood Vial","Smiling Mask","The Courier"],"acts_visited":["Exordium","TheCity","TheBeyond"],"potions_floor_usage":[20,33,33,38,39,50,50],"damage_taken":[{"damage":5.0,"enemies":"Small Slimes","floor":2.0,"turns":4.0},{"damage":3.0,"enemies":"Jaw Worm","floor":3.0,"turns":5.0},{"damage":12.0,"enemies":"2 Louse","floor":4.0,"turns":2.0},{"damage":5.0,"enemies":"Blue Slaver","floor":8.0,"turns":6.0},{"damage":5.0,"enemies":"Replay:BlueRogue","floor":10.0,"turns":7.0},{"damage":1.0,"enemies":"Lots of Slimes","floor":11.0,"turns":4.0},{"damage":8.0,"enemies":"2 Fungi Beasts","floor":12.0,"turns":5.0},{"damage":3,"enemies":"Lagavulin","floor":14,"turns":5},{"damage":0,"enemies":"Red Slaver","floor":15,"turns":3},{"damage":13,"enemies":"WA_ARCHETYPE_RETAIN","floor":16,"turns":7},{"damage":0,"enemies":"downfall:FleeingMerchant","floor":19,"turns":4},{"damage":2,"enemies":"Spheric Guardian","floor":20,"turns":3},{"damage":4,"enemies":"3 Cultists","floor":21,"turns":4},{"damage":16,"enemies":"Centurion and Healer","floor":22,"turns":7},{"damage":18,"enemies":"Replay:Snechameleon","floor":31,"turns":4},{"damage":1,"enemies":"Shelled Parasite and Fungi","floor":32,"turns":5},{"damage":21,"enemies":"IC_MUSHROOM_ARCHETYPE","floor":33,"turns":6},{"damage":20,"enemies":"3 Darklings","floor":36,"turns":4},{"damage":0,"enemies":"Orb Walker","floor":37,"turns":2},{"damage":11,"enemies":"downfall:FleeingMerchant","floor":38,"turns":4},{"damage":3,"enemies":"Maw","floor":39,"turns":6},{"damage":5,"enemies":"3 Darklings","floor":44,"turns":5},{"damage":1,"enemies":"Spire Growth","floor":47,"turns":3},{"damage":2,"enemies":"4 Shapes","floor":49,"turns":3},{"damage":14,"enemies":"SI_POISON_ARCHETYPE","floor":50,"turns":8}],"seed_played":"3810932541910922144","potions_obtained":[{"floor":2.0,"key":"Explosive Potion"},{"floor":4.0,"key":"Regen Potion"},{"floor":14,"key":"Slimebound:SlimedPotion"},{"floor":31,"key":"SpeedPotion"},{"floor":32,"key":"CultistPotion"},{"floor":36,"key":"Weak Potion"},{"floor":37,"key":"Adrenaline Potion"},{"floor":44,"key":"Block Potion"}],"is_trial":false,"path_per_floor":["R","M","M","M","?","R","T","M","R","E","M","M","R","E","M","B",null,"R","$","M","M","M","R","T","?","?","?","R","?","R","E","M","B",null,"R","M","M","$","M","R","T","$","R","M","?","R","M","?","M","B",null],"character_chosen":"SLIMEBOUND","items_purchased":["Replay:Bottled Flurry","Replay:Rubber Ducky","Blood Vial","Slimebound:LevelUp","expansioncontent:AwakenDeath","Venom Potion","Slimebound:LevelUp","Ancient Potion"],"campfire_rested":1,"item_purchase_floors":[19,38,38,38,38,42,42,42],"current_hp_per_floor":[47,46,45,35,35,54,54,65,65,62,65,63,63,62,62,63,65,65,65,63,59,54,54,54,54,65,65,65,65,65,47,53,51,68,68,48,60,63,68,68,68,68,68,63,63,63,64,64,67,63],"gold":50,"neow_bonus":"ONE_RARE_RELIC","is_daily":false,"chose_seed":false,"campfire_upgraded":10,"win_rate":0.0,"timestamp":1612542379,"path_taken":["R","M","M","M","?","R","T","M","R","E","M","M","R","E","M","BOSS","R","$","M","M","M","R","T","?","?","?","R","?","R","E","M","BOSS","R","M","M","$","M","R","T","$","R","M","?","R","M","?","M","BOSS"],"items_purchased_type":["Relic","Relic","Relic","Card","Card","Potion","Card","Potion"],"build_version":"2020-12-22","purchased_purges":1,"victory":true,"max_hp_per_floor":[65,65,65,65,65,65,65,65,65,65,65,65,65,65,65,65,65,65,65,65,65,65,65,65,65,65,65,65,65,65,65,68,68,68,68,68,68,68,68,68,68,68,68,68,68,68,68,68,68,68],"card_choices":[{"not_picked":["Slimebound:Schlurp","Slimebound:SamplingLick"],"picked":"Slimebound:FormOfPuddle","floor":2.0},{"not_picked":["Slimebound:LivingWall","Slimebound:SlimeBrawl"],"picked":"Slimebound:SplitLeeching","floor":3.0},{"not_picked":["Slimebound:SplitMire","Slimebound:DivideAndConquer"],"picked":"Slimebound:SpikyOuterGoop","floor":4.0},{"not_picked":["Slimebound:SplitBruiser","Slimebound:Grow"],"picked":"Slimebound:SlimeBarrage","floor":8.0},{"not_picked":["Slimebound:BestDefense","Slimebound:Gluttony","Slimebound:Grow"],"picked":"SKIP","floor":10.0},{"not_picked":["Slimebound:ItLooksTasty","Slimebound:GoopTackle","Slimebound:Prepare"],"picked":"SKIP","floor":11.0},{"not_picked":["Slimebound:GoopSpray","Slimebound:LeechingTouch"],"picked":"Slimebound:SplitLeeching","floor":12.0},{"not_picked":["Slimebound:Dissolve","Slimebound:SlimeSpikes"],"picked":"Slimebound:Equalize","floor":14},{"not_picked":["Slimebound:SamplingLick","Slimebound:RollThrough","Slimebound:ServeAndProtect"],"picked":"SKIP","floor":15},{"not_picked":["Slimebound:RallyTheTroops","Slimebound:Teamwork"],"picked":"Slimebound:MassRepurpose","floor":16},{"not_picked":["Slimebound:LeechingTouch","Slimebound:Prepare"],"picked":"Slimebound:SplitAcid+1","floor":19},{"not_picked":["Slimebound:SplitAcid","Slimebound:LivingWall"],"picked":"Slimebound:DisruptingSlam+1","floor":20},{"not_picked":["Slimebound:Chomp","Slimebound:RollThrough+1","Slimebound:Prepare"],"picked":"SKIP","floor":21},{"not_picked":["Slimebound:RollThrough+1","Slimebound:Equalize","Slimebound:SlimeSpikes"],"picked":"SKIP","floor":22},{"not_picked":["Slimebound:SplitLeeching","Slimebound:Prepare"],"picked":"Slimebound:TagTeam","floor":31},{"not_picked":["Slimebound:SplitAcid","Slimebound:Schlurp"],"picked":"Slimebound:SplitMire","floor":32},{"not_picked":["Slimebound:Darklings","Slimebound:SelfFormingGoo"],"picked":"Slimebound:FirmFortitude","floor":33},{"not_picked":["Slimebound:ComboTackle","Slimebound:SplitLeeching+1"],"picked":"Slimebound:Equalize+1","floor":36},{"not_picked":["Slimebound:SplitAcid+1","Slimebound:Schlurp+1"],"picked":"Slimebound:Repurpose","floor":37},{"not_picked":["Slimebound:SlimeSpikes+1","Slimebound:SamplingLick+1"],"picked":"Slimebound:FormOfPuddle","floor":38},{"not_picked":["Slimebound:FinishingTackle+1","Slimebound:PrepareCrush"],"picked":"Slimebound:LevelUp+1","floor":39},{"not_picked":["Slimebound:LivingWall","Slimebound:Schlurp"],"picked":"Slimebound:Dissolve+1","floor":44},{"not_picked":["Slimebound:LivingWall+1","Slimebound:ComboTackle"],"picked":"Slimebound:Nibble","floor":47},{"not_picked":["Slimebound:FlameTackle+1","Slimebound:Schlurp+1","Slimebound:FinishingTackle+1"],"picked":"SKIP","floor":49}],"player_experience":368242,"relics_obtained":[{"floor":7.0,"key":"Letter Opener"},{"floor":10.0,"key":"ReplayTheSpireMod:TigerMarble"},{"floor":14,"key":"Counterbalance"},{"floor":24,"key":"Omamori"},{"floor":31,"key":"PreservedInsect"},{"floor":41,"key":"Smiling Mask"},{"floor":48,"key":"The Courier"}],"event_choices":[{"damage_healed":0,"gold_gain":0,"player_choice":"Stole Relic","damage_taken":0,"relics_obtained":["Happy Flower"],"max_hp_gain":0,"max_hp_loss":0,"event_name":"Addict","floor":25,"gold_loss":0,"cards_obtained":["Pride"]},{"damage_healed":21,"gold_gain":0,"player_choice":"Heal","damage_taken":0,"max_hp_gain":0,"max_hp_loss":0,"event_name":"The Library","floor":26,"gold_loss":0},{"damage_healed":0,"gold_gain":0,"player_choice":"Relic","damage_taken":0,"max_hp_gain":0,"max_hp_loss":0,"event_name":"Wheel of Change","floor":48,"gold_loss":0}],"is_beta":false,"boss_relics":[{"not_picked":["Velvet Choker","Cursed Key"],"picked":"Slimebound:AbsorbEndCombatUpgraded"},{"not_picked":["Pandora\u0027s Box","Black Star"],"picked":"Philosopher\u0027s Stone"}],"items_purged_floors":[19],"is_endless":false,"potions_floor_spawned":[2,4,14,31,32,36,37,44,47],"ascension_level":0}}