{"host":"56xwnffi6e9z5l58","time":1612541204,"event":{"mods":["Aspiration","BaseMod","Better Match","Better Note","Better Sensory Stone","BetterRewards","Colored Map","Colored Powertips","Conspire","Downfall","GifTheSpireLib","Hermit","Highlight Path","Hubris","Infinite Spire","Key Reminder","Minty Spire (QoL Compilation)","Permanent Neow","Quick Restart","Rare Cards Sparkle","Replay The Spire","StSLib","Stuff the Spire","SuperFastMode","Unceasing Turn Reminder"],"gold_per_floor":[99,124,150,10,32,32,55,55,55,48,48,73,73,100,122,223,223,223,249,271,546,546,546],"floor_reached":22,"language":"ENG","playtime":807,"items_purged":[],"score":185,"play_id":"d9547ec4-683d-48e4-9587-4a19088bb955","local_time":"20210206000644","is_ascension_mode":true,"campfire_choices":[{"data":"hermit:Snapshot","floor":1,"key":"SMITH"},{"data":"expansioncontent:AwakenDeath","floor":9,"key":"SMITH"},{"data":"hermit:LuckOfTheDraw","floor":11,"key":"SMITH"},{"data":"hermit:TakeCover","floor":13,"key":"SMITH"},{"data":"hermit:FromBeyond","floor":18,"key":"SMITH"}],"circlet_count":0,"master_deck":["hermit:Strike_Hermit","hermit:Strike_Hermit","hermit:Strike_Hermit","hermit:Defend_Hermit","hermit:Defend_Hermit","hermit:Defend_Hermit","hermit:Defend_Hermit","hermit:Snapshot+1","hermit:Covet","hermit:Brawl","hermit:Determination","hermit:Malice+1","hermit:Ricochet+1","expansioncontent:AwakenDeath+1","hermit:LuckOfTheDraw+1","hermit:TakeCover+1","hermit:BigShot","hermit:Adapt","hermit:FromBeyond+1","hermit:Combo","hermit:Determination+1","Regret"],"relics":["hermit:Momento","Replay:Bandana","Pen Nib","bronze:MakeshiftBattery"],"acts_visited":["Exordium","TheCity"],"potions_floor_usage":[10,16,16],"damage_taken":[{"damage":1,"enemies":"Cultist","floor":2,"turns":3},{"damage":8,"enemies":"Jaw Worm","floor":3,"turns":3},{"damage":5,"enemies":"downfall:FleeingMerchant","floor":4,"turns":4},{"damage":3,"enemies":"2 Louse","floor":5,"turns":3},{"damage":15,"enemies":"downfall:FleeingMerchant","floor":10,"turns":4},{"damage":13,"enemies":"Lots of Slimes","floor":12,"turns":2},{"damage":0,"enemies":"Exordium Wildlife","floor":14,"turns":3},{"damage":13,"enemies":"Gremlin Gang","floor":15,"turns":6},{"damage":29,"enemies":"DF_ARCHETYPE_STREAMLINE","floor":16,"turns":10},{"damage":60,"enemies":"conspire:FuzzyDice","floor":19,"turns":8},{"damage":43,"enemies":"3 Byrds","floor":20,"turns":8},{"damage":0,"enemies":"Cultist and Chosen","floor":22,"turns":1}],"seed_played":"-7055316281676109212","potions_obtained":[{"floor":2,"key":"DistilledChaos"},{"floor":12,"key":"SkillPotion"},{"floor":14,"key":"champ:CounterPotion"},{"floor":20,"key":"Block Potion"}],"is_trial":false,"path_per_floor":["R","M","M","$","M","?","T","?","R","$","R","M","R","M","M","B",null,"R","M","M","?","M"],"character_chosen":"HERMIT","items_purchased":["hermit:Ricochet+1","expansioncontent:AwakenDeath"],"campfire_rested":0,"item_purchase_floors":[4,4],"current_hp_per_floor":[75,74,66,61,58,58,58,58,58,43,43,30,30,30,17,23,75,75,15,10,10,10,10],"gold":546,"neow_bonus":"RANDOM_COMMON_RELIC","is_daily":false,"chose_seed":false,"campfire_upgraded":5,"win_rate":0.0,"timestamp":1612541204,"path_taken":["R","M","?","$","M","?","T","?","R","$","R","M","R","?","M","BOSS","R","M","M","?","M"],"items_purchased_type":["Card","Card"],"build_version":"2020-12-22","purchased_purges":0,"victory":false,"max_hp_per_floor":[75,75,75,75,75,75,75,75,75,75,75,75,75,75,75,75,75,75,75,75,75,75,75],"card_choices":[{"not_picked":["hermit:ItchyTrigger","hermit:WideOpen"],"picked":"hermit:Brawl","floor":2},{"not_picked":["hermit:BodyArmor","hermit:Dive"],"picked":"hermit:Determination","floor":3},{"not_picked":["hermit:WideOpen","hermit:Desperado"],"picked":"hermit:Malice","floor":4},{"not_picked":["hermit:Manifest","hermit:HighCaliber","hermit:Purgatory"],"picked":"SKIP","floor":5},{"not_picked":["hermit:Manifest","hermit:LoneWolf"],"picked":"hermit:LuckOfTheDraw","floor":10},{"not_picked":["hermit:HighCaliber","hermit:Headshot"],"picked":"hermit:TakeCover","floor":12},{"not_picked":["hermit:LowProfile","hermit:Misfire"],"picked":"hermit:BigShot","floor":14},{"not_picked":["hermit:Feint","hermit:BodyArmor"],"picked":"hermit:Adapt","floor":15},{"not_picked":["hermit:Purgatory","hermit:Adapt"],"picked":"hermit:FromBeyond","floor":16},{"not_picked":["hermit:Glare","hermit:LowProfile"],"picked":"hermit:Combo","floor":19},{"not_picked":["hermit:Ricochet","hermit:Shortfuse"],"picked":"hermit:Determination+1","floor":20}],"player_experience":1016322,"relics_obtained":[{"floor":7,"key":"Pen Nib"}],"event_choices":[{"cards_removed":["hermit:Strike_Hermit"],"damage_healed":0,"gold_gain":0,"player_choice":"Card Removal","damage_taken":0,"max_hp_gain":0,"max_hp_loss":0,"event_name":"The Cleric","floor":6,"gold_loss":0}],"is_beta":false,"boss_relics":[{"not_picked":["Velvet Choker","Calling Bell"],"picked":"bronze:MakeshiftBattery"}],"items_purged_floors":[],"is_endless":false,"potions_floor_spawned":[2,12,14,20],"killed_by":"Cultist and Chosen","ascension_level":1}}