{"host":"3a1ypf1irl30q4k8","time":1612544242,"event":{"mods":["AchievementEnabler","BaseMod","Bestiary","Minty Spire (QoL Compilation)","Relic Stats","ojb\u0027s Better Paths Mod","ojb\u0027s Info Mod"],"gold_per_floor":[110,126,36,55,66,66,66,66,66,78,109,109,125,135,135,233,233,249,1,12,31,121,121,153,171,171,171,188,219,234,245,245,342,342,357,372,372,391,407,407,424,454,454,8,8,21,55,65,65,65,65,65,15,41,41,41],"floor_reached":55,"language":"ENG","playtime":3724,"items_purged":["Pain"],"score":1115,"play_id":"947b8040-b7d1-44ff-8259-84a43462eea0","local_time":"20210205165722","is_ascension_mode":true,"campfire_choices":[{"data":"Omniscience","floor":6.0,"key":"SMITH"},{"data":"Conclude","floor":8.0,"key":"SMITH"},{"floor":15.0,"key":"REST"},{"floor":23,"key":"REST"},{"data":"FollowUp","floor":27,"key":"SMITH"},{"floor":32,"key":"REST"},{"data":"WreathOfFlame","floor":40,"key":"SMITH"},{"floor":45,"key":"REST"},{"floor":49,"key":"RECALL"},{"data":"SpiritShield","floor":52,"key":"SMITH"}],"circlet_count":0,"master_deck":["Strike_P","Defend_P","Defend_P","Defend_P","Defend_P","Eruption","Vigilance","Omniscience+1","Tantrum","FollowUp+1","Conclude+1","CutThroughFate","Evaluate","Crescendo+1","CrushJoints+1","InnerPeace","InnerPeace","CrushJoints+1","ThirdEye","CutThroughFate+1","Ragnarok+1","Tantrum+1","FollowUp+1","TalkToTheHand+1","Consecrate+1","DeceiveReality","Halt","EmptyFist+1","SashWhip+1","FollowUp+1","WreathOfFlame+1","ClearTheMind+1","Scrawl","ThirdEye+1","Halt+1","SpiritShield+1","Indignation+1","WaveOfTheHand+1","Tantrum+1","Omniscience","ClearTheMind+1","Omniscience+1","WaveOfTheHand+1","Halt+1","FearNoEvil+1","Ragnarok+1","Halt+1"],"relics":["PureWater","Molten Egg 2","Prayer Wheel","WarpedTongs","Runic Pyramid","GoldenEye","Matryoshka","Bag of Marbles","Astrolabe","Art of War","War Paint","Lizard Tail","Yang","Gremlin Horn"],"acts_visited":["Exordium","TheCity","TheBeyond","TheEnding"],"potions_floor_usage":[21,29,33,33,33,39,41,42,48,55,55,55],"damage_taken":[{"damage":11.0,"enemies":"Jaw Worm","floor":1.0,"turns":5.0},{"damage":4.0,"enemies":"Small Slimes","floor":2.0,"turns":2.0},{"damage":0.0,"enemies":"Cultist","floor":4.0,"turns":2.0},{"damage":5.0,"enemies":"Blue Slaver","floor":5.0,"turns":4.0},{"damage":0.0,"enemies":"Gremlin Gang","floor":10.0,"turns":1.0},{"damage":27.0,"enemies":"Lagavulin","floor":11.0,"turns":4.0},{"damage":18.0,"enemies":"Exordium Wildlife","floor":13.0,"turns":3.0},{"damage":0.0,"enemies":"Red Slaver","floor":14.0,"turns":2.0},{"damage":4.0,"enemies":"Slime Boss","floor":16.0,"turns":3.0},{"damage":0.0,"enemies":"3 Byrds","floor":18.0,"turns":2.0},{"damage":0.0,"enemies":"Spheric Guardian","floor":20.0,"turns":1.0},{"damage":18,"enemies":"Snake Plant","floor":21,"turns":4},{"damage":0,"enemies":"Gremlin Leader","floor":24,"turns":4},{"damage":7,"enemies":"Centurion and Healer","floor":25,"turns":4},{"damage":0,"enemies":"Snecko","floor":28,"turns":2},{"damage":0,"enemies":"Book of Stabbing","floor":29,"turns":4},{"damage":0,"enemies":"3 Cultists","floor":30,"turns":1},{"damage":0,"enemies":"Snake Plant","floor":31,"turns":1},{"damage":53,"enemies":"Collector","floor":33,"turns":8},{"damage":7,"enemies":"3 Darklings","floor":35,"turns":3},{"damage":0,"enemies":"Orb Walker","floor":36,"turns":4},{"damage":2,"enemies":"3 Darklings","floor":38,"turns":4},{"damage":0,"enemies":"Jaw Worm Horde","floor":39,"turns":3},{"damage":13,"enemies":"Transient","floor":41,"turns":5},{"damage":28,"enemies":"Reptomancer","floor":42,"turns":3},{"damage":0,"enemies":"Maw","floor":46,"turns":1},{"damage":0,"enemies":"Giant Head","floor":47,"turns":4},{"damage":17,"enemies":"Spire Growth","floor":48,"turns":4},{"damage":15,"enemies":"Donu and Deca","floor":50,"turns":6},{"damage":21,"enemies":"Shield and Spear","floor":54,"turns":4},{"damage":42,"enemies":"The Heart","floor":55,"turns":3}],"seed_played":"4117723377516836483","potions_obtained":[{"floor":1.0,"key":"Swift Potion"},{"floor":5.0,"key":"PowerPotion"},{"floor":11.0,"key":"Energy Potion"},{"floor":14.0,"key":"StancePotion"},{"floor":24,"key":"Block Potion"},{"floor":25,"key":"Regen Potion"},{"floor":29,"key":"EssenceOfSteel"},{"floor":33,"key":"SpeedPotion"},{"floor":35,"key":"SpeedPotion"},{"floor":38,"key":"PowerPotion"},{"floor":39,"key":"Explosive Potion"},{"floor":47,"key":"CultistPotion"},{"floor":54,"key":"Ambrosia"}],"is_trial":false,"path_per_floor":["M","M","$","M","M","R","?","R","T","M","E","?","M","M","R","B",null,"M","$","M","M","?","R","E","M","T","R","M","E","M","M","R","B",null,"M","M","?","M","M","R","M","E","T","$","R","M","E","M","R","B",null,"R","$","E","B"],"character_chosen":"WATCHER","items_purchased":["Conclude","CutThroughFate","TalkToTheHand+1","Consecrate+1","DeceiveReality","Lizard Tail","Ragnarok+1","FearPotion"],"campfire_rested":4,"item_purchase_floors":[3,3,19,19,19,44,44,53],"current_hp_per_floor":[61,57,57,57,52,52,52,52,52,52,25,25,7,7,28,24,60,60,60,60,42,30,51,51,44,44,44,44,56,56,56,72,19,59,52,52,52,50,50,50,37,9,9,9,30,30,30,13,13,36,63,63,63,42,0,0],"gold":41,"neow_bonus":"ONE_RANDOM_RARE_CARD","is_daily":false,"chose_seed":false,"campfire_upgraded":5,"win_rate":0.0,"timestamp":1612544242,"path_taken":["M","M","$","M","M","R","?","R","T","M","E","?","?","M","R","BOSS","M","$","M","M","?","R","E","M","T","R","?","E","M","M","R","BOSS","M","?","?","M","M","R","M","E","T","$","R","?","E","M","R","BOSS","R","$","E","BOSS"],"items_purchased_type":["Card","Card","Card","Card","Card","Relic","Card","Potion"],"build_version":"2020-12-22","purchased_purges":1,"victory":false,"max_hp_per_floor":[72,72,72,72,72,72,72,72,72,72,72,72,72,72,72,72,72,72,72,72,72,72,72,72,72,72,72,72,72,72,72,72,72,72,72,72,72,72,72,72,72,72,72,72,72,72,72,72,72,72,72,72,72,72,72,72],"relic_stats":{"Lizard Tail":36,"Gremlin Horn":[0,0],"counters":[31,101],"Astrolabe":["Indignation","WaveOfTheHand","Tantrum"],"Prayer Wheel":16,"Yang":[49],"Art of War":[2],"War Paint":["ClearTheMind","Crescendo"],"GoldenEye":[62],"obtain_stats":[{"Gremlin Horn":54,"Astrolabe":34,"Yang":47,"War Paint":43,"GoldenEye":24,"WarpedTongs":12,"Lizard Tail":44,"Matryoshka":26,"Molten Egg 2":9,"Prayer Wheel":11,"Bag of Marbles":29,"Art of War":42,"PureWater":0,"Runic Pyramid":17},{"Gremlin Horn":30,"Astrolabe":19,"Yang":27,"War Paint":25,"GoldenEye":13,"WarpedTongs":6,"Lizard Tail":25,"Matryoshka":14,"Molten Egg 2":4,"Prayer Wheel":6,"Bag of Marbles":16,"Art of War":25,"PureWater":0,"Runic Pyramid":9},{"Gremlin Horn":98,"Astrolabe":57,"Yang":84,"War Paint":79,"GoldenEye":37,"WarpedTongs":18,"Lizard Tail":79,"Matryoshka":41,"Molten Egg 2":13,"Prayer Wheel":18,"Bag of Marbles":47,"Art of War":79,"PureWater":0,"Runic Pyramid":26}],"WarpedTongs":[81]},"card_choices":[{"not_picked":["Meditate","Wireheading"],"picked":"Tantrum","floor":1.0},{"not_picked":["ForeignInfluence","Vengeance"],"picked":"FollowUp","floor":2.0},{"not_picked":["CutThroughFate","SashWhip"],"picked":"Evaluate","floor":4.0},{"not_picked":["Consecrate","Evaluate"],"picked":"Crescendo","floor":5.0},{"not_picked":["SignatureMove+1","Swivel"],"picked":"CrushJoints+1","floor":10.0},{"not_picked":["Perseverance","LikeWater"],"picked":"InnerPeace","floor":11.0},{"not_picked":["Indignation","SashWhip+1"],"picked":"InnerPeace","floor":13.0},{"not_picked":["ConjureBlade","JustLucky+1"],"picked":"CrushJoints+1","floor":13.0},{"not_picked":["Prostrate","JustLucky+1"],"picked":"ThirdEye","floor":14.0},{"not_picked":["ForeignInfluence","PathToVictory"],"picked":"CutThroughFate+1","floor":14.0},{"not_picked":["Judgement","ConjureBlade"],"picked":"Ragnarok+1","floor":16.0},{"not_picked":["CrushJoints+1","ClearTheMind"],"picked":"Tantrum+1","floor":18.0},{"not_picked":["Tantrum+1","FlurryOfBlows+1"],"picked":"FollowUp+1","floor":18.0},{"not_picked":["Crescendo","CrushJoints+1"],"picked":"Halt","floor":20.0},{"not_picked":["BowlingBash+1","Evaluate"],"picked":"EmptyFist+1","floor":20.0},{"not_picked":["Perseverance","WindmillStrike+1"],"picked":"SashWhip+1","floor":21},{"not_picked":["Evaluate","WreathOfFlame"],"picked":"FollowUp+1","floor":21},{"not_picked":["Tantrum+1","Collect"],"picked":"WreathOfFlame","floor":24},{"not_picked":["Worship","JustLucky+1"],"picked":"ClearTheMind","floor":25},{"not_picked":["CutThroughFate+1","JustLucky+1","FollowUp+1"],"picked":"SKIP","floor":25},{"not_picked":["EmptyMind","FlyingSleeves+1"],"picked":"Scrawl","floor":28},{"not_picked":["DeceiveReality","EmptyFist+1"],"picked":"ThirdEye+1","floor":28},{"not_picked":["CutThroughFate+1","CrushJoints+1","Adaptation"],"picked":"SKIP","floor":29},{"not_picked":["JustLucky+1","Weave+1","SandsOfTime+1"],"picked":"SKIP","floor":30},{"not_picked":["PathToVictory","Halt+1","Protect"],"picked":"SKIP","floor":30},{"not_picked":["Crescendo+1","CutThroughFate+1"],"picked":"Halt+1","floor":31},{"not_picked":["CutThroughFate+1","WindmillStrike+1","Nirvana"],"picked":"SKIP","floor":31},{"not_picked":["Devotion","DeusExMachina"],"picked":"SpiritShield","floor":33},{"not_picked":["WaveOfTheHand","FlyingSleeves+1"],"picked":"Omniscience","floor":35},{"not_picked":["ClearTheMind","JustLucky+1","EmptyFist+1"],"picked":"SKIP","floor":35},{"not_picked":["JustLucky+1","PathToVictory+1"],"picked":"ClearTheMind+1","floor":36},{"not_picked":["Swivel","JustLucky+1","Pray+1"],"picked":"SKIP","floor":36},{"not_picked":["Consecrate+1","BowlingBash+1","Prostrate"],"picked":"SKIP","floor":38},{"not_picked":["SignatureMove+1","Evaluate+1","Swivel"],"picked":"SKIP","floor":38},{"not_picked":["EmptyBody","CutThroughFate+1"],"picked":"WaveOfTheHand+1","floor":39},{"not_picked":["Alpha","Sanctity","ForeignInfluence"],"picked":"SKIP","floor":39},{"not_picked":["Prostrate+1","ClearTheMind"],"picked":"Halt+1","floor":41},{"not_picked":["Pray+1","Fasting2+1"],"picked":"FearNoEvil+1","floor":41},{"not_picked":["EmptyFist+1","Halt","Prostrate+1"],"picked":"SKIP","floor":42},{"not_picked":["FlurryOfBlows+1","Nirvana+1","Tantrum+1"],"picked":"SKIP","floor":46},{"not_picked":["ThirdEye","DeusExMachina","CrushJoints+1"],"picked":"SKIP","floor":46},{"not_picked":["WindmillStrike+1","PathToVictory+1","Protect+1"],"picked":"SKIP","floor":47},{"not_picked":["Indignation","Crescendo","Fasting2"],"picked":"SKIP","floor":48},{"not_picked":["PathToVictory","JustLucky+1","ClearTheMind"],"picked":"SKIP","floor":48},{"not_picked":["Wireheading+1","WindmillStrike+1"],"picked":"Halt+1","floor":54}],"player_experience":1340330,"relics_obtained":[{"floor":9.0,"key":"Molten Egg 2"},{"floor":11.0,"key":"Prayer Wheel"},{"floor":24,"key":"GoldenEye"},{"floor":26,"key":"Matryoshka"},{"floor":29,"key":"Bag of Marbles"},{"floor":42,"key":"Art of War"},{"floor":43,"key":"War Paint"},{"floor":47,"key":"Yang"},{"floor":54,"key":"Gremlin Horn"}],"event_choices":[{"damage_healed":0.0,"max_hp_gain":0.0,"max_hp_loss":0.0,"gold_gain":0.0,"event_name":"Scrap Ooze","player_choice":"Fled","floor":7.0,"gold_loss":0.0,"damage_taken":0.0},{"damage_healed":0.0,"max_hp_gain":0.0,"max_hp_loss":0.0,"gold_gain":0.0,"event_name":"Accursed Blacksmith","player_choice":"Rummage","floor":12.0,"gold_loss":0.0,"damage_taken":0.0,"relics_obtained":["WarpedTongs"],"cards_obtained":["Pain"]},{"damage_healed":0,"gold_gain":90,"player_choice":"GOLD ","damage_taken":12,"max_hp_gain":0,"max_hp_loss":0,"event_name":"Knowing Skull","floor":22,"potions_obtained":[],"gold_loss":0,"cards_obtained":[]},{"damage_healed":0,"gold_gain":0,"player_choice":"Copied","damage_taken":0,"max_hp_gain":0,"max_hp_loss":0,"event_name":"Duplicator","floor":37,"gold_loss":0,"cards_obtained":["Omniscience"]}],"is_beta":false,"boss_relics":[{"not_picked":["Black Star","Philosopher\u0027s Stone"],"picked":"Runic Pyramid"},{"not_picked":["Velvet Choker","Runic Dome"],"picked":"Astrolabe"}],"items_purged_floors":[19],"is_endless":false,"potions_floor_spawned":[1,5,11,14,24,25,28,29,33,35,38,39,47,54],"killed_by":"The Heart","ascension_level":5}}