{"host":"6rz02yiipefhcw4r","time":1612509752,"event":{"mods":["2.2 Compatiblity","Arknights","BaseMod","Better Match","Better Third Choice","Better Vampires","BetterRewards","Block Reminder","Colored Map","Curses Come First","DeckTracker","Googly Eyes","Hubris","Minty Spire (QoL Compilation)","Quick Restart","Rare Cards Sparkle","Reliquary","Shade Mod","Spicy Shops","StSLib","The Bladedancer","The Cursed","The Marked","The Necromancer","The Runesmith"],"gold_per_floor":[115,115,165,181,17,53,74,74,129,144,40,58,97,97,97,192,192,213,263,263,287,287,287],"floor_reached":22,"language":"ENG","playtime":1058,"items_purged":["Strike_G"],"score":438,"play_id":"a98b5eea-ea9b-444e-8379-82a3a0c0dd7d","local_time":"20210205052232","is_ascension_mode":true,"campfire_choices":[{"data":"Wraith Form v2","floor":8.0,"key":"SMITH"},{"floor":15,"key":"REST"}],"circlet_count":0,"master_deck":["AscendersBane","Strike_G","Strike_G","Strike_G","Strike_G","Defend_G","Defend_G","Defend_G","Defend_G","Defend_G","Survivor","Neutralize","Blade Dance","All Out Attack","Wraith Form v2+1","Caltrops","Cloak And Dagger","Deadly Poison+1","Well Laid Plans","Die Die Die","Malaise","Blade Dance","Noxious Fumes","Bane"],"relics":["Ring of the Snake","NeowsBlessing","Golden Idol","Smiling Mask","reliquary:Knoch","Eternal Feather","reliquary:RedCape"],"acts_visited":["Exordium","TheCity"],"potions_floor_usage":[13,16,22,22],"damage_taken":[{"damage":0.0,"enemies":"Cultist","floor":1.0,"turns":1.0},{"damage":0.0,"enemies":"Jaw Worm","floor":4.0,"turns":1.0},{"damage":0.0,"enemies":"Lagavulin","floor":6.0,"turns":1.0},{"damage":4.0,"enemies":"2 Louse","floor":7.0,"turns":3.0},{"damage":5.0,"enemies":"2 Fungi Beasts","floor":10.0,"turns":4.0},{"damage":10,"enemies":"3 Louse","floor":12,"turns":6},{"damage":15,"enemies":"3 Sentries","floor":13,"turns":6},{"damage":25,"enemies":"Slime Boss","floor":16,"turns":11},{"damage":12,"enemies":"3 Byrds","floor":18,"turns":4},{"damage":21,"enemies":"Chosen","floor":21,"turns":7},{"damage":19,"enemies":"3 Cultists","floor":22,"turns":4}],"seed_played":"-3354613839312940902","potions_obtained":[{"floor":4.0,"key":"Fire Potion"},{"floor":7.0,"key":"Fire Potion"},{"floor":13,"key":"EssenceOfSteel"},{"floor":16,"key":"EssenceOfSteel"}],"is_trial":false,"path_per_floor":["M","?","?","M","$","E","M","R","T","M","$","M","E","?","R","B",null,"M","?","?","M","M"],"character_chosen":"THE_SILENT","items_purchased":["Wraith Form v2","Well Laid Plans"],"campfire_rested":1,"item_purchase_floors":[5,11],"current_hp_per_floor":[59,59,53,53,53,53,49,49,49,44,44,34,19,19,49,24,51,39,39,39,18,0,0],"gold":287,"neow_bonus":"THREE_ENEMY_KILL","is_daily":false,"chose_seed":false,"campfire_upgraded":1,"win_rate":0.0,"timestamp":1612509752,"path_taken":["M","?","?","?","$","E","M","R","T","M","$","?","E","?","R","BOSS","M","?","?","M","?"],"items_purchased_type":["Card","Card"],"build_version":"2020-12-22","purchased_purges":1,"victory":false,"max_hp_per_floor":[66,60,60,60,60,60,60,60,60,60,60,60,60,60,60,60,60,60,60,60,60,60,60],"card_choices":[{"not_picked":["Slice","Expertise"],"picked":"Blade Dance","floor":1.0},{"not_picked":["Dodge and Roll","Dagger Throw"],"picked":"All Out Attack","floor":4.0},{"not_picked":["Catalyst","Underhanded Strike"],"picked":"Caltrops","floor":6.0},{"not_picked":["Concentrate","Accuracy"],"picked":"Cloak And Dagger","floor":7.0},{"not_picked":["Finisher","Night Terror"],"picked":"Deadly Poison","floor":10.0},{"not_picked":["Outmaneuver","Slice","Dagger Throw"],"picked":"SKIP","floor":12},{"not_picked":["PiercingWail","Blur"],"picked":"Die Die Die","floor":13},{"not_picked":["Burst","Venomology"],"picked":"Malaise","floor":16},{"not_picked":["Acrobatics","Finisher"],"picked":"Blade Dance","floor":18},{"not_picked":["Riddle With Holes","Eviscerate"],"picked":"Bane","floor":21}],"player_experience":806238,"relics_obtained":[{"floor":6.0,"key":"Smiling Mask"},{"floor":9.0,"key":"reliquary:Knoch"},{"floor":13,"key":"Eternal Feather"}],"event_choices":[{"damage_healed":0.0,"max_hp_gain":0.0,"max_hp_loss":6.0,"gold_gain":0.0,"event_name":"Golden Idol","player_choice":"Lose Max HP","floor":2.0,"gold_loss":0.0,"damage_taken":0.0,"relics_obtained":["Golden Idol"]},{"damage_healed":0.0,"max_hp_gain":0.0,"max_hp_loss":0.0,"gold_gain":50.0,"event_name":"FaceTrader","player_choice":"Touch","floor":3.0,"gold_loss":0.0,"damage_taken":6.0},{"damage_healed":0,"gold_gain":50,"player_choice":"Steal","damage_taken":0,"max_hp_gain":0,"max_hp_loss":0,"event_name":"betterThird:BetterNest","floor":19,"gold_loss":0},{"damage_healed":0,"gold_gain":0,"player_choice":"Read","damage_taken":0,"max_hp_gain":0,"max_hp_loss":0,"event_name":"The Library","floor":20,"gold_loss":0,"cards_obtained":["Noxious Fumes"]}],"is_beta":false,"boss_relics":[{"not_picked":["Philosopher\u0027s Stone","Black Star"],"picked":"reliquary:RedCape"}],"items_purged_floors":[11],"is_endless":false,"potions_floor_spawned":[4,7,13,16,18],"killed_by":"3 Cultists","ascension_level":20}}