{"host":"4gr5irrdjh39ysed","time":1612499304,"event":{"mods":["AchievementEnabler","BaseMod","Colored Map","Downfall","Hermit","Minty Spire (QoL Compilation)","Random Character Button","StSLib","The Construct","The Cursed","The Disciple","The Hierophant","The Mystic","The Necromancer","The Runesmith"],"gold_per_floor":[116,41,41,60,73,99,99,128,128,158,158,58,58,83,83,155,155,173,48,48,58,58,85,98,98,122,154,65,98,98,118,118,196,196,212,224,60,60,72,98,110,149,149,184,184,194,194,221,221,221,221,221,57,96,96],"floor_reached":56,"language":"ENG","playtime":2489,"items_purged":["Defend_G","Defend_G","Defend_G"],"score":2288,"play_id":"4a31528d-ea5a-4446-b613-df81913df562","local_time":"20210204212824","is_ascension_mode":true,"campfire_choices":[{"floor":7,"key":"RECALL"},{"data":"Corpse Explosion","floor":11,"key":"SMITH"},{"data":"Endless Agony","floor":15,"key":"SMITH"},{"data":"Envenom","floor":25,"key":"SMITH"},{"data":"Catalyst","floor":30,"key":"SMITH"},{"data":"Noxious Fumes","floor":32,"key":"SMITH"},{"data":"Sadistic Nature","floor":45,"key":"SMITH"},{"data":"Envenom","floor":49,"key":"SMITH"},{"data":"Choke","floor":52,"key":"SMITH"}],"circlet_count":0,"master_deck":["AscendersBane","Noxious Fumes+1","Catalyst+1","Backstab","Setup","Flying Knee","Corpse Explosion+1","Endless Agony+1","Envenom+1","Blade Dance+1","Bite","Bite","Bite","Bite","Caltrops","Caltrops","Corpse Explosion+1","Choke+1","Cloak And Dagger+1","Terror+1","Envenom+1","Violence+1","Backflip+1","Glass Knife+1","Catalyst+1","Choke","Dramatic Entrance","Bane","Sadistic Nature+1","Impatience+1","Bane","Predator","Distraction+1","Blade Dance+1","Glass Knife","Burst+1"],"relics":["Ring of the Snake","NeowsBlessing","Regal Pillow","Singing Bowl","Kunai","Oddly Smooth Stone","MealTicket","Coffee Dripper","Lizard Tail","Lantern","War Paint","Toxic Egg 2","Astrolabe","Bag of Marbles","CeramicFish","Snake Skull","Ornamental Fan","Art of War"],"acts_visited":["Exordium","TheCity","TheBeyond","TheEnding"],"potions_floor_usage":[8,10,16,23,31,40,44,50],"damage_taken":[{"damage":0,"enemies":"2 Louse","floor":1,"turns":1},{"damage":0,"enemies":"Cultist","floor":4,"turns":1},{"damage":0,"enemies":"Small Slimes","floor":5,"turns":1},{"damage":43,"enemies":"Gremlin Nob","floor":6,"turns":5},{"damage":40,"enemies":"3 Sentries","floor":8,"turns":8},{"damage":29,"enemies":"Lagavulin","floor":10,"turns":9},{"damage":44,"enemies":"Gremlin Nob","floor":14,"turns":5},{"damage":962,"enemies":"Hexaghost","floor":16,"turns":8},{"damage":12,"enemies":"3 Byrds","floor":18,"turns":3},{"damage":37,"enemies":"2 Thieves","floor":21,"turns":4},{"damage":27,"enemies":"Gremlin Leader","floor":23,"turns":7},{"damage":26,"enemies":"Chosen and Byrds","floor":24,"turns":5},{"damage":34,"enemies":"Slavers","floor":27,"turns":3},{"damage":28,"enemies":"Gremlin Leader","floor":29,"turns":5},{"damage":4,"enemies":"Centurion and Healer","floor":31,"turns":2},{"damage":59,"enemies":"Collector","floor":33,"turns":7},{"damage":8,"enemies":"3 Shapes","floor":35,"turns":1},{"damage":30,"enemies":"Orb Walker","floor":36,"turns":3},{"damage":36,"enemies":"Spire Growth","floor":39,"turns":3},{"damage":47,"enemies":"Giant Head","floor":40,"turns":6},{"damage":53,"enemies":"Maw","floor":41,"turns":5},{"damage":78,"enemies":"Reptomancer","floor":42,"turns":3},{"damage":46,"enemies":"Giant Head","floor":44,"turns":6},{"damage":36,"enemies":"4 Shapes","floor":46,"turns":3},{"damage":18,"enemies":"Nemesis","floor":48,"turns":3},{"damage":204,"enemies":"Time Eater","floor":50,"turns":10},{"damage":66,"enemies":"Shield and Spear","floor":54,"turns":4},{"damage":122,"enemies":"The Heart","floor":55,"turns":5}],"seed_played":"531337780455376128","potions_obtained":[{"floor":1,"key":"BlessingOfTheForge"},{"floor":4,"key":"SkillPotion"},{"floor":8,"key":"Ancient Potion"},{"floor":14,"key":"BlessingOfTheForge"},{"floor":18,"key":"champ:CounterPotion"},{"floor":29,"key":"Poison Potion"},{"floor":39,"key":"Energy Potion"},{"floor":40,"key":"CunningPotion"},{"floor":48,"key":"champ:CounterPotion"}],"is_trial":false,"path_per_floor":["M","$","?","M","M","E","R","E","T","E","R","$","?","E","R","B",null,"M","$","?","M","?","E","M","R","T","E","$","E","R","M","R","B",null,"M","M","$","?","M","E","M","E","T","E","R","M","?","E","R","B",null,"R","$","E","B",null],"character_chosen":"THE_SILENT","items_purchased":["Choke","Dramatic Entrance","Bane","Glass Knife"],"campfire_rested":0,"item_purchase_floors":[28,37,37,53],"current_hp_per_floor":[2059,2059,2059,2059,2059,2016,2016,1976,1976,1947,1947,1947,1940,1896,1896,934,1783,1771,1786,1446,1415,914,903,883,883,883,855,870,852,852,850,850,805,1290,1282,1258,1273,1268,1234,1193,1150,1076,1076,1038,1038,1004,1465,1451,1451,1255,1414,1414,1429,1367,1245],"gold":96,"neow_bonus":"THREE_ENEMY_KILL","is_daily":false,"chose_seed":false,"campfire_upgraded":8,"win_rate":0.0,"timestamp":1612499304,"path_taken":["M","$","?","?","M","E","R","E","T","E","R","$","?","E","R","BOSS","M","$","?","M","?","E","M","R","T","E","$","E","R","M","R","BOSS","M","M","$","?","M","E","M","E","T","E","R","M","?","E","R","BOSS","R","$","E","BOSS"],"items_purchased_type":["Card","Card","Card","Card"],"build_version":"2020-12-22","purchased_purges":3,"victory":true,"max_hp_per_floor":[2066,2066,2066,2066,2066,2066,2066,2066,2066,2066,2066,2066,2066,2066,2066,2066,2066,2066,2066,1446,1446,1451,1451,1451,1451,1451,1451,1451,1451,1451,1451,1451,1451,1451,1451,1451,1451,1451,1451,1451,1453,1453,1453,1453,1453,1455,1465,1467,1467,1467,1467,1467,1467,1467,1467],"card_choices":[{"not_picked":["Prepared","Dagger Spray"],"picked":"Noxious Fumes","floor":1},{"not_picked":["Outmaneuver","Setup"],"picked":"Catalyst","floor":4},{"not_picked":["Blur","Masterful Stab"],"picked":"Backstab","floor":5},{"not_picked":["Sucker Punch","Leg Sweep"],"picked":"Setup","floor":6},{"not_picked":["Masterful Stab","Reflex"],"picked":"Flying Knee","floor":8},{"not_picked":["PiercingWail","Eviscerate"],"picked":"Corpse Explosion","floor":10},{"not_picked":["Deflect","Cloak And Dagger"],"picked":"Endless Agony","floor":14},{"not_picked":["Storm of Steel","Burst"],"picked":"Envenom","floor":16},{"not_picked":["Heel Hook","Flying Knee"],"picked":"Blade Dance","floor":18},{"not_picked":["Dodge and Roll","Poisoned Stab+1"],"picked":"Caltrops","floor":21},{"not_picked":["Blur","Cloak And Dagger"],"picked":"Caltrops","floor":23},{"not_picked":["Deflect","Slice+1"],"picked":"Corpse Explosion","floor":24},{"not_picked":["Eviscerate","Infinite Blades"],"picked":"After Image","floor":27},{"not_picked":["Dagger Throw+1","Concentrate+1"],"picked":"Cloak And Dagger+1","floor":29},{"not_picked":["Poisoned Stab","PiercingWail+1"],"picked":"Terror+1","floor":31},{"not_picked":["Burst+1","Malaise+1"],"picked":"Envenom","floor":33},{"not_picked":["Deflect+1","Outmaneuver+1"],"picked":"Catalyst+1","floor":35},{"not_picked":["Masterful Stab+1","Concentrate+1"],"picked":"Choke","floor":36},{"not_picked":["Swift Strike","Violence+1"],"picked":"Sadistic Nature","floor":38},{"not_picked":["Purity+1","Good Instincts+1"],"picked":"Impatience+1","floor":38},{"not_picked":["Deflect+1","Sucker Punch"],"picked":"Bane","floor":39},{"not_picked":["Quick Slash","Backflip+1"],"picked":"Predator","floor":40},{"not_picked":["PiercingWail+1","Cloak And Dagger+1","Malaise+1"],"picked":"Singing Bowl","floor":41},{"not_picked":["Setup+1","Escape Plan+1"],"picked":"Distraction+1","floor":42},{"not_picked":["Crippling Poison+1","Blur+1"],"picked":"Blade Dance+1","floor":44},{"not_picked":["Bane+1","Slice","PiercingWail+1"],"picked":"Singing Bowl","floor":46},{"not_picked":["Flying Knee+1","Backstab","Poisoned Stab"],"picked":"Singing Bowl","floor":48},{"not_picked":["Quick Slash","Prepared+1"],"picked":"Burst+1","floor":54}],"player_experience":309809,"relics_obtained":[{"floor":6,"key":"Regal Pillow"},{"floor":8,"key":"Singing Bowl"},{"floor":9,"key":"Kunai"},{"floor":10,"key":"Oddly Smooth Stone"},{"floor":14,"key":"MealTicket"},{"floor":23,"key":"Lizard Tail"},{"floor":26,"key":"Lantern"},{"floor":27,"key":"War Paint"},{"floor":29,"key":"Toxic Egg 2"},{"floor":40,"key":"Bag of Marbles"},{"floor":42,"key":"CeramicFish"},{"floor":44,"key":"Snake Skull"},{"floor":48,"key":"Ornamental Fan"},{"floor":54,"key":"Art of War"}],"event_choices":[{"cards_removed":["Defend_G"],"damage_healed":0,"gold_gain":0,"player_choice":"Purged","damage_taken":0,"max_hp_gain":0,"max_hp_loss":0,"event_name":"Purifier","floor":3,"gold_loss":0},{"cards_removed":["Defend_G"],"damage_healed":0,"gold_gain":0,"player_choice":"Card Removal","damage_taken":7,"max_hp_gain":0,"max_hp_loss":0,"event_name":"Golden Wing","floor":13,"gold_loss":0},{"damage_healed":0,"gold_gain":0,"player_choice":"Became a vampire","damage_taken":0,"max_hp_gain":0,"max_hp_loss":620,"event_name":"Vampires","floor":20,"gold_loss":0,"cards_obtained":["Bite","Bite","Bite","Bite","Bite"]},{"damage_healed":0,"gold_gain":0,"player_choice":"Shed Blood","damage_taken":506,"max_hp_gain":5,"max_hp_loss":0,"event_name":"Forgotten Altar","floor":22,"gold_loss":0},{"damage_healed":0,"gold_gain":0,"player_choice":"Memory 2","damage_taken":5,"max_hp_gain":0,"max_hp_loss":0,"event_name":"SensoryStone","floor":38,"gold_loss":0},{"cards_removed":["After Image"],"damage_healed":451,"gold_gain":0,"player_choice":"Offered Rare","damage_taken":0,"max_hp_gain":10,"max_hp_loss":0,"event_name":"Bonfire Elementals","floor":47,"gold_loss":0}],"is_beta":false,"boss_relics":[{"not_picked":["Ectoplasm","Empty Cage"],"picked":"Coffee Dripper"},{"not_picked":["Pandora\u0027s Box","Tiny House"],"picked":"Astrolabe"}],"items_purged_floors":[2,12,19],"is_endless":false,"potions_floor_spawned":[1,4,8,14,18,21,29,39,40,42,48],"ascension_level":16}}