{"host":"0mk07bycsqo1qk03","time":1612509743,"event":{"mods":["BaseMod","Downfall","Hermit","Hubris","Minty Spire (QoL Compilation)","Replay The Spire","StSLib","The Cursed"],"gold_per_floor":[0,20,37,37,37,67,67,167,192,205,205,266,266,280,291,386,386,386,406,422,86,106,156,156,156,206,276,109,159,30,42,59,161,161,161,181,197,247,297,331,377,377,427,104,118,168,168,233,233,233],"floor_reached":51,"language":"ENG","playtime":2759,"items_purged":["downfall:Haunted"],"score":853,"play_id":"582063cf-8cca-40f4-9edc-6bb34458798c","local_time":"20210205082223","is_ascension_mode":true,"campfire_choices":[{"data":"champ:SwordThrow","floor":1.0,"key":"SMITH"},{"data":"champ:CheapShot","floor":11.0,"key":"SMITH"},{"data":"champ:FaceSlap","floor":13.0,"key":"SMITH"},{"data":"champ:Improvising","floor":25.0,"key":"SMITH"},{"floor":35.0,"key":"DIG"},{"data":"expansioncontent:StudyTheSpire","floor":42.0,"key":"SMITH"},{"floor":47,"key":"REST"},{"floor":49,"key":"REST"}],"circlet_count":0,"master_deck":["champ:Defend","champ:Execute","champ:Taunt","champ:SwordThrow+1","champ:FaceSlap+1","champ:AdrenalArmor","champ:CheapShot+1","champ:CrownThrow","champ:EnGarde","champ:BringItOn","champ:IgnorePain","Slimebound:Tackle+1","champ:Backstep","champ:Shatter+1","champ:Improvising+1","Finesse","champ:Duel","champ:StanceDance+1","champ:GladiatorStyle","champ:StrikeOfGenius","champ:Encircle","Decay","Hallucinations","champ:PreemptiveStrike","champ:GladiatorStyle+1","expansioncontent:StudyTheSpire+1","champ:DefensiveShout+1","champ:Circumvent+1","champ:CheapShot","champ:Devastate","champ:Haymaker","champ:DefensiveStyle","champ:StrikeOfGenius","champ:Lariat+1","champ:VampiricStrike"],"relics":["champ:ChampionCrown","hubris:Towel","Darkstone Periapt","Bottled Flame","downfall:CloakOfManyFaces","CultistMask","FaceOfCleric","NlothsMask","GremlinMask","SsserpentHead","Kunai","Kintsugi","Toolbox","champ:DefensiveTrainingManual","champ:GladiatorsBookOfMartialProwess","hubris:Backtick","Mummified Hand","hubris:TenFootPole","Torii","ReplayFunnel","hubris:Icosahedron","hubris:SlimyHat"],"acts_visited":["Exordium","TheCity","TheBeyond"],"potions_floor_usage":[48],"damage_taken":[{"damage":0.0,"enemies":"Jaw Worm","floor":2.0,"turns":2.0},{"damage":0.0,"enemies":"Small Slimes","floor":3.0,"turns":3.0},{"damage":46.0,"enemies":"Lagavulin","floor":6.0,"turns":6.0},{"damage":51.0,"enemies":"downfall:FaceTrader","floor":8.0,"turns":8.0},{"damage":16.0,"enemies":"Gremlin Nob","floor":9.0,"turns":4.0},{"damage":7.0,"enemies":"Cultist","floor":10.0,"turns":4.0},{"damage":10.0,"enemies":"2 Fungi Beasts","floor":12.0,"turns":3.0},{"damage":5.0,"enemies":"Blue Slaver","floor":14.0,"turns":2.0},{"damage":23.0,"enemies":"Exordium Thugs","floor":15.0,"turns":6.0},{"damage":59.0,"enemies":"DF_ARCHETYPE_STREAMLINE","floor":16.0,"turns":8.0},{"damage":23.0,"enemies":"Shell Parasite","floor":19.0,"turns":4.0},{"damage":6.0,"enemies":"Chosen","floor":20.0,"turns":4.0},{"damage":35.0,"enemies":"downfall:FleeingMerchant","floor":21.0,"turns":5.0},{"damage":20.0,"enemies":"Snecko","floor":22.0,"turns":5.0},{"damage":26.0,"enemies":"Shelled Parasite and Fungi","floor":27.0,"turns":5.0},{"damage":15.0,"enemies":"downfall:FleeingMerchant","floor":28.0,"turns":5.0},{"damage":60.0,"enemies":"downfall:FleeingMerchant","floor":30.0,"turns":5.0},{"damage":2.0,"enemies":"Snake Plant","floor":31.0,"turns":5.0},{"damage":62.0,"enemies":"3 Cultists","floor":32.0,"turns":6.0},{"damage":42.0,"enemies":"IC_MUSHROOM_ARCHETYPE","floor":33.0,"turns":10.0},{"damage":45.0,"enemies":"Orb Walker","floor":36.0,"turns":5.0},{"damage":11.0,"enemies":"3 Shapes","floor":37.0,"turns":3.0},{"damage":31.0,"enemies":"Reptomancer","floor":40.0,"turns":8.0},{"damage":12.0,"enemies":"downfall:FleeingMerchant","floor":44.0,"turns":5.0},{"damage":51,"enemies":"Jaw Worm Horde","floor":45,"turns":7},{"damage":21,"enemies":"Writhing Mass","floor":48,"turns":5},{"damage":70,"enemies":"SI_POISON_ARCHETYPE","floor":50,"turns":8}],"seed_played":"8584786160431135573","potions_obtained":[{"floor":3.0,"key":"Swift Potion"},{"floor":10.0,"key":"PowerPotion"},{"floor":14.0,"key":"sneckomod:MuddlingPotion"},{"floor":16.0,"key":"DuplicationPotion"},{"floor":19.0,"key":"BlessingOfTheForge"},{"floor":27.0,"key":"ColorlessPotion"},{"floor":37.0,"key":"champ:OpenerPotion"},{"floor":45,"key":"Swift Potion"},{"floor":48,"key":"Guardian:BlockOnCardUsePotion"}],"is_trial":false,"path_per_floor":["R","M","M","?","?","E","T","?","E","M","R","M","R","M","M","B",null,"R","M","M","$","M","?","T","R","?","M","$","?","$","M","M","B",null,"R","M","M","?","?","E","T","R","?","$","M","?","R","M","R","B",null],"character_chosen":"THE_CHAMP","items_purchased":["Toolbox","Finesse","champ:StrikeOfGenius","expansioncontent:StudyTheSpire","hubris:SlimyHat","champ:StrikeOfGenius"],"campfire_rested":2,"item_purchase_floors":[21,21,28,30,44,44],"current_hp_per_floor":[90,90,90,90,90,74,74,58,53,47,47,48,48,49,42,29,108,108,86,81,82,73,73,73,73,79,79,80,92,93,92,66,35,136,136,112,102,102,102,92,92,92,92,91,61,61,103,83,125,96],"gold":233,"neow_bonus":"THREE_RARE_CARDS","is_daily":false,"chose_seed":false,"campfire_upgraded":5,"win_rate":0.0,"timestamp":1612509743,"path_taken":["R","M","M","?","?","E","T","?","E","M","R","?","R","M","M","BOSS","R","M","M","$","M","?","T","R","?","?","$","?","?","M","M","BOSS","R","M","M","?","?","E","T","R","?","$","M","?","R","?","R","BOSS"],"items_purchased_type":["Relic","Card","Card","Card","Relic","Card"],"build_version":"2020-12-22","purchased_purges":1,"victory":true,"max_hp_per_floor":[90,90,90,90,90,90,90,90,91,92,92,93,93,94,95,96,108,108,109,110,111,112,112,112,112,118,119,120,132,133,134,135,136,136,136,137,138,138,138,139,139,139,139,140,141,141,141,142,142,143],"card_choices":[{"not_picked":["champ:ShieldThrow","champ:SteelEdge"],"picked":"champ:SwordThrow","floor":0.0},{"not_picked":["champ:ShieldSigil","champ:FlashCut"],"picked":"champ:FaceSlap","floor":2.0},{"not_picked":["champ:RapidStrikes","champ:EnragedBash"],"picked":"champ:AdrenalArmor","floor":3.0},{"not_picked":["champ:SetATrap","champ:CrownThrow","champ:PreemptiveStrike"],"picked":"SKIP","floor":6.0},{"not_picked":["champ:CrownThrow","champ:FocusedBerserking"],"picked":"champ:CheapShot","floor":8.0},{"not_picked":["champ:ShieldSigil","champ:FanOfKnives"],"picked":"champ:CrownThrow","floor":9.0},{"not_picked":["champ:Parry","champ:Haymaker"],"picked":"champ:StanceDance","floor":10.0},{"not_picked":["champ:Haymaker","champ:HeavySlash"],"picked":"champ:EnGarde","floor":12.0},{"not_picked":["champ:Haymaker","champ:GutPunch"],"picked":"champ:BringItOn","floor":14.0},{"not_picked":["champ:RisingSlash","champ:ShieldSigil","champ:PreemptiveStrike"],"picked":"SKIP","floor":15.0},{"not_picked":["champ:Devastate","champ:ShieldThrow"],"picked":"champ:IgnorePain","floor":16.0},{"not_picked":["champ:AdrenalArmor","champ:FocusedDefense"],"picked":"champ:Backstep","floor":19.0},{"not_picked":["champ:EnGarde","champ:Backstep"],"picked":"champ:Shatter+1","floor":20.0},{"not_picked":["champ:BerserkerStyle","champ:CalledShot"],"picked":"champ:Improvising","floor":21.0},{"not_picked":["champ:EnGarde+1","champ:ViciousMockery+1"],"picked":"champ:Duel","floor":22.0},{"not_picked":["champ:Shatter","champ:BladeFlurry"],"picked":"champ:StanceDance+1","floor":27.0},{"not_picked":["champ:Haymaker","champ:EnGarde"],"picked":"champ:GladiatorStyle","floor":28.0},{"not_picked":["champ:FocusedDefense","champ:EnGarde"],"picked":"champ:GladiatorStyle+1","floor":30.0},{"not_picked":["champ:RecklessLeap","champ:BladeFlurry+1"],"picked":"champ:DefensiveShout+1","floor":31.0},{"not_picked":["champ:Duel","champ:FocusedDefense"],"picked":"champ:Circumvent+1","floor":32.0},{"not_picked":["champ:EnchantShield","champ:HeavySlash"],"picked":"champ:CheapShot","floor":33.0},{"not_picked":["champ:CrookedStrike+1","champ:ShieldSigil"],"picked":"champ:Duel+1","floor":36.0},{"not_picked":["champ:TornadoPunch+1","champ:EnGarde+1","champ:RisingSlash+1"],"picked":"SKIP","floor":37.0},{"not_picked":["champ:FocusedBerserking","champ:FlashCut+1"],"picked":"champ:Haymaker","floor":40.0},{"not_picked":["champ:Haymaker","champ:CrownThrow+1"],"picked":"champ:DefensiveStyle","floor":44.0},{"not_picked":["champ:SwordSigil","champ:ShieldWall"],"picked":"champ:Lariat+1","floor":45},{"not_picked":["champ:DefensiveShout","champ:BladeFlurry"],"picked":"champ:VampiricStrike","floor":48}],"player_experience":1001246,"relics_obtained":[{"floor":6.0,"key":"Darkstone Periapt"},{"floor":7.0,"key":"Bottled Flame"},{"floor":8.0,"key":"downfall:CloakOfManyFaces"},{"floor":9.0,"key":"Kunai"},{"floor":24.0,"key":"champ:GladiatorsBookOfMartialProwess"},{"floor":35.0,"key":"hubris:TenFootPole"},{"floor":40.0,"key":"Torii"},{"floor":41.0,"key":"ReplayFunnel"}],"event_choices":[{"cards_removed":["champ:Strike"],"damage_healed":0.0,"max_hp_gain":0.0,"max_hp_loss":0.0,"gold_gain":0.0,"event_name":"The Cleric","player_choice":"Card Removal","floor":4.0,"gold_loss":0.0,"damage_taken":0.0},{"cards_removed":["champ:Duel"],"damage_healed":0.0,"max_hp_gain":0.0,"max_hp_loss":0.0,"gold_gain":0.0,"event_name":"Falling","player_choice":"Removed Attack","floor":38.0,"gold_loss":0.0,"damage_taken":0.0}],"is_beta":false,"boss_relics":[{"not_picked":["Velvet Choker","Replay:Drink Me"],"picked":"Kintsugi"},{"not_picked":["SlaversCollar","Runic Pyramid"],"picked":"hubris:Backtick"}],"items_purged_floors":[21],"is_endless":false,"potions_floor_spawned":[3,10,14,16,19,27,32,37,45,48],"ascension_level":2}}