{"host":"xx5zt3jtdyh8iun7","time":1612523860,"event":{"mods":["AchievementEnabler","Act Like it!","BaseMod","Downfall","Hallownest","Minty Spire (QoL Compilation)","StSLib","The Dragon Tamer","The Marked"],"gold_per_floor":[214,214,20,20,34,63,63,94,119,137,137,150,177,177,177,275,275,287,45,60,70,70,96,96,128,175,227,227,238,289,758,758,855,855,868,255,274,274,354,386,386,261,261,261,295,295,313,25,25,25],"floor_reached":51,"language":"ENG","playtime":4946,"items_purged":["DTMod:Strike","Writhe"],"score":1045,"play_id":"e1a78f6a-f3ee-4ce6-b0dc-b1ad8876128c","local_time":"20210205121740","is_ascension_mode":true,"metric_token":595,"campfire_choices":[{"data":"DTMod:SealedStrike","floor":15,"key":"SMITH"},{"data":"DTMod:SealedStrike+1","floor":28,"key":"SMITH"},{"data":"DTMod:SealedStrike+2","floor":32,"key":"SMITH"},{"data":"DTMod:SealedStrike+3","floor":41,"key":"SMITH"},{"data":"DTMod:SealedStrike+4","floor":44,"key":"SMITH"},{"floor":46,"key":"RECALL"},{"data":"DTMod:LowKick","floor":49,"key":"SMITH"}],"dtmod_dragon_data":[58,58,1,0,12,0],"circlet_count":0,"master_deck":["DTMod:Strike+1","DTMod:DoubleHit+1","DTMod:TargetDefense+1","DTMod:TargetDefense+1","DTMod:TargetDefense+1","DTMod:TargetDefense+1","DTMod:SwitchingTactic+1","DTMod:Threaten+1","DTMod:Punisher+1","DTMod:MasterPlan+1","DTMod:Training+1","DTMod:ShieldDrain+1","DTMod:Cover+1","DTMod:BreakAttack+1","DTMod:Conduct+1","DTMod:BurningEnergy+1","DTMod:SealedStrike+5","DTMod:Harmonize+1","DTMod:TauntingStrike+1","DTMod:InvisibleFlame+1","Blind+1","DTMod:BreakAttack+1","DTMod:DarkBreath+1","DTMod:WarmUp+1","DTMod:Prediction+1","DTMod:LowKick+1","Panache+1","DTMod:RunningTactic+1","DTMod:BalancedStrike+1","DTMod:QuickFly+1","DTMod:LowKick+1"],"relics":["DTMod:MagicStone","Guardian:PocketSentry","Centennial Puzzle","Hallownest:DreamNailRelic","Boot","Pear","DTMod:BasicTextbook","Busted Crown","Eternal Feather","Shuriken","CaptainsWheel","Orichalcum","War Paint","Shuriken","Potion Belt","Hallownest:SoulVesselRelic","MealTicket","Thread and Needle","Anchor"],"acts_visited":["Hallownest:Greenpath","Hallownest:CityofTears","Hallownest:KingdomsEdge"],"potions_floor_usage":[12,16,20,23,27,30,33,33,37,50,50],"damage_taken":[{"damage":3,"enemies":"Hallownest:monsterHuskGuard","floor":1,"turns":5},{"damage":0,"enemies":"Hallownest:monsterHuskWarrior","floor":5,"turns":3},{"damage":0,"enemies":"Hallownest:eliteCrystalGuardian","floor":6,"turns":8},{"damage":3,"enemies":"Hallownest:eliteMossKnight","floor":8,"turns":7},{"damage":0,"enemies":"Hallownest:2_Baldur","floor":10,"turns":2},{"damage":0,"enemies":"Hallownest:monsterAspidMother","floor":11,"turns":3},{"damage":1,"enemies":"Hallownest:1_Baldur_1_Crawlid_1_Warrior","floor":12,"turns":5},{"damage":0,"enemies":"Hallownest:eliteCrystalGuardian","floor":13,"turns":5},{"damage":10,"enemies":"Hallownest:BossFalseKnight","floor":16,"turns":8},{"damage":0,"enemies":"Hallownest:2_Mistakes","floor":18,"turns":5},{"damage":0,"enemies":"Hallownest:3_Youths","floor":20,"turns":5},{"damage":2,"enemies":"Hallownest:2_Husk_Sentries","floor":21,"turns":4},{"damage":31,"enemies":"Hallownest:eliteWatcherKnight","floor":23,"turns":16},{"damage":0,"enemies":"Hallownest:eliteSoulWarrior","floor":25,"turns":7},{"damage":0,"enemies":"Hallownest:eliteWatcherKnight","floor":27,"turns":13},{"damage":0,"enemies":"Hallownest:monsterShrumalOgre","floor":29,"turns":4},{"damage":0,"enemies":"Hallownest:Glutton_and_Coward","floor":30,"turns":5},{"damage":0,"enemies":"Hallownest:BossMantisLord","floor":33,"turns":8},{"damage":0,"enemies":"Hallownest:3_Siblings","floor":35,"turns":10},{"damage":0,"enemies":"Hallownest:2_Littles","floor":37,"turns":5},{"damage":0,"enemies":"Hallownest:2_Littles","floor":39,"turns":4},{"damage":0,"enemies":"Hallownest:2_Littles","floor":39,"turns":2},{"damage":4,"enemies":"Hallownest:eliteHiveKnight","floor":40,"turns":8},{"damage":0,"enemies":"Hallownest:eliteCollector","floor":45,"turns":4},{"damage":0,"enemies":"Hallownest:2_Wandering_and_1_Horned","floor":47,"turns":4},{"damage":0,"enemies":"Hallownest:Radiance","floor":50,"turns":5}],"seed_played":"7572047884243287555","potions_obtained":[{"floor":5,"key":"CultistPotion"},{"floor":8,"key":"Weak Potion"},{"floor":13,"key":"Explosive Potion"},{"floor":16,"key":"AttackPotion"},{"floor":23,"key":"ColorlessPotion"},{"floor":25,"key":"SneckoOil"},{"floor":27,"key":"SkillPotion"},{"floor":29,"key":"Regen Potion"},{"floor":30,"key":"PowerPotion"},{"floor":37,"key":"DistilledChaos"},{"floor":45,"key":"Explosive Potion"}],"is_trial":false,"path_per_floor":["M","?","$","?","M","E","?","E","T","M","M","M","E","T","R","B",null,"M","$","M","M","?","E","?","E","T","E","R","M","M","?","R","B",null,"M","$","M","?","?","E","R","?","T","R","E","R","M","$","R","B",null],"character_chosen":"THE_DT","items_purchased":["Guardian:PocketSentry","DTMod:Punisher","DTMod:InvisibleFlame","Blind","Shuriken","Panache","DTMod:RunningTactic","AttackPotion","Anchor","DTMod:LowKick","AttackPotion"],"campfire_rested":0,"item_purchase_floors":[3,3,19,19,36,36,36,36,48,48,48],"current_hp_per_floor":[42,42,42,42,42,42,42,39,39,39,39,38,48,48,48,38,55,55,55,55,53,53,22,22,22,22,22,34,34,34,34,49,49,55,55,55,55,55,55,51,55,55,55,55,55,55,55,55,55,55],"gold":25,"neow_bonus":"HUNDRED_GOLD","is_daily":false,"chose_seed":false,"campfire_upgraded":6,"win_rate":0.0,"timestamp":1612523860,"path_taken":["M","?","$","?","M","E","?","E","T","?","M","M","E","?","R","BOSS","M","$","M","M","?","E","?","E","T","E","R","?","M","?","R","BOSS","M","$","M","?","?","E","R","?","T","R","E","R","?","$","R","BOSS"],"items_purchased_type":["Relic","Card","Card","Card","Relic","Card","Card","Potion","Relic","Card","Potion"],"build_version":"2020-12-22","purchased_purges":2,"victory":true,"max_hp_per_floor":[45,45,45,45,45,45,45,45,45,45,45,45,55,55,55,55,55,55,55,55,55,55,55,55,55,55,55,55,55,55,55,55,55,55,55,55,55,55,55,55,55,55,55,55,55,55,55,55,55,55],"card_choices":[{"not_picked":["DTMod:BuildUp","DTMod:Coolant"],"picked":"DTMod:Threaten","floor":1},{"not_picked":["DTMod:HeatWave","DTMod:ComboAttack"],"picked":"DTMod:Training","floor":5},{"not_picked":["DTMod:Threaten","DTMod:Hide"],"picked":"DTMod:ShieldDrain","floor":6},{"not_picked":["DTMod:Hide","DTMod:Haste"],"picked":"DTMod:Cover","floor":8},{"not_picked":["DTMod:Punisher","DTMod:ShieldDrain"],"picked":"DTMod:BreakAttack","floor":10},{"not_picked":["DTMod:BizarreTactic","DTMod:Haste"],"picked":"DTMod:Conduct","floor":11},{"not_picked":["DTMod:ShieldDrain","DTMod:BuildUp"],"picked":"DTMod:BurningEnergy","floor":12},{"not_picked":["DTMod:QuickFly","DTMod:BlazingStrike"],"picked":"DTMod:SealedStrike","floor":13},{"not_picked":["DTMod:FierySynthesis","DTMod:Safeguard"],"picked":"DTMod:Harmonize","floor":16},{"not_picked":[],"picked":"DTMod:TauntingStrike+1","floor":18},{"not_picked":["DTMod:GhostSkin"],"picked":"SKIP","floor":20},{"not_picked":["DTMod:Training"],"picked":"SKIP","floor":21},{"not_picked":["DTMod:MagicField+1"],"picked":"SKIP","floor":23},{"not_picked":[],"picked":"DTMod:BreakAttack","floor":25},{"not_picked":[],"picked":"DTMod:DarkBreath","floor":27},{"not_picked":["DTMod:Punisher"],"picked":"SKIP","floor":29},{"not_picked":[],"picked":"DTMod:WarmUp","floor":30},{"not_picked":[],"picked":"DTMod:Prediction","floor":33},{"not_picked":[],"picked":"DTMod:LowKick+1","floor":35},{"not_picked":[],"picked":"DTMod:BalancedStrike+1","floor":37},{"not_picked":[],"picked":"DTMod:QuickFly+1","floor":40},{"not_picked":["DTMod:ComboAttack"],"picked":"SKIP","floor":45},{"not_picked":["DTMod:BurningForce+1"],"picked":"SKIP","floor":47}],"player_experience":876776,"relics_obtained":[{"floor":6,"key":"Centennial Puzzle"},{"floor":8,"key":"Girya"},{"floor":9,"key":"Boot"},{"floor":13,"key":"Pear"},{"floor":14,"key":"DTMod:BasicTextbook"},{"floor":23,"key":"Eternal Feather"},{"floor":25,"key":"CaptainsWheel"},{"floor":26,"key":"Orichalcum"},{"floor":27,"key":"War Paint"},{"floor":40,"key":"Potion Belt"},{"floor":43,"key":"MealTicket"},{"floor":45,"key":"Thread and Needle"}],"event_choices":[],"is_beta":false,"boss_relics":[{"not_picked":["Velvet Choker","SacredBark"],"picked":"Busted Crown"},{"not_picked":["Fusion Hammer","Pandora\u0027s Box"],"picked":"DTMod:MagicStone"}],"items_purged_floors":[19,36],"is_endless":false,"potions_floor_spawned":[5,8,13,16,23,25,27,29,30,37,39,39,45],"ascension_level":1}}