{"host":"853vx6s5mj9srtgy","time":1612514582,"event":{"mods":["2.2 Compatiblity","Act Like it!","Aspiration","BaseMod","Better Skull","Better Vampires","CCEM2","CapriCore","Colored Powertips","Conspire","Downfall","Energized Spire","Friendly Minions","Gensokyo","GifTheSpireLib","Halation","HornydragonMod","Hubris","Infinite Spire","Koishi","LagranYue(©Ô®æ®Ô¡P¤ë)","Marisa¡]Ãú«B¡@Å]²z¨F¡^","Minty Spire (QoL Compilation)","MostiFishMod","Permanent Neow","Quick Restart","Rare Cards Sparkle","Red Circlet Mod","Reimu¡]³Õ???¡^","Relic Sorter","Relic Stats","Remilia¡]Á¢¦Ì²ú?¡^","RumiaBox-ÅS¦Ì?ªº¯«¯µ²°¤l","Ryuuou?¤ý","Small Relic Pack","Spicy Shops","Spikes Relics","StSLib","Starting Relic: Pandora\u0027s Box","TestMod","The Immortal","The Servant 0.9.4","Unknown Chances","Yakumo Yukari mod","Youmu¡]»î¾z§¯?¡^","Yuyuko","noobMod","yUi","¡i¥\¯àMod¡j²V¨P¤§?­×Î`?¤B"],"gold_per_floor":[109,323,335,335,335,335,368,-1107,-1107,-1079,-1065,-1026,-1016,-1016,-1016,-871,-871,-855,-855,-854,-842,-827,-777,-777,-777,-777,-777,-710,-710,-625,-555,-555,103,103,172,172,201,211,211,261,293,293,293,329,329,369,402,446,496,484,484],"floor_reached":50,"language":"ZHS","playtime":2696,"items_purged":["RefractionSpark"],"score":1023,"play_id":"99a28d0a-1eab-42bb-84ff-4632a0020b71","local_time":"20210205164302","is_ascension_mode":true,"campfire_choices":[{"data":"Gensokyo:MarisaTwilightSpark","floor":6,"key":"SMITH"},{"data":"AsteroidBelt","floor":15,"key":"PURGE"},{"data":"GravityBeat","floor":23,"key":"PURGE"},{"data":"DragonMeteor+1","floor":32,"key":"PURGE"},{"data":"NonDirectionalLaser","floor":40,"key":"PURGE"},{"data":"MasterSpark","floor":42,"key":"PURGE"},{"data":"hubris:Disease","floor":45,"key":"PURGE"},{"data":"downfall:Icky","floor":49,"key":"PURGE"}],"circlet_count":0,"master_deck":["UpSweep","GalacticHalo","EnergyFlow","UnstableBomb","6A","AsteroidBelt","ShootingEcho","Gensokyo:MarisaTwilightSpark+1","WitchLeyline","PowerUp","PowerUp","GasGiant","JA","GasGiant","WitchLeyline","EscapeVelocity","MysteriousBeam","Acceleration","BlazingStar","PropBag+1","EscapeVelocity","WitchOfGreed","WitchLeyline","PowerUp+1","MeteoricShower+1","downfall:Icky","TreasureHunter","PropBag","PowerUp"],"relics":["BewitchedHakkero","SynthV:MejaisSoulstealer","testmod-TestBox","DaveBox","ice","RhineCircuit","testmod-SaigiyounoYou","LagranYue:RandomDrawCardRelic","CCEMRelics:GrindingGear","SynthV:TestCard","Peace Pipe","Akabeko","hubris:MobiusCoin","CCEMRelics:FiftyFTOfRope","OneHitWonderSystem","Baka2","CCEMRelics:SelfSharpeningBlade","CCEMRelics:CanOfSoda","ChaoDraw","hubris:TenFootPole","SnailShell","Nunchaku","Bronze Scales","Sundial"],"acts_visited":["Gensokyo:Gensokyo","Gensokyo:Gensokyoer","Gensokyo:Gensokyoest"],"potions_floor_usage":[7,21,22,37,37,41,41,41,41,48,48,48],"damage_taken":[{"damage":3,"enemies":"Gensokyo:Gryphon","floor":1,"turns":3},{"damage":0,"enemies":"Gensokyo:Python","floor":2,"turns":3},{"damage":0,"enemies":"Gensokyo:2_Kodama","floor":3,"turns":3},{"damage":0,"enemies":"Gensokyo:Mamizou","floor":7,"turns":6},{"damage":0,"enemies":"Gensokyo:Aya","floor":10,"turns":3},{"damage":0,"enemies":"Gensokyo:VengefulSpirit","floor":11,"turns":1},{"damage":0,"enemies":"Gensokyo:Cirno","floor":12,"turns":4},{"damage":0,"enemies":"Gensokyo:Python_and_Kodama","floor":13,"turns":2},{"damage":0,"enemies":"Gensokyo:Reimu","floor":16,"turns":4},{"damage":0,"enemies":"Gensokyo:CosmicMonolith","floor":18,"turns":1},{"damage":0,"enemies":"Gensokyo:2_Gloops","floor":20,"turns":1},{"damage":0,"enemies":"Gensokyo:Monolith_and_Dog","floor":21,"turns":1},{"damage":0,"enemies":"Gensokyo:Slime_Group","floor":22,"turns":2},{"damage":0,"enemies":"Gensokyo:Swordslinger","floor":28,"turns":2},{"damage":0,"enemies":"Nightmare","floor":30,"turns":2},{"damage":0,"enemies":"Gensokyo:Wraith","floor":31,"turns":2},{"damage":0,"enemies":"Gensokyo:Eternal_Rivals","floor":33,"turns":4},{"damage":0,"enemies":"Gensokyo:AncientGuardian","floor":35,"turns":1},{"damage":0,"enemies":"Gensokyo:3_Boulders","floor":37,"turns":2},{"damage":0,"enemies":"Gensokyo:SeedOfUnknown","floor":38,"turns":1},{"damage":0,"enemies":"Gensokyo:Marisa","floor":41,"turns":1},{"damage":0,"enemies":"Gensokyo:4_Bats","floor":44,"turns":1},{"damage":0,"enemies":"Gensokyo:Kasen","floor":46,"turns":4},{"damage":0,"enemies":"Gensokyo:AtlasGolem","floor":47,"turns":2},{"damage":0,"enemies":"Gensokyo:Doremy","floor":48,"turns":4},{"damage":0,"enemies":"Gensokyo:Yuyuko","floor":50,"turns":2}],"seed_played":"-6461215542096895267","potions_obtained":[{"floor":2,"key":"Weak Potion"},{"floor":10,"key":"FearPotion"},{"floor":13,"key":"ZuzhouPotion:ReiMu"},{"floor":16,"key":"Swift Potion"},{"floor":20,"key":"testmod-EscapePotion"},{"floor":22,"key":"champ:CounterPotion"},{"floor":30,"key":"Weak Potion"},{"floor":37,"key":"Slimebound:ThreeZeroPotion"},{"floor":38,"key":"SpeedPotion"},{"floor":44,"key":"Regen Potion"},{"floor":46,"key":"BottledSpark"},{"floor":46,"key":"bronze:BurnAndBuffPotion"},{"floor":47,"key":"SteroidPotion"},{"floor":48,"key":"testmod-TimePotion"}],"is_trial":false,"path_per_floor":["M","M","M","?","?","R","E","$","T","E","M","E","M","$","R","B",null,"M","?","M","M","M","R","?","?","T","$","M","?","NM","M","R","B",null,"M","?","M","M","?","R","E","R","T","M","R","E","M","E","R","B"],"character_chosen":"MARISA","items_purchased":["SynthV:MejaisSoulstealer"],"campfire_rested":0,"item_purchase_floors":[8],"current_hp_per_floor":[75,75,75,75,75,75,75,75,75,75,75,75,75,75,75,75,1,1,1,1,1,1,1,1,1,1,1,1,15,1,1,1,1,1,1,1,1,1,1,1,1,1,1,1,1,4,1,1,1,0,0],"gold":484,"neow_bonus":"RANDOM_COMMON_RELIC","is_daily":false,"chose_seed":false,"campfire_upgraded":1,"win_rate":0.0,"timestamp":1612514582,"path_taken":["M","M","M","?","?","R","E","$","T","E","?","E","M","$","R","BOSS","M","?","?","M","M","R","?","?","T","?","M","?","NM","M","R","BOSS","M","?","?","M","?","R","E","R","T","M","R","E","M","E","R","BOSS"],"items_purchased_type":["Relic"],"build_version":"2020-12-22","purchased_purges":1,"victory":false,"max_hp_per_floor":[75,75,75,75,75,75,75,75,75,75,75,75,75,75,75,75,1,1,1,1,1,1,1,1,1,1,1,1,15,1,1,1,1,1,1,1,1,1,1,1,1,1,1,1,1,4,1,1,1,1,1],"relic_stats":{"Peace Pipe":7,"Nunchaku":[2],"counters":[26,62],"Sundial":[0],"Bronze Scales":[3],"obtain_stats":[{"SnailShell":43,"DaveBox":0,"LagranYue:RandomDrawCardRelic":0,"ice":0,"Baka2":18,"Nunchaku":46,"CCEMRelics:SelfSharpeningBlade":26,"Sundial":31,"OneHitWonderSystem":17,"Kunai":33,"BewitchedHakkero":34,"CCEMRelics:FiftyFTOfRope":12,"hubris:MobiusCoin":10,"testmod-TestBox":0,"SynthV:MejaisSoulstealer":8,"Baka":1,"CCEMRelics:CanOfSoda":29,"testmod-SaigiyounoYou":0,"Akabeko":9,"ChaoDraw":30,"RhineCircuit":0,"Mercury Hourglass":37,"Peace Pipe":7,"SynthV:TestCard":1,"Bronze Scales":48,"CCEMRelics:GrindingGear":0,"hubris:TenFootPole":41,"MiniHakkero":0,"Meat on the Bone":48},{"SnailShell":21,"DaveBox":0,"LagranYue:RandomDrawCardRelic":0,"ice":0,"Baka2":10,"Nunchaku":23,"CCEMRelics:SelfSharpeningBlade":13,"Sundial":16,"OneHitWonderSystem":9,"Kunai":17,"BewitchedHakkero":17,"CCEMRelics:FiftyFTOfRope":7,"hubris:MobiusCoin":5,"testmod-TestBox":0,"SynthV:MejaisSoulstealer":4,"Baka":1,"CCEMRelics:CanOfSoda":14,"testmod-SaigiyounoYou":0,"Akabeko":4,"ChaoDraw":15,"RhineCircuit":0,"Mercury Hourglass":19,"Peace Pipe":4,"SynthV:TestCard":1,"Bronze Scales":25,"CCEMRelics:GrindingGear":0,"hubris:TenFootPole":21,"MiniHakkero":0,"Meat on the Bone":25},{"SnailShell":49,"DaveBox":0,"LagranYue:RandomDrawCardRelic":0,"ice":0,"Baka2":30,"Nunchaku":54,"CCEMRelics:SelfSharpeningBlade":34,"Sundial":39,"OneHitWonderSystem":29,"Kunai":41,"BewitchedHakkero":44,"CCEMRelics:FiftyFTOfRope":23,"hubris:MobiusCoin":18,"testmod-TestBox":0,"SynthV:MejaisSoulstealer":15,"Baka":3,"CCEMRelics:CanOfSoda":36,"testmod-SaigiyounoYou":0,"Akabeko":15,"ChaoDraw":38,"RhineCircuit":0,"Mercury Hourglass":47,"Peace Pipe":15,"SynthV:TestCard":3,"Bronze Scales":60,"CCEMRelics:GrindingGear":0,"hubris:TenFootPole":49,"MiniHakkero":0,"Meat on the Bone":58}]},"card_choices":[{"not_picked":["IllusionStar","WitchOfGreed"],"picked":"AsteroidBelt","floor":1},{"not_picked":["UnstableBomb","DC","ManaRampage","BlazeAway"],"picked":"ShootingEcho","floor":2},{"not_picked":["GrandCross","DC","OpenUniverse","OneTimeOff","GravityBeat"],"picked":"SKIP","floor":3},{"not_picked":["DarkSpark","LuminesStrike","SporeBomb","BlazeAway"],"picked":"WitchLeyline","floor":7},{"not_picked":["DoubleSpark","OpenUniverse","DC","LuminesStrike"],"picked":"PowerUp","floor":10},{"not_picked":["LuminesStrike","ManaConvection","BinaryStars","MilkyWay"],"picked":"PowerUp","floor":11},{"not_picked":["WitchOfGreed","EventHorizon","Occultation","AsteroidBelt"],"picked":"GasGiant","floor":12},{"not_picked":["GravityBeat","DoubleSpark","MachineGunSpark","SporeBomb","GalacticHalo"],"picked":"SKIP","floor":13},{"not_picked":["FinalSpark","ManaRampage","CasketOfStar","StarDustReverie"],"picked":"JA","floor":16},{"not_picked":["OneTimeOff","AlicesGift","IllusionStar","UnstableBomb+1","EnergyFlow"],"picked":"SKIP","floor":18},{"not_picked":["AsteroidBelt","Acceleration","MagicAbsorber","FairyDestructionRay"],"picked":"GasGiant","floor":20},{"not_picked":["BlazeAway+1","IllusionStar+1","WitchOfGreed","GalacticHalo"],"picked":"WitchLeyline","floor":21},{"not_picked":["GasGiant","RefractionSpark","PowerUp+1","PulseMagic"],"picked":"EscapeVelocity","floor":22},{"not_picked":["AsteroidBelt","MachineGunSpark","IllusionStar","SuperPerseids"],"picked":"MysteriousBeam","floor":22},{"not_picked":["6A+1","SuperPerseids","SprinkleStarSeal","SporeBomb+1"],"picked":"Acceleration","floor":22},{"not_picked":["GalacticHalo+1","SporeBomb","MachineGunSpark","DeepEcoloBomb","IllusionStar"],"picked":"SKIP","floor":22},{"not_picked":["6A","WitchOfGreed","PowerUp+1","StarBarrage"],"picked":"BlazingStar","floor":28},{"not_picked":["WitchOfGreed","PowerUp","MagicAbsorber+1","AsteroidBelt"],"picked":"PropBag","floor":30},{"not_picked":["EnergyRecoil+1","GrandCross","ShootingEcho+1","BlazingStar"],"picked":"DragonMeteor+1","floor":31},{"not_picked":["CollectingQuirk","MaximisePower","MillisecondPulsars","BinaryStars"],"picked":"EscapeVelocity","floor":33},{"not_picked":["DeepEcoloBomb+1","ManaConvection+1","MilkyWay+1","DoubleSpark"],"picked":"WitchOfGreed","floor":35},{"not_picked":["AsteroidBelt","PowerUp","NonDirectionalLaser","ManaConvection+1"],"picked":"WitchLeyline","floor":37},{"not_picked":["WitchOfGreed+1","Acceleration","WitchLeyline+1","NonDirectionalLaser"],"picked":"PowerUp+1","floor":38},{"not_picked":["StarlightTyphoon+1","BlazeAway+1","DarkSpark+1","MysteriousBeam"],"picked":"MeteoricShower+1","floor":41},{"not_picked":["GalacticHalo+1","EnergyFlow+1","SporeBomb+1","WitchLeyline+1"],"picked":"TreasureHunter","floor":44},{"not_picked":["AsteroidBelt","UnstableBomb+1","FairyDestructionRay","MilkyWay+1"],"picked":"PropBag","floor":46},{"not_picked":["ManaConvection+1","MysteriousBeam+1","DoubleSpark","GravityBeat+1"],"picked":"PowerUp","floor":47},{"not_picked":["AbsoluteMagnitude","EnergyRecoil","6A","DarkSpark+1","SporeBomb"],"picked":"SKIP","floor":48}],"player_experience":357240,"relics_obtained":[{"floor":1,"key":"Baka"},{"floor":1,"key":"SynthV:TestCard"},{"floor":7,"key":"Peace Pipe"},{"floor":9,"key":"Akabeko"},{"floor":10,"key":"hubris:MobiusCoin"},{"floor":12,"key":"CCEMRelics:FiftyFTOfRope"},{"floor":18,"key":"Baka2"},{"floor":26,"key":"CCEMRelics:SelfSharpeningBlade"},{"floor":30,"key":"ChaoDraw"},{"floor":41,"key":"hubris:TenFootPole"},{"floor":43,"key":"SnailShell"},{"floor":46,"key":"Nunchaku"},{"floor":48,"key":"Bronze Scales"}],"event_choices":[{"damage_healed":0,"gold_gain":0,"player_choice":"LEAVE ","damage_taken":0,"relics_obtained":[],"max_hp_gain":0,"max_hp_loss":0,"event_name":"betterSkull:BetterSkull","floor":19,"gold_loss":0,"cards_upgraded":[]},{"damage_healed":0,"gold_gain":0,"player_choice":"LEAVE ","damage_taken":0,"relics_obtained":[],"max_hp_gain":0,"max_hp_loss":0,"event_name":"betterSkull:BetterSkull","floor":36,"gold_loss":0,"cards_upgraded":[]}],"is_beta":false,"boss_relics":[{"not_picked":["halation:Risk","Snecko Eye"],"picked":"OneHitWonderSystem"},{"not_picked":["LagranYue:SoulBurningRelic","halation:HeavySnake"],"picked":"BewitchedHakkero"}],"items_purged_floors":[8],"is_endless":true,"potions_floor_spawned":[2,10,13,16,20,22,30,38,44,46],"killed_by":"Gensokyo:Yuyuko","ascension_level":2}}