{"host":"rolltorest","time":1612506637,"event":{"mods":["BaseMod","Minty Spire (QoL Compilation)","Relic Stats","Slay the Relics Exporter","StSLib"],"gold_per_floor":[116,72,87,57,75,104,104,104,104,20,20,54,18,28,28,106,106,121,121,133,133,133],"floor_reached":21,"language":"ENG","playtime":1269,"items_purged":[],"score":374,"play_id":"7a79bc4d-311c-4bbe-af2d-ded2f05ce2a8","local_time":"20210204223037","is_ascension_mode":true,"campfire_choices":[{"floor":7,"key":"REST"},{"floor":11,"key":"REST"},{"floor":15,"key":"REST"}],"circlet_count":0,"master_deck":["AscendersBane","Strike_B","Strike_B","Strike_B","Strike_B","Defend_B","Defend_B","Defend_B","Defend_B","Zap","Dualcast","Coolheaded","Defragment","Sweeping Beam","Rebound","Leap","Sunder","Glacier","Capacitor","Defragment","Buffer","CurseOfTheBell","Capacitor","RitualDagger","Hologram"],"relics":["Fusion Hammer","HornCleat","Ancient Tea Set","Sundial","Calling Bell","Regal Pillow","Letter Opener","Ice Cream"],"acts_visited":["Exordium","TheCity"],"potions_floor_usage":[6,18],"damage_taken":[{"damage":9,"enemies":"Small Slimes","floor":1,"turns":4},{"damage":0,"enemies":"Cultist","floor":3,"turns":4},{"damage":7,"enemies":"Jaw Worm","floor":5,"turns":4},{"damage":47,"enemies":"Gremlin Nob","floor":6,"turns":5},{"damage":29,"enemies":"Lagavulin","floor":12,"turns":7},{"damage":7,"enemies":"2 Fungi Beasts","floor":14,"turns":3},{"damage":3,"enemies":"The Guardian","floor":16,"turns":13},{"damage":7,"enemies":"3 Byrds","floor":18,"turns":7},{"damage":24,"enemies":"Chosen","floor":20,"turns":8},{"damage":0,"enemies":"Snecko","floor":21,"turns":4}],"seed_played":"3052447775744457867","potions_obtained":[{"floor":4,"key":"SkillPotion"},{"floor":4,"key":"Strength Potion"},{"floor":14,"key":"DistilledChaos"},{"floor":18,"key":"Explosive Potion"},{"floor":20,"key":"Ancient Potion"}],"is_trial":false,"path_per_floor":["M","$","M","?","M","E","R","$","T","$","R","E","$","M","R","B",null,"M","?","M","M"],"character_chosen":"DEFECT","items_purchased":["Defragment","Sunder","Capacitor"],"campfire_rested":3,"item_purchase_floors":[2,10,13],"current_hp_per_floor":[55,55,55,55,48,1,22,22,22,22,43,14,14,7,28,25,60,53,47,23,23,23],"gold":133,"neow_bonus":"BOSS_RELIC","is_daily":false,"chose_seed":false,"campfire_upgraded":0,"win_rate":0.0,"timestamp":1612506637,"path_taken":["M","$","M","?","M","E","R","$","T","?","R","E","$","M","R","BOSS","M","?","M","M"],"items_purchased_type":["Card","Card","Card"],"build_version":"2020-12-18","purchased_purges":0,"victory":false,"max_hp_per_floor":[71,71,71,71,71,71,71,71,71,71,71,71,71,71,71,71,71,71,71,71,71,71],"relic_stats":{"Regal Pillow":0,"counters":[10,59],"Sundial":[4],"Letter Opener":[15],"obtain_stats":[{"Calling Bell":17,"Ice Cream":17,"Regal Pillow":17,"HornCleat":6,"Sundial":12,"Fusion Hammer":0,"Letter Opener":17,"Cracked Core":0,"Ancient Tea Set":9},{"Calling Bell":7,"Ice Cream":7,"Regal Pillow":7,"HornCleat":4,"Sundial":5,"Fusion Hammer":0,"Letter Opener":7,"Cracked Core":0,"Ancient Tea Set":4},{"Calling Bell":40,"Ice Cream":40,"Regal Pillow":40,"HornCleat":17,"Sundial":24,"Fusion Hammer":0,"Letter Opener":40,"Cracked Core":0,"Ancient Tea Set":17}]},"card_choices":[{"not_picked":["Sweeping Beam","Lockon"],"picked":"Coolheaded","floor":1},{"not_picked":["Conserve Battery","Compile Driver"],"picked":"Sweeping Beam","floor":3},{"not_picked":["Loop","Stack"],"picked":"Rebound","floor":5},{"not_picked":["Beam Cell","Hello World"],"picked":"Leap","floor":6},{"not_picked":["Skim","Lockon"],"picked":"Glacier","floor":12},{"not_picked":["Hologram","Melter"],"picked":"Defragment","floor":14},{"not_picked":["Thunder Strike","All For One"],"picked":"Buffer","floor":16},{"not_picked":["Beam Cell","Streamline"],"picked":"Capacitor","floor":18},{"not_picked":["White Noise","Storm+1"],"picked":"Hologram","floor":20}],"player_experience":1857344,"relics_obtained":[{"floor":6,"key":"HornCleat"},{"floor":9,"key":"Ancient Tea Set"},{"floor":12,"key":"Sundial"},{"floor":17,"key":"Regal Pillow"},{"floor":17,"key":"Letter Opener"},{"floor":17,"key":"Ice Cream"}],"event_choices":[{"damage_healed":0,"gold_gain":0,"player_choice":"Bought 2 Potions","damage_taken":0,"max_hp_gain":0,"max_hp_loss":0,"event_name":"The Woman in Blue","floor":4,"gold_loss":0},{"damage_healed":0,"gold_gain":0,"player_choice":"Joined the Cult","damage_taken":6,"max_hp_gain":0,"max_hp_loss":0,"event_name":"Nest","floor":19,"gold_loss":0,"cards_obtained":["RitualDagger"]}],"is_beta":true,"boss_relics":[{"not_picked":["Coffee Dripper","SlaversCollar"],"picked":"Calling Bell"}],"items_purged_floors":[],"is_endless":false,"potions_floor_spawned":[5,14,18,20],"killed_by":"Snecko","ascension_level":20}}