{"host":"test","time":1612526216,"event":{"mods":["BaseMod","Colored Map","Colored Powertips","Minty Spire (QoL Compilation)","Relic Stats","Slay the Relics Exporter","SpireBot","StSLib","ojb\u0027s Better Paths Mod","ojb\u0027s Info Mod"],"gold_per_floor":[167,187,199,199,214,240,269,269,295,295,320,332,370,399,411,496,508,535,565,49,68,68,68,102,112,158,158,158,158,158,158,158],"floor_reached":31,"language":"JPN","playtime":1434,"items_purged":["Strike_R"],"score":546,"play_id":"8cb5fa8e-6a41-4ecc-99ee-d43b843be2b9","local_time":"20210205205656","is_ascension_mode":true,"campfire_choices":[{"data":"Bash","floor":8.0,"key":"SMITH"},{"data":"True Grit","floor":10.0,"key":"SMITH"},{"data":"Hemokinesis","floor":12.0,"key":"SMITH"},{"data":"Strike_R","floor":15.0,"key":"PURGE"},{"floor":23.0,"key":"REST"},{"floor":29.0,"key":"REST"}],"circlet_count":0,"master_deck":["AscendersBane","Strike_R","Strike_R","Strike_R+1","Defend_R","Defend_R","Defend_R","Defend_R","Bash+1","Hemokinesis+1","Perfected Strike+1","Immolate+1","True Grit+1","Shrug It Off","Shrug It Off","Thunderclap+1","Corruption","Havoc","Evolve","Feel No Pain","Flame Barrier","Uppercut","Armaments","Entrench","Shrug It Off","Ghostly","Ghostly","Ghostly","Decay"],"relics":["Tiny House","PreservedInsect","Boot","Bag of Marbles","MawBank","Peace Pipe","Philosopher\u0027s Stone","Strange Spoon","Whetstone","Anchor"],"acts_visited":["Exordium","TheCity"],"potions_floor_usage":[],"damage_taken":[{"damage":8.0,"enemies":"Cultist","floor":1.0,"turns":3.0},{"damage":2.0,"enemies":"2 Louse","floor":2.0,"turns":2.0},{"damage":4.0,"enemies":"Jaw Worm","floor":3.0,"turns":3.0},{"damage":0.0,"enemies":"2 Fungi Beasts","floor":5.0,"turns":2.0},{"damage":4.0,"enemies":"3 Sentries","floor":7.0,"turns":4.0},{"damage":5.0,"enemies":"Gremlin Nob","floor":11.0,"turns":3.0},{"damage":7.0,"enemies":"3 Sentries","floor":13.0,"turns":3.0},{"damage":0.0,"enemies":"Large Slime","floor":14.0,"turns":4.0},{"damage":19.0,"enemies":"Hexaghost","floor":16.0,"turns":9.0},{"damage":2.0,"enemies":"Spheric Guardian","floor":18.0,"turns":1.0},{"damage":20.0,"enemies":"Shell Parasite","floor":19.0,"turns":3.0},{"damage":33.0,"enemies":"Sentry and Sphere","floor":21.0,"turns":8.0},{"damage":15.0,"enemies":"Slavers","floor":24.0,"turns":5.0},{"damage":36.0,"enemies":"3 Cultists","floor":25.0,"turns":5.0},{"damage":15,"enemies":"Snake Plant","floor":31,"turns":3}],"seed_played":"6044810444183859948","potions_obtained":[{"floor":0.0,"key":"HeartOfIron"},{"floor":3.0,"key":"Regen Potion"},{"floor":7.0,"key":"AttackPotion"},{"floor":16.0,"key":"AttackPotion"},{"floor":24.0,"key":"Dexterity Potion"}],"is_trial":false,"path_per_floor":["M","M","M","?","M","T","E","R","T","R","E","R","E","M","R","B",null,"M","M","$","M","?","R","E","M","T","?","?","R","?","M"],"character_chosen":"IRONCLAD","items_purchased":["Feel No Pain","Flame Barrier","Strange Spoon","Uppercut","DuplicationPotion"],"campfire_rested":2,"item_purchase_floors":[20,20,20,20,20],"current_hp_per_floor":[65,63,59,59,59,59,67,67,67,67,62,62,55,55,55,36,69,67,47,47,14,30,54,39,3,3,3,3,15,15,0,0],"gold":158,"neow_bonus":"BOSS_RELIC","is_daily":false,"chose_seed":true,"campfire_upgraded":3,"win_rate":0.0,"timestamp":1612526216,"path_taken":["M","M","?","?","M","?","E","R","T","R","E","R","E","M","R","BOSS","M","M","$","M","?","R","E","M","T","?","?","R","?","M"],"items_purchased_type":["Card","Card","Relic","Card","Potion"],"build_version":"2020-12-18","purchased_purges":1,"victory":false,"max_hp_per_floor":[80,80,80,80,80,80,80,80,80,80,80,80,80,80,80,80,80,80,80,80,80,80,80,80,80,80,40,40,40,40,40,40],"relic_stats":{"Peace Pipe":1,"Strange Spoon":[11],"counters":[15,58],"PreservedInsect":127,"Whetstone":["Perfected Strike","Thunderclap"],"Boot":[20],"MawBank":108,"obtain_stats":[{"Peace Pipe":13,"Strange Spoon":20,"Anchor":26,"Tiny House":0,"Philosopher\u0027s Stone":17,"PreservedInsect":6,"Bag of Marbles":9,"Whetstone":24,"Boot":7,"MawBank":11,"Burning Blood":0},{"Peace Pipe":7,"Strange Spoon":11,"Anchor":14,"Tiny House":0,"Philosopher\u0027s Stone":9,"PreservedInsect":4,"Bag of Marbles":5,"Whetstone":13,"Boot":5,"MawBank":6,"Burning Blood":0},{"Peace Pipe":20,"Strange Spoon":37,"Anchor":55,"Tiny House":0,"Philosopher\u0027s Stone":33,"PreservedInsect":10,"Bag of Marbles":14,"Whetstone":50,"Boot":14,"MawBank":17,"Burning Blood":0}]},"card_choices":[{"not_picked":["Clash","Ghostly Armor"],"picked":"Hemokinesis","floor":0.0},{"not_picked":["Iron Wave","Flex"],"picked":"Perfected Strike","floor":1.0},{"not_picked":["Perfected Strike","Flame Barrier"],"picked":"Immolate","floor":2.0},{"not_picked":["Cleave","Warcry"],"picked":"True Grit","floor":3.0},{"not_picked":["Pommel Strike","Heavy Blade"],"picked":"Shrug It Off","floor":5.0},{"not_picked":["Dual Wield","Heavy Blade"],"picked":"Shrug It Off","floor":7.0},{"not_picked":["Flex","Demon Form"],"picked":"Thunderclap","floor":11.0},{"not_picked":["Searing Blow","Warcry","Perfected Strike"],"picked":"SKIP","floor":13.0},{"not_picked":["Anger","Warcry","Dark Embrace"],"picked":"SKIP","floor":14.0},{"not_picked":["Offering","Bludgeon"],"picked":"Corruption","floor":16.0},{"not_picked":["Pommel Strike","Thunderclap"],"picked":"Havoc","floor":18.0},{"not_picked":["True Grit","Infernal Blade"],"picked":"Evolve","floor":19.0},{"not_picked":["True Grit","Dropkick+1"],"picked":"Armaments","floor":21.0},{"not_picked":["Metallicize","Iron Wave"],"picked":"Entrench","floor":24.0},{"not_picked":["Armaments","Cleave"],"picked":"Shrug It Off","floor":25.0}],"player_experience":2027013,"relics_obtained":[{"floor":6.0,"key":"PreservedInsect"},{"floor":7.0,"key":"Boot"},{"floor":9.0,"key":"Bag of Marbles"},{"floor":11.0,"key":"MawBank"},{"floor":13.0,"key":"Peace Pipe"},{"floor":24.0,"key":"Whetstone"},{"floor":26.0,"key":"Anchor"}],"event_choices":[{"damage_healed":0.0,"max_hp_gain":0.0,"max_hp_loss":0.0,"gold_gain":0.0,"event_name":"Living Wall","player_choice":"Grow","floor":4.0,"gold_loss":0.0,"damage_taken":0.0,"cards_upgraded":["Immolate"]},{"damage_healed":16.0,"max_hp_gain":0.0,"max_hp_loss":0.0,"gold_gain":0.0,"event_name":"The Library","player_choice":"Heal","floor":22.0,"gold_loss":0.0,"damage_taken":0.0},{"damage_healed":0.0,"max_hp_gain":0.0,"max_hp_loss":40.0,"gold_gain":0.0,"event_name":"Ghosts","player_choice":"Became a Ghost","floor":27.0,"gold_loss":0.0,"damage_taken":0.0,"cards_obtained":["Ghostly","Ghostly","Ghostly"]},{"damage_healed":0.0,"max_hp_gain":0.0,"max_hp_loss":0.0,"gold_gain":0.0,"event_name":"Cursed Tome","player_choice":"Ignored","floor":28.0,"gold_loss":0.0,"damage_taken":0.0},{"damage_healed":0.0,"max_hp_gain":0.0,"max_hp_loss":0.0,"gold_gain":0.0,"event_name":"Forgotten Altar","player_choice":"Smashed Altar","floor":30.0,"gold_loss":0.0,"damage_taken":0.0,"cards_obtained":["Decay"]}],"is_beta":true,"boss_relics":[{"not_picked":["Velvet Choker","Busted Crown"],"picked":"Philosopher\u0027s Stone"}],"items_purged_floors":[20],"is_endless":false,"potions_floor_spawned":[3,7,13,14,16,24],"killed_by":"Snake Plant","ascension_level":20}}