{"host":"5pjz68tbajz20j7r","time":1612561605,"event":{"mods":["AchievementEnabler","BaseMod","Colored Map","Minty Spire (QoL Compilation)","SuperFastMode"],"gold_per_floor":[112,112,129,139,89,115,133,308,331,349,379,398,418,418,418,515,515,528,308,327,342,42,42,42,56,56,68,88,115,133,180,180,280,280,290,310,326,123,123,123,149,165,189,209,209,209,14,46,46,46],"floor_reached":51,"language":"ENG","playtime":2809,"items_purged":["Doubt","Clumsy","Writhe"],"score":763,"play_id":"73854bdb-ce54-479e-91ec-c107cd84e0d7","local_time":"20210205224645","is_ascension_mode":false,"campfire_choices":[{"floor":15,"key":"REST"},{"data":"Zap","floor":23,"key":"SMITH"},{"floor":32,"key":"REST"},{"data":"Storm","floor":40,"key":"SMITH"},{"data":"Machine Learning","floor":49,"key":"SMITH"}],"circlet_count":0,"master_deck":["Strike_B+1","Strike_B","Strike_B","Defend_B","Defend_B","Defend_B","Zap+1","Dualcast","Compile Driver","Cold Snap","Reinforced Body","Self Repair","Self Repair","Storm+1","Sweeping Beam","Sweeping Beam","Glacier","Iron Wave","Seek","Capacitor+1","Ball Lightning+1","Ball Lightning+1","Machine Learning+1","Rebound+1","BootSequence+1","Static Discharge+1","Coolheaded","Redo+1","Hello World","Coolheaded+1"],"relics":["SlaversCollar","Nunchaku","Happy Flower","Oddly Smooth Stone","Turnip","Black Star","Chemical X","Runic Capacitor","Vajra","White Beast Statue","Pen Nib","Singing Bowl","Letter Opener","Regal Pillow","Philosopher\u0027s Stone","PreservedInsect","Sundial","Smiling Mask","Juzu Bracelet","Lee\u0027s Waffle","Whetstone","Toxic Egg 2"],"acts_visited":["Exordium","TheCity","TheBeyond"],"potions_floor_usage":[10,11,16,21,30,31,31,31,38,44,48,50],"damage_taken":[{"damage":6,"enemies":"Jaw Worm","floor":1,"turns":3},{"damage":14,"enemies":"2 Louse","floor":3,"turns":3},{"damage":9,"enemies":"Cultist","floor":4,"turns":3},{"damage":21,"enemies":"Lagavulin","floor":6,"turns":8},{"damage":3,"enemies":"Blue Slaver","floor":7,"turns":5},{"damage":22,"enemies":"Gremlin Gang","floor":10,"turns":5},{"damage":12,"enemies":"Gremlin Nob","floor":11,"turns":5},{"damage":2,"enemies":"Looter","floor":12,"turns":4},{"damage":5,"enemies":"Red Slaver","floor":13,"turns":6},{"damage":12,"enemies":"Hexaghost","floor":16,"turns":15},{"damage":24,"enemies":"Chosen","floor":18,"turns":6},{"damage":0,"enemies":"Spheric Guardian","floor":20,"turns":8},{"damage":31,"enemies":"Snake Plant","floor":21,"turns":7},{"damage":5,"enemies":"Snecko","floor":25,"turns":6},{"damage":46,"enemies":"3 Cultists","floor":27,"turns":8},{"damage":20,"enemies":"Snake Plant","floor":28,"turns":6},{"damage":21,"enemies":"Gremlin Leader","floor":29,"turns":7},{"damage":18,"enemies":"Centurion and Healer","floor":30,"turns":6},{"damage":20,"enemies":"Slavers","floor":31,"turns":5},{"damage":34,"enemies":"Champ","floor":33,"turns":12},{"damage":13,"enemies":"Orb Walker","floor":35,"turns":4},{"damage":25,"enemies":"3 Shapes","floor":36,"turns":5},{"damage":30,"enemies":"Sphere and 2 Shapes","floor":37,"turns":5},{"damage":40,"enemies":"Reptomancer","floor":41,"turns":6},{"damage":16,"enemies":"Writhing Mass","floor":42,"turns":6},{"damage":20,"enemies":"Maw","floor":44,"turns":9},{"damage":30,"enemies":"Giant Head","floor":48,"turns":6},{"damage":55,"enemies":"Donu and Deca","floor":50,"turns":7}],"seed_played":"-4827574985753498261","potions_obtained":[{"floor":1,"key":"FocusPotion"},{"floor":3,"key":"DuplicationPotion"},{"floor":6,"key":"Explosive Potion"},{"floor":12,"key":"BlessingOfTheForge"},{"floor":20,"key":"Regen Potion"},{"floor":27,"key":"Fire Potion"},{"floor":28,"key":"FocusPotion"},{"floor":29,"key":"ColorlessPotion"},{"floor":30,"key":"DistilledChaos"},{"floor":31,"key":"SmokeBomb"},{"floor":33,"key":"ColorlessPotion"},{"floor":35,"key":"PotionOfCapacity"},{"floor":36,"key":"EntropicBrew"},{"floor":41,"key":"SteroidPotion"},{"floor":42,"key":"SteroidPotion"},{"floor":44,"key":"Swift Potion"},{"floor":48,"key":"Block Potion"}],"is_trial":false,"path_per_floor":["M","?","M","M","?","E","M","?","T","M","E","M","M","?","R","B",null,"M","$","M","M","$","R","?","M","T","M","M","E","M","E","R","B",null,"M","M","M","$","?","R","E","M","T","M","?","?","$","E","R","B",null],"character_chosen":"DEFECT","items_purchased":["Chemical X","Runic Capacitor","Vajra","Fruit Juice","Lee\u0027s Waffle"],"campfire_rested":2,"item_purchase_floors":[19,22,22,38,47],"current_hp_per_floor":[69,69,55,46,46,25,29,29,29,14,16,28,37,37,59,61,75,65,65,75,73,73,73,73,75,75,43,37,32,30,26,65,45,81,81,63,47,52,52,52,26,26,26,20,42,42,95,72,72,31],"gold":46,"neow_bonus":"BOSS_RELIC","is_daily":false,"chose_seed":false,"campfire_upgraded":3,"win_rate":0.0,"timestamp":1612561605,"path_taken":["M","?","M","M","?","E","M","?","T","M","E","M","?","?","R","BOSS","M","?","M","M","$","R","?","?","T","M","M","E","M","E","R","BOSS","M","?","M","$","?","R","E","M","T","M","?","?","$","E","R","BOSS"],"items_purchased_type":["Relic","Relic","Relic","Potion","Relic"],"build_version":"2020-12-22","purchased_purges":3,"victory":true,"max_hp_per_floor":[75,75,75,75,75,75,75,75,75,75,75,75,75,75,75,75,75,75,75,75,75,75,75,75,75,75,75,75,77,79,81,81,81,81,81,81,81,86,86,86,86,88,88,88,88,88,95,95,95,95],"card_choices":[{"not_picked":["Static Discharge","Hologram"],"picked":"Compile Driver","floor":1},{"not_picked":["Hello World","Conserve Battery"],"picked":"Cold Snap","floor":3},{"not_picked":["Barrage","Lockon"],"picked":"Reinforced Body","floor":4},{"not_picked":["Buffer","Tempest"],"picked":"Self Repair","floor":6},{"not_picked":["Auto Shields","Stack"],"picked":"Self Repair","floor":7},{"not_picked":["Aggregate","Compile Driver"],"picked":"Storm","floor":10},{"not_picked":["Rebound","Turbo"],"picked":"Sweeping Beam","floor":11},{"not_picked":["Aggregate","Cold Snap"],"picked":"Sweeping Beam","floor":12},{"not_picked":["Double Energy","Steam Power"],"picked":"Glacier","floor":13},{"not_picked":["Hyperbeam","Reboot"],"picked":"Seek","floor":16},{"not_picked":["Steam Power","Double Energy","Beam Cell"],"picked":"SKIP","floor":18},{"not_picked":["Redo","Leap"],"picked":"Capacitor+1","floor":20},{"not_picked":["Skim","Glacier+1","Recycle"],"picked":"SKIP","floor":21},{"not_picked":["Leap","Gash","Compile Driver"],"picked":"SKIP","floor":25},{"not_picked":["Rebound","Machine Learning"],"picked":"Ball Lightning","floor":27},{"not_picked":["Compile Driver+1","Conserve Battery+1"],"picked":"Ball Lightning+1","floor":28},{"not_picked":["Streamline+1","Barrage","Ball Lightning"],"picked":"Singing Bowl","floor":29},{"not_picked":["Gash","Hologram+1","Conserve Battery"],"picked":"Singing Bowl","floor":30},{"not_picked":["Recycle","Genetic Algorithm","Steam+1"],"picked":"Singing Bowl","floor":31},{"not_picked":["Buffer","Amplify"],"picked":"Machine Learning","floor":33},{"not_picked":["Beam Cell","Genetic Algorithm"],"picked":"Rebound+1","floor":35},{"not_picked":["Leap+1","Blizzard"],"picked":"BootSequence+1","floor":36},{"not_picked":["Beam Cell+1","Tempest+1"],"picked":"Static Discharge+1","floor":37},{"not_picked":["Blizzard+1","Amplify"],"picked":"Coolheaded","floor":41},{"not_picked":["Stack+1","Storm+1","Conserve Battery+1"],"picked":"Singing Bowl","floor":42},{"not_picked":["Conserve Battery+1","Chaos+1"],"picked":"Redo+1","floor":44},{"not_picked":["Aggregate+1","Hyperbeam"],"picked":"Coolheaded+1","floor":48}],"player_experience":276758,"relics_obtained":[{"floor":6,"key":"Happy Flower"},{"floor":9,"key":"Oddly Smooth Stone"},{"floor":11,"key":"Turnip"},{"floor":26,"key":"White Beast Statue"},{"floor":29,"key":"Pen Nib"},{"floor":29,"key":"Singing Bowl"},{"floor":31,"key":"Letter Opener"},{"floor":31,"key":"Regal Pillow"},{"floor":41,"key":"Sundial"},{"floor":41,"key":"Smiling Mask"},{"floor":43,"key":"Juzu Bracelet"},{"floor":48,"key":"Whetstone"},{"floor":48,"key":"Toxic Egg 2"}],"event_choices":[{"damage_healed":0,"gold_gain":0,"player_choice":"Box","damage_taken":0,"relics_obtained":["Nunchaku"],"max_hp_gain":0,"max_hp_loss":0,"event_name":"Big Fish","floor":2,"gold_loss":0,"cards_obtained":["Regret"]},{"cards_removed":["Regret"],"damage_healed":0,"gold_gain":0,"player_choice":"Card Removal","damage_taken":0,"max_hp_gain":0,"max_hp_loss":0,"event_name":"The Cleric","floor":5,"gold_loss":50},{"damage_healed":0,"gold_gain":175,"player_choice":"AGREE","damage_taken":0,"max_hp_gain":0,"max_hp_loss":0,"event_name":"Liars Game","floor":8,"gold_loss":0,"cards_obtained":["Doubt"]},{"cards_removed":["Defend_B"],"damage_healed":0,"gold_gain":0,"player_choice":"Took Card","damage_taken":0,"max_hp_gain":0,"max_hp_loss":0,"event_name":"NoteForYourself","floor":14,"gold_loss":0,"cards_obtained":["Iron Wave"]},{"damage_healed":0,"gold_gain":0,"player_choice":"1 cards matched","damage_taken":0,"max_hp_gain":0,"max_hp_loss":0,"event_name":"Match and Keep!","floor":24,"gold_loss":0,"cards_obtained":["Clumsy"]},{"damage_healed":0,"gold_gain":0,"player_choice":"Gave Potion","damage_taken":0,"relics_obtained":["PreservedInsect"],"max_hp_gain":0,"max_hp_loss":0,"event_name":"WeMeetAgain","floor":39,"gold_loss":0},{"damage_healed":22,"gold_gain":0,"player_choice":"Writhe","damage_taken":0,"max_hp_gain":0,"max_hp_loss":0,"event_name":"Winding Halls","floor":45,"gold_loss":0,"cards_obtained":["Writhe"]},{"damage_healed":0,"gold_gain":0,"cards_transformed":["Strike_B"],"player_choice":"Transformed","damage_taken":0,"max_hp_gain":0,"max_hp_loss":0,"event_name":"Transmorgrifier","floor":46,"gold_loss":0,"cards_obtained":["Hello World"]}],"is_beta":false,"boss_relics":[{"not_picked":["SacredBark","Ectoplasm"],"picked":"Black Star"},{"not_picked":["Fusion Hammer","Coffee Dripper"],"picked":"Philosopher\u0027s Stone"}],"items_purged_floors":[19,38,47],"is_endless":false,"potions_floor_spawned":[1,3,6,7,12,20,27,28,29,30,31,33,35,36,37,41,42,44,48],"ascension_level":0}}