{"host":"jegehu1t82aiec5j","time":1612549820,"event":{"mods":["BaseMod","Colored Map","Minty Spire (QoL Compilation)","Relic Stats","StSLib"],"gold_per_floor":[112,112,129,54,54,54,72,104,150,181,246,246,257,30,30,117,117,136,136,152,173,8,8,22,22,74,101,101,101,435,459,459,547,547,572,140,161,188,212,241,241,284,284,284,284,298,48,69,69,69],"floor_reached":51,"language":"ENG","playtime":4251,"items_purged":["Strike_G","Strike_G","Strike_G","Defend_G"],"score":1478,"play_id":"adc133a0-be92-409b-914f-db973994811d","local_time":"20210205133020","is_ascension_mode":true,"campfire_choices":[{"data":"Leg Sweep","floor":6,"key":"SMITH"},{"data":"Deadly Poison","floor":12,"key":"SMITH"},{"floor":15,"key":"REST"},{"data":"Footwork","floor":23,"key":"SMITH"},{"data":"Storm of Steel","floor":25,"key":"SMITH"},{"data":"After Image","floor":29,"key":"SMITH"},{"floor":32,"key":"REST"},{"data":"Flechettes","floor":41,"key":"SMITH"},{"floor":45,"key":"REST"},{"floor":49,"key":"REST"}],"circlet_count":0,"master_deck":["AscendersBane","Defend_G","Defend_G","Defend_G","Defend_G","Survivor","Neutralize+1","Panacea","Leg Sweep+1","All Out Attack","Quick Slash","Masterful Stab","Deadly Poison+1","Storm of Steel+1","After Image+1","PiercingWail","Acrobatics","Footwork+1","Backflip+1","Blur","After Image","Flechettes+1","PiercingWail+1","Infinite Blades","PiercingWail+1","Corpse Explosion","Cloak And Dagger","Infinite Blades","Backflip+1"],"relics":["Ring of the Snake","WarpedTongs","Oddly Smooth Stone","Orichalcum","Strawberry","Bag of Preparation","CeramicFish","Sozu","Tiny Chest","Ginger","Old Coin","Cursed Key","Thread and Needle","Singing Bowl","Shuriken"],"acts_visited":["Exordium","TheCity","TheBeyond"],"potions_floor_usage":[10,10,50],"damage_taken":[{"damage":1,"enemies":"2 Louse","floor":1,"turns":3},{"damage":0,"enemies":"Small Slimes","floor":3,"turns":4},{"damage":0,"enemies":"Jaw Worm","floor":7,"turns":6},{"damage":13,"enemies":"3 Sentries","floor":8,"turns":11},{"damage":12,"enemies":"Lagavulin","floor":10,"turns":9},{"damage":0,"enemies":"3 Sentries","floor":11,"turns":6},{"damage":0,"enemies":"Lots of Slimes","floor":13,"turns":1},{"damage":20,"enemies":"Slime Boss","floor":16,"turns":11},{"damage":0,"enemies":"3 Byrds","floor":18,"turns":6},{"damage":9,"enemies":"Chosen","floor":20,"turns":6},{"damage":0,"enemies":"Snecko","floor":21,"turns":5},{"damage":0,"enemies":"Cultist and Chosen","floor":24,"turns":7},{"damage":4,"enemies":"Slavers","floor":27,"turns":8},{"damage":0,"enemies":"Book of Stabbing","floor":30,"turns":7},{"damage":2,"enemies":"Snake Plant","floor":31,"turns":6},{"damage":25,"enemies":"Champ","floor":33,"turns":24},{"damage":0,"enemies":"Orb Walker","floor":35,"turns":4},{"damage":11,"enemies":"3 Shapes","floor":37,"turns":5},{"damage":0,"enemies":"Sphere and 2 Shapes","floor":38,"turns":6},{"damage":11,"enemies":"3 Darklings","floor":39,"turns":8},{"damage":0,"enemies":"Giant Head","floor":40,"turns":12},{"damage":11,"enemies":"Nemesis","floor":42,"turns":13},{"damage":0,"enemies":"Jaw Worm Horde","floor":46,"turns":5},{"damage":0,"enemies":"Transient","floor":48,"turns":5},{"damage":0,"enemies":"Donu and Deca","floor":50,"turns":8}],"seed_played":"2843775165511479504","potions_obtained":[{"floor":7,"key":"Block Potion"},{"floor":8,"key":"AttackPotion"},{"floor":16,"key":"ColorlessPotion"}],"is_trial":false,"path_per_floor":["M","?","M","?","?","R","M","E","T","E","?","R","M","$","R","B",null,"M","?","M","M","$","R","M","R","T","E","?","R","E","M","R","B",null,"M","$","M","M","M","E","R","E","T","T","R","M","$","M","R","B",null],"character_chosen":"THE_SILENT","items_purchased":["Storm of Steel","Footwork","Thread and Needle","Cloak And Dagger","Infinite Blades"],"campfire_rested":4,"item_purchase_floors":[14,22,36,47,47],"current_hp_per_floor":[58,32,32,32,32,32,32,19,26,14,14,14,14,14,35,15,59,59,59,50,50,50,50,50,50,50,46,46,46,46,44,65,40,65,65,65,54,54,43,45,45,34,34,34,56,58,58,58,77,77],"gold":69,"neow_bonus":"RANDOM_COLORLESS","is_daily":false,"chose_seed":false,"campfire_upgraded":6,"win_rate":0.0,"timestamp":1612549820,"path_taken":["M","?","M","?","?","R","M","E","T","E","?","R","M","$","R","BOSS","M","?","M","M","$","R","M","R","T","E","?","R","E","M","R","BOSS","M","?","M","M","?","E","R","E","T","?","R","M","$","?","R","BOSS"],"items_purchased_type":["Card","Card","Relic","Card","Card"],"build_version":"2020-12-22","purchased_purges":4,"victory":true,"max_hp_per_floor":[66,66,66,66,66,66,66,66,73,73,73,73,73,73,73,73,73,73,73,73,73,73,73,73,73,73,73,73,73,73,73,73,73,73,73,73,73,73,73,75,75,75,75,75,75,77,77,77,77,77],"relic_stats":{"Singing Bowl":4,"counters":[25,186],"CeramicFish":153,"Bag of Preparation":[40],"Ginger":[10],"Orichalcum":[60],"Cursed Key":0,"WarpedTongs":[175],"Sozu":7,"Shuriken":[12],"Tiny Chest":1,"obtain_stats":[{"Singing Bowl":40,"CeramicFish":11,"Oddly Smooth Stone":2,"Thread and Needle":36,"Bag of Preparation":10,"Ginger":27,"Orichalcum":8,"Cursed Key":34,"WarpedTongs":0,"Old Coin":30,"Sozu":17,"Shuriken":42,"Strawberry":9,"Tiny Chest":26,"Ring of the Snake":0},{"Singing Bowl":21,"CeramicFish":6,"Oddly Smooth Stone":1,"Thread and Needle":17,"Bag of Preparation":5,"Ginger":13,"Orichalcum":4,"Cursed Key":16,"WarpedTongs":0,"Old Coin":14,"Sozu":8,"Shuriken":22,"Strawberry":4,"Tiny Chest":12,"Ring of the Snake":0},{"Singing Bowl":155,"CeramicFish":39,"Oddly Smooth Stone":3,"Thread and Needle":124,"Bag of Preparation":33,"Ginger":83,"Orichalcum":24,"Cursed Key":120,"WarpedTongs":0,"Old Coin":90,"Sozu":51,"Shuriken":168,"Strawberry":24,"Tiny Chest":75,"Ring of the Snake":0}],"Ring of the Snake":[50]},"card_choices":[{"not_picked":["Madness","Good Instincts"],"picked":"Panacea","floor":0},{"not_picked":["Tactician","Calculated Gamble"],"picked":"Leg Sweep","floor":1},{"not_picked":["Slice","Choke","Deflect"],"picked":"SKIP","floor":3},{"not_picked":["Underhanded Strike","Footwork"],"picked":"All Out Attack","floor":7},{"not_picked":["Backflip","Doppelganger"],"picked":"Quick Slash","floor":8},{"not_picked":["Poisoned Stab","Underhanded Strike"],"picked":"Masterful Stab","floor":10},{"not_picked":["Dagger Throw","Backstab"],"picked":"Deadly Poison","floor":11},{"not_picked":["Quick Slash","Prepared","Caltrops"],"picked":"SKIP","floor":13},{"not_picked":["Adrenaline","Storm of Steel"],"picked":"After Image","floor":16},{"not_picked":["Backstab","Slice"],"picked":"PiercingWail","floor":18},{"not_picked":["Flying Knee+1","Predator","Bane"],"picked":"SKIP","floor":20},{"not_picked":["Reflex","Flying Knee"],"picked":"Acrobatics","floor":21},{"not_picked":["Terror","Night Terror","PiercingWail"],"picked":"SKIP","floor":24},{"not_picked":["Dagger Spray+1","Acrobatics","Quick Slash"],"picked":"SKIP","floor":27},{"not_picked":["Grand Finale","Flying Knee+1"],"picked":"Backflip+1","floor":30},{"not_picked":["Deflect","Dagger Spray"],"picked":"Blur","floor":31},{"not_picked":["Bullet Time","Glass Knife"],"picked":"After Image","floor":33},{"not_picked":["Backflip","Dodge and Roll"],"picked":"Flechettes","floor":35},{"not_picked":["Tactician","Calculated Gamble"],"picked":"PiercingWail+1","floor":37},{"not_picked":["Prepared+1","Acrobatics"],"picked":"Infinite Blades","floor":38},{"not_picked":["Slice","Deadly Poison+1"],"picked":"PiercingWail+1","floor":39},{"not_picked":["Riddle With Holes+1","Dagger Throw","Sucker Punch"],"picked":"Singing Bowl","floor":40},{"not_picked":["Predator","Dagger Throw+1"],"picked":"Corpse Explosion","floor":42},{"not_picked":["Poisoned Stab","Distraction","Eviscerate"],"picked":"Singing Bowl","floor":46},{"not_picked":["Dagger Spray","Setup+1"],"picked":"Backflip+1","floor":48}],"player_experience":2590549,"relics_obtained":[{"floor":8,"key":"Orichalcum"},{"floor":9,"key":"Strawberry"},{"floor":10,"key":"Bag of Preparation"},{"floor":11,"key":"CeramicFish"},{"floor":26,"key":"Tiny Chest"},{"floor":27,"key":"Ginger"},{"floor":30,"key":"Old Coin"},{"floor":40,"key":"Singing Bowl"},{"floor":42,"key":"Shuriken"}],"event_choices":[{"damage_healed":0,"gold_gain":0,"player_choice":"Success","damage_taken":26,"relics_obtained":["Oddly Smooth Stone"],"max_hp_gain":0,"max_hp_loss":0,"event_name":"Scrap Ooze","floor":2,"gold_loss":0},{"cards_removed":["Strike_G"],"damage_healed":0,"gold_gain":0,"player_choice":"Card Removal","damage_taken":0,"max_hp_gain":0,"max_hp_loss":0,"event_name":"The Cleric","floor":4,"gold_loss":75},{"damage_healed":0,"gold_gain":0,"player_choice":"Grow","damage_taken":0,"max_hp_gain":0,"max_hp_loss":0,"event_name":"Living Wall","floor":5,"gold_loss":0,"cards_upgraded":["Neutralize"]},{"damage_healed":0,"gold_gain":0,"player_choice":"Searched \u00271\u0027 times","damage_taken":0,"max_hp_gain":0,"max_hp_loss":0,"event_name":"Dead Adventurer","floor":11,"gold_loss":0},{"damage_healed":0,"gold_gain":0,"player_choice":"Ignored","damage_taken":0,"max_hp_gain":0,"max_hp_loss":0,"event_name":"The Mausoleum","floor":19,"gold_loss":0},{"cards_removed":["Strike_G"],"damage_healed":0,"gold_gain":0,"player_choice":"Purged","damage_taken":0,"max_hp_gain":0,"max_hp_loss":0,"event_name":"Purifier","floor":28,"gold_loss":0}],"is_beta":false,"boss_relics":[{"not_picked":["Snecko Eye","Tiny House"],"picked":"Sozu"},{"not_picked":["Calling Bell","Fusion Hammer"],"picked":"Cursed Key"}],"items_purged_floors":[14,22,36,47],"is_endless":false,"potions_floor_spawned":[7,8,16,20,27,31,33,35,42,48],"ascension_level":15}}