{"host":"sav7uxregyirlf69","time":1612538909,"event":{"mods":["AchievementEnabler","BaseMod","Colored Map","DeckTracker","Keyboard Shortcuts","Minty Spire (QoL Compilation)","READ ME - Guardian Mod","StSLib","SuperFastMode"],"gold_per_floor":[368,443,443,443,455,455,130,158,158,158,175,175,188,201,201,275,275,290,290,309,321,321,321,321,321],"floor_reached":24,"language":"KOR","playtime":486,"items_purged":["Strike_G"],"score":492,"play_id":"aaa5191a-b40f-43e6-89d2-810cce6fad78","local_time":"20210206002829","is_ascension_mode":true,"campfire_choices":[{"floor":6,"key":"REST"},{"data":"Catalyst","floor":10,"key":"SMITH"},{"data":"Bouncing Flask","floor":12,"key":"SMITH"},{"data":"Footwork","floor":15,"key":"SMITH"},{"data":"Burst","floor":23,"key":"SMITH"}],"circlet_count":0,"master_deck":["AscendersBane","Strike_G","Strike_G","Strike_G","Defend_G","Defend_G","Defend_G","Defend_G","Defend_G","Survivor","Neutralize","Bouncing Flask+1","Catalyst+1","Footwork+1","Dark Shackles","Backstab","Burst+1","Blur+1","PiercingWail"],"relics":["Ring of the Snake","Tiny Chest","Ginger","White Beast Statue","Coffee Dripper"],"acts_visited":["Exordium","TheCity"],"potions_floor_usage":[8,13,16,20,21,24],"damage_taken":[{"damage":12,"enemies":"Small Slimes","floor":1,"turns":8},{"damage":0,"enemies":"2 Louse","floor":5,"turns":3},{"damage":11,"enemies":"Gremlin Nob","floor":8,"turns":4},{"damage":0,"enemies":"Cultist","floor":11,"turns":2},{"damage":4,"enemies":"Lots of Slimes","floor":13,"turns":4},{"damage":0,"enemies":"Looter","floor":14,"turns":4},{"damage":0,"enemies":"The Guardian","floor":16,"turns":4},{"damage":14,"enemies":"2 Thieves","floor":18,"turns":5},{"damage":1,"enemies":"Chosen","floor":20,"turns":6},{"damage":2,"enemies":"Centurion and Healer","floor":21,"turns":12},{"damage":19,"enemies":"Gremlin Leader","floor":24,"turns":7}],"seed_played":"-8712645323952810977","potions_obtained":[{"floor":1,"key":"Energy Potion"},{"floor":5,"key":"GhostInAJar"},{"floor":11,"key":"CunningPotion"},{"floor":13,"key":"PowerPotion"},{"floor":14,"key":"LiquidMemories"},{"floor":16,"key":"SmokeBomb"},{"floor":18,"key":"SpeedPotion"},{"floor":20,"key":"FearPotion"},{"floor":21,"key":"Dexterity Potion"}],"is_trial":false,"path_per_floor":["M","?","?","?","M","R","$","E","T","R","M","R","M","M","R","B",null,"M","T","M","M","?","R","E"],"character_chosen":"THE_SILENT","items_purchased":["Catalyst","Footwork","Dark Shackles"],"campfire_rested":1,"item_purchase_floors":[7,7,7],"current_hp_per_floor":[47,36,18,18,18,36,36,25,25,25,25,25,21,21,21,21,50,36,36,35,33,33,33,14,14],"gold":321,"neow_bonus":"TWO_FIFTY_GOLD","is_daily":false,"chose_seed":false,"campfire_upgraded":4,"win_rate":0.0,"timestamp":1612538909,"path_taken":["M","?","?","?","?","R","$","E","T","R","M","R","M","?","R","BOSS","M","?","M","?","?","R","E"],"items_purchased_type":["Card","Card","Card"],"build_version":"2020-12-22","purchased_purges":1,"victory":false,"max_hp_per_floor":[60,60,60,60,60,60,60,60,60,60,60,60,60,60,60,60,60,60,60,60,60,60,60,60,60],"card_choices":[{"not_picked":["Flying Knee","Prepared"],"picked":"Bouncing Flask","floor":1},{"not_picked":["Outmaneuver","Deadly Poison","Underhanded Strike"],"picked":"SKIP","floor":5},{"not_picked":["Deadly Poison","Poisoned Stab"],"picked":"Backstab","floor":8},{"not_picked":["Acrobatics","Prepared","Cloak And Dagger"],"picked":"SKIP","floor":11},{"not_picked":["Quick Slash","Flying Knee","Choke"],"picked":"SKIP","floor":13},{"not_picked":["Heel Hook","Outmaneuver","Poisoned Stab"],"picked":"SKIP","floor":14},{"not_picked":["Night Terror","Phantasmal Killer"],"picked":"Burst","floor":16},{"not_picked":["Dagger Spray","Prepared+1"],"picked":"Blur+1","floor":18},{"not_picked":["Caltrops","Underhanded Strike","Footwork"],"picked":"SKIP","floor":20},{"not_picked":["Blade Dance+1","Dagger Spray+1"],"picked":"PiercingWail","floor":21}],"player_experience":1498536,"relics_obtained":[{"floor":8,"key":"Ginger"},{"floor":9,"key":"White Beast Statue"}],"event_choices":[{"damage_healed":0,"gold_gain":75,"player_choice":"Gather Gold","damage_taken":11,"max_hp_gain":0,"max_hp_loss":0,"event_name":"World of Goop","floor":2,"gold_loss":0},{"damage_healed":0,"gold_gain":0,"player_choice":"Success","damage_taken":18,"relics_obtained":["Tiny Chest"],"max_hp_gain":0,"max_hp_loss":0,"event_name":"Scrap Ooze","floor":3,"gold_loss":0},{"cards_removed":["Strike_G"],"damage_healed":0,"gold_gain":0,"player_choice":"Card Removal","damage_taken":0,"max_hp_gain":0,"max_hp_loss":0,"event_name":"Wheel of Change","floor":4,"gold_loss":0},{"damage_healed":0,"gold_gain":0,"player_choice":"Ignored","damage_taken":0,"max_hp_gain":0,"max_hp_loss":0,"event_name":"The Mausoleum","floor":22,"gold_loss":0}],"is_beta":false,"boss_relics":[{"not_picked":["Snecko Eye","Ring of the Serpent"],"picked":"Coffee Dripper"}],"items_purged_floors":[7],"is_endless":false,"potions_floor_spawned":[1,5,11,13,14,16,18,20,21],"killed_by":"Gremlin Leader","ascension_level":20}}