{"host":"1dz819zv7fs9tsdy","time":1612507336,"event":{"mods":["AchievementEnabler","BaseMod","Colored Powertips","Curses Come First","Minty Spire (QoL Compilation)","Rare Cards Sparkle","Shop Mod","StSLib"],"gold_per_floor":[110,63,13,13,13,13,45,59,59,79,97,109,128,139,139,239,239,249,259,29,29,29,59,59,89,89,15,15,15],"floor_reached":28,"language":"ENG","playtime":1317,"items_purged":["Strike_R"],"score":325,"play_id":"8cc44b2b-0df9-4ee3-95d9-7149ba622b8a","local_time":"20210205064216","is_ascension_mode":true,"campfire_choices":[{"data":"Bash","floor":6.0,"key":"SMITH"},{"data":"Heavy Blade","floor":15.0,"key":"SMITH"},{"data":"Barricade","floor":24.0,"key":"SMITH"}],"circlet_count":0,"master_deck":["Strike_R","Strike_R","Defend_R","Defend_R","Defend_R","Defend_R","Bash+1","Anger","Armaments","Heavy Blade","Disarm","Headbutt","Inflame","Blood for Blood","Inflame","Heavy Blade+1","Spot Weakness","Barricade+1","Shrug It Off+1","Seeing Red","Heavy Blade","J.A.X.","Juggernaut","Anger+1","Thunderclap"],"relics":["Burning Blood","NeowsBlessing","Smiling Mask","Mummified Hand","SlaversCollar","OrangePellets","StrikeDummy","Bag of Marbles","Pantograph"],"acts_visited":["Exordium","TheCity"],"potions_floor_usage":[28],"damage_taken":[{"damage":0.0,"enemies":"Jaw Worm","floor":1.0,"turns":1.0},{"damage":0.0,"enemies":"Lagavulin","floor":7.0,"turns":1.0},{"damage":0.0,"enemies":"Cultist","floor":8.0,"turns":1.0},{"damage":4.0,"enemies":"Small Slimes","floor":10.0,"turns":3.0},{"damage":4.0,"enemies":"Red Slaver","floor":11.0,"turns":3.0},{"damage":17.0,"enemies":"3 Louse","floor":12.0,"turns":3.0},{"damage":7.0,"enemies":"2 Fungi Beasts","floor":13.0,"turns":4.0},{"damage":4.0,"enemies":"Red Slaver","floor":14.0,"turns":3.0},{"damage":25.0,"enemies":"Hexaghost","floor":16.0,"turns":5.0},{"damage":15.0,"enemies":"Shell Parasite","floor":18.0,"turns":4.0},{"damage":26.0,"enemies":"3 Byrds","floor":19.0,"turns":5.0},{"damage":32.0,"enemies":"Book of Stabbing","floor":23.0,"turns":4.0},{"damage":20,"enemies":"Gremlin Leader","floor":25,"turns":6},{"damage":28,"enemies":"Centurion and Healer","floor":28,"turns":2}],"seed_played":"-5924182375791576289","potions_obtained":[{"floor":8.0,"key":"Explosive Potion"},{"floor":10.0,"key":"EssenceOfSteel"},{"floor":13.0,"key":"Fire Potion"}],"is_trial":false,"path_per_floor":["M","$","?","?","$","R","E","M","T","M","M","M","M","M","R","B",null,"M","M","$","?","?","E","R","E","T","$","M"],"character_chosen":"IRONCLAD","items_purchased":["Armaments","OrangePellets","Heavy Blade","Thunderclap","BloodPotion"],"campfire_rested":0,"item_purchase_floors":[2,20,20,27,27],"current_hp_per_floor":[80,80,80,80,80,80,80,80,80,80,80,69,68,70,70,51,80,71,51,51,51,51,25,25,11,11,11,0,0],"gold":15,"neow_bonus":"THREE_ENEMY_KILL","is_daily":false,"chose_seed":false,"campfire_upgraded":3,"win_rate":0.0,"timestamp":1612507336,"path_taken":["M","$","?","?","$","R","E","M","T","M","M","?","M","M","R","BOSS","M","M","$","?","?","E","R","E","T","$","M"],"items_purchased_type":["Card","Relic","Card","Card","Potion"],"build_version":"2020-12-22","purchased_purges":1,"victory":false,"max_hp_per_floor":[80,80,80,80,80,80,80,80,80,80,80,80,80,80,80,80,80,80,80,80,80,80,80,80,80,80,80,80,80],"card_choices":[{"not_picked":["Infernal Blade","Clothesline"],"picked":"Anger","floor":1.0},{"not_picked":["Clothesline","Dropkick"],"picked":"Disarm","floor":7.0},{"not_picked":["Wild Strike","True Grit"],"picked":"Headbutt","floor":8.0},{"not_picked":["Blood for Blood","Reckless Charge"],"picked":"Inflame","floor":10.0},{"not_picked":["Cleave","Thunderclap"],"picked":"Blood for Blood","floor":11.0},{"not_picked":["Cleave","Uppercut"],"picked":"Inflame","floor":12.0},{"not_picked":["Feel No Pain","Warcry"],"picked":"Heavy Blade","floor":13.0},{"not_picked":["Body Slam","Reckless Charge"],"picked":"Spot Weakness","floor":14.0},{"not_picked":["Juggernaut","Bludgeon"],"picked":"Barricade","floor":16.0},{"not_picked":["Headbutt+1","Wild Strike"],"picked":"Shrug It Off+1","floor":18.0},{"not_picked":["Twin Strike","Headbutt"],"picked":"Seeing Red","floor":19.0},{"not_picked":["True Grit+1","Body Slam+1"],"picked":"Juggernaut","floor":23.0},{"not_picked":["Entrench","Battle Trance"],"picked":"Anger+1","floor":25}],"player_experience":405714,"relics_obtained":[{"floor":7.0,"key":"Smiling Mask"},{"floor":9.0,"key":"Mummified Hand"},{"floor":23.0,"key":"StrikeDummy"},{"floor":25,"key":"Bag of Marbles"},{"floor":26,"key":"Pantograph"}],"event_choices":[{"cards_removed":["Strike_R"],"damage_healed":0.0,"max_hp_gain":0.0,"max_hp_loss":0.0,"gold_gain":0.0,"event_name":"The Cleric","player_choice":"Card Removal","floor":3.0,"gold_loss":50.0,"damage_taken":0.0},{"damage_healed":0.0,"max_hp_gain":0.0,"max_hp_loss":0.0,"gold_gain":0.0,"cards_transformed":["Strike_R"],"event_name":"Transmorgrifier","player_choice":"Transformed","floor":4.0,"gold_loss":0.0,"damage_taken":0.0,"cards_obtained":["Heavy Blade"]},{"damage_healed":0.0,"max_hp_gain":0.0,"max_hp_loss":0.0,"gold_gain":0.0,"event_name":"Vampires","player_choice":"Ignored","floor":21.0,"gold_loss":0.0,"damage_taken":0.0},{"damage_healed":0.0,"max_hp_gain":0.0,"max_hp_loss":0.0,"gold_gain":0.0,"event_name":"Drug Dealer","player_choice":"Obtain J.A.X.","floor":22.0,"gold_loss":0.0,"damage_taken":0.0,"cards_obtained":["J.A.X."]}],"is_beta":false,"boss_relics":[{"not_picked":["Ectoplasm","SacredBark"],"picked":"SlaversCollar"}],"items_purged_floors":[20],"is_endless":false,"potions_floor_spawned":[8,10,13],"killed_by":"Centurion and Healer","ascension_level":3}}