{"host":"njo8qgvy2a57fcny","time":1612505568,"event":{"mods":["Aspiration","BaseMod","BetterRewards","CCEM2","Colored Map","Colored Powertips","Conspire","Custom Start","Downfall","Energized Spire","GifTheSpireLib","Halation","Hermit","Hubris","Infinite Spire","Jedi Mod","Jorbs\u0027s Wanderer Trilogy","Mimic Mod","Minty Spire (QoL Compilation)","Quick Restart","Random Character Button","Random Character Mod","Rare Cards Sparkle","Relic Sorter","Reliquary","Replay The Spire","Shop Mod","StSLib","Stuff the Spire","The Animator","The Jungle","The Runesmith","The Servant 0.9.4","Unceasing Turn Reminder","thorton"],"gold_per_floor":[99,99,115,115,135,135,171,171,203,217,233,258,17,44,57,160,160,160,178,199,229,229,229,280,301,316,316,316,316],"floor_reached":27,"language":"ENG","playtime":1703,"items_purged":[],"score":326,"play_id":"dbc19d23-0a52-47d6-ad84-19edc9f1f2d3","local_time":"20210205171248","is_ascension_mode":true,"campfire_choices":[{"floor":1,"key":"DIG"},{"data":"champ:RapidStrikes","floor":6,"key":"SMITH"},{"floor":18,"key":"RECALL"}],"circlet_count":0,"master_deck":["champ:Strike","champ:Strike","champ:Strike+1","champ:Defend","champ:Defend","champ:Defend","champ:Defend","champ:Execute","champ:Taunt","champ:RapidStrikes+1","champ:ShieldSigil","champ:Lariat","champ:RapidStrikes+1","champ:AdrenalArmor","champ:ShieldWall","champ:SwordThrow","champ:Parry","champ:Backstep","champ:Duel","champ:FanOfKnives+1","champ:AdrenalArmor","champ:LastStand","champ:StanceDance+1","champ:RisingSlash+1","champ:Encircle","champ:GutPunch","champ:Lariat","champ:UltimateStance"],"relics":["hubris:TerracottaHorce","conspire:Flyswatter","jedi:shrinkray","Meat on the Bone","infinitespire:Eraser","StuffTheSpire:GrapeVine","Anchor","thethorton:GreedFountain","aspiration:RitualStick","Eternal Feather"],"acts_visited":["Exordium","TheCity"],"potions_floor_usage":[12,21,27,27],"damage_taken":[{"damage":10,"enemies":"2 Louse","floor":3,"turns":2},{"damage":11,"enemies":"Cultist","floor":5,"turns":3},{"damage":55,"enemies":"Small Slimes","floor":7,"turns":8},{"damage":56,"enemies":"Lagavulin","floor":9,"turns":7},{"damage":10,"enemies":"Small Slimes","floor":10,"turns":3},{"damage":21,"enemies":"Exordium Thugs","floor":11,"turns":3},{"damage":32,"enemies":"3 Sentries","floor":12,"turns":5},{"damage":35,"enemies":"downfall:FleeingMerchant","floor":13,"turns":4},{"damage":10,"enemies":"Gremlin Nob","floor":14,"turns":3},{"damage":18,"enemies":"Exordium Wildlife","floor":15,"turns":4},{"damage":50,"enemies":"SI_SHIV_ARCHETYPE","floor":16,"turns":5},{"damage":10,"enemies":"Chosen","floor":19,"turns":4},{"damage":45,"enemies":"Spheric Guardian","floor":20,"turns":3},{"damage":54,"enemies":"Snake Plant","floor":21,"turns":4},{"damage":40,"enemies":"3 Cultists","floor":24,"turns":3},{"damage":77,"enemies":"3 Cultists","floor":25,"turns":4},{"damage":58,"enemies":"Chosen and Byrds","floor":26,"turns":6},{"damage":60,"enemies":"Slavers","floor":27,"turns":4}],"seed_played":"-7967198071418691466","potions_obtained":[{"floor":3,"key":"SpeedPotion"},{"floor":9,"key":"jedi:mysterypotion"},{"floor":11,"key":"DistilledChaos"},{"floor":14,"key":"Death Potion"},{"floor":21,"key":"CultistPotion"},{"floor":26,"key":"SteroidPotion"}],"is_trial":false,"path_per_floor":["R_BF","?","M","?","M","R","MIM","?","E","M","M","E","$","E","M","B",null,"R","M","M","M","?","?","MIM","M","M","E"],"character_chosen":"THE_CHAMP","items_purchased":["StuffTheSpire:GrapeVine","champ:Duel"],"campfire_rested":0,"item_purchase_floors":[13,13],"current_hp_per_floor":[90,90,90,100,99,99,99,99,73,73,62,62,62,62,71,83,96,96,96,96,94,74,66,78,61,55,0,0,0],"gold":316,"neow_bonus":"BOSS_RELIC","is_daily":false,"chose_seed":false,"campfire_upgraded":1,"win_rate":0.0,"timestamp":1612505568,"path_taken":["R_BF","?","?","?","?","R","MIM","?","E","M","?","E","$","E","M","BOSS","R","M","M","M","?","?","MIM","?","M","E"],"items_purchased_type":["Relic","Card"],"build_version":"2020-12-22","purchased_purges":0,"victory":false,"max_hp_per_floor":[90,90,90,100,100,100,100,100,100,100,100,100,100,100,100,100,100,100,100,100,100,100,100,100,100,100,100,100,100],"card_choices":[{"not_picked":["champ:FalseCounter","champ:ShieldSigil"],"picked":"champ:RapidStrikes","floor":3},{"not_picked":["champ:Shatter","champ:BladeFlurry"],"picked":"champ:ShieldSigil","floor":5},{"not_picked":["champ:ArenaPreparation","champ:EnGarde"],"picked":"champ:Lariat","floor":7},{"not_picked":["champ:Endure","champ:Shatter"],"picked":"champ:AdrenalArmor","floor":9},{"not_picked":["champ:Haymaker","champ:AdrenalArmor"],"picked":"champ:ShieldWall","floor":10},{"not_picked":["champ:TornadoPunch","champ:Parry"],"picked":"champ:SwordThrow","floor":11},{"not_picked":["champ:Shatter","champ:ArenaPreparation"],"picked":"champ:Parry","floor":12},{"not_picked":["champ:Haymaker","champ:PerfectedStrike"],"picked":"champ:Backstep","floor":13},{"not_picked":["champ:VampiricStrike","champ:Backstep"],"picked":"champ:FanOfKnives","floor":14},{"not_picked":["champ:EnGarde","champ:Circumvent"],"picked":"champ:AdrenalArmor","floor":15},{"not_picked":["champ:IgnorePain","champ:Devastate"],"picked":"champ:LastStand","floor":16},{"not_picked":["champ:Endure+1","champ:FanOfKnives"],"picked":"champ:StanceDance+1","floor":19},{"not_picked":["champ:StanceDance","champ:ShieldSlam+1"],"picked":"champ:RisingSlash+1","floor":20},{"not_picked":["champ:EnGarde+1","champ:RecklessLeap"],"picked":"champ:Encircle","floor":21},{"not_picked":["champ:ShieldSlam+1","champ:PerfectedStrike"],"picked":"champ:GutPunch","floor":24},{"not_picked":["champ:Circumvent","champ:FocusedBerserking"],"picked":"champ:Lariat","floor":25},{"not_picked":["champ:Haymaker","champ:Shatter"],"picked":"champ:UltimateStance","floor":26}],"player_experience":768117,"relics_obtained":[{"floor":1,"key":"conspire:Flyswatter"},{"floor":7,"key":"jedi:shrinkray"},{"floor":9,"key":"Meat on the Bone"},{"floor":12,"key":"infinitespire:Eraser"},{"floor":14,"key":"Anchor"},{"floor":24,"key":"Eternal Feather"}],"event_choices":[{"cards_removed":["champ:Strike"],"damage_healed":0,"gold_gain":0,"player_choice":"Offered Basic","damage_taken":0,"max_hp_gain":0,"max_hp_loss":0,"event_name":"Bonfire Elementals","floor":2,"gold_loss":0}],"is_beta":false,"boss_relics":[{"not_picked":["hubris:CrackedHourglass","bronze:MakeshiftBattery"],"picked":"thethorton:GreedFountain"}],"items_purged_floors":[],"is_endless":false,"potions_floor_spawned":[3,9,11,14,21,26],"killed_by":"Slavers","ascension_level":1}}