{"host":"18ybagvpjbhxblmx","time":1612494121,"event":{"mods":["BaseMod","BetterRewards","Colored Map","Conspire","Friendly Minions","Hubris","Infinite Spire","Koishi","Marisa????????","Minty Spire (QoL Compilation)","Quick Restart","Replay The Spire","StSLib","The Administrix","The Servant 0.9.4"],"gold_per_floor":[109,128,128,28,40,71,71,88,88,88,88,104,123,0,0,102,102,113,177,77,77,77,77,111,111,136,170,170,198,212,229,229,334,334,353,419,98,98,98,125,145,179,179,179,229,89,89,109,109,109,109],"floor_reached":50,"language":"ENG","playtime":6158,"items_purged":["Strike_S","Defend_S","TimeTheft","Reset","Defend_S","Voices"],"score":999,"play_id":"8ed18470-2022-441d-9bf0-cd812997c705","local_time":"20210205040201","is_ascension_mode":true,"campfire_choices":[{"floor":7.0,"key":"REST"},{"data":"SoulSculpture","floor":11.0,"key":"SMITH"},{"data":"Initiator","floor":15.0,"key":"SMITH"},{"data":"Manipulate","floor":23.0,"key":"SMITH"},{"data":"ForgedInTime","floor":25.0,"key":"SMITH"},{"data":"TheWorld","floor":32,"key":"SMITH"},{"data":"ShiftingGears","floor":47,"key":"SMITH"},{"data":"FloweringNight","floor":49,"key":"SMITH"}],"circlet_count":0,"master_deck":["Exchange","BottledTime","SoulSculpture+1","BottledTime","Manipulate+1","Foresight","ShiftingGears+1","Initiator+1","Advance+1","ForgedInTime+1","BottledTime","TheWorld+1","BottledTime+1","TimeTheft","Collapse+1","Alleviate+1","SoulSculpture","FloweringNight+1","Collapse"],"relics":["Uniform","Bag of Preparation","Strange Spoon","Prayer Wheel","TheAbacus","Replay:PocketPolymizer","The Courier","Juzu Bracelet","StoneMask","Replay:Baseball","Incense Burner","Whetstone","Pocketwatch","hubris:Reverence","SlaversCollar","Bronze Scales","hubris:MysteriousPyramids","Ring of Fury","Nunchaku","Replay:Mystery Machine","Anchor","hubris:Towel","Durian"],"acts_visited":["Exordium","TheCity","TheBeyond"],"potions_floor_usage":[],"damage_taken":[{"damage":0.0,"enemies":"Small Slimes","floor":1.0,"turns":7.0},{"damage":0.0,"enemies":"Cultist","floor":2.0,"turns":4.0},{"damage":0.0,"enemies":"Jaw Worm","floor":5.0,"turns":3.0},{"damage":21.0,"enemies":"3 Sentries","floor":6.0,"turns":11.0},{"damage":1.0,"enemies":"Lots of Slimes","floor":8.0,"turns":7.0},{"damage":0.0,"enemies":"Exordium Thugs","floor":12.0,"turns":4.0},{"damage":1.0,"enemies":"Looter","floor":13.0,"turns":2.0},{"damage":16.0,"enemies":"The Guardian","floor":16.0,"turns":11.0},{"damage":0.0,"enemies":"Spheric Guardian","floor":18.0,"turns":5.0},{"damage":0.0,"enemies":"Slavers","floor":24.0,"turns":5.0},{"damage":4.0,"enemies":"Gremlin Leader","floor":27.0,"turns":4.0},{"damage":0,"enemies":"Book of Stabbing","floor":29,"turns":4},{"damage":0,"enemies":"Shell Parasite","floor":30,"turns":4},{"damage":12,"enemies":"Shelled Parasite and Fungi","floor":31,"turns":3},{"damage":0,"enemies":"hubris:MusketHawk","floor":33,"turns":5},{"damage":0,"enemies":"3 Shapes","floor":35,"turns":6},{"damage":9,"enemies":"conspire:MimicChest","floor":36,"turns":13},{"damage":0,"enemies":"Nightmare","floor":40,"turns":7},{"damage":0,"enemies":"3 Darklings","floor":41,"turns":4},{"damage":0,"enemies":"Reptomancer","floor":42,"turns":4},{"damage":0,"enemies":"Mind Bloom Boss Battle","floor":45,"turns":2},{"damage":0,"enemies":"Maw","floor":48,"turns":5},{"damage":0,"enemies":"Donu and Deca","floor":50,"turns":4}],"seed_played":"7424449112697996562","potions_obtained":[{"floor":1.0,"key":"Dexterity Potion"},{"floor":2.0,"key":"Elixir"},{"floor":3.0,"key":"LiquidMemories"},{"floor":3.0,"key":"Doom Potion"},{"floor":8.0,"key":"DistilledChaos"},{"floor":12.0,"key":"Doom Potion"},{"floor":18.0,"key":"Adrenaline Potion"},{"floor":19.0,"key":"LiquidMemories"},{"floor":27.0,"key":"Dexterity Potion"},{"floor":33,"key":"Energy Potion"},{"floor":40,"key":"DuplicationPotion"}],"is_trial":false,"path_per_floor":["M","M","?","$","M","E","R","M","T","?","R","M","M","$","R","B",null,"M","?","$","?","?","R","E","R","T","E","AVR","E","M","M","R","B",null,"M","?","$","?","$","NM","M","E","T","?","?","$","R","M","R","B"],"character_chosen":"THE_SERVANT","items_purchased":["Bag of Preparation","Strange Spoon","TheAbacus","Juzu Bracelet","hubris:MysteriousPyramids"],"campfire_rested":1,"item_purchase_floors":[0,0,0,14,37],"current_hp_per_floor":[34,34,34,34,34,13,32,31,31,65,65,65,64,64,64,48,65,66,50,50,50,50,50,59,59,59,58,58,61,64,58,58,61,75,78,72,72,72,72,75,78,81,81,81,89,89,89,90,90,92,92],"gold":109,"neow_bonus":"","is_daily":false,"chose_seed":false,"campfire_upgraded":7,"win_rate":0.0,"timestamp":1612494121,"path_taken":["M","M","?","$","M","E","R","?","T","?","R","M","?","$","R","BOSS","M","?","$","?","?","R","E","R","T","E","AVR","E","M","M","R","BOSS","M","?","$","?","?","NM","M","E","T","?","?","$","R","M","R","BOSS"],"items_purchased_type":["Relic","Relic","Relic","Relic","Relic"],"build_version":"2020-12-22","purchased_purges":6,"victory":false,"max_hp_per_floor":[65,65,65,65,65,65,65,65,65,65,65,65,65,65,65,65,65,66,66,66,66,66,66,69,69,69,70,70,71,72,74,74,75,75,78,79,79,79,79,80,81,82,82,82,89,89,89,90,90,92,92],"card_choices":[{"not_picked":["Rewind","Ricochet","Deadline"],"picked":"SKIP","floor":1.0},{"not_picked":["Defy","SurpressingFire","Rewind"],"picked":"SKIP","floor":1.0},{"not_picked":["DoubleEdge","Snipe"],"picked":"BottledTime","floor":2.0},{"not_picked":["Unruled","Potential","Collapse"],"picked":"SKIP","floor":2.0},{"not_picked":["StarChef","Spin"],"picked":"SoulSculpture","floor":5.0},{"not_picked":["Potential","Deadline","SurpressingFire"],"picked":"SKIP","floor":5.0},{"not_picked":["Spin","ShatteredReality","Defy"],"picked":"SKIP","floor":6.0},{"not_picked":["Starlight","Deadline"],"picked":"BottledTime","floor":8.0},{"not_picked":["Ricochet","Defy"],"picked":"Manipulate","floor":8.0},{"not_picked":["Ricochet","Unruled"],"picked":"ShiftingGears","floor":12.0},{"not_picked":["Alleviate","ShatteredReality"],"picked":"Initiator","floor":12.0},{"not_picked":["ShatteredReality","Misdirection","RealityMarble"],"picked":"SKIP","floor":13.0},{"not_picked":["BestPractice","WasteNot","Potential"],"picked":"SKIP","floor":13.0},{"not_picked":["Barrier","ReturningBlade+1"],"picked":"Advance+1","floor":18.0},{"not_picked":["Alleviate","DoubleEdge+1","Replace+1"],"picked":"SKIP","floor":18.0},{"not_picked":["TimeWarp","Potential"],"picked":"ForgedInTime","floor":19.0},{"not_picked":["Moonlight","Deadline+1","Snipe"],"picked":"SKIP","floor":24.0},{"not_picked":["DoubleEdge","Reset"],"picked":"TheWorld","floor":27.0},{"not_picked":["Alleviate","Contraction+1","Shuttle"],"picked":"SKIP","floor":29},{"not_picked":["Potential","Rewind"],"picked":"BottledTime+1","floor":30},{"not_picked":["DancingSilver","FastForward","Read"],"picked":"SKIP","floor":30},{"not_picked":["Rearm+1","Read","ShatteredReality"],"picked":"SKIP","floor":31},{"not_picked":["Potential","SilverMatrix","Gouge"],"picked":"SKIP","floor":31},{"not_picked":["Spin","FastForward"],"picked":"Collapse+1","floor":35},{"not_picked":["SilverBlades+1","Spin+1","Ricochet"],"picked":"SKIP","floor":35},{"not_picked":["Defy+1","Desolation"],"picked":"Alleviate+1","floor":36},{"not_picked":["Ricochet","Unruled+1","Desolation"],"picked":"SKIP","floor":40},{"not_picked":["Replace","Starlight"],"picked":"SoulSculpture","floor":41},{"not_picked":["Alleviate","Starlight+1","Unruled"],"picked":"SKIP","floor":41},{"not_picked":["Ricochet+1","FastForward+1","Rewind"],"picked":"SKIP","floor":42},{"not_picked":["FastForward+1","DoubleEdge"],"picked":"FloweringNight","floor":48},{"not_picked":["Snipe+1","TimeWarp","Desolation+1"],"picked":"SKIP","floor":48}],"player_experience":197044,"relics_obtained":[{"floor":6.0,"key":"Replay:PocketPolymizer"},{"floor":9.0,"key":"The Courier"},{"floor":19.0,"key":"Replay:Baseball"},{"floor":24.0,"key":"Incense Burner"},{"floor":26.0,"key":"Whetstone"},{"floor":27.0,"key":"Pocketwatch"},{"floor":29,"key":"hubris:Reverence"},{"floor":36,"key":"Bronze Scales"},{"floor":38,"key":"Ring of Fury"},{"floor":40,"key":"Nunchaku"},{"floor":42,"key":"Replay:Mystery Machine"},{"floor":43,"key":"Anchor"},{"floor":45,"key":"Durian"}],"event_choices":[{"damage_healed":0.0,"max_hp_gain":0.0,"max_hp_loss":0.0,"gold_gain":0.0,"event_name":"Lab","player_choice":"Got Potions","floor":3.0,"gold_loss":0.0,"damage_taken":0.0},{"cards_removed":["Shuttle"],"damage_healed":34.0,"max_hp_gain":0.0,"max_hp_loss":0.0,"gold_gain":0.0,"event_name":"Bonfire Elementals","player_choice":"Offered Uncommon","floor":10.0,"gold_loss":0.0,"damage_taken":0.0},{"damage_healed":0.0,"max_hp_gain":0.0,"max_hp_loss":0.0,"gold_gain":0.0,"event_name":"The Library","player_choice":"Read","floor":21.0,"gold_loss":0.0,"damage_taken":0.0,"cards_obtained":["BottledTime"]},{"damage_healed":0.0,"max_hp_gain":0.0,"max_hp_loss":0.0,"gold_gain":0.0,"event_name":"Vampires","player_choice":"Ignored","floor":22.0,"gold_loss":0.0,"damage_taken":0.0},{"damage_healed":0,"gold_gain":0,"player_choice":"Fight","damage_taken":0,"max_hp_gain":0,"max_hp_loss":0,"event_name":"MindBloom","floor":45,"gold_loss":0}],"is_beta":false,"boss_relics":[{"not_picked":["Black Star","SacredBark"],"picked":"StoneMask"},{"not_picked":["Tiny House","ReplayTheSpireMod:SealedPack"],"picked":"SlaversCollar"}],"items_purged_floors":[0,4,20,28,37,46],"is_endless":true,"potions_floor_spawned":[1,2,8,12,18,24,27,33,40,42],"killed_by":"Donu and Deca","ascension_level":1}}