{"host":"hlz9nytggqnehs39","time":1612526659,"event":{"mods":["BaseMod","Highlight Path","Minty Spire (QoL Compilation)","Relic Stats"],"gold_per_floor":[109,125,141,141,15,45,45,45,45,45,45,55,55,68,68,164,214,230,230,250,165,43,71,88,88,160,175,175,5,5,5],"floor_reached":30,"language":"ENG","playtime":1102,"items_purged":["Pain"],"score":384,"play_id":"d5fe1689-cc40-4e2e-a84f-922a85bb1450","local_time":"20210205130419","is_ascension_mode":true,"campfire_choices":[{"data":"Echo Form","floor":7,"key":"SMITH"},{"floor":10,"key":"REST"},{"data":"Streamline","floor":15,"key":"SMITH"},{"floor":25,"key":"REST"},{"floor":28,"key":"REST"}],"circlet_count":0,"master_deck":["AscendersBane","Strike_B","Strike_B","Strike_B","Strike_B","Defend_B","Defend_B","Defend_B+1","Defend_B","Zap","Dualcast","Clumsy","Streamline+1","Sweeping Beam","Conserve Battery","Echo Form+1","Compile Driver","Ball Lightning","Reboot","Coolheaded","Gash","Auto Shields","Hologram+1","Loop","Ball Lightning+1","Loop","Recycle+1","Glacier+1"],"relics":["Cracked Core","Emotion Chip","WarpedTongs","Gambling Chip","Kunai","Bird Faced Urn","Tiny House","Molten Egg 2","Toxic Egg 2","Turnip","Symbiotic Virus"],"acts_visited":["Exordium","TheCity"],"potions_floor_usage":[14,18,24,30,30,30],"damage_taken":[{"damage":6,"enemies":"Cultist","floor":1,"turns":4},{"damage":11,"enemies":"Small Slimes","floor":2,"turns":3},{"damage":7,"enemies":"2 Louse","floor":3,"turns":2},{"damage":19,"enemies":"Lagavulin","floor":6,"turns":6},{"damage":7,"enemies":"Exordium Wildlife","floor":12,"turns":3},{"damage":4,"enemies":"Exordium Thugs","floor":14,"turns":3},{"damage":23,"enemies":"Slime Boss","floor":16,"turns":6},{"damage":8,"enemies":"Spheric Guardian","floor":18,"turns":4},{"damage":26,"enemies":"Shell Parasite","floor":20,"turns":5},{"damage":50,"enemies":"Book of Stabbing","floor":23,"turns":6},{"damage":11,"enemies":"Sentry and Sphere","floor":24,"turns":5},{"damage":23,"enemies":"Snecko","floor":27,"turns":4},{"damage":52,"enemies":"Gremlin Leader","floor":30,"turns":6}],"seed_played":"-7896754922471185086","potions_obtained":[{"floor":1,"key":"Ancient Potion"},{"floor":17,"key":"Energy Potion"},{"floor":18,"key":"Dexterity Potion"},{"floor":20,"key":"FairyPotion"}],"is_trial":false,"path_per_floor":["M","M","M","?","$","E","R","$","T","R","?","M","$","M","R","B",null,"M","?","M","?","$","E","M","R","T","M","R","$","E"],"character_chosen":"DEFECT","items_purchased":["Weak Potion","Hologram+1","Loop","EntropicBrew","Glacier+1"],"campfire_rested":3,"item_purchase_floors":[5,22,22,29,29],"current_hp_per_floor":[62,51,44,44,44,25,25,25,25,47,44,37,37,33,33,12,64,58,58,32,32,32,10,1,25,25,8,32,32,0,0],"gold":5,"neow_bonus":"ONE_RARE_RELIC","is_daily":false,"chose_seed":false,"campfire_upgraded":2,"win_rate":0.0,"timestamp":1612526659,"path_taken":["M","M","M","?","?","E","R","$","T","R","?","M","$","M","R","BOSS","M","?","M","?","$","E","M","R","T","?","R","$","E"],"items_purchased_type":["Potion","Card","Card","Potion","Card"],"build_version":"2020-12-22","purchased_purges":1,"victory":false,"max_hp_per_floor":[75,75,75,75,75,75,75,75,75,75,75,75,75,75,75,75,80,80,80,80,80,80,80,80,80,80,80,80,80,80,80],"relic_stats":{"Emotion Chip":[55,47,6,2,0],"counters":[13,56],"Gambling Chip":[26],"Bird Faced Urn":[20],"Turnip":[5],"Kunai":[7],"obtain_stats":[{"Emotion Chip":0,"Tiny House":17,"Gambling Chip":6,"Bird Faced Urn":11,"Molten Egg 2":19,"Turnip":23,"Kunai":9,"Toxic Egg 2":21,"Cracked Core":0,"Symbiotic Virus":26,"WarpedTongs":4},{"Emotion Chip":0,"Tiny House":7,"Gambling Chip":4,"Bird Faced Urn":4,"Molten Egg 2":8,"Turnip":10,"Kunai":4,"Toxic Egg 2":9,"Cracked Core":0,"Symbiotic Virus":11,"WarpedTongs":3},{"Emotion Chip":0,"Tiny House":27,"Gambling Chip":15,"Bird Faced Urn":15,"Molten Egg 2":31,"Turnip":42,"Kunai":15,"Toxic Egg 2":36,"Cracked Core":0,"Symbiotic Virus":47,"WarpedTongs":9}],"WarpedTongs":[47]},"card_choices":[{"not_picked":["Conserve Battery","Hologram"],"picked":"Streamline","floor":1},{"not_picked":["BootSequence","Stack"],"picked":"Sweeping Beam","floor":2},{"not_picked":["Sweeping Beam","Darkness"],"picked":"Conserve Battery","floor":3},{"not_picked":["Steam","Fusion"],"picked":"Echo Form","floor":6},{"not_picked":["Streamline","Conserve Battery"],"picked":"Compile Driver","floor":12},{"not_picked":["Undo","Tempest"],"picked":"Ball Lightning","floor":14},{"not_picked":["Echo Form","Rainbow"],"picked":"Reboot","floor":16},{"not_picked":["Skim","Sweeping Beam"],"picked":"Coolheaded","floor":17},{"not_picked":["Sweeping Beam+1","Turbo+1"],"picked":"Gash","floor":18},{"not_picked":["Barrage+1","Streamline+1"],"picked":"Auto Shields","floor":20},{"not_picked":["Reprogram+1","Streamline+1"],"picked":"Ball Lightning+1","floor":23},{"not_picked":["Go for the Eyes+1","Hologram+1"],"picked":"Loop","floor":24},{"not_picked":["Compile Driver+1","Beam Cell+1"],"picked":"Recycle+1","floor":27}],"player_experience":414882,"relics_obtained":[{"floor":6,"key":"Gambling Chip"},{"floor":9,"key":"Kunai"},{"floor":23,"key":"Turnip"},{"floor":26,"key":"Symbiotic Virus"}],"event_choices":[{"damage_healed":0,"gold_gain":0,"player_choice":"Rummage","damage_taken":0,"relics_obtained":["WarpedTongs"],"max_hp_gain":0,"max_hp_loss":0,"event_name":"Accursed Blacksmith","floor":4,"gold_loss":0,"cards_obtained":["Pain"]},{"damage_healed":0,"gold_gain":0,"player_choice":"Success","damage_taken":3,"relics_obtained":["Bird Faced Urn"],"max_hp_gain":0,"max_hp_loss":0,"event_name":"Scrap Ooze","floor":11,"gold_loss":0},{"damage_healed":0,"gold_gain":0,"player_choice":"Opened","damage_taken":0,"relics_obtained":["Molten Egg 2"],"max_hp_gain":0,"max_hp_loss":0,"event_name":"The Mausoleum","floor":19,"gold_loss":0},{"damage_healed":0,"gold_gain":0,"player_choice":"Obtained Relic","damage_taken":0,"relics_obtained":["Toxic Egg 2"],"max_hp_gain":0,"max_hp_loss":0,"event_name":"Addict","floor":21,"gold_loss":85}],"is_beta":false,"boss_relics":[{"not_picked":["Pandora\u0027s Box","Ectoplasm"],"picked":"Tiny House"}],"items_purged_floors":[5],"is_endless":false,"potions_floor_spawned":[1,12,18,20],"killed_by":"Gremlin Leader","ascension_level":11}}