{"host":"xp5rvh2jwe2ejyfm","time":1612485772,"event":{"mods":["2.2 Compatiblity","Aspiration","BaseMod","BetterRewards","Colored Powertips","Conspire","Downfall","GifTheSpireLib","Gremlin Mod","Hermit","Hubris","Jorbs\u0027s Wanderer Trilogy","Minty Spire (QoL Compilation)","Replay The Spire","Robot Space Explorer","Shade Mod","Somnambulant","StSLib","The Bug Knight","The Clintock","The Construct","The Cursed","The Disciple","The Forsaken","The Hierophant","The Necromancer","The Runesmith","The Servant 0.9.4","The Valiant","The Witch","thorton"],"gold_per_floor":[118,133,150,170,170,209,209,209,257,269,269,296,12,35,35,45,45,45],"floor_reached":16,"language":"ENG","playtime":691,"items_purged":[],"score":104,"play_id":"e18c2da5-104b-4fe4-be1b-8fa1be5621d2","local_time":"20210204194252","is_ascension_mode":false,"campfire_choices":[{"data":"thethorton:BusinessBash","floor":7,"key":"SMITH"},{"floor":11,"key":"REST"},{"floor":15,"key":"REST"}],"circlet_count":0,"master_deck":["thethorton:Strike","thethorton:Strike","thethorton:Strike","thethorton:Strike","thethorton:Defend","thethorton:Defend","thethorton:Defend","thethorton:Defend","thethorton:Heckle","thethorton:CreditCard","Normality","thethorton:AngerMoment","thethorton:ThickSkin+1","thethorton:GoldBuffer","thethorton:TakeAccounts","Regret","thethorton:BusinessBash+1","thethorton:LongTermPayoff","thethorton:OddChange","thethorton:BusinessCard","thethorton:BusinessBoom"],"relics":["thethorton:CouragePotion","NeowsBlessing","The Courier","Smiling Mask","TungstenRod"],"acts_visited":["Exordium"],"potions_floor_usage":[6,6,10,16,16],"damage_taken":[{"damage":0,"enemies":"2 Louse","floor":1,"turns":1},{"damage":0,"enemies":"Small Slimes","floor":2,"turns":1},{"damage":0,"enemies":"Jaw Worm","floor":3,"turns":1},{"damage":13,"enemies":"Large Slime","floor":4,"turns":12},{"damage":11,"enemies":"3 Sentries","floor":6,"turns":6},{"damage":32,"enemies":"Exordium Thugs","floor":10,"turns":7},{"damage":3,"enemies":"Exordium Wildlife","floor":12,"turns":5},{"damage":10,"enemies":"Gremlin Gang","floor":14,"turns":7},{"damage":42,"enemies":"Fading Forest","floor":16,"turns":9}],"seed_played":"-3434933720099224728","potions_obtained":[{"floor":1,"key":"SneckoOil"},{"floor":2,"key":"SkillPotion"},{"floor":4,"key":"Adrenaline Potion"},{"floor":10,"key":"Dexterity Potion"},{"floor":12,"key":"BlessingOfTheForge"}],"is_trial":false,"path_per_floor":["M","M","M","M","?","E","R","?","T","M","R","M","$","M","R","B"],"character_chosen":"THE_THORT","items_purchased":["thethorton:BusinessCard","TungstenRod"],"campfire_rested":2,"item_purchase_floors":[13,13],"current_hp_per_floor":[68,68,68,55,55,44,44,44,44,12,32,29,29,19,39,0,0,0],"gold":45,"neow_bonus":"THREE_ENEMY_KILL","is_daily":false,"chose_seed":false,"campfire_upgraded":1,"win_rate":0.0,"timestamp":1612485772,"path_taken":["M","M","M","M","?","E","R","?","T","M","R","M","$","M","R","BOSS"],"items_purchased_type":["Card","Relic"],"build_version":"2020-12-22","purchased_purges":0,"victory":false,"max_hp_per_floor":[68,68,68,68,68,68,68,68,68,68,68,68,68,68,68,68,68,68],"card_choices":[{"not_picked":["thethorton:DoubleRun","thethorton:SnowDay"],"picked":"thethorton:AngerMoment","floor":1},{"not_picked":["thethorton:ShoutAndRun","thethorton:DualBap"],"picked":"thethorton:ThickSkin","floor":2},{"not_picked":["thethorton:LastDitchEffort","thethorton:SicklyRun"],"picked":"thethorton:GoldBuffer","floor":3},{"not_picked":["thethorton:DesperateRun","thethorton:DualBap"],"picked":"thethorton:TakeAccounts","floor":4},{"not_picked":["thethorton:BusinessBurst","thethorton:SeeingDouble"],"picked":"thethorton:BusinessBash","floor":6},{"not_picked":["thethorton:CoffeeBlast","thethorton:RunningKick"],"picked":"thethorton:LongTermPayoff","floor":10},{"not_picked":["thethorton:DockPay","thethorton:ElbowSmash"],"picked":"thethorton:OddChange","floor":12},{"not_picked":["thethorton:GoldBuffer","thethorton:RunningKick"],"picked":"thethorton:BusinessBoom","floor":14}],"player_experience":425555,"relics_obtained":[{"floor":6,"key":"Smiling Mask"}],"event_choices":[{"damage_healed":0,"gold_gain":0,"player_choice":"Box","damage_taken":0,"relics_obtained":["The Courier"],"max_hp_gain":0,"max_hp_loss":0,"event_name":"Big Fish","floor":5,"gold_loss":0,"cards_obtained":["Regret"]}],"is_beta":false,"boss_relics":[],"items_purged_floors":[],"is_endless":false,"potions_floor_spawned":[1,2,4,10,12],"killed_by":"Fading Forest","ascension_level":0}}