{"host":"630px4nyj50z5id8","time":1612513102,"event":{"mods":["BaseMod","Colored Powertips","Downfall","Minty Spire (QoL Compilation)","Quick Restart","Replay The Spire","StSLib","Waifu the Spire"],"gold_per_floor":[118,130,55,29,29,59,59,84,84,131,144,173,153,178,178,178,178],"floor_reached":16,"language":"ZHS","playtime":602,"items_purged":["Strike_G"],"score":326,"play_id":"0e9282d8-f6d4-45f2-bcaa-07df4b34c7c0","local_time":"20210205161822","is_ascension_mode":true,"campfire_choices":[{"floor":7.0,"key":"REST"},{"data":"Replay:Bag of Tricks","floor":15.0,"key":"SMITH"}],"circlet_count":0,"master_deck":["AscendersBane","Strike_G","Strike_G","Strike_G","Defend_G","Defend_G","Defend_G","Defend_G","Defend_G","Survivor","Neutralize","Blade Dance","Prepared","Replay:Bag of Tricks+1","Adrenaline","Die Die Die","Tactician+1"],"relics":["Ring of the Snake","NeowsBlessing","Ornamental Fan","Iron Hammer","Replay:Baseball","Omamori","Tiny Chest","Toxic Egg 2"],"acts_visited":["Exordium"],"potions_floor_usage":[16,16],"damage_taken":[{"damage":0.0,"enemies":"Cultist","floor":1.0,"turns":1.0},{"damage":0.0,"enemies":"Jaw Worm","floor":2.0,"turns":1.0},{"damage":0.0,"enemies":"Gremlin Nob","floor":6.0,"turns":1.0},{"damage":22.0,"enemies":"Lagavulin","floor":8.0,"turns":6.0},{"damage":0.0,"enemies":"2 Louse","floor":11.0,"turns":2.0},{"damage":2.0,"enemies":"3 Sentries","floor":12.0,"turns":5.0},{"damage":0.0,"enemies":"Gremlin Nob","floor":14.0,"turns":2.0},{"damage":41,"enemies":"Slime Boss","floor":16,"turns":15}],"seed_played":"-2730232147528404256","potions_obtained":[{"floor":2.0,"key":"PowerPotion"},{"floor":11.0,"key":"Energy Potion"},{"floor":13.0,"key":"SteroidPotion"},{"floor":14.0,"key":"Ancient Potion"}],"is_trial":false,"path_per_floor":["M","M","$","$","?","E","R","E","T","T","M","E","?","E","R","B"],"character_chosen":"THE_SILENT","items_purchased":["Prepared"],"campfire_rested":1,"item_purchase_floors":[4],"current_hp_per_floor":[59,59,59,59,59,59,66,44,44,44,44,42,42,42,42,1,1],"gold":178,"neow_bonus":"THREE_ENEMY_KILL","is_daily":false,"chose_seed":false,"campfire_upgraded":1,"win_rate":0.0,"timestamp":1612513102,"path_taken":["M","M","?","$","?","E","R","E","T","?","M","E","?","E","R","BOSS"],"items_purchased_type":["Card"],"build_version":"2020-12-22","purchased_purges":1,"victory":false,"max_hp_per_floor":[66,66,66,66,66,66,66,66,66,66,66,66,66,66,66,66,66],"card_choices":[{"not_picked":["Quick Slash","Leg Sweep","Finisher"],"picked":"SKIP","floor":1.0},{"not_picked":["Flying Knee","Outmaneuver"],"picked":"Blade Dance","floor":2.0},{"not_picked":["Masterful Stab","Malaise"],"picked":"Adrenaline","floor":6.0},{"not_picked":["Catalyst","Blade Dance"],"picked":"Die Die Die","floor":8.0},{"not_picked":["Dodge and Roll","Flying Knee","Predator"],"picked":"SKIP","floor":11.0},{"not_picked":["Heel Hook","Poisoned Stab","Flying Knee"],"picked":"SKIP","floor":12.0},{"not_picked":["Dodge and Roll+1","ReplayTheSpireMod:Tripwire+1"],"picked":"Tactician+1","floor":14.0}],"player_experience":374824,"relics_obtained":[{"floor":6.0,"key":"Ornamental Fan"},{"floor":8.0,"key":"Iron Hammer"},{"floor":9.0,"key":"Replay:Baseball"},{"floor":10.0,"key":"Omamori"},{"floor":12.0,"key":"Tiny Chest"},{"floor":14.0,"key":"Toxic Egg 2"}],"event_choices":[{"damage_healed":0.0,"max_hp_gain":0.0,"max_hp_loss":0.0,"gold_gain":0.0,"cards_transformed":["Strike_G"],"event_name":"Living Wall","player_choice":"Change","floor":5.0,"gold_loss":0.0,"damage_taken":0.0,"cards_obtained":["Replay:Bag of Tricks"]},{"damage_healed":0.0,"max_hp_gain":0.0,"max_hp_loss":0.0,"gold_gain":0.0,"event_name":"The Woman in Blue","player_choice":"Bought 1 Potion","floor":13.0,"gold_loss":0.0,"damage_taken":0.0}],"is_beta":false,"boss_relics":[],"items_purged_floors":[3],"is_endless":false,"potions_floor_spawned":[2,11,14],"killed_by":"Slime Boss","ascension_level":17}}