{"host":"3qkmyeoym75lj4wn","time":1612555172,"event":{"mods":["2.2 Compatiblity","BaseMod","Block Reminder","Colored Powertips","Highlight Path","Minty Spire (QoL Compilation)","Permanent Neow","Potion Indicator Mod","Rare Cards Sparkle","Relic Stats","StSLib","Unceasing Turn Reminder"],"gold_per_floor":[116,116,136,152,162,195,195,233,233,35,44,44,44,71,71,71,71],"floor_reached":16,"language":"ENG","playtime":475,"items_purged":[],"score":220,"play_id":"30b0343d-9932-420d-8a95-d71dd9c89958","local_time":"20210205195932","is_ascension_mode":true,"campfire_choices":[{"data":"Streamline","floor":7,"key":"SMITH"},{"data":"Chaos","floor":15,"key":"SMITH"}],"circlet_count":0,"master_deck":["AscendersBane","Strike_B","Strike_B","Strike_B","Strike_B","Defend_B","Defend_B","Defend_B","Defend_B","Zap+1","Dualcast","Streamline+1","Coolheaded","Sweeping Beam","Lockon","Chaos+1","Self Repair","Parasite","Cold Snap"],"relics":["Cracked Core","Unceasing Top","CeramicFish","Eternal Feather","Happy Flower"],"acts_visited":["Exordium"],"potions_floor_usage":[6,14,16,16],"damage_taken":[{"damage":4.0,"enemies":"2 Louse","floor":1.0,"turns":4.0},{"damage":1,"enemies":"Cultist","floor":3,"turns":3},{"damage":7,"enemies":"Jaw Worm","floor":4,"turns":2},{"damage":7,"enemies":"Blue Slaver","floor":5,"turns":4},{"damage":10,"enemies":"Gremlin Nob","floor":6,"turns":3},{"damage":25,"enemies":"Lagavulin","floor":8,"turns":6},{"damage":25,"enemies":"Exordium Thugs","floor":14,"turns":4},{"damage":72,"enemies":"Hexaghost","floor":16,"turns":9}],"seed_played":"8363683940325672245","potions_obtained":[{"floor":5,"key":"ColorlessPotion"},{"floor":6,"key":"Fruit Juice"},{"floor":8,"key":"Energy Potion"},{"floor":14,"key":"GamblersBrew"}],"is_trial":false,"path_per_floor":["M","?","M","M","M","E","R","E","T","$","?","$","?","M","R","B"],"character_chosen":"DEFECT","items_purchased":["Happy Flower","Self Repair"],"campfire_rested":0,"item_purchase_floors":[10,10],"current_hp_per_floor":[60,60,59,52,45,35,35,10,10,10,27,27,71,53,62,0,0],"gold":71,"neow_bonus":"UPGRADE_CARD","is_daily":false,"chose_seed":false,"campfire_upgraded":2,"win_rate":0.0,"timestamp":1612555172,"path_taken":["M","?","M","M","?","E","R","E","T","$","?","?","?","M","R","BOSS"],"items_purchased_type":["Relic","Card"],"build_version":"2020-12-22","purchased_purges":0,"victory":false,"max_hp_per_floor":[71,71,71,71,71,71,71,71,71,71,71,71,71,71,71,76,76],"relic_stats":{"Happy Flower":[4],"counters":[8,35],"CeramicFish":36,"Eternal Feather":9,"obtain_stats":[{"Happy Flower":10,"CeramicFish":8,"Eternal Feather":9,"Cracked Core":0,"Unceasing Top":6},{"Happy Flower":6,"CeramicFish":6,"Eternal Feather":6,"Cracked Core":0,"Unceasing Top":5},{"Happy Flower":22,"CeramicFish":22,"Eternal Feather":22,"Cracked Core":0,"Unceasing Top":16}],"Unceasing Top":[3]},"card_choices":[{"not_picked":["Hologram","Coolheaded"],"picked":"Streamline","floor":1.0},{"not_picked":["Barrage","Compile Driver","Scrape"],"picked":"SKIP","floor":3},{"not_picked":["Tempest","Self Repair"],"picked":"Coolheaded","floor":4},{"not_picked":["Compile Driver","Tempest"],"picked":"Sweeping Beam","floor":5},{"not_picked":["Hologram","Scrape"],"picked":"Lockon","floor":6},{"not_picked":["Aggregate","Conserve Battery"],"picked":"Chaos","floor":8},{"not_picked":["Streamline","Coolheaded"],"picked":"Cold Snap","floor":14}],"player_experience":1729063,"relics_obtained":[{"floor":6,"key":"Unceasing Top"},{"floor":8,"key":"CeramicFish"},{"floor":9,"key":"Eternal Feather"}],"event_choices":[{"damage_healed":0,"gold_gain":0,"player_choice":"Leave","damage_taken":0,"max_hp_gain":0,"max_hp_loss":0,"event_name":"FaceTrader","floor":2,"gold_loss":0},{"damage_healed":17,"gold_gain":0,"player_choice":"Healed and dodged fight","damage_taken":0,"max_hp_gain":0,"max_hp_loss":0,"event_name":"Mushrooms","floor":11,"gold_loss":0,"cards_obtained":["Parasite"]},{"damage_healed":44,"gold_gain":0,"player_choice":"Full Heal","damage_taken":0,"max_hp_gain":0,"max_hp_loss":0,"event_name":"Wheel of Change","floor":13,"gold_loss":0}],"is_beta":false,"boss_relics":[],"items_purged_floors":[],"is_endless":false,"potions_floor_spawned":[5,6,8,14],"killed_by":"Hexaghost","ascension_level":20}}