{"host":"juowtv2vvb0b99ex","time":1612552119,"event":{"mods":["BaseMod","Colored Map","Downfall","Minty Spire (QoL Compilation)","Quick Restart","StSLib"],"gold_per_floor":[99,99,99,274,724,756,779,779,445,445,478,493,509,14,29,125,125,125,137,137,40,53,83,83,102,134,148,48,67,67,67,80,180,180,180,196,17,67,67,167,167,183,202,202,202,193,213,231,241,241,241,241],"floor_reached":50,"language":"ENG","playtime":5175,"items_purged":["Decay","downfall:Icky","hexamod:Strike+1"],"score":590,"play_id":"33c2111a-1220-4395-9234-45fb96953c22","local_time":"20210205120839","is_ascension_mode":false,"campfire_choices":[{"data":"hexamod:Sear","floor":1.0,"key":"SMITH"},{"data":"hexamod:GhostShield","floor":10.0,"key":"SMITH"},{"data":"hexamod:HexaLevel","floor":18.0,"key":"SMITH"},{"floor":28.0,"key":"REST"},{"data":"hexamod:EmpoweredFlame","floor":30.0,"key":"SMITH"},{"data":"hexamod:Rewind","floor":35.0,"key":"SMITH"},{"floor":45.0,"key":"REST"}],"circlet_count":0,"master_deck":["hexamod:Strike+1","hexamod:Defend+1","hexamod:Defend+1","hexamod:Defend+1","hexamod:Defend+1","hexamod:Sear+1","hexamod:Float+1","hexamod:Rewind+1","hexamod:GhostLash+1","hexamod:GhostShield+1","hexamod:FlamesFromBeyond+1","hexamod:SpectersWail+1","hexamod:Hexaguard+1","hexamod:Again+1","hexamod:RadiantFlame+1","hexamod:UnlimitedPower+1","hexamod:RadiantFlame+1","hexamod:HexaLevel+1","hexamod:ExtraCrispy+1","hexamod:EmpoweredFlame+1","hexamod:FastForward+1","hexamod:CatchUp+1","hexamod:GhostShield+1","hexamod:GhostOfSpirePast+1","hexamod:EtherealExpedition+1","hexamod:BacktrackSmack+1","hexamod:HexaLevel+1","hexamod:SixthSeal","hexamod:GhostOfSpireFuture+1","hexamod:GhostOfSpirePast+1","hexamod:WildfireWeapon+1","expansioncontent:StudyTheSpire+1","hexamod:ParanormalForm+1","hexamod:FastForward+1","hexamod:TimeOfNeed+1","hexamod:GhostOfSpireFuture+1","expansioncontent:DashGenerateEvil+1"],"relics":["hexamod:SpiritBrand","downfall:HeartsMalice","Mummified Hand","Bag of Marbles","Oddly Smooth Stone","Toxic Egg 2","Strange Spoon","Black Star","Blue Candle","Pantograph","TungstenRod","Meat on the Bone","Frozen Egg 2","downfall:HeartBlessingBlue","SlaversCollar","Du-Vu Doll","downfall:GremlinWheel","Regal Pillow","hexamod:TheBrokenSeal"],"acts_visited":["Exordium","TheCity","TheBeyond"],"potions_floor_usage":[50,50,50],"damage_taken":[{"damage":0.0,"enemies":"Jaw Worm","floor":2.0,"turns":1.0},{"damage":0.0,"enemies":"2 Louse","floor":3.0,"turns":1.0},{"damage":0.0,"enemies":"Gremlin Nob","floor":6.0,"turns":1.0},{"damage":12.0,"enemies":"downfall:FleeingMerchant","floor":9.0,"turns":4.0},{"damage":15.0,"enemies":"3 Sentries","floor":11.0,"turns":7.0},{"damage":0.0,"enemies":"Small Slimes","floor":12.0,"turns":3.0},{"damage":0.0,"enemies":"Red Slaver","floor":13.0,"turns":3.0},{"damage":3.0,"enemies":"downfall:FleeingMerchant","floor":14.0,"turns":4.0},{"damage":0.0,"enemies":"2 Fungi Beasts","floor":15.0,"turns":2.0},{"damage":12.0,"enemies":"SI_SHIV_ARCHETYPE","floor":16.0,"turns":8.0},{"damage":8.0,"enemies":"Spheric Guardian","floor":19.0,"turns":4.0},{"damage":15.0,"enemies":"downfall:FleeingMerchant","floor":21.0,"turns":4.0},{"damage":17.0,"enemies":"3 Byrds","floor":22.0,"turns":5.0},{"damage":10.0,"enemies":"Book of Stabbing","floor":23.0,"turns":4.0},{"damage":9.0,"enemies":"Snecko","floor":25.0,"turns":4.0},{"damage":28.0,"enemies":"Slavers","floor":26.0,"turns":4.0},{"damage":15.0,"enemies":"Snake Plant","floor":27.0,"turns":5.0},{"damage":18.0,"enemies":"Sentry and Sphere","floor":29.0,"turns":6.0},{"damage":0.0,"enemies":"Chosen and Byrds","floor":32.0,"turns":6.0},{"damage":53.0,"enemies":"IC_MUSHROOM_ARCHETYPE","floor":33.0,"turns":9.0},{"damage":1.0,"enemies":"Orb Walker","floor":36.0,"turns":3.0},{"damage":8.0,"enemies":"downfall:FleeingMerchant","floor":37.0,"turns":4.0},{"damage":10.0,"enemies":"downfall:FleeingMerchant","floor":38.0,"turns":7.0},{"damage":0.0,"enemies":"downfall:FleeingMerchant","floor":40.0,"turns":3.0},{"damage":17.0,"enemies":"3 Shapes","floor":42.0,"turns":5.0},{"damage":27.0,"enemies":"Sphere and 2 Shapes","floor":43.0,"turns":5.0},{"damage":2.0,"enemies":"downfall:FleeingMerchant","floor":46.0,"turns":4.0},{"damage":6.0,"enemies":"Maw","floor":47.0,"turns":7.0},{"damage":10.0,"enemies":"Writhing Mass","floor":48.0,"turns":6.0},{"damage":18.0,"enemies":"Transient","floor":49.0,"turns":5.0},{"damage":98,"enemies":"WA_ARCHETYPE_DIVINITY","floor":50,"turns":5}],"seed_played":"7554481008201884869","potions_obtained":[{"floor":6.0,"key":"hexamod:EctoCoolerPotion"},{"floor":12.0,"key":"Weak Potion"},{"floor":13.0,"key":"Regen Potion"},{"floor":16.0,"key":"bronze:BurnAndBuffPotion"},{"floor":19.0,"key":"hexamod:EctoCoolerPotion"},{"floor":25.0,"key":"AttackPotion"},{"floor":26.0,"key":"Weak Potion"},{"floor":27.0,"key":"Guardian:BlockOnCardUsePotion"},{"floor":33.0,"key":"LiquidMemories"},{"floor":38.0,"key":"hexamod:DoubleChargePotion"},{"floor":42.0,"key":"Dexterity Potion"},{"floor":49.0,"key":"Swift Potion"}],"is_trial":false,"path_per_floor":["R","M","M","?","?","E","T","?","$","R","E","M","M","$","M","B",null,"R","M","?","$","M","E","T","M","E","M","R","M","R","?","M","B",null,"R","M","$","?","?","?","T","M","M","?","R","$","M","M","M","B"],"character_chosen":"THE_SPIRIT","items_purchased":["hexamod:FlamesFromBeyond","Oddly Smooth Stone","hexamod:SpectersWail","hexamod:RadiantFlame","Strange Spoon","hexamod:UnlimitedPower+1","hexamod:EmpoweredFlame","expansioncontent:StudyTheSpire","hexamod:GhostOfSpireFuture+1","expansioncontent:DashGenerateEvil"],"campfire_rested":2,"item_purchase_floors":[9,9,9,14,14,14,21,37,46,46],"current_hp_per_floor":[70,70,70,70,70,70,70,70,58,58,43,43,43,47,54,64,70,70,69,64,56,46,43,43,41,20,24,58,59,59,59,59,46,80,80,80,79,77,77,80,80,63,55,55,80,78,90,80,62,0,0,0],"gold":241,"neow_bonus":"THREE_ENEMY_KILL","is_daily":false,"chose_seed":false,"campfire_upgraded":5,"win_rate":0.0,"timestamp":1612552119,"path_taken":["R","M","M","?","?","E","T","?","$","R","E","M","M","$","M","BOSS","R","M","?","$","M","E","T","M","E","M","R","M","R","?","M","BOSS","R","M","$","?","?","?","T","M","?","?","R","$","M","M","M","BOSS"],"items_purchased_type":["Card","Relic","Card","Card","Relic","Card","Card","Card","Card","Card"],"build_version":"2020-12-22","purchased_purges":3,"victory":false,"max_hp_per_floor":[70,70,70,70,70,70,70,70,70,70,70,70,70,70,70,70,70,70,70,70,70,70,70,70,70,70,70,80,80,80,80,80,80,80,80,80,80,80,80,80,80,80,80,80,80,80,90,90,90,90,90,90],"card_choices":[{"not_picked":["hexamod:BacktrackSmack","hexamod:RetreatToShadows"],"picked":"hexamod:Rewind","floor":2.0},{"not_picked":["hexamod:BurningTouch","hexamod:Incineration","hexamod:RainOfEmbers"],"picked":"SKIP","floor":3.0},{"not_picked":["hexamod:TurnItUp","hexamod:InspiringFlames"],"picked":"hexamod:GhostLash","floor":6.0},{"not_picked":["hexamod:Haunt","hexamod:BurningTouch"],"picked":"hexamod:GhostShield","floor":9.0},{"not_picked":["hexamod:ChargedBarrage+1","hexamod:BurningTouch+1"],"picked":"hexamod:Hexaguard+1","floor":11.0},{"not_picked":["hexamod:RainOfEmbers","hexamod:FlamesFromBeyond+1"],"picked":"hexamod:Again+1","floor":12.0},{"not_picked":["hexamod:StepThrough","hexamod:HeatMetal"],"picked":"hexamod:FirstSeal","floor":13.0},{"not_picked":["hexamod:SpectersWail","hexamod:InspiringFlames+1","hexamod:FlamesFromBeyond+1"],"picked":"SKIP","floor":14.0},{"not_picked":["hexamod:Firestarter","hexamod:SpectersWail"],"picked":"hexamod:RadiantFlame","floor":15.0},{"not_picked":["hexamod:ForkedFlame","hexamod:WildfireWeapon"],"picked":"hexamod:HexaLevel","floor":16.0},{"not_picked":["hexamod:HauntingEcho+1","hexamod:NecessarySacrifice+1"],"picked":"hexamod:ExtraCrispy+1","floor":19.0},{"not_picked":["hexamod:SpectersWail","hexamod:Hexaguard+1","hexamod:BurningTouch+1"],"picked":"SKIP","floor":21.0},{"not_picked":["hexamod:CatchUp+1","hexamod:FastForward+1"],"picked":"hexamod:ThirdSeal","floor":22.0},{"not_picked":["hexamod:FlamesFromBeyond+1","hexamod:AdvancingGuard+1"],"picked":"hexamod:FastForward+1","floor":23.0},{"not_picked":["hexamod:Hexaguard+1","hexamod:DynamicBlow"],"picked":"hexamod:CatchUp+1","floor":25.0},{"not_picked":["hexamod:Again+1","hexamod:Hexaguard+1"],"picked":"hexamod:SixthSeal","floor":26.0},{"not_picked":["hexamod:NightmareStrike","hexamod:AdvancingGuard+1"],"picked":"hexamod:GhostShield+1","floor":27.0},{"not_picked":["hexamod:FlamesFromBeyond+1","hexamod:InspiringFlames+1","hexamod:FastForward+1"],"picked":"SKIP","floor":27.0},{"not_picked":["hexamod:FastForward+1","hexamod:HauntingEcho"],"picked":"hexamod:GhostOfSpirePast+1","floor":29.0},{"not_picked":["hexamod:StepThrough","hexamod:NecessarySacrifice+1"],"picked":"hexamod:EtherealExpedition+1","floor":29.0},{"not_picked":["hexamod:SpectralAdrenaline+1","hexamod:GhostflameInferno+1"],"picked":"hexamod:BacktrackSmack+1","floor":32.0},{"not_picked":["hexamod:SearingWound+1","hexamod:TurnItUp+1"],"picked":"hexamod:HexaLevel+1","floor":33.0},{"not_picked":["hexamod:VolcanoVisage+1","hexamod:TimeOfNeed+1"],"picked":"hexamod:FifthSeal","floor":33.0},{"not_picked":["hexamod:FirstSeal","hexamod:ThirdSeal"],"picked":"hexamod:SixthSeal","floor":36.0},{"not_picked":["hexamod:SpectersWail","hexamod:RainOfEmbers+1"],"picked":"hexamod:GhostOfSpireFuture+1","floor":36.0},{"not_picked":["hexamod:NightmareStrike+1","hexamod:SpectersWail"],"picked":"hexamod:GhostOfSpirePast+1","floor":36.0},{"not_picked":["hexamod:VolcanoVisage+1","hexamod:SwordOfDarkness+1"],"picked":"hexamod:WildfireWeapon+1","floor":37.0},{"not_picked":["hexamod:SwordOfDarkness+1","hexamod:GhostShield+1","hexamod:GhostflameBarrier+1"],"picked":"SKIP","floor":37.0},{"not_picked":["hexamod:FlamesFromBeyond+1","hexamod:FirstSeal"],"picked":"hexamod:ParanormalForm+1","floor":40.0},{"not_picked":["hexamod:FourthSeal","hexamod:ThirdSeal"],"picked":"hexamod:SecondSeal","floor":42.0},{"not_picked":["hexamod:Rewind+1","hexamod:RecurringNightmare+1"],"picked":"hexamod:FastForward+1","floor":42.0},{"not_picked":["hexamod:RainOfEmbers+1","hexamod:HeatCrush","hexamod:AdvancingGuard+1"],"picked":"SKIP","floor":42.0},{"not_picked":["hexamod:HeatMetal+1","hexamod:BacktrackSmack","hexamod:GhostOfSpirePast+1"],"picked":"SKIP","floor":43.0},{"not_picked":["hexamod:InspiringFlames+1","hexamod:FirstSeal","hexamod:NecessarySacrifice+1"],"picked":"SKIP","floor":43.0},{"not_picked":["hexamod:SecondSeal","hexamod:ThirdSeal"],"picked":"hexamod:FourthSeal","floor":46.0},{"not_picked":["hexamod:BurningTouch+1","hexamod:Haunt+1","hexamod:HeatMetal+1"],"picked":"SKIP","floor":46.0},{"not_picked":["hexamod:SpectralAdrenaline+1","hexamod:FlamesFromBeyond+1","hexamod:GhostOfSpirePast+1"],"picked":"SKIP","floor":47.0},{"not_picked":["hexamod:NecessarySacrifice+1","hexamod:Firestarter","hexamod:HauntingEcho"],"picked":"SKIP","floor":48.0},{"not_picked":["hexamod:ThermalTransfer+1","hexamod:StepThrough+1","hexamod:SwordOfDarkness+1"],"picked":"SKIP","floor":49.0}],"player_experience":1265181,"relics_obtained":[{"floor":6.0,"key":"Mummified Hand"},{"floor":7.0,"key":"Bag of Marbles"},{"floor":11.0,"key":"Toxic Egg 2"},{"floor":23.0,"key":"Pantograph"},{"floor":23.0,"key":"TungstenRod"},{"floor":26.0,"key":"Meat on the Bone"},{"floor":26.0,"key":"Frozen Egg 2"},{"floor":38.0,"key":"Du-Vu Doll"},{"floor":40.0,"key":"downfall:GremlinWheel"},{"floor":41.0,"key":"Regal Pillow"}],"event_choices":[{"cards_removed":["hexamod:Strike"],"damage_healed":0.0,"max_hp_gain":0.0,"max_hp_loss":0.0,"gold_gain":0.0,"event_name":"Wheel of Change","player_choice":"Card Removal","floor":45.0,"gold_loss":0.0,"damage_taken":0.0}],"is_beta":false,"boss_relics":[{"not_picked":["Empty Cage","Coffee Dripper"],"picked":"Black Star"},{"not_picked":["Tiny House","Cursed Key"],"picked":"SlaversCollar"}],"items_purged_floors":[9,14,46],"is_endless":false,"potions_floor_spawned":[6,12,13,16,19,25,26,27,33,38,42,47,49],"killed_by":"WA_ARCHETYPE_DIVINITY","ascension_level":0}}