{"host":"u3jctbsl7uavviuy","time":1612548152,"event":{"mods":["ATMod(阿瑾Mod)","Arknights","BaseMod","BetterRewards","GungeonMod","HololiveMod","Luminous","Marisa（F雨　魔理沙）","Minty Spire (QoL Compilation)","Relic Stats","Replay The Spire","Shop Mod","Spicy Shops","StSLib","TestMod","The Animator","The Cursed","The Gatherer","The Servant 0.9.4","WarShipGirlsR/战舰少女R mod","篝火指南"],"gold_per_floor":[118,131,131,531,549,575,22,65,100,112,157,188,180,210,222,334,346,375,406,418,446,480,528,74,115,179,229,241,253,285,7,7,113,113,134,56,74,91,110,151,176,176,201,240,18,18,18,52,52,69,69,69,18,51,62],"floor_reached":56,"language":"ZHS","playtime":1948,"items_purged":["ats:Defend","ats:Defend"],"score":2519,"play_id":"e3dfb591-a9e3-4e4d-bae7-f2c49d95ed20","local_time":"20210206030232","is_ascension_mode":true,"campfire_choices":[{"floor":10.0,"key":"RECALL"},{"data":"ats:Apocalypse","floor":15.0,"key":"SMITH"},{"data":"ats:Flexible Camouflage","floor":32.0,"key":"SMITH"},{"data":"ats:Overload","floor":47,"key":"SMITH"},{"data":"ats:Powerful Strike","floor":49,"key":"SMITH"},{"data":"AT_FamilyPortrait","floor":52,"key":"SMITH"}],"circlet_count":0,"master_deck":["ats:Strike C","ats:Strike G","ats:Strike S","ats:Armor Crushing Shot","ats:Defend","ats:Defend","ats:Emotion Absorption+1","AT_FamilyPortrait+1","ats:Apocalypse+1","ats:Shell Defense","ats:Wolf Pack","ats:Powerful Strike+1","ats:Shell Defense+1","ats:Charging Defense","ats:Disruption Kick+1","ats:Assault Order+1","ats:Explosion Area Strengthen+1","ats:Poison Spread+1","ats:Absolute Focus","ats:Flexible Camouflage+1","TheCursedMod:Dregs","ats:Shadow Assault+1","ats:Soul Absorption+1","ats:Overload+1","ats:Poison Spread+1","ats:Red Shift+1","ats:Flexible Camouflage+1","ats:Rapid Magazine"],"relics":["ats:Sanity","AT_ATBox","testmod-CasingShield","AT_SilvercatRing","Matryoshka","DemoMod:MeatBun","Incense Burner","DemoMod:GlassGuonStoneRelic","ats:Originium","Boot","ClockworkSouvenir","Golden Egg","MawBank","Bottled Lightning","testmod-Acrobat","DemoMod:OrangeGuonStone","Replay:Grab Bag","Cursed Key","Philosopher\u0027s Stone","testmod-Nine","Potion Belt","Pet Ghost","Pondfish Scales","AT_EbonyIvory","Omamori","DemoMod:ClearGuonStone","Oddly Smooth Stone","Meat on the Bone","Toxic Egg 2","AT_TrinityForce","testmod-BouquetWithThorns","AT_SpeedBoots","Bird Faced Urn","ReplayTheSpireMod:TigerMarble","ats:Assault","Shuriken","testmod-TurbochargingSystem"],"acts_visited":["Exordium","TheCity","TheBeyond","TheEnding"],"potions_floor_usage":[44,55,55,55,55],"damage_taken":[{"damage":0.0,"enemies":"Small Slimes","floor":1.0,"turns":2.0},{"damage":0.0,"enemies":"Jaw Worm","floor":2.0,"turns":3.0},{"damage":0.0,"enemies":"Cultist","floor":5.0,"turns":2.0},{"damage":0.0,"enemies":"Lagavulin","floor":6.0,"turns":4.0},{"damage":0.0,"enemies":"Replay:BlueRogue","floor":8.0,"turns":2.0},{"damage":0.0,"enemies":"Lagavulin","floor":11.0,"turns":6.0},{"damage":0.0,"enemies":"3 Louse","floor":12.0,"turns":2.0},{"damage":0.0,"enemies":"Lots of Slimes","floor":14.0,"turns":1.0},{"damage":0.0,"enemies":"Slime Boss","floor":16.0,"turns":7.0},{"damage":0.0,"enemies":"Chosen","floor":18.0,"turns":3.0},{"damage":0.0,"enemies":"Spheric Guardian","floor":19.0,"turns":3.0},{"damage":0.0,"enemies":"Shelled Parasite and Fungi","floor":21.0,"turns":3.0},{"damage":0.0,"enemies":"3 Cultists","floor":22.0,"turns":4.0},{"damage":0.0,"enemies":"Gremlin Leader","floor":23.0,"turns":6.0},{"damage":0.0,"enemies":"Replay:Snechameleon","floor":25.0,"turns":2.0},{"damage":0.0,"enemies":"Gremlin Leader","floor":27.0,"turns":5.0},{"damage":0.0,"enemies":"Snecko","floor":30.0,"turns":2.0},{"damage":0.0,"enemies":"Collector","floor":33.0,"turns":7.0},{"damage":0.0,"enemies":"3 Shapes","floor":35.0,"turns":1.0},{"damage":0,"enemies":"3 Darklings","floor":37,"turns":2},{"damage":0,"enemies":"Maw","floor":38,"turns":4},{"damage":0,"enemies":"4 Shapes","floor":39,"turns":1},{"damage":0,"enemies":"Giant Head","floor":40,"turns":3},{"damage":0,"enemies":"Transient","floor":41,"turns":5},{"damage":0,"enemies":"R_Hoarder","floor":44,"turns":3},{"damage":0,"enemies":"Nemesis","floor":48,"turns":2},{"damage":0,"enemies":"Awakened One","floor":50,"turns":6},{"damage":0,"enemies":"Shield and Spear","floor":54,"turns":2},{"damage":0,"enemies":"The Heart","floor":55,"turns":5}],"seed_played":"3917456046590355565","potions_obtained":[{"floor":2.0,"key":"FearPotion"},{"floor":5.0,"key":"ats:Emergency Sanity Potion"},{"floor":11.0,"key":"BlessingOfTheForge"},{"floor":12.0,"key":"Toxic Potion"},{"floor":13.0,"key":"AttackPotion"},{"floor":18.0,"key":"FearPotion"},{"floor":23.0,"key":"Doom Potion"},{"floor":27.0,"key":"testmod-TestPotion"},{"floor":30.0,"key":"Strength Potion"},{"floor":33.0,"key":"Swift Potion"},{"floor":35.0,"key":"DemoMod:BlankPotion"}],"is_trial":false,"path_per_floor":["M","M","?","?","M","E","R","E","T","R","E","M","?","M","R","B",null,"M","M","?","M","M","E","R","E","T","E","?","?","M","$","R","B",null,"M","$","M","M","M","E","M","T","T","E","$","?","R","E","R","B",null,"R","$","E","B",null],"character_chosen":"DOCTOR_CLASS","items_purchased":["AT_SilvercatRing","Matryoshka","ats:Apocalypse","ats:Shell Defense","ats:Wolf Pack","DemoMod:MeatBun","Incense Burner","ats:Powerful Strike","ClockworkSouvenir","Golden Egg","MawBank","Pet Ghost","Pondfish Scales","Toxic Egg 2","SkillPotion","ats:Soul Absorption+1","ReplayTheSpireMod:TigerMarble","ats:Assault","Fire Potion"],"campfire_rested":0,"item_purchase_floors":[0,0,0,0,0,0,0,0,7,7,7,24,24,31,31,36,45,45,53],"current_hp_per_floor":[52,56,56,56,56,60,60,64,64,64,64,68,68,68,68,72,72,72,72,72,72,72,72,72,72,72,72,72,72,72,72,72,72,72,72,72,72,72,72,72,72,72,72,72,72,72,72,72,72,72,72,72,72,72,72],"gold":62,"neow_bonus":"","is_daily":false,"chose_seed":false,"campfire_upgraded":5,"win_rate":0.0,"timestamp":1612548152,"path_taken":["M","M","?","?","M","E","R","E","T","R","E","M","?","?","R","BOSS","M","M","?","M","?","E","R","E","T","E","?","?","M","$","R","BOSS","M","?","M","?","M","E","M","?","T","E","$","?","R","E","R","BOSS","R","$","E","BOSS"],"items_purchased_type":["Relic","Relic","Card","Card","Card","Relic","Relic","Card","Relic","Relic","Relic","Relic","Relic","Relic","Potion","Card","Relic","Relic","Potion"],"build_version":"2020-12-22","purchased_purges":2,"victory":true,"max_hp_per_floor":[72,72,72,72,72,72,72,72,72,72,72,72,72,72,72,72,72,72,72,72,72,72,72,72,72,72,72,72,72,72,72,72,72,72,72,72,72,72,72,72,72,72,72,72,72,72,72,72,72,72,72,72,72,72,72],"relic_stats":{"counters":[55,230],"Shuriken":[6],"Bird Faced Urn":[0],"Boot":[60],"MawBank":288,"Cursed Key":3,"obtain_stats":[{"Golden Egg":7,"DemoMod:BlueGuonStone":8,"AT_ATBox":0,"Tiny House":34,"AT_MibuBalloonWealth":41,"DemoMod:GlassGuonStoneRelic":6,"Boot":6,"DemoMod:Metronome":43,"Philosopher\u0027s Stone":17,"ats:Omniscience":17,"Toxic Egg 2":25,"Replay:Wax Seal":40,"DemoMod:ClearGuonStone":26,"testmod-TestBox":0,"DemoMod:OrangeGuonStone":11,"Replay:Grab Bag":17,"ats:Assault":45,"Oddly Smooth Stone":27,"AT_EbonyIvory":25,"AT_SilvercatRing":0,"Replay:Baseball":41,"AT_SpeedBoots":43,"DemoMod:MeatBun":25,"Shuriken":48,"testmod-Acrobat":9,"Bird Faced Urn":44,"ReplayTheSpireMod:TigerMarble":45,"Pocketwatch":23,"Meat on the Bone":28,"Bag of Preparation":19,"Incense Burner":0,"Empty Cage":45,"Cursed Key":17,"testmod-BouquetWithThorns":40,"testmod-CasingShield":29,"Pet Ghost":24,"ClockworkSouvenir":7,"Matryoshka":0,"Pantograph":11,"vexMod:RedPlottingStone":44,"AT_TrinityForce":34,"testmod-Déjàvu":0,"ats:Sanity":0,"Gremlin Food":6,"AT_ChloranthyRing":27,"Potion Belt":23,"NeowsBlessing":0,"Golden Idol":4,"DemoMod:WeirdEgg":54,"vexMod:BerryBomb":9,"Omamori":3,"testmod-TurbochargingSystem":54,"testmod-IndustrialRevolution":42,"MawBank":7,"Anchor":47,"Pondfish Scales":24,"ats:Originium":6,"Art of War":26,"Bottled Lightning":8,"ReplayTheSpireMod:Lightbulb":30,"testmod-Nine":17},{"Golden Egg":30,"DemoMod:BlueGuonStone":3,"AT_ATBox":0,"Tiny House":16,"AT_MibuBalloonWealth":21,"DemoMod:GlassGuonStoneRelic":2,"Boot":30,"DemoMod:Metronome":22,"Philosopher\u0027s Stone":35,"ats:Omniscience":7,"Toxic Egg 2":12,"Replay:Wax Seal":21,"DemoMod:ClearGuonStone":41,"testmod-TestBox":0,"DemoMod:OrangeGuonStone":32,"Replay:Grab Bag":35,"ats:Assault":51,"Oddly Smooth Stone":42,"AT_EbonyIvory":41,"AT_SilvercatRing":26,"Replay:Baseball":21,"AT_SpeedBoots":50,"DemoMod:MeatBun":12,"Shuriken":52,"testmod-Acrobat":31,"Bird Faced Urn":51,"ReplayTheSpireMod:TigerMarble":51,"Pocketwatch":11,"Meat on the Bone":42,"Bag of Preparation":8,"Incense Burner":26,"Empty Cage":23,"Cursed Key":35,"testmod-BouquetWithThorns":49,"testmod-CasingShield":14,"Pet Ghost":40,"ClockworkSouvenir":30,"Matryoshka":26,"Pantograph":4,"vexMod:RedPlottingStone":23,"AT_TrinityForce":44,"testmod-Déjàvu":0,"ats:Sanity":0,"Gremlin Food":2,"AT_ChloranthyRing":13,"Potion Belt":40,"NeowsBlessing":0,"Golden Idol":1,"DemoMod:WeirdEgg":54,"vexMod:BerryBomb":3,"Omamori":1,"testmod-TurbochargingSystem":54,"testmod-IndustrialRevolution":22,"MawBank":30,"Anchor":25,"Pondfish Scales":40,"ats:Originium":2,"Art of War":12,"Bottled Lightning":31,"ReplayTheSpireMod:Lightbulb":14,"testmod-Nine":35},{"Golden Egg":143,"DemoMod:BlueGuonStone":4,"AT_ATBox":0,"Tiny House":62,"AT_MibuBalloonWealth":90,"DemoMod:GlassGuonStoneRelic":2,"Boot":143,"DemoMod:Metronome":96,"Philosopher\u0027s Stone":161,"ats:Omniscience":21,"Toxic Egg 2":39,"Replay:Wax Seal":90,"DemoMod:ClearGuonStone":182,"testmod-TestBox":0,"DemoMod:OrangeGuonStone":151,"Replay:Grab Bag":161,"ats:Assault":215,"Oddly Smooth Stone":187,"AT_EbonyIvory":182,"AT_SilvercatRing":132,"Replay:Baseball":90,"AT_SpeedBoots":212,"DemoMod:MeatBun":39,"Shuriken":217,"testmod-Acrobat":145,"Bird Faced Urn":215,"ReplayTheSpireMod:TigerMarble":215,"Pocketwatch":34,"Meat on the Bone":187,"Bag of Preparation":24,"Incense Burner":132,"Empty Cage":104,"Cursed Key":161,"testmod-BouquetWithThorns":207,"testmod-CasingShield":50,"Pet Ghost":180,"ClockworkSouvenir":143,"Matryoshka":132,"Pantograph":7,"vexMod:RedPlottingStone":104,"AT_TrinityForce":196,"testmod-Déjàvu":0,"ats:Sanity":0,"Gremlin Food":2,"AT_ChloranthyRing":44,"Potion Belt":180,"NeowsBlessing":0,"Golden Idol":1,"DemoMod:WeirdEgg":225,"vexMod:BerryBomb":4,"Omamori":1,"testmod-TurbochargingSystem":225,"testmod-IndustrialRevolution":96,"MawBank":143,"Anchor":122,"Pondfish Scales":180,"ats:Originium":2,"Art of War":39,"Bottled Lightning":145,"ReplayTheSpireMod:Lightbulb":50,"testmod-Nine":161}],"Meat on the Bone":0},"card_choices":[{"not_picked":["ats:Blood Oath","ats:Apocalypse"],"picked":"ats:Shell Defense","floor":1.0},{"not_picked":["ats:Curse Doll","ats:Closed Bolt Burst Fire","ats:Absolute Focus"],"picked":"SKIP","floor":2.0},{"not_picked":["ats:Sword Rain","ats:Hammer On","ats:Rat Pack"],"picked":"SKIP","floor":5.0},{"not_picked":["ats:Guard Mode","ats:Shell Defense","ats:Collapsing Strike"],"picked":"SKIP","floor":6.0},{"not_picked":["ats:Steam Pump","ats:Cat Scratch"],"picked":"ats:Charging Defense","floor":8.0},{"not_picked":["ats:Guard Mode","ats:Curse Doll","ats:Shadow Raid"],"picked":"SKIP","floor":11.0},{"not_picked":["ats:Wolf Pack","ats:Absolute Focus","ats:Curse Doll"],"picked":"SKIP","floor":12.0},{"not_picked":["ats:Guard Mode","ats:Ignite","ats:Shell Defense"],"picked":"SKIP","floor":14.0},{"not_picked":["ats:Shadow Assault","ats:Ambush"],"picked":"ats:Disruption Kick","floor":16.0},{"not_picked":["ats:Blood Oath+1","ats:Closed Bolt Burst Fire"],"picked":"ats:Assault Order","floor":18.0},{"not_picked":["ats:Red Shift","ats:Hammer On"],"picked":"ats:Explosion Area Strengthen+1","floor":19.0},{"not_picked":["ats:Hammer On","ats:Revitalization+1","ats:Cat Scratch"],"picked":"SKIP","floor":21.0},{"not_picked":["ats:Shadow Raid+1","ats:Durian"],"picked":"ats:Poison Spread","floor":22.0},{"not_picked":["ats:Guard Mode","ats:Apocalypse"],"picked":"ats:Absolute Focus","floor":23.0},{"not_picked":["ats:Very Hot Blade","ats:Absolute Focus"],"picked":"ats:Flexible Camouflage","floor":25.0},{"not_picked":["ats:Absolute Focus","ats:Thorns","ats:Burning Ground"],"picked":"SKIP","floor":27.0},{"not_picked":["ats:Phantom","ats:Cat Scratch","ats:Guard Mode"],"picked":"SKIP","floor":30.0},{"not_picked":["ats:Wolf Pack","ats:Disruption Kick"],"picked":"ats:Shadow Assault","floor":33.0},{"not_picked":["ats:Assault Order+1","ats:Mental Burst+1","ats:Guard Mode+1"],"picked":"SKIP","floor":35.0},{"not_picked":["ats:Absolute Focus+1","ats:Counter Healing Mode","ats:Chain Hook"],"picked":"SKIP","floor":37},{"not_picked":["ats:Rapid Magazine","ats:Healing Drone+1"],"picked":"ats:Overload","floor":38},{"not_picked":["ats:Serious Mode","ats:Demon Strength"],"picked":"ats:Poison Spread+1","floor":39},{"not_picked":["ats:Shell Defense+1","ats:Guardian Obelisk+1","ats:Flame Of Heaven+1"],"picked":"SKIP","floor":40},{"not_picked":["ats:Thorns","ats:Apocalypse+1","ats:Sashimi Platter"],"picked":"SKIP","floor":41},{"not_picked":["ats:Sunburst+1","ats:Guardian Obelisk+1"],"picked":"ats:Red Shift+1","floor":44},{"not_picked":["ats:Shadow Raid+1","ats:LN2 Cannon"],"picked":"ats:Flexible Camouflage+1","floor":48},{"not_picked":["ats:Collapsing Strike","ats:Spore Proliferation+1"],"picked":"ats:Rapid Magazine","floor":54}],"player_experience":454974,"relics_obtained":[{"floor":6.0,"key":"ats:Originium"},{"floor":6.0,"key":"Boot"},{"floor":8.0,"key":"ats:Originium"},{"floor":8.0,"key":"Bottled Lightning"},{"floor":9.0,"key":"testmod-Acrobat"},{"floor":11.0,"key":"ats:Originium"},{"floor":11.0,"key":"DemoMod:OrangeGuonStone"},{"floor":23.0,"key":"ats:Originium"},{"floor":23.0,"key":"Potion Belt"},{"floor":25.0,"key":"AT_EbonyIvory"},{"floor":26.0,"key":"Omamori"},{"floor":26.0,"key":"DemoMod:ClearGuonStone"},{"floor":27.0,"key":"Oddly Smooth Stone"},{"floor":40,"key":"testmod-BouquetWithThorns"},{"floor":43,"key":"AT_SpeedBoots"},{"floor":44,"key":"Bird Faced Urn"},{"floor":48,"key":"Shuriken"},{"floor":54,"key":"DemoMod:WeirdEgg"}],"event_choices":[{"cards_removed":["ats:Strike V"],"damage_healed":0.0,"max_hp_gain":0.0,"max_hp_loss":0.0,"gold_gain":0.0,"event_name":"Living Wall","player_choice":"Forget","floor":3.0,"gold_loss":0.0,"damage_taken":0.0},{"damage_healed":0.0,"max_hp_gain":0.0,"max_hp_loss":0.0,"gold_gain":400.0,"event_name":"恩洛斯的盘子","player_choice":"Sell","floor":4.0,"relics_lost":["testmod-TestBox"],"gold_loss":0.0,"damage_taken":0.0},{"damage_healed":0.0,"max_hp_gain":0.0,"max_hp_loss":0.0,"gold_gain":0.0,"event_name":"The Woman in Blue","player_choice":"Bought 1 Potion","floor":13.0,"gold_loss":0.0,"damage_taken":0.0},{"damage_healed":0.0,"max_hp_gain":0.0,"max_hp_loss":0.0,"gold_gain":0.0,"event_name":"Accursed Blacksmith","player_choice":"Forge","floor":20.0,"gold_loss":0.0,"damage_taken":0.0,"cards_upgraded":["ats:Assault Order"]},{"damage_healed":0.0,"max_hp_gain":0.0,"max_hp_loss":0.0,"gold_gain":0.0,"event_name":"Match and Keep!","player_choice":"0 cards matched","floor":29.0,"gold_loss":0.0,"damage_taken":0.0,"cards_obtained":[]}],"is_beta":false,"boss_relics":[{"not_picked":["Replay:Ancient Bell","Busted Crown"],"picked":"Replay:Grab Bag"},{"not_picked":["Runic Dome","Velvet Choker"],"picked":"Cursed Key"},{"not_picked":["SlaversCollar","Sozu"],"picked":"Philosopher\u0027s Stone"},{"not_picked":["Honey Jar","testmod-CardMagician"],"picked":"testmod-Nine"},{"not_picked":["Replay:Wanted Poster","testmod-Recursion"],"picked":"AT_TrinityForce"}],"items_purged_floors":[7,24],"is_endless":false,"potions_floor_spawned":[2,5,11,12,18,23,27,30,33,35,38,39],"ascension_level":5}}