{"host":"ynimr9ugvc6f046i","time":1612538838,"event":{"mods":["2.2 Compatiblity","BaseMod","Colored Map","DeckTracker","Highlight Path","Keyboard Shortcuts","Minty Spire (QoL Compilation)","Permanent Neow","Quick Restart","StSLib","SuperFastMode"],"gold_per_floor":[156,192,33,33,87,87,87,141,194,53,160,160,160,254,254,353,353,353,353,448,448,186,186,236,271,294,294,55,230,331,391,391,469,469,511,528,195,238,250,250,366,400,423,423,481,481,481,493,493,493,493,493,493,238,264,264],"floor_reached":57,"language":"KOR","playtime":2093,"items_purged":["Strike_R","Strike_R","Strike_R","Strike_R","Strike_R","HandOfGreed+1"],"score":3401,"play_id":"6b93e741-fc44-4c49-8788-d03947243a85","local_time":"20210206002718","is_ascension_mode":true,"campfire_choices":[{"data":"HandOfGreed","floor":7.0,"key":"SMITH"},{"data":"Battle Trance","floor":13.0,"key":"SMITH"},{"floor":15.0,"key":"REST"},{"floor":23.0,"key":"REST"},{"floor":32.0,"key":"RECALL"},{"data":"1","floor":40.0,"key":"LIFT"},{"data":"2","floor":44.0,"key":"LIFT"},{"data":"3","floor":46.0,"key":"LIFT"},{"floor":49,"key":"REST"},{"floor":53,"key":"REST"}],"circlet_count":0,"master_deck":["AscendersBane","Defend_R","Defend_R","Defend_R","Defend_R","Bash+1","Battle Trance+1","Second Wind","Dark Embrace+1","Ghostly Armor+1","Shockwave+1","Ghostly+1","Ghostly+1","Ghostly+1","Shrug It Off+1","Power Through+1","Entrench+1","Feel No Pain+1","Power Through+1","Body Slam","Warcry+1","Disarm+1"],"relics":["Burning Blood","Ancient Tea Set","Matryoshka","Sundial","Centennial Puzzle","Toxic Egg 2","Fusion Hammer","Lantern","Toy Ornithopter","Medical Kit","Girya","Question Card","Champion Belt","Runic Pyramid","OrangePellets","Boot","PreservedInsect","Kunai","Lizard Tail"],"acts_visited":["Exordium","TheCity","TheBeyond","TheEnding"],"potions_floor_usage":[56,56],"damage_taken":[{"damage":12.0,"enemies":"2 Louse","floor":1.0,"turns":4.0},{"damage":7.0,"enemies":"Jaw Worm","floor":2.0,"turns":2.0},{"damage":4.0,"enemies":"Small Slimes","floor":5.0,"turns":4.0},{"damage":25.0,"enemies":"Lagavulin","floor":8.0,"turns":7.0},{"damage":30.0,"enemies":"3 Sentries","floor":11.0,"turns":9.0},{"damage":2.0,"enemies":"3 Louse","floor":14.0,"turns":5.0},{"damage":8.0,"enemies":"The Guardian","floor":16.0,"turns":9.0},{"damage":0.0,"enemies":"2 Thieves","floor":18.0,"turns":1.0},{"damage":24.0,"enemies":"3 Byrds","floor":20.0,"turns":7.0},{"damage":0.0,"enemies":"Snake Plant","floor":25.0,"turns":6.0},{"damage":6.0,"enemies":"Colosseum Slavers","floor":29.0,"turns":6.0},{"damage":0.0,"enemies":"Colosseum Nobs","floor":29.0,"turns":8.0},{"damage":0.0,"enemies":"Slavers","floor":30.0,"turns":8.0},{"damage":0.0,"enemies":"Sentry and Sphere","floor":31.0,"turns":11.0},{"damage":0.0,"enemies":"Champ","floor":33.0,"turns":7.0},{"damage":0.0,"enemies":"3 Darklings","floor":35.0,"turns":7.0},{"damage":0.0,"enemies":"Orb Walker","floor":36.0,"turns":4.0},{"damage":3.0,"enemies":"Jaw Worm Horde","floor":38.0,"turns":6.0},{"damage":0.0,"enemies":"Maw","floor":39.0,"turns":5.0},{"damage":0.0,"enemies":"4 Shapes","floor":41.0,"turns":8.0},{"damage":0.0,"enemies":"Giant Head","floor":42.0,"turns":5.0},{"damage":0.0,"enemies":"Reptomancer","floor":45.0,"turns":4.0},{"damage":1,"enemies":"Writhing Mass","floor":48,"turns":4},{"damage":2,"enemies":"Donu and Deca","floor":50,"turns":4},{"damage":0,"enemies":"Awakened One","floor":51,"turns":7},{"damage":0,"enemies":"Shield and Spear","floor":55,"turns":3},{"damage":0,"enemies":"The Heart","floor":56,"turns":8}],"seed_played":"-5338141042848156106","potions_obtained":[{"floor":1.0,"key":"ColorlessPotion"},{"floor":11.0,"key":"Strength Potion"},{"floor":14.0,"key":"SmokeBomb"},{"floor":25.0,"key":"BlessingOfTheForge"},{"floor":29.0,"key":"AttackPotion"},{"floor":39.0,"key":"SkillPotion"},{"floor":41.0,"key":"Weak Potion"},{"floor":42.0,"key":"PowerPotion"}],"is_trial":false,"path_per_floor":["M","M","$","?","M","?","R","E","T","$","E","?","R","M","R","B",null,"M","?","M","T","$","R","?","M","T","?","$","?","E","M","R","B",null,"M","M","$","M","M","R","M","E","T","R","E","R","?","M","R","B","B",null,"R","$","E","B",null],"character_chosen":"IRONCLAD","items_purchased":["Second Wind","Dark Embrace","Power Through+1","BloodPotion","Entrench+1","OrangePellets","PowerPotion"],"campfire_rested":4,"item_purchase_floors":[3,10,22,22,28,37,54],"current_hp_per_floor":[62,61,61,61,63,58,58,39,39,39,15,20,20,24,44,42,62,68,34,16,16,16,26,26,32,32,32,32,34,34,34,34,34,34,34,34,34,34,34,34,34,34,34,34,34,34,34,34,34,34,34,34,34,34,34,34],"gold":264,"neow_bonus":"RANDOM_COLORLESS_2","is_daily":false,"chose_seed":false,"campfire_upgraded":2,"win_rate":0.0,"timestamp":1612538838,"path_taken":["M","M","$","?","M","?","R","E","T","$","E","?","R","M","R","BOSS","M","?","M","?","$","R","?","M","T","?","$","?","E","M","R","BOSS","M","M","$","M","M","R","M","E","T","R","E","R","?","M","R","BOSS","BOSS","R","$","E","BOSS"],"items_purchased_type":["Card","Card","Card","Potion","Card","Relic","Potion"],"build_version":"2020-12-22","purchased_purges":6,"victory":true,"max_hp_per_floor":[68,68,68,68,68,68,68,68,68,68,68,68,68,68,68,68,68,68,34,34,34,34,34,34,34,34,34,34,34,34,34,34,34,34,34,34,34,34,34,34,34,34,34,34,34,34,34,34,34,34,34,34,34,34,34,34],"card_choices":[{"not_picked":["Chrysalis","Violence"],"picked":"HandOfGreed","floor":0.0},{"not_picked":["Wild Strike","Pommel Strike"],"picked":"Battle Trance","floor":1.0},{"not_picked":["True Grit","Anger","Thunderclap"],"picked":"SKIP","floor":2.0},{"not_picked":["Corruption","Warcry","Dark Embrace"],"picked":"SKIP","floor":5.0},{"not_picked":["Reckless Charge","Sword Boomerang"],"picked":"Wild Strike","floor":8.0},{"not_picked":["Rampage","Combust"],"picked":"Ghostly Armor+1","floor":11.0},{"not_picked":["Clothesline","Hemokinesis"],"picked":"Shockwave+1","floor":14.0},{"not_picked":["Shockwave+1","Disarm+1"],"picked":"Shrug It Off+1","floor":20.0},{"not_picked":["Pommel Strike","Ghostly Armor+1","Havoc+1"],"picked":"SKIP","floor":25.0},{"not_picked":["True Grit+1","Iron Wave"],"picked":"Feel No Pain+1","floor":29.0},{"not_picked":["Heavy Blade+1","Seeing Red+1","Impervious+1"],"picked":"Power Through+1","floor":30.0},{"not_picked":["Perfected Strike","Twin Strike","Flex+1"],"picked":"Body Slam","floor":31.0},{"not_picked":["Sword Boomerang+1","Dropkick","Cleave"],"picked":"Warcry+1","floor":35.0},{"not_picked":["Uppercut+1","Entrench+1","Heavy Blade","Thunderclap"],"picked":"SKIP","floor":36.0},{"not_picked":["Wild Strike","Cleave+1","Clothesline","Sever Soul+1"],"picked":"SKIP","floor":38.0},{"not_picked":["Fire Breathing+1","Twin Strike","Perfected Strike","Clothesline"],"picked":"SKIP","floor":39.0},{"not_picked":["Intimidate+1","True Grit+1","Cleave","Body Slam"],"picked":"SKIP","floor":41.0},{"not_picked":["Fiend Fire","Clash+1","Heavy Blade"],"picked":"Disarm+1","floor":42.0},{"not_picked":["Power Through+1","Searing Blow","Carnage","Cleave+1"],"picked":"SKIP","floor":45.0},{"not_picked":["Sword Boomerang+1","Shrug It Off+1","Flex+1","Rupture+1"],"picked":"SKIP","floor":48},{"not_picked":["Bloodletting+1","Clothesline","Body Slam","Twin Strike+1"],"picked":"SKIP","floor":55}],"player_experience":555981,"relics_obtained":[{"floor":8.0,"key":"Matryoshka"},{"floor":9.0,"key":"Sundial"},{"floor":9.0,"key":"Centennial Puzzle"},{"floor":11.0,"key":"Toxic Egg 2"},{"floor":21.0,"key":"Lantern"},{"floor":21.0,"key":"Toy Ornithopter"},{"floor":29.0,"key":"Girya"},{"floor":29.0,"key":"Question Card"},{"floor":30.0,"key":"Champion Belt"},{"floor":42.0,"key":"Boot"},{"floor":43.0,"key":"PreservedInsect"},{"floor":45.0,"key":"Kunai"},{"floor":55,"key":"Lizard Tail"}],"event_choices":[{"damage_healed":0.0,"max_hp_gain":0.0,"max_hp_loss":0.0,"gold_gain":0.0,"event_name":"Liars Game","player_choice":"Ignored","floor":4.0,"gold_loss":0.0,"damage_taken":0.0},{"damage_healed":0.0,"max_hp_gain":0.0,"max_hp_loss":0.0,"gold_gain":0.0,"event_name":"Scrap Ooze","player_choice":"Success","floor":6.0,"gold_loss":0.0,"damage_taken":5.0,"relics_obtained":["Ancient Tea Set"]},{"damage_healed":0.0,"max_hp_gain":0.0,"max_hp_loss":0.0,"gold_gain":0.0,"event_name":"Shining Light","player_choice":"Entered Light","floor":12.0,"gold_loss":0.0,"damage_taken":20.0,"cards_upgraded":["Bash","Dark Embrace"]},{"damage_healed":0.0,"max_hp_gain":0.0,"max_hp_loss":34.0,"gold_gain":0.0,"event_name":"Ghosts","player_choice":"Became a Ghost","floor":19.0,"gold_loss":0.0,"damage_taken":0.0,"cards_obtained":["Ghostly","Ghostly","Ghostly"]},{"damage_healed":0.0,"max_hp_gain":0.0,"max_hp_loss":0.0,"gold_gain":50.0,"event_name":"Nest","player_choice":"Stole From Cult","floor":24.0,"gold_loss":0.0,"damage_taken":0.0},{"damage_healed":0.0,"max_hp_gain":0.0,"max_hp_loss":0.0,"gold_gain":0.0,"event_name":"The Mausoleum","player_choice":"Ignored","floor":27.0,"gold_loss":0.0,"damage_taken":0.0},{"damage_healed":0.0,"max_hp_gain":0.0,"max_hp_loss":0.0,"gold_gain":0.0,"event_name":"Colosseum","player_choice":"Fight","floor":29.0,"gold_loss":0.0,"damage_taken":0.0},{"damage_healed":0.0,"max_hp_gain":0.0,"max_hp_loss":0.0,"gold_gain":0.0,"event_name":"Colosseum","player_choice":"Fought Nobs","floor":29.0,"gold_loss":0.0,"damage_taken":0.0},{"cards_removed":["Wild Strike"],"damage_healed":0,"gold_gain":0,"player_choice":"Removed Attack","damage_taken":0,"max_hp_gain":0,"max_hp_loss":0,"event_name":"Falling","floor":47,"gold_loss":0}],"is_beta":false,"boss_relics":[{"not_picked":["Runic Cube","Snecko Eye"],"picked":"Fusion Hammer"},{"not_picked":["Pandora\u0027s Box","SlaversCollar"],"picked":"Runic Pyramid"}],"items_purged_floors":[3,10,22,28,37,54],"is_endless":false,"potions_floor_spawned":[1,11,14,18,25,29,33,35,39,41,42,55],"ascension_level":20}}