{"host":"f9mdfzi4ns4wieu7","time":1612507453,"event":{"mods":["Arknights","BaseMod","Better Note","Better Skull","Better Third Choice","Colored Powertips","Curses Come First","DeckTracker","GungeonMod","Hermit","Infinite Spire","Minty Spire (QoL Compilation)","Quick Restart","Random Character Button","Rare Cards Sparkle","Relic Sorter","Reliquary","Robot Space Explorer","Shade Mod","Smile Girya","StSLib","The Poker Player","The Saiyan","The Servant 0.9.4","TheBandit","WarShipGirlsR/????R mod","Yuyuko"],"gold_per_floor":[118,130,130,142,27,27,27,62,87,87,87,107,188,200,200,299,299,311,184,184,184,109,142,142,162,162,162,182,201,217,229,243,243,243,243,243],"floor_reached":35,"language":"ENG","playtime":2343,"items_purged":["Strike_S"],"score":329,"play_id":"70d47cae-e8d2-44a5-b4d5-b3e80a52766d","local_time":"20210204234413","is_ascension_mode":false,"campfire_choices":[{"data":"Exchange","floor":6,"key":"SMITH"},{"data":"ShatteredReality","floor":11,"key":"SMITH"},{"data":"Advance","floor":15,"key":"SMITH"},{"data":"Starlight","floor":24,"key":"SMITH"},{"data":"Collapse","floor":27,"key":"SMITH"},{"data":"Replace","floor":33,"key":"SMITH"}],"circlet_count":0,"master_deck":["Strike_S+1","Strike_S+1","Defend_S+1","Defend_S+1","Defend_S","KidneyShot","Exchange+1","ShatteredReality","Rearm","InstantArmor","ShatteredReality+1","Contraction","Advance+1","PendulumOfEternity","Potential","Starlight+1","Alleviate","DualDimension+1","Collapse+1","SilverBlades+1","Replace+1","BestPractice+1","Replace"],"relics":["Uniform","NeowsBlessing","reliquary:BallBearing","War Paint","Ornamental Fan","SlaversCollar","Pear"],"acts_visited":["Exordium","TheCity","DemoMod:Maze"],"potions_floor_usage":[8,16,31,34,34],"damage_taken":[{"damage":0,"enemies":"2 Louse","floor":1,"turns":2},{"damage":0,"enemies":"Cultist","floor":2,"turns":1},{"damage":0,"enemies":"Small Slimes","floor":4,"turns":1},{"damage":28,"enemies":"Lagavulin","floor":8,"turns":6},{"damage":1,"enemies":"Looter","floor":12,"turns":2},{"damage":0,"enemies":"Large Slime","floor":14,"turns":3},{"damage":0,"enemies":"Hexaghost","floor":16,"turns":12},{"damage":0,"enemies":"Spheric Guardian","floor":18,"turns":3},{"damage":1,"enemies":"Book of Stabbing","floor":23,"turns":6},{"damage":0,"enemies":"Shell Parasite","floor":25,"turns":4},{"damage":0,"enemies":"DemoMod:2_Veteran_bullet_kins_and_red_shotgun_kin","floor":28,"turns":1},{"damage":0,"enemies":"DemoMod:4_Bullet_Kins","floor":29,"turns":4},{"damage":0,"enemies":"DemoMod:Veteran_shot_gun_kin_and_blue_shotgun_kin_with_gunsinger","floor":30,"turns":2},{"damage":10,"enemies":"DemoMod:Veteran_shot_gun_kin_and_blue_shotgun_kin","floor":31,"turns":4},{"damage":17,"enemies":"DemoMod:Red_and_blue_shotgun_kin_with_gunsinger","floor":32,"turns":4},{"damage":14,"enemies":"DemoMod:ResourcefulRat","floor":35,"turns":3}],"seed_played":"-3449547739406052294","potions_obtained":[{"floor":2,"key":"Regen Potion"},{"floor":12,"key":"AttackPotion"},{"floor":23,"key":"SteroidPotion"},{"floor":29,"key":"ColorlessPotion"},{"floor":32,"key":"PowerPotion"}],"is_trial":false,"path_per_floor":["M","M","?","M","$","R","?","E","T","?","R","M","T","M","R","B",null,"M","$","?","?","?","E","R","M","T","R","M","M","M","M","M","R","B","B"],"character_chosen":"THE_SERVANT","items_purchased":["DemoMod:GnawedKey","Starlight"],"campfire_rested":0,"item_purchase_floors":[5,19],"current_hp_per_floor":[65,65,65,65,65,65,52,29,29,29,29,28,28,28,28,28,65,65,65,65,65,65,74,74,74,75,75,75,75,75,65,48,48,12,0,0],"gold":243,"neow_bonus":"THREE_ENEMY_KILL","is_daily":false,"chose_seed":false,"campfire_upgraded":6,"win_rate":0.0,"timestamp":1612507453,"path_taken":["M","M","?","?","$","R","?","E","T","?","R","M","?","M","R","BOSS","M","$","?","?","?","E","R","M","T","R","M","M","M","M","M","R","BOSS","BOSS"],"items_purchased_type":["Relic","Card"],"build_version":"2020-12-22","purchased_purges":1,"victory":false,"max_hp_per_floor":[65,65,65,65,65,65,65,65,65,65,65,65,65,65,65,65,65,65,65,65,65,65,75,75,75,75,75,75,75,75,75,75,75,75,75,75],"card_choices":[{"not_picked":["Defy","FastForward"],"picked":"ShatteredReality","floor":1},{"not_picked":["TimeWarp","DoubleEdge"],"picked":"Rearm","floor":2},{"not_picked":["BottledTime","Barrier"],"picked":"InstantArmor","floor":4},{"not_picked":["Gouge","FanOfKnives"],"picked":"ShatteredReality","floor":8},{"not_picked":["Ricochet","SpecialFormula"],"picked":"Contraction","floor":12},{"not_picked":["Rearm","BottledTime"],"picked":"Advance","floor":14},{"not_picked":["Duplication","Dilation"],"picked":"PendulumOfEternity","floor":16},{"not_picked":["Replace","Unruled"],"picked":"Potential","floor":18},{"not_picked":["Barrier+1","Potential"],"picked":"DualDimension+1","floor":23},{"not_picked":["Rewind","Potential"],"picked":"Collapse","floor":25},{"not_picked":["Potential","FastForward"],"picked":"SilverBlades+1","floor":28},{"not_picked":["Gouge+1","Shuttle+1"],"picked":"Replace","floor":29},{"not_picked":["DualDimension","SpecialFormula+1","Alleviate"],"picked":"SKIP","floor":30},{"not_picked":["Unruled","SurpressingFire"],"picked":"BestPractice+1","floor":31},{"not_picked":["Ricochet","Desolation+1"],"picked":"Replace","floor":32}],"player_experience":110117,"relics_obtained":[{"floor":8,"key":"reliquary:BallBearing"},{"floor":9,"key":"War Paint"},{"floor":13,"key":"Ornamental Fan"},{"floor":23,"key":"Pear"}],"event_choices":[{"cards_removed":["Strike_S"],"damage_healed":0,"gold_gain":0,"player_choice":"Purged","damage_taken":0,"max_hp_gain":0,"max_hp_loss":0,"event_name":"Purifier","floor":3,"gold_loss":0},{"damage_healed":65,"gold_gain":0,"player_choice":"Upgrade","damage_taken":13,"max_hp_gain":0,"max_hp_loss":65,"event_name":"betterThird:BetterShining","floor":7,"gold_loss":0,"cards_upgraded":["Strike_S","Strike_S"]},{"damage_healed":0,"gold_gain":0,"player_choice":"Ignored","damage_taken":0,"max_hp_gain":0,"max_hp_loss":0,"event_name":"betterNote:BetterNote","floor":20,"gold_loss":0,"cards_obtained":["Shade:Patience"]},{"damage_healed":0,"gold_gain":0,"player_choice":"Read","damage_taken":0,"max_hp_gain":0,"max_hp_loss":0,"event_name":"The Library","floor":21,"gold_loss":0,"cards_obtained":["Alleviate"]},{"cards_removed":["Defend_S"],"damage_healed":0,"gold_gain":0,"player_choice":"Gave Gold","damage_taken":0,"max_hp_gain":0,"max_hp_loss":0,"event_name":"Beggar","floor":22,"gold_loss":75}],"is_beta":false,"boss_relics":[{"not_picked":["Ectoplasm","Astrolabe"],"picked":"SlaversCollar"}],"items_purged_floors":[19],"is_endless":false,"potions_floor_spawned":[2,12,23,29,30,32],"killed_by":"DemoMod:ResourcefulRat","ascension_level":0}}