{"host":"q79dm2j0pr18ov08","time":1612530090,"event":{"mods":["Act Like it!","BaseMod","CapriCore","Colored Powertips","Gensokyo","Googly Eyes","Koishi","Marisa（F雨　魔理沙）","Minty Spire (QoL Compilation)","MostiFishMod","Pale of the Ancients","Reimu（博丽灵梦）","Replay The Spire","RumiaBox-露米娅的神秘盒子","StSLib","TestMod","The Administrix","The Construct","The Immortal","The IronCluck","The Jungle","The Servant 0.9.4","UnlockEverythingMod","Waifu the Spire","[IsaacMod]以撒尖塔","【遗物卡牌】REMEMod"],"gold_per_floor":[116,136,136,136,61,88,88,100,100,147,182,212,224,244,244,363,363,389,402,402,416,449,449,482,510,510,364,448,246,246,305,305,476,476,532,754,754,842,544,615,467,524,578,633,679,679,746,786,786,852,953,1008,1008,298,298,626,626,237,237,505],"floor_reached":61,"language":"ZHS","playtime":3703,"items_purged":["Strike_MRS"],"score":1101,"play_id":"1b497d92-ca73-4042-b5df-9770b1e26340","local_time":"20210205210130","is_ascension_mode":true,"campfire_choices":[{"floor":7.0,"key":"RECALL"},{"data":"AdministrixMod:MixOfMercury","floor":15.0,"key":"SMITH"},{"data":"MachineGunSpark","floor":23.0,"key":"SMITH"},{"floor":32.0,"key":"REST"},{"floor":46.0,"key":"REST"},{"floor":49.0,"key":"REST"},{"floor":55.0,"key":"REST"},{"floor":57,"key":"REST"}],"circlet_count":0,"master_deck":["Defend_MRS+1","Defend_MRS","Defend_MRS+1","UpSweep+1","DoubleSpark+1","CollectingQuirk+1","UnstableBomb+1","CollectingQuirk+1","MachineGunSpark+1","PropBag+1","PowerUp+1","DoubleSpark","CasketOfStar+1","TreasureHunter+1","CurseOfTheBell","MachineGunSpark+1","MachineGunSpark+1","MilkyWay+1"],"relics":["MiniHakkero","HushsDoor","testmod-TestBox","DaveBox","REME_ComplimentaryCards","BrkXgEgg","testmod-Temperance","DeadEye","NeowsBlessing","SynthV:TestCard","testmod-Maize","Eternal Feather","Lizard Tail","Lantern","MagicMushroom","MutagenicStrength","Red Mask","HandmadeGrimoire","Replay:Bandana","Ornamental Fan","Technique","Gremlin Food","Calling Bell","Vajra","Replay:Bottled Flurry","testmod-InjuryResistance","Gambling Chip","Orichalcum","ReplayTheSpireMod:TigerMarble","REME_LimitBreaker","EdensBlessing","Dream Catcher","Art of War","Ccalipers","paleoftheancients:Timepiece","paleoftheancients:KeyRelic","Sozu","Letter Opener","paleoftheancients:SoulOfTheShapes","BirthdayGift-Icosahedron","Bottled Tornado","ChiLing","Chi","Ling"],"acts_visited":["Exordium","TheCity","TheBeyond","paleoftheancients:PaleOfTheAncients"],"potions_floor_usage":[56,60,60],"damage_taken":[{"damage":0.0,"enemies":"Jaw Worm","floor":1.0,"turns":1.0},{"damage":0.0,"enemies":"2 Louse","floor":2.0,"turns":1.0},{"damage":0.0,"enemies":"Lagavulin","floor":6.0,"turns":1.0},{"damage":8.0,"enemies":"Small Slimes","floor":8.0,"turns":2.0},{"damage":17.0,"enemies":"3 Sentries","floor":10.0,"turns":5.0},{"damage":0.0,"enemies":"2 Fungi Beasts","floor":11.0,"turns":2.0},{"damage":8.0,"enemies":"Lagavulin","floor":12.0,"turns":3.0},{"damage":4.0,"enemies":"Red Slaver","floor":13.0,"turns":2.0},{"damage":0.0,"enemies":"Blue Slaver","floor":14.0,"turns":1.0},{"damage":54.0,"enemies":"Fading Forest","floor":16.0,"turns":11.0},{"damage":0.0,"enemies":"Spheric Guardian","floor":18.0,"turns":2.0},{"damage":1.0,"enemies":"3 Byrds","floor":19.0,"turns":2.0},{"damage":16.0,"enemies":"Shelled Parasite and Fungi","floor":21.0,"turns":2.0},{"damage":0.0,"enemies":"Snecko","floor":22.0,"turns":2.0},{"damage":0.0,"enemies":"Masked Bandits","floor":24.0,"turns":2.0},{"damage":0.0,"enemies":"Book of Stabbing","floor":25.0,"turns":3.0},{"damage":18.0,"enemies":"Slavers","floor":28.0,"turns":3.0},{"damage":0.0,"enemies":"Centurion and Healer","floor":31.0,"turns":3.0},{"damage":1.0,"enemies":"Pondfish","floor":33.0,"turns":3.0},{"damage":12.0,"enemies":"3 Shapes","floor":35.0,"turns":3.0},{"damage":0.0,"enemies":"R_Hoarder","floor":40.0,"turns":2.0},{"damage":8.0,"enemies":"Reptomancer","floor":42.0,"turns":3.0},{"damage":0.0,"enemies":"Nemesis","floor":44.0,"turns":1.0},{"damage":0.0,"enemies":"3 Darklings","floor":45.0,"turns":1.0},{"damage":0.0,"enemies":"Writhing Mass","floor":47.0,"turns":1.0},{"damage":0.0,"enemies":"Jaw Worm Horde","floor":48.0,"turns":1.0},{"damage":0.0,"enemies":"Replay:Hell Engine","floor":50.0,"turns":4.0},{"damage":0.0,"enemies":"Replay:Hell Engine","floor":51.0,"turns":2.0},{"damage":0.0,"enemies":"Replay:Hell Engine","floor":52.0,"turns":2.0},{"damage":0,"enemies":"","floor":56,"turns":1},{"damage":89,"enemies":"Delirium","floor":60,"turns":4}],"seed_played":"614808068155639007","potions_obtained":[{"floor":2.0,"key":"Weak Potion"},{"floor":10.0,"key":"FearPotion"},{"floor":10.0,"key":"Cursed Concoction"},{"floor":11.0,"key":"PowerPotion"},{"floor":16.0,"key":"SpeedPotion"},{"floor":31.0,"key":"Adrenaline Potion"}],"is_trial":false,"path_per_floor":["M","M","?","?","$","E","R","M","T","E","M","E","M","M","R","B",null,"M","M","?","M","M","R","?","E","T","$","E","$","T","M","R","B",null,"M","?","?","?","$","E","$","E","T","E","M","R","M","M","R","B","M","M","?","$","R","M","R","$","?","B",null],"character_chosen":"MARISA","items_purchased":["Replay:Bandana","Technique","DoubleSpark","Gambling Chip","ReplayTheSpireMod:TigerMarble","BirthdayGift-Icosahedron","Bottled Tornado","ChiLing"],"campfire_rested":5,"item_purchase_floors":[27,29,29,39,41,54,58,58],"current_hp_per_floor":[75,75,75,68,68,68,68,60,60,43,43,35,31,31,37,37,82,82,81,81,66,67,73,74,75,75,75,58,58,58,59,82,81,82,70,70,64,64,64,65,65,58,58,58,58,82,82,82,82,82,82,82,82,82,82,82,82,82,82,82],"gold":505,"neow_bonus":"THREE_ENEMY_KILL","is_daily":false,"chose_seed":false,"campfire_upgraded":2,"win_rate":0.0,"timestamp":1612530090,"path_taken":["M","M","?","?","$","E","R","M","T","E","M","E","M","M","R","BOSS","M","M","?","?","M","R","?","E","T","?","E","$","?","M","R","BOSS","M","?","?","?","$","E","$","E","T","E","M","R","?","M","R","BOSS","M","M","?","$","R","M","R","$","?","BOSS"],"items_purchased_type":["Relic","Relic","Card","Relic","Relic","Relic","Relic","Relic"],"build_version":"2020-12-22","purchased_purges":1,"victory":true,"max_hp_per_floor":[75,75,75,75,75,75,75,75,75,75,75,75,75,75,75,75,82,82,82,82,82,82,82,82,82,82,82,82,82,82,82,82,82,82,82,82,82,82,82,82,82,82,82,82,82,82,82,82,82,82,82,82,82,82,82,82,82,82,82,82],"card_choices":[{"not_picked":["GrandCross","GalacticHalo"],"picked":"DoubleSpark","floor":1.0},{"not_picked":["Singularity","PropBag","PowerUp","SuperPerseids"],"picked":"Bomb","floor":2.0},{"not_picked":["DeepEcoloBomb","ManaConvection","StarlightTyphoon","SuperPerseids"],"picked":"CollectingQuirk+1","floor":6.0},{"not_picked":["EventHorizon","BlazeAway","MysteriousBeam","MagicChant"],"picked":"WitchOfGreed","floor":8.0},{"not_picked":["IllusionStar","6A","RefractionSpark","FairyDestructionRay"],"picked":"UnstableBomb","floor":10.0},{"not_picked":["6A","OpenUniverse","ShootingEcho","FairyDestructionRay","WitchLeyline"],"picked":"SKIP","floor":11.0},{"not_picked":["Robbery","WitchLeyline","MagicAbsorber","CasketOfStar+1","GasGiant"],"picked":"SKIP","floor":12.0},{"not_picked":["Orbital","SuperPerseids","GrandCross","Occultation","WitchOfGreed"],"picked":"SKIP","floor":13.0},{"not_picked":["LuminesStrike","GalacticHalo","DC","SprinkleStarSeal"],"picked":"Bomb","floor":14.0},{"not_picked":["CasketOfStar+1","UltimateShortwave+1","MaximisePower+1","FinalSpark+1"],"picked":"CollectingQuirk+1","floor":16.0},{"not_picked":["WitchOfGreed+1","GravityBeat","ShootingEcho+1","BlazeAway+1","NonDirectionalLaser"],"picked":"SKIP","floor":18.0},{"not_picked":["DeepEcoloBomb+1","SporeBomb","ManaRampage+1","IllusionStar+1","ShootingEcho+1"],"picked":"SKIP","floor":19.0},{"not_picked":["AsteroidBelt","GalacticHalo","LuminesStrike+1","SporeBomb","Acceleration"],"picked":"SKIP","floor":21.0},{"not_picked":["ShootingEcho","Occultation","NonDirectionalLaser","WitchOfGreed"],"picked":"MachineGunSpark","floor":22.0},{"not_picked":["LuminesStrike","GasGiant+1","MysteriousBeam","UnstableBomb"],"picked":"PropBag","floor":24.0},{"not_picked":["WitchLeyline","SatelliteIllusion+1","NonDirectionalLaser","WitchOfGreed+1","DoubleSpark"],"picked":"SKIP","floor":25.0},{"not_picked":["OrrerysSun","NonDirectionalLaser+1","LuminesStrike","GravityBeat"],"picked":"PowerUp+1","floor":28.0},{"not_picked":["MilkyWay","WitchLeyline+1","IllusionStar","GasGiant+1"],"picked":"CasketOfStar+1","floor":31.0},{"not_picked":["BigCrunch+1","BlazingStar+1","EscapeVelocity+1","AbsoluteMagnitude+1"],"picked":"TreasureHunter+1","floor":33.0},{"not_picked":["DragonMeteor+1","IllusionStar","ShootTheMoon+1","OneTimeOff"],"picked":"MachineGunSpark","floor":35.0},{"not_picked":["PulseMagic","GalacticHalo","MeteoricShower","IllusionStar"],"picked":"MachineGunSpark+1","floor":38.0},{"not_picked":["ShootingEcho+1","SprinkleStarSeal+1","EnergyFlow+1","PropBag"],"picked":"MilkyWay+1","floor":38.0},{"not_picked":["PowerUp","DarkSpark+1","ManaConvection","OpenUniverse","GasGiant+1"],"picked":"SKIP","floor":40.0},{"not_picked":["GravityBeat","EarthLightRay","UnstableBomb+1","Acceleration+1","StarBarrage"],"picked":"SKIP","floor":42.0},{"not_picked":["SporeBomb+1","LuminesStrike","WitchLeyline+1","OortCloud+1","WitchOfGreed"],"picked":"SKIP","floor":44.0},{"not_picked":["GasGiant+1","GalacticHalo","GrandCross","DC","SprinkleStarSeal+1"],"picked":"SKIP","floor":45.0},{"not_picked":["NonDirectionalLaser+1","StarBarrage","WitchLeyline","Robbery","FinalSpark+1"],"picked":"SKIP","floor":47.0},{"not_picked":["OpenUniverse","MilkyWay","DC","ChargingUp","AsteroidBelt"],"picked":"SKIP","floor":48.0},{"not_picked":["LuminesStrike+1","DarkSpark","MachineGunSpark","MeteoricShower+1","ShootTheMoon"],"picked":"SKIP","floor":51.0},{"not_picked":["AsteroidBelt","MagicChant","MilkyWay","LuminesStrike","WitchOfGreed"],"picked":"SKIP","floor":52.0},{"not_picked":["UnstableBomb","EarthLightRay","LuminesStrike+1","MilkyWay","DC+1"],"picked":"SKIP","floor":56}],"player_experience":294357,"relics_obtained":[{"floor":1.0,"key":"SynthV:TestCard"},{"floor":6.0,"key":"testmod-Maize"},{"floor":9.0,"key":"Eternal Feather"},{"floor":10.0,"key":"Lizard Tail"},{"floor":12.0,"key":"Lantern"},{"floor":24.0,"key":"Red Mask"},{"floor":25.0,"key":"HandmadeGrimoire"},{"floor":28.0,"key":"Ornamental Fan"},{"floor":30.0,"key":"Gremlin Food"},{"floor":34.0,"key":"Vajra"},{"floor":34.0,"key":"Replay:Bottled Flurry"},{"floor":34.0,"key":"testmod-InjuryResistance"},{"floor":40.0,"key":"Orichalcum"},{"floor":42.0,"key":"REME_LimitBreaker"},{"floor":42.0,"key":"EdensBlessing"},{"floor":43.0,"key":"Dream Catcher"},{"floor":44.0,"key":"Art of War"},{"floor":44.0,"key":"Ccalipers"},{"floor":52.0,"key":"paleoftheancients:SoulOfTheShapes"}],"event_choices":[{"cards_removed":["Strike_MRS"],"damage_healed":0.0,"max_hp_gain":0.0,"max_hp_loss":0.0,"gold_gain":0.0,"event_name":"Golden Wing","player_choice":"Card Removal","floor":4.0,"gold_loss":0.0,"damage_taken":7.0},{"damage_healed":0.0,"max_hp_gain":0.0,"max_hp_loss":0.0,"gold_gain":0.0,"event_name":"Drug Dealer","player_choice":"Inject Mutagens","floor":20.0,"gold_loss":0.0,"damage_taken":0.0,"relics_obtained":["MutagenicStrength"]},{"damage_healed":0.0,"max_hp_gain":0.0,"max_hp_loss":0.0,"gold_gain":0.0,"event_name":"Masked Bandits","player_choice":"Fought Bandits","floor":24.0,"gold_loss":0.0,"damage_taken":0.0},{"damage_healed":0.0,"max_hp_gain":0.0,"max_hp_loss":0.0,"gold_gain":222.0,"event_name":"Tomb of Lord Red Mask","player_choice":"Wore Mask","floor":36.0,"gold_loss":0.0,"damage_taken":0.0},{"damage_healed":0.0,"max_hp_gain":0.0,"max_hp_loss":0.0,"gold_gain":0.0,"event_name":"恩洛斯的盘子","player_choice":"Ignored","floor":37.0,"gold_loss":0.0,"damage_taken":8.0},{"damage_healed":0.0,"max_hp_gain":0.0,"max_hp_loss":0.0,"gold_gain":0.0,"event_name":"给自己的盒子","player_choice":"Ignored","floor":53.0,"gold_loss":0.0,"damage_taken":0.0}],"is_beta":false,"boss_relics":[{"not_picked":["REME_ChargedStone","Busted Crown"],"picked":"MagicMushroom"},{"not_picked":[]},{"not_picked":["NightmareShop","BloodWine"],"picked":"Calling Bell"},{"not_picked":[]}],"items_purged_floors":[5],"is_endless":false,"potions_floor_spawned":[2,10,12,14,21,22,24,25,31,42,44,45,51],"ascension_level":2}}