{"host":"u0hb5we0hmj7y3yv","time":1612542593,"event":{"mods":["BaseMod","Colored Powertips","Conspire","KinomotoSakuraMod(Ä¾Ö®±¾Ó£)","Minty Spire (QoL Compilation)"],"gold_per_floor":[110,148,167,180,195,229,229,263,344,37,37,37,55,72,72,167,167,183,183,283,294,307,339,350,379,427,437,437,468,479,494,494,589,589,602,351,351,351,369,394,407,435,435,435,460,460,35,47,47,47,47,47,47,79,79],"floor_reached":56,"language":"ZHS","playtime":3595,"items_purged":["ClowCardTheShield","ClowCardTheShield","SpellCardSeal"],"score":1958,"play_id":"9a8b1a1b-5e7e-4cd9-a1f0-baf15ed64395","local_time":"20210206002953","is_ascension_mode":true,"campfire_choices":[{"data":"ClowCardTheArrow","floor":7.0,"key":"SMITH"},{"data":"Apotheosis","floor":12.0,"key":"SMITH"},{"data":"ClowCardTheWave","floor":15.0,"key":"SMITH"},{"data":"ClowCardTheBig","floor":28,"key":"SMITH"},{"data":"ClowCardTheMove","floor":32,"key":"SMITH"},{"data":"ClowCardTheLight","floor":44,"key":"SMITH"},{"floor":46,"key":"RECALL"},{"data":"ClowCardTheDash","floor":49,"key":"SMITH"},{"data":"ClowCardTheChange","floor":52,"key":"SMITH"}],"circlet_count":0,"master_deck":["SakuraCardTheDream+","ClowCardTheDark","ClowCardTheChange+1","SakuraCardTheArrow+","ClowCardTheTwin","ClowCardTheRain","ClowCardTheMove+1","ClowCardTheFlower","SakuraCardTheEarthy+","ClowCardTheTwin","ClowCardTheMove","SakuraCardTheSword+","ClowCardTheSword+1","ClowCardTheShield+1","SpellCardRelease","ClowCardTheSleep","ClowCardTheFloat","ClowCardTheBubbles","ClowCardTheMaze","Apotheosis+1","ClowCardTheWave+1","ClowCardTheTwin","SakuraCardTheLove+","ClowCardTheGlow+1","ClowCardTheSweet","ClowCardTheFlower","ClowCardTheBig+1","ClowCardTheShadow+1","ClowCardTheDash+1","ClowCardTheLight+1","ClowCardTheWave+1","ClowCardTheFight","ClowCardTheLoop+1"],"relics":["KSMOD_SealedBook","KSMOD_SealedWand","Nunchaku","Ice Cream","MawBank","KSMOD_Compass","KSMOD_DarknessWand","KSMOD_RollerSkates","Eternal Feather","Bag of Preparation","Bag of Marbles","Strawberry","Art of War","Regal Pillow","Dream Catcher","Pen Nib","KSMOD_GemBrooch","Anchor","KSMOD_TeddyBear"],"acts_visited":["Exordium","TheCity","TheBeyond","TheEnding"],"potions_floor_usage":[31,55,55],"damage_taken":[{"damage":3.0,"enemies":"Jaw Worm","floor":1.0,"turns":4.0},{"damage":26.0,"enemies":"conspire:MimicChest","floor":2.0,"turns":5.0},{"damage":0.0,"enemies":"2 Louse","floor":3.0,"turns":1.0},{"damage":0.0,"enemies":"Cultist","floor":4.0,"turns":4.0},{"damage":1.0,"enemies":"Exordium Thugs","floor":5.0,"turns":4.0},{"damage":10.0,"enemies":"3 Sentries","floor":6.0,"turns":16.0},{"damage":0.0,"enemies":"Lagavulin","floor":8.0,"turns":2.0},{"damage":0.0,"enemies":"Red Slaver","floor":13.0,"turns":1.0},{"damage":0.0,"enemies":"3 Louse","floor":14.0,"turns":5.0},{"damage":1.0,"enemies":"Slime Boss","floor":16.0,"turns":9.0},{"damage":0.0,"enemies":"2 Thieves","floor":18.0,"turns":6.0},{"damage":6.0,"enemies":"3 Byrds","floor":21.0,"turns":4.0},{"damage":14.0,"enemies":"Cultist and Chosen","floor":22.0,"turns":5.0},{"damage":16.0,"enemies":"Book of Stabbing","floor":23.0,"turns":6.0},{"damage":0.0,"enemies":"Snake Plant","floor":24.0,"turns":6.0},{"damage":1.0,"enemies":"Slavers","floor":25.0,"turns":6.0},{"damage":0.0,"enemies":"Snecko","floor":27.0,"turns":4.0},{"damage":0,"enemies":"Gremlin Leader","floor":29,"turns":6},{"damage":0,"enemies":"Cultist and Chosen","floor":30,"turns":4},{"damage":11,"enemies":"Snake Plant","floor":31,"turns":7},{"damage":5,"enemies":"conspire:MysteriousRune","floor":33,"turns":6},{"damage":0,"enemies":"3 Shapes","floor":35,"turns":3},{"damage":0,"enemies":"3 Darklings","floor":39,"turns":2},{"damage":0,"enemies":"Giant Head","floor":40,"turns":8},{"damage":0,"enemies":"Sphere and 2 Shapes","floor":41,"turns":1},{"damage":0,"enemies":"Nemesis","floor":42,"turns":3},{"damage":22,"enemies":"Reptomancer","floor":45,"turns":4},{"damage":5,"enemies":"4 Shapes","floor":48,"turns":7},{"damage":32,"enemies":"Time Eater","floor":50,"turns":10},{"damage":12,"enemies":"Shield and Spear","floor":54,"turns":4},{"damage":0,"enemies":"The Heart","floor":55,"turns":5}],"seed_played":"-7910293846315582494","potions_obtained":[{"floor":2.0,"key":"AttackPotion"},{"floor":4.0,"key":"BlessingOfTheForge"},{"floor":5.0,"key":"Strength Potion"},{"floor":8.0,"key":"Dexterity Potion"},{"floor":30,"key":"PowerPotion"},{"floor":39,"key":"BlessingOfTheForge"}],"is_trial":false,"path_per_floor":["M","?","M","M","M","E","R","E","T","$","?","R","M","M","R","B",null,"M","?","?","M","M","E","M","E","T","M","R","E","M","M","R","B",null,"M","$","?","?","M","E","M","E","T","R","E","R","$","M","R","B",null,"R","$","E","B",null],"character_chosen":"KINOMOTOSAKURA","items_purchased":["Apotheosis","ClowCardTheWave","Art of War","KSMOD_GemBrooch","Anchor"],"campfire_rested":0,"item_purchase_floors":[10,10,36,47,47],"current_hp_per_floor":[60,34,34,34,33,23,23,23,23,23,23,23,23,23,23,22,58,58,58,58,52,38,22,36,40,40,40,55,67,76,77,77,77,77,77,77,77,77,77,77,77,77,77,77,55,73,73,72,77,55,72,77,77,65,70],"gold":79,"neow_bonus":"TRANSFORM_CARD","is_daily":false,"chose_seed":false,"campfire_upgraded":8,"win_rate":0.0,"timestamp":1612542593,"path_taken":["M","?","M","M","M","E","R","E","T","$","?","R","?","M","R","BOSS","M","?","?","M","?","E","M","E","T","M","R","E","M","?","R","BOSS","M","$","?","?","?","E","M","E","T","R","E","R","$","M","R","BOSS","R","$","E","BOSS"],"items_purchased_type":["Card","Card","Relic","Relic","Relic"],"build_version":"2020-12-22","purchased_purges":3,"victory":true,"max_hp_per_floor":[70,70,70,70,70,70,70,70,70,70,70,70,70,70,70,70,70,70,70,70,70,70,70,70,70,70,70,70,77,77,77,77,77,77,77,77,77,77,77,77,77,77,77,77,77,77,77,77,77,77,77,77,77,77,77],"card_choices":[{"not_picked":["ClowCardThePower","ClowCardTheErase","ClowCardTheChange"],"picked":"SKIP","floor":1.0},{"not_picked":["ClowCardTheFly","ClowCardTheWindy"],"picked":"ClowCardTheArrow","floor":2.0},{"not_picked":["ClowCardTheWindy","ClowCardTheArrow"],"picked":"ClowCardTheFloat","floor":3.0},{"not_picked":["ClowCardTheGlow","ClowCardTheWood"],"picked":"ClowCardTheBubbles","floor":4.0},{"not_picked":["ClowCardTheChange","ClowCardTheSleep"],"picked":"ClowCardTheMaze","floor":5.0},{"not_picked":["ClowCardTheMirror","ClowCardTheThunder","ClowCardTheSand"],"picked":"SKIP","floor":6.0},{"not_picked":["ClowCardTheWatery","ClowCardTheSilent","ClowCardTheLock"],"picked":"SKIP","floor":8.0},{"not_picked":["ClowCardTheBubbles","ClowCardTheStorm","ClowCardTheShadow"],"picked":"SKIP","floor":13.0},{"not_picked":["ClowCardTheWatery","ClowCardThePower"],"picked":"ClowCardTheDream","floor":14.0},{"not_picked":["ClowCardTheThunder","ClowCardTheCreate"],"picked":"ClowCardTheTwin","floor":16.0},{"not_picked":["ClowCardTheWood","ClowCardTheDream","ClowCardTheLock+1"],"picked":"SKIP","floor":18.0},{"not_picked":["ClowCardTheBubbles","ClowCardTheSand"],"picked":"ClowCardTheGlow+1","floor":21.0},{"not_picked":["ClowCardTheIllusion+1","ClowCardTheLoop","ClowCardTheLibra"],"picked":"SKIP","floor":22.0},{"not_picked":["ClowCardTheShadow","ClowCardTheEarthy"],"picked":"ClowCardTheSweet","floor":23.0},{"not_picked":["ClowCardTheThunder","ClowCardTheLittle"],"picked":"ClowCardTheFlower","floor":24.0},{"not_picked":["ClowCardTheWindy","ClowCardTheMirror"],"picked":"ClowCardTheBig","floor":25.0},{"not_picked":["ClowCardTheLibra","ClowCardTheIllusion","ClowCardTheMist"],"picked":"SKIP","floor":27},{"not_picked":["ClowCardTheVoice","ClowCardTheMove","ClowCardTheLibra+1"],"picked":"SKIP","floor":29},{"not_picked":["ClowCardTheSnow","ClowCardTheSand"],"picked":"ClowCardTheShadow+1","floor":30},{"not_picked":["ClowCardTheWood","ClowCardTheFirey","ClowCardTheMaze+1"],"picked":"SKIP","floor":31},{"not_picked":["ClowCardTheThunder","ClowCardTheThrough"],"picked":"ClowCardTheDash","floor":33},{"not_picked":["ClowCardTheLibra","ClowCardTheDream+1","ClowCardTheShadow+1"],"picked":"SKIP","floor":35},{"not_picked":["ClowCardTheWindy","ClowCardTheLibra","ClowCardThePower+1"],"picked":"SKIP","floor":39},{"not_picked":["ClowCardTheBig+1","ClowCardTheShot+1"],"picked":"ClowCardTheLight","floor":40},{"not_picked":["ClowCardTheRain+1","ClowCardTheMaze+1","ClowCardTheArrow"],"picked":"SKIP","floor":41},{"not_picked":["ClowCardTheFloat","ClowCardTheCloud+1"],"picked":"ClowCardTheWave+1","floor":42},{"not_picked":["ClowCardTheSilent","ClowCardTheTwin"],"picked":"ClowCardTheFight","floor":45},{"not_picked":["ClowCardTheBubbles","ClowCardTheSand","ClowCardTheStorm+1"],"picked":"SKIP","floor":48},{"not_picked":["ClowCardTheBig","ClowCardTheSweet+1"],"picked":"ClowCardTheLoop+1","floor":54}],"player_experience":91526,"relics_obtained":[{"floor":2.0,"key":"Nunchaku"},{"floor":6.0,"key":"Ice Cream"},{"floor":8.0,"key":"MawBank"},{"floor":9.0,"key":"KSMOD_Compass"},{"floor":23.0,"key":"KSMOD_RollerSkates"},{"floor":24.0,"key":"Eternal Feather"},{"floor":25.0,"key":"Bag of Preparation"},{"floor":26.0,"key":"Bag of Marbles"},{"floor":29,"key":"Strawberry"},{"floor":40,"key":"Regal Pillow"},{"floor":42,"key":"Dream Catcher"},{"floor":45,"key":"Pen Nib"},{"floor":54,"key":"KSMOD_TeddyBear"}],"event_choices":[{"damage_healed":0.0,"max_hp_gain":0.0,"max_hp_loss":0.0,"gold_gain":0.0,"event_name":"Liars Game","player_choice":"Ignored","floor":11.0,"gold_loss":0.0,"damage_taken":0.0},{"damage_healed":0.0,"max_hp_gain":0.0,"max_hp_loss":0.0,"gold_gain":100.0,"event_name":"Golden Shrine","player_choice":"Pray","floor":20.0,"gold_loss":0.0,"damage_taken":0.0},{"damage_healed":0,"gold_gain":0,"player_choice":"Leave","damage_taken":0,"max_hp_gain":0,"max_hp_loss":0,"event_name":"conspire:Investor","floor":37,"gold_loss":0},{"cards_removed":["ClowCardTheSword"],"damage_healed":0,"gold_gain":0,"player_choice":"Offered Basic","damage_taken":0,"max_hp_gain":0,"max_hp_loss":0,"event_name":"Bonfire Elementals","floor":38,"gold_loss":0}],"is_beta":false,"boss_relics":[{"not_picked":["Empty Cage","conspire:SpecialSausage"],"picked":"KSMOD_DarknessWand"},{"not_picked":["Snecko Eye","Cursed Key","Velvet Choker"]}],"items_purged_floors":[10,36,47],"is_endless":false,"potions_floor_spawned":[2,4,5,8,18,24,30,39,41,42],"ascension_level":8}}