{"host":"ttx8tv95o5vka1nm","time":1612515205,"event":{"mods":["AchievementEnabler","BaseMod","Colored Map","Evolution","Infinite Spire","Minty Spire (QoL Compilation)","Relic Filter Mod","Reliquary","Robot Space Explorer","Shop Mod","Spicy Shops","StSLib","The Bug Knight","The Cursed","The Forsaken","The Hierophant","The Runesmith","TheBandit"],"gold_per_floor":[111,124,140,156,81,108,124,124,198,212,212,212],"floor_reached":11,"language":"ENG","playtime":1841,"items_purged":["theForsaken:TheForsaken_Strike"],"score":77,"play_id":"b4f8b071-0e14-435b-ba99-6becc698d8c2","local_time":"20210205185325","is_ascension_mode":false,"campfire_choices":[{"data":"theForsaken:CreepingInfection","floor":8,"key":"SMITH"}],"circlet_count":0,"master_deck":["theForsaken:TheForsaken_Strike","theForsaken:TheForsaken_Strike","theForsaken:TheForsaken_Strike","theForsaken:TheForsaken_Defend","theForsaken:TheForsaken_Defend","theForsaken:TheForsaken_Defend","theForsaken:TheForsaken_Defend","theForsaken:Smite","theForsaken:Penitence","theForsaken:AncientWords","theForsaken:FuryStrikes","theForsaken:CreepingInfection+1","theForsaken:DesperatePlea","theForsaken:QuickAttack","theForsaken:CleansingLight"],"relics":["theForsaken:JudgementScales","EVO:Axolotl","reliquary:TuningFork","infinitespire:ShieldingShard"],"acts_visited":["Exordium"],"potions_floor_usage":[6,6,7],"damage_taken":[{"damage":0,"enemies":"Cultist","floor":1,"turns":5},{"damage":0,"enemies":"Small Slimes","floor":2,"turns":5},{"damage":0,"enemies":"2 Louse","floor":3,"turns":2},{"damage":19,"enemies":"Red Slaver","floor":4,"turns":4},{"damage":25,"enemies":"3 Sentries","floor":6,"turns":9},{"damage":17,"enemies":"Exordium Thugs","floor":7,"turns":4},{"damage":3,"enemies":"2 Fungi Beasts","floor":10,"turns":3},{"damage":32,"enemies":"Lagavulin","floor":11,"turns":6}],"seed_played":"-2695209990322189233","potions_obtained":[{"floor":3,"key":"DuplicationPotion"},{"floor":4,"key":"PowerPotion"},{"floor":6,"key":"DistilledChaos"}],"is_trial":false,"path_per_floor":["M","M","M","M","$","E","M","R","T","M","E"],"character_chosen":"THE_FORSAKEN","items_purchased":[],"campfire_rested":0,"item_purchase_floors":[],"current_hp_per_floor":[71,71,71,55,55,45,31,31,31,30,0,0],"gold":212,"neow_bonus":"TEN_PERCENT_HP_BONUS","is_daily":false,"chose_seed":false,"campfire_upgraded":1,"win_rate":0.0,"timestamp":1612515205,"path_taken":["M","M","M","M","$","E","M","R","T","M","E"],"items_purchased_type":[],"build_version":"2020-12-22","purchased_purges":1,"victory":false,"max_hp_per_floor":[71,71,71,71,71,71,71,71,71,71,71,71],"card_choices":[{"not_picked":["theForsaken:ShieldCharge","theForsaken:WardingHymn"],"picked":"theForsaken:AncientWords","floor":1},{"not_picked":["theForsaken:PreciseStrike","theForsaken:StoreUp"],"picked":"theForsaken:FuryStrikes","floor":2},{"not_picked":["theForsaken:ShieldBash","theForsaken:StoreUp"],"picked":"theForsaken:CreepingInfection","floor":3},{"not_picked":["theForsaken:PowerUp","theForsaken:ShieldBash","theForsaken:WrathOfGod"],"picked":"SKIP","floor":4},{"not_picked":["theForsaken:Tranquility","theForsaken:PanicDive"],"picked":"theForsaken:DesperatePlea","floor":6},{"not_picked":["theForsaken:FatRoll","theForsaken:Backlash"],"picked":"theForsaken:QuickAttack","floor":7},{"not_picked":["theForsaken:DarkBarrier","theForsaken:BlessedWeapon"],"picked":"theForsaken:CleansingLight","floor":10}],"player_experience":752581,"relics_obtained":[{"floor":6,"key":"reliquary:TuningFork"},{"floor":9,"key":"infinitespire:ShieldingShard"}],"event_choices":[],"is_beta":false,"boss_relics":[],"items_purged_floors":[5],"is_endless":false,"potions_floor_spawned":[3,4,6],"killed_by":"Lagavulin","ascension_level":0}}