{"host":"7jl348xfsxr8glry","time":1612515985,"event":{"mods":["AchievementEnabler","BaseMod","Colored Map","Minty Spire (QoL Compilation)","Random Character Button","Unceasing Turn Reminder"],"gold_per_floor":[114,35,35,49,49,77,77,111,164,174,200,220,220,243,243,364,364,382,398,398,421,436,436,479,479,502,514,526,553,565,492,504,516,516],"floor_reached":33,"language":"ENG","playtime":2219,"items_purged":[],"score":357,"play_id":"9a70b633-6049-481f-bc1a-ee609ea35641","local_time":"20210205200625","is_ascension_mode":true,"campfire_choices":[{"data":"Berserk","floor":7,"key":"SMITH"},{"floor":15,"key":"REST"},{"data":"Seeing Red","floor":23,"key":"SMITH"},{"floor":25,"key":"REST"},{"data":"Perfected Strike","floor":27,"key":"SMITH"},{"data":"Perfected Strike","floor":30,"key":"SMITH"},{"data":"Twin Strike","floor":32,"key":"SMITH"}],"circlet_count":0,"master_deck":["Strike_R","Strike_R","Strike_R","Strike_R","Strike_R+1","Defend_R","Defend_R","Defend_R","Defend_R","Bash","Perfected Strike+1","Shrug It Off","Flex","Perfected Strike+1","Regret","Berserk+1","Twin Strike+1","Perfected Strike+1","Seeing Red+1","Cleave","Bludgeon","Flex+1","Pommel Strike","Flex"],"relics":["Black Blood","NeowsBlessing","Bag of Preparation","Strawberry","Orichalcum","Whetstone","Blue Candle","Bloody Idol","Gremlin Horn","MawBank","The Courier"],"acts_visited":["Exordium","TheCity"],"potions_floor_usage":[8,8,18,24,33,33,33],"damage_taken":[{"damage":0,"enemies":"Cultist","floor":1,"turns":1},{"damage":0,"enemies":"Small Slimes","floor":4,"turns":1},{"damage":0,"enemies":"Gremlin Nob","floor":6,"turns":1},{"damage":35,"enemies":"Lagavulin","floor":8,"turns":6},{"damage":5,"enemies":"Jaw Worm","floor":10,"turns":3},{"damage":12,"enemies":"Gremlin Nob","floor":11,"turns":3},{"damage":5,"enemies":"2 Fungi Beasts","floor":12,"turns":3},{"damage":2,"enemies":"3 Louse","floor":14,"turns":2},{"damage":33,"enemies":"The Guardian","floor":16,"turns":8},{"damage":13,"enemies":"Chosen","floor":18,"turns":3},{"damage":15,"enemies":"3 Byrds","floor":19,"turns":6},{"damage":12,"enemies":"3 Cultists","floor":21,"turns":5},{"damage":5,"enemies":"Snecko","floor":22,"turns":3},{"damage":33,"enemies":"Slavers","floor":24,"turns":5},{"damage":35,"enemies":"Shelled Parasite and Fungi","floor":29,"turns":4},{"damage":103,"enemies":"Automaton","floor":33,"turns":10}],"seed_played":"6991458643530541136","potions_obtained":[{"floor":1,"key":"PowerPotion"},{"floor":6,"key":"ColorlessPotion"},{"floor":10,"key":"SpeedPotion"},{"floor":14,"key":"Energy Potion"},{"floor":21,"key":"Weak Potion"},{"floor":24,"key":"BlessingOfTheForge"},{"floor":29,"key":"BloodPotion"}],"is_trial":false,"path_per_floor":["M","$","$","M","?","E","R","E","T","M","E","M","?","M","R","B",null,"M","M","?","M","M","R","E","R","T","R","?","M","R","?","R","B"],"character_chosen":"IRONCLAD","items_purchased":["Shrug It Off","Flex"],"campfire_rested":2,"item_purchase_floors":[2,2],"current_hp_per_floor":[80,80,80,80,80,87,87,58,58,59,53,54,54,58,81,54,81,80,77,77,77,81,81,60,81,81,81,81,63,68,73,78,0,0],"gold":516,"neow_bonus":"THREE_ENEMY_KILL","is_daily":false,"chose_seed":false,"campfire_upgraded":5,"win_rate":0.0,"timestamp":1612515985,"path_taken":["M","?","$","M","?","E","R","E","T","M","E","M","?","M","R","BOSS","M","M","?","M","M","R","E","R","T","R","?","M","R","?","R","BOSS"],"items_purchased_type":["Card","Card"],"build_version":"2020-12-22","purchased_purges":0,"victory":false,"max_hp_per_floor":[80,80,80,80,80,87,87,87,87,87,87,87,81,81,81,81,81,81,81,81,81,81,81,81,81,81,81,81,81,81,81,81,81,81],"card_choices":[{"not_picked":["Inflame","Flex"],"picked":"Perfected Strike","floor":1},{"not_picked":["Heavy Blade","Armaments"],"picked":"Perfected Strike","floor":4},{"not_picked":["Heavy Blade","True Grit"],"picked":"Berserk","floor":6},{"not_picked":["Havoc","Armaments"],"picked":"Twin Strike","floor":8},{"not_picked":["Infernal Blade","Sword Boomerang"],"picked":"Perfected Strike","floor":10},{"not_picked":["Infernal Blade","Shockwave"],"picked":"Seeing Red","floor":11},{"not_picked":["Clothesline","Flex"],"picked":"Cleave","floor":12},{"not_picked":["Clothesline","Metallicize","Flame Barrier"],"picked":"SKIP","floor":14},{"not_picked":["Barricade","Reaper"],"picked":"Bludgeon","floor":16},{"not_picked":["Anger","Pummel","Power Through"],"picked":"SKIP","floor":18},{"not_picked":["Entrench+1","Heavy Blade"],"picked":"Flex+1","floor":19},{"not_picked":["Searing Blow","Warcry+1"],"picked":"Pommel Strike","floor":21},{"not_picked":["Headbutt","Searing Blow","Havoc"],"picked":"SKIP","floor":22},{"not_picked":["Warcry","Rage","Sever Soul"],"picked":"SKIP","floor":24},{"not_picked":["Flame Barrier","Clash"],"picked":"Flex","floor":29}],"player_experience":236258,"relics_obtained":[{"floor":6,"key":"Strawberry"},{"floor":8,"key":"Orichalcum"},{"floor":9,"key":"Whetstone"},{"floor":11,"key":"Blue Candle"},{"floor":24,"key":"Gremlin Horn"},{"floor":26,"key":"MawBank"}],"event_choices":[{"damage_healed":0,"gold_gain":0,"player_choice":"Box","damage_taken":0,"relics_obtained":["Bag of Preparation"],"max_hp_gain":0,"max_hp_loss":0,"event_name":"Big Fish","floor":5,"gold_loss":0,"cards_obtained":["Regret"]},{"damage_healed":0,"gold_gain":0,"player_choice":"Lose Max HP","damage_taken":0,"relics_obtained":["Golden Idol"],"max_hp_gain":0,"max_hp_loss":6,"event_name":"Golden Idol","floor":13,"gold_loss":0},{"damage_healed":0,"gold_gain":0,"player_choice":"Ignored","damage_taken":0,"max_hp_gain":0,"max_hp_loss":0,"event_name":"Vampires","floor":20,"gold_loss":0},{"damage_healed":0,"gold_gain":0,"player_choice":"Gave Idol","damage_taken":0,"relics_obtained":["Bloody Idol"],"max_hp_gain":0,"max_hp_loss":0,"event_name":"Forgotten Altar","floor":28,"relics_lost":["Golden Idol"],"gold_loss":0},{"damage_healed":0,"gold_gain":0,"player_choice":"Obtained Relic","damage_taken":0,"relics_obtained":["The Courier"],"max_hp_gain":0,"max_hp_loss":0,"event_name":"Addict","floor":31,"gold_loss":85}],"is_beta":false,"boss_relics":[{"not_picked":["Velvet Choker","Runic Dome"],"picked":"Black Blood"}],"items_purged_floors":[],"is_endless":false,"potions_floor_spawned":[1,6,10,14,21,24,29],"killed_by":"Automaton","ascension_level":3}}