{"host":"q9718omregw4er46","time":1612557283,"event":{"mods":["BaseMod","Bestiary","Minty Spire (QoL Compilation)","Quick Restart","Relic Stats"],"gold_per_floor":[110,127,127,127,140,165,165,195,195,227,227,243,243,259,259,259,259],"floor_reached":16,"language":"ENG","playtime":680,"items_purged":[],"score":290,"play_id":"f1db7193-5d7d-427a-9c1e-bea55df49b61","local_time":"20210206013443","is_ascension_mode":true,"campfire_choices":[{"data":"CutThroughFate","floor":7.0,"key":"SMITH"},{"data":"MentalFortress","floor":13,"key":"SMITH"},{"data":"Meditate","floor":15,"key":"SMITH"}],"circlet_count":0,"master_deck":["AscendersBane","Strike_P","Strike_P","Strike_P","Defend_P+1","Defend_P","Defend_P","Defend_P","Eruption","Vigilance","FollowUp","Meditate+1","FollowUp","CutThroughFate+1","Omniscience+1","MentalFortress+1"],"relics":["PureWater","NeowsBlessing","Mummified Hand","Prayer Wheel","Thread and Needle","War Paint"],"acts_visited":["Exordium"],"potions_floor_usage":[14,16],"damage_taken":[{"damage":0.0,"enemies":"Jaw Worm","floor":1.0,"turns":1.0},{"damage":0.0,"enemies":"2 Louse","floor":2.0,"turns":1.0},{"damage":0.0,"enemies":"Cultist","floor":5.0,"turns":1.0},{"damage":10.0,"enemies":"Lagavulin","floor":6.0,"turns":3.0},{"damage":22.0,"enemies":"3 Sentries","floor":8.0,"turns":8.0},{"damage":0.0,"enemies":"Gremlin Nob","floor":10.0,"turns":2.0},{"damage":0,"enemies":"Large Slime","floor":12,"turns":4},{"damage":6,"enemies":"Gremlin Gang","floor":14,"turns":5},{"damage":70,"enemies":"Hexaghost","floor":16,"turns":9}],"seed_played":"-1715268832307429639","potions_obtained":[{"floor":1.0,"key":"Regen Potion"},{"floor":4.0,"key":"FearPotion"},{"floor":4.0,"key":"Energy Potion"},{"floor":6.0,"key":"PowerPotion"},{"floor":8.0,"key":"FearPotion"},{"floor":12,"key":"GamblersBrew"}],"is_trial":false,"path_per_floor":["M","M","?","?","M","E","R","E","T","E","?","M","R","M","R","B"],"character_chosen":"WATCHER","items_purchased":[],"campfire_rested":0,"item_purchase_floors":[],"current_hp_per_floor":[61,61,54,54,54,44,44,22,22,22,68,68,68,62,62,0,0],"gold":259,"neow_bonus":"THREE_ENEMY_KILL","is_daily":false,"chose_seed":false,"campfire_upgraded":3,"win_rate":0.0,"timestamp":1612557283,"path_taken":["M","M","?","?","?","E","R","E","T","E","?","M","R","M","R","BOSS"],"items_purchased_type":[],"build_version":"2020-12-22","purchased_purges":0,"victory":false,"max_hp_per_floor":[68,68,68,68,68,68,68,68,68,68,68,68,68,68,68,68,68],"relic_stats":{"counters":[9,34],"Mummified Hand":[3],"Prayer Wheel":2,"War Paint":["Omniscience","Defend_P"],"obtain_stats":[{"NeowsBlessing":0,"Mummified Hand":6,"Prayer Wheel":8,"Thread and Needle":9,"PureWater":0,"War Paint":10},{"NeowsBlessing":0,"Mummified Hand":4,"Prayer Wheel":5,"Thread and Needle":5,"PureWater":0,"War Paint":6},{"NeowsBlessing":0,"Mummified Hand":6,"Prayer Wheel":14,"Thread and Needle":14,"PureWater":0,"War Paint":16}]},"card_choices":[{"not_picked":["SandsOfTime","WindmillStrike"],"picked":"FollowUp","floor":1.0},{"not_picked":["EmptyBody","EmptyMind"],"picked":"Meditate","floor":2.0},{"not_picked":["WaveOfTheHand","Study"],"picked":"FollowUp","floor":5.0},{"not_picked":["ThirdEye","Halt"],"picked":"CutThroughFate","floor":6.0},{"not_picked":["EmptyBody","CutThroughFate"],"picked":"Omniscience","floor":8.0},{"not_picked":["FlyingSleeves","CutThroughFate","JustLucky"],"picked":"SKIP","floor":10.0},{"not_picked":["FlyingSleeves","Protect"],"picked":"MentalFortress","floor":12},{"not_picked":["FlyingSleeves","PathToVictory","Prostrate"],"picked":"SKIP","floor":12},{"not_picked":["Halt","Prostrate","Vengeance"],"picked":"SKIP","floor":14},{"not_picked":["ThirdEye","Worship","Study"],"picked":"SKIP","floor":14}],"player_experience":781270,"relics_obtained":[{"floor":6.0,"key":"Mummified Hand"},{"floor":8.0,"key":"Prayer Wheel"},{"floor":9.0,"key":"Thread and Needle"},{"floor":10.0,"key":"War Paint"}],"event_choices":[{"cards_removed":["Strike_P"],"damage_healed":0.0,"max_hp_gain":0.0,"max_hp_loss":0.0,"gold_gain":0.0,"event_name":"Golden Wing","player_choice":"Card Removal","floor":3.0,"gold_loss":0.0,"damage_taken":7.0},{"damage_healed":0.0,"max_hp_gain":0.0,"max_hp_loss":0.0,"gold_gain":0.0,"event_name":"Lab","player_choice":"Got Potions","floor":4.0,"gold_loss":0.0,"damage_taken":0.0},{"damage_healed":46.0,"max_hp_gain":0.0,"max_hp_loss":0.0,"gold_gain":0.0,"event_name":"Wheel of Change","player_choice":"Full Heal","floor":11.0,"gold_loss":0.0,"damage_taken":0.0}],"is_beta":false,"boss_relics":[],"items_purged_floors":[],"is_endless":false,"potions_floor_spawned":[1,6,8,12],"killed_by":"Hexaghost","ascension_level":20}}