{"host":"j5shy70asow5koz5","time":1612499688,"event":{"mods":["2.2 Compatiblity","Arknights","BaseMod","Colored Map","Marisa£¨Ùöéë¡¡Øª×âÞÞ£©","Minty Spire (QoL Compilation)","Prisma Mod","StSLib","SuperFastMode","Td1madao Mod","The Disciple","The Gatherer","The Servant 0.9.4","Waifu the Spire"],"gold_per_floor":[112,37,57,132,152,152,166,194,194,194,194,194,144,154,154,154,154],"floor_reached":16,"language":"KOR","playtime":342,"items_purged":["Strike_R"],"score":100,"play_id":"34f5a283-1b89-4ff5-abf1-53d6e6909821","local_time":"20210205133448","is_ascension_mode":false,"campfire_choices":[{"data":"Perfected Strike","floor":6,"key":"SMITH"},{"data":"Searing Blow","floor":10,"key":"SMITH"},{"data":"Armaments","floor":12,"key":"SMITH"},{"floor":15,"key":"REST"}],"circlet_count":0,"master_deck":["Strike_R+1","Strike_R+1","Strike_R","Strike_R","Defend_R","Defend_R","Defend_R","Defend_R","Bash","Armaments+1","Shrug It Off","Searing Blow+1"],"relics":["Burning Blood","Eternal Feather","Kunai"],"acts_visited":["Exordium"],"potions_floor_usage":[16],"damage_taken":[{"damage":10,"enemies":"Cultist","floor":1,"turns":4},{"damage":0,"enemies":"Small Slimes","floor":3,"turns":4},{"damage":5,"enemies":"2 Louse","floor":5,"turns":2},{"damage":10,"enemies":"Looter","floor":7,"turns":2},{"damage":50,"enemies":"Gremlin Nob","floor":8,"turns":6},{"damage":13,"enemies":"2 Fungi Beasts","floor":14,"turns":3},{"damage":50,"enemies":"Slime Boss","floor":16,"turns":12}],"seed_played":"-8636321038977453644","potions_obtained":[{"floor":3,"key":"LiquidBronze"}],"is_trial":false,"path_per_floor":["M","$","M","?","M","R","M","E","T","R","?","R","?","M","R","B"],"character_chosen":"IRONCLAD","items_purchased":[],"campfire_rested":1,"item_purchase_floors":[],"current_hp_per_floor":[84,84,88,77,78,78,74,30,30,36,18,24,24,17,49,0,0],"gold":154,"neow_bonus":"TEN_PERCENT_HP_BONUS","is_daily":false,"chose_seed":false,"campfire_upgraded":3,"win_rate":0.0,"timestamp":1612499688,"path_taken":["M","$","?","?","M","R","M","E","T","R","?","R","?","M","R","BOSS"],"items_purchased_type":[],"build_version":"2020-12-22","purchased_purges":1,"victory":false,"max_hp_per_floor":[88,88,88,88,88,88,88,88,88,88,88,88,88,88,88,88,88],"card_choices":[{"not_picked":["Clothesline","True Grit"],"picked":"Armaments","floor":1},{"not_picked":["Headbutt","Rage"],"picked":"Perfected Strike","floor":3},{"not_picked":["True Grit","Metallicize"],"picked":"Shrug It Off","floor":5},{"not_picked":["True Grit","Intimidate","Body Slam"],"picked":"SKIP","floor":7},{"not_picked":["True Grit","Twin Strike"],"picked":"Searing Blow","floor":8},{"not_picked":["Flex","Thunderclap","Shockwave"],"picked":"SKIP","floor":14}],"player_experience":73271,"relics_obtained":[{"floor":8,"key":"Eternal Feather"},{"floor":9,"key":"Kunai"}],"event_choices":[{"damage_healed":0,"gold_gain":75,"player_choice":"Gather Gold","damage_taken":11,"max_hp_gain":0,"max_hp_loss":0,"event_name":"World of Goop","floor":4,"gold_loss":0},{"damage_healed":0,"gold_gain":0,"player_choice":"Entered Light","damage_taken":18,"max_hp_gain":0,"max_hp_loss":0,"event_name":"Shining Light","floor":11,"gold_loss":0,"cards_upgraded":["Strike_R","Strike_R"]},{"cards_removed":["Perfected Strike"],"damage_healed":0,"gold_gain":0,"player_choice":"Card Removal","damage_taken":0,"max_hp_gain":0,"max_hp_loss":0,"event_name":"The Cleric","floor":13,"gold_loss":50}],"is_beta":false,"boss_relics":[],"items_purged_floors":[2],"is_endless":false,"potions_floor_spawned":[3],"killed_by":"Slime Boss","ascension_level":0}}