{"host":"jxmsv4d84jcvxth5","time":1612495667,"event":{"mods":["BaseMod","Colored Map","Minty Spire (QoL Compilation)","Relic Stats","StSLib"],"gold_per_floor":[116,116,134,150,161,161,161,191,236,236,246,265,67,100,100,174,174,184,198,198,198],"floor_reached":20,"language":"ENG","playtime":953,"items_purged":["Strike_B"],"score":372,"play_id":"16f378cd-771e-4e6c-aaaa-9b13a4307981","local_time":"20210204222747","is_ascension_mode":true,"campfire_choices":[{"data":"Loop","floor":7,"key":"SMITH"},{"floor":10,"key":"REST"},{"data":"Defragment","floor":15,"key":"SMITH"}],"circlet_count":0,"master_deck":["AscendersBane","Strike_B","Strike_B+1","Strike_B","Defend_B","Defend_B","Defend_B","Defend_B","Zap+1","Dualcast","Coolheaded","Loop+1","Core Surge","Defragment+1","Sunder","Leap","Defragment","Rip and Tear","Coolheaded","Buffer","Barrage"],"relics":["Cracked Core","NeowsBlessing","HornCleat","Toy Ornithopter","Orichalcum","Inserter"],"acts_visited":["Exordium","TheCity"],"potions_floor_usage":[16],"damage_taken":[{"damage":0,"enemies":"2 Louse","floor":1,"turns":1},{"damage":0,"enemies":"Small Slimes","floor":3,"turns":1},{"damage":0,"enemies":"Jaw Worm","floor":4,"turns":1},{"damage":0,"enemies":"Looter","floor":5,"turns":4},{"damage":14,"enemies":"Lagavulin","floor":8,"turns":7},{"damage":0,"enemies":"3 Louse","floor":11,"turns":3},{"damage":5,"enemies":"Gremlin Gang","floor":12,"turns":4},{"damage":3,"enemies":"3 Sentries","floor":14,"turns":6},{"damage":23,"enemies":"Slime Boss","floor":16,"turns":9},{"damage":17,"enemies":"Chosen","floor":18,"turns":6},{"damage":16,"enemies":"2 Thieves","floor":19,"turns":4},{"damage":26,"enemies":"Cultist and Chosen","floor":20,"turns":5}],"seed_played":"7672908088390235745","potions_obtained":[{"floor":4,"key":"ColorlessPotion"},{"floor":5,"key":"Strength Potion"},{"floor":12,"key":"FearPotion"},{"floor":16,"key":"BlessingOfTheForge"}],"is_trial":false,"path_per_floor":["M","?","M","M","M","$","R","E","T","R","M","M","$","E","R","B",null,"M","M","M"],"character_chosen":"DEFECT","items_purchased":["Defragment","Rip and Tear"],"campfire_rested":1,"item_purchase_floors":[13,13],"current_hp_per_floor":[64,43,43,43,43,43,43,29,29,50,50,45,45,42,42,24,59,42,26,0,0],"gold":198,"neow_bonus":"THREE_ENEMY_KILL","is_daily":false,"chose_seed":false,"campfire_upgraded":2,"win_rate":0.0,"timestamp":1612495667,"path_taken":["M","?","M","M","M","$","R","E","T","R","M","M","$","E","R","BOSS","M","M","M"],"items_purchased_type":["Card","Card"],"build_version":"2020-12-22","purchased_purges":1,"victory":false,"max_hp_per_floor":[71,71,71,71,71,71,71,71,71,71,71,71,71,71,71,71,71,71,71,71,71],"relic_stats":{"Inserter":[7],"counters":[12,51],"Orichalcum":[60],"obtain_stats":[{"HornCleat":8,"Inserter":17,"NeowsBlessing":0,"Orichalcum":14,"Cracked Core":0,"Toy Ornithopter":9},{"HornCleat":5,"Inserter":9,"NeowsBlessing":0,"Orichalcum":8,"Cracked Core":0,"Toy Ornithopter":5},{"HornCleat":14,"Inserter":36,"NeowsBlessing":0,"Orichalcum":27,"Cracked Core":0,"Toy Ornithopter":14}],"Toy Ornithopter":5},"card_choices":[{"not_picked":["Conserve Battery","Barrage"],"picked":"Coolheaded","floor":1},{"not_picked":["Force Field","Undo"],"picked":"Loop","floor":3},{"not_picked":["Heatsinks","Beam Cell","Storm"],"picked":"SKIP","floor":4},{"not_picked":["Go for the Eyes","Turbo"],"picked":"Core Surge","floor":5},{"not_picked":["Storm","Redo"],"picked":"Defragment","floor":8},{"not_picked":["Barrage","Lockon"],"picked":"Sunder","floor":11},{"not_picked":["Streamline","White Noise"],"picked":"Leap","floor":12},{"not_picked":["Rip and Tear","Recycle"],"picked":"Coolheaded","floor":14},{"not_picked":["Fission","Creative AI"],"picked":"Buffer","floor":16},{"not_picked":["Force Field","Coolheaded"],"picked":"Barrage","floor":18},{"not_picked":["Loop","Rebound","Gash"],"picked":"SKIP","floor":19}],"player_experience":1558838,"relics_obtained":[{"floor":8,"key":"HornCleat"},{"floor":9,"key":"Toy Ornithopter"},{"floor":14,"key":"Orichalcum"}],"event_choices":[{"damage_healed":0,"gold_gain":0,"player_choice":"Entered Light","damage_taken":21,"max_hp_gain":0,"max_hp_loss":0,"event_name":"Shining Light","floor":2,"gold_loss":0,"cards_upgraded":["Strike_B","Zap"]}],"is_beta":false,"boss_relics":[{"not_picked":["SacredBark","Busted Crown"],"picked":"Inserter"}],"items_purged_floors":[13],"is_endless":false,"potions_floor_spawned":[4,5,8,12,16],"killed_by":"Cultist and Chosen","ascension_level":20}}