{"host":"tj6tjcyqgbd0xj5u","time":1612567236,"event":{"mods":["Aspiration","BaseMod","Better Match","BetterRewards","Challenge The Spire","Conspire","Defuse TimeMaze Blight","Downfall","Energized Spire","Evolution","GifTheSpireLib","Halation","Hubris","Infinite Spire","Minty Spire (QoL Compilation)","Replay The Spire","Reworked Bosses","Spikes Relics","StS++","StSLib","Stuff the Spire"],"gold_per_floor":[99,111,111,124,138,138,188,188,220,220,247,263,263,263,279,279,279,279],"floor_reached":16,"language":"ENG","playtime":514,"items_purged":[],"score":110,"play_id":"adef481a-3da9-4534-a11b-45081ea6f3c1","local_time":"20210205192036","is_ascension_mode":true,"campfire_choices":[{"floor":1,"key":"DIG"},{"data":"Guardian:TwinSlam","floor":6,"key":"SMITH"},{"data":"Guardian:PolyBeam","floor":8,"key":"SMITH"},{"floor":10,"key":"REST"},{"data":"Guardian:BronzeArmor","floor":13,"key":"SMITH"}],"circlet_count":0,"master_deck":["Guardian:Strike_Guardian","Guardian:Strike_Guardian","Guardian:Strike_Guardian","Guardian:Strike_Guardian","Guardian:Defend_Guardian","Guardian:Defend_Guardian","Guardian:Defend_Guardian","Guardian:Defend_Guardian","Guardian:CurlUp","Guardian:TwinSlam+1","Guardian:BronzeArmor+1","Guardian:CrystalBeam","Guardian:PolyBeam+1","Guardian:PrimingBeam","Guardian:PrimingBeam","Guardian:MultiBeam"],"relics":["Guardian:ModeShifter","EVO:Axolotl","GiantMaggot","Happy Flower","halation:TwoAmDonut","Odd Mushroom","Gremlin Horn"],"acts_visited":["Exordium"],"potions_floor_usage":[9,15],"damage_taken":[{"damage":8,"enemies":"2 Louse","floor":2,"turns":3},{"damage":6,"enemies":"Cultist","floor":4,"turns":4},{"damage":12,"enemies":"Jaw Worm","floor":5,"turns":3},{"damage":16,"enemies":"Gremlin Nob","floor":9,"turns":4},{"damage":10,"enemies":"The Mushroom Lair","floor":11,"turns":4},{"damage":8,"enemies":"Blue Slaver","floor":12,"turns":3},{"damage":2,"enemies":"Exordium Wildlife","floor":15,"turns":3},{"damage":64,"enemies":"DF_ARCHETYPE_STREAMLINE","floor":16,"turns":9}],"seed_played":"4081529969757617951","potions_obtained":[{"floor":5,"key":"AttackPotion"},{"floor":11,"key":"Fire Potion"}],"is_trial":false,"path_per_floor":["R","M","?","M","M","R","T","R","E","R","?","M","R","?","M","B"],"character_chosen":"GUARDIAN","items_purchased":[],"campfire_rested":1,"item_purchase_floors":[],"current_hp_per_floor":[80,72,80,74,62,62,62,62,46,70,60,52,52,52,50,0,0,0],"gold":279,"neow_bonus":"THREE_CARDS","is_daily":false,"chose_seed":false,"campfire_upgraded":3,"win_rate":0.0,"timestamp":1612567236,"path_taken":["R","M","?","?","M","R","T","R","E","R","?","M","R","?","M","BOSS"],"items_purchased_type":[],"build_version":"2020-12-22","purchased_purges":0,"victory":false,"max_hp_per_floor":[80,80,80,80,80,80,80,80,80,80,80,80,80,80,80,80,80,80],"card_choices":[{"not_picked":["Guardian:VentSteam","Guardian:TemporalStrike"],"picked":"Guardian:BronzeArmor","floor":0},{"not_picked":["Guardian:PiercingHide","Guardian:FuturePlans"],"picked":"Guardian:CrystalBeam","floor":2},{"not_picked":["Guardian:TimeBomb","Guardian:Repulse"],"picked":"Guardian:PolyBeam","floor":4},{"not_picked":["Guardian:Planning","Guardian:VentSteam"],"picked":"Guardian:PrimingBeam","floor":5},{"not_picked":["Guardian:WalkerClaw","Guardian:Suspension"],"picked":"Guardian:PrimingBeam","floor":9},{"not_picked":["Guardian:TemporalShield","Guardian:Gem_Red"],"picked":"Guardian:Gem_Lightblue","floor":11},{"not_picked":["Guardian:RollAttack","Guardian:PrismaticBarrier"],"picked":"Guardian:Gem_Red","floor":12},{"not_picked":["Guardian:Harden","Guardian:TemporalStrike"],"picked":"Guardian:MultiBeam","floor":15}],"player_experience":113009,"relics_obtained":[{"floor":1,"key":"GiantMaggot"},{"floor":7,"key":"Happy Flower"},{"floor":9,"key":"halation:TwoAmDonut"},{"floor":11,"key":"Odd Mushroom"},{"floor":14,"key":"Gremlin Horn"}],"event_choices":[{"damage_healed":0,"gold_gain":0,"player_choice":"Fought Mushrooms","damage_taken":0,"max_hp_gain":0,"max_hp_loss":0,"event_name":"Mushrooms","floor":11,"gold_loss":0}],"is_beta":false,"boss_relics":[],"items_purged_floors":[],"is_endless":false,"potions_floor_spawned":[5,11],"killed_by":"DF_ARCHETYPE_STREAMLINE","ascension_level":2}}