{"host":"zov10424ma9lu08x","time":1612549525,"event":{"mods":["Act Like it!","BaseMod","Card Forge","Highlight Path","Minty Spire (QoL Compilation)","Permanent Neow","Practice Mode","Quick Restart","StSLib","Synergy Search"],"gold_per_floor":[117,137,152,166,166,166,205,224,224,243,208,483,144,159,159,159,159],"floor_reached":16,"language":"ENG","playtime":928,"items_purged":["Regret"],"score":109,"play_id":"71e8ed4c-91de-48e2-99d7-016dbe654ca7","local_time":"20210206022525","is_ascension_mode":true,"campfire_choices":[{"data":"Ball Lightning","floor":6,"key":"SMITH"},{"data":"Glacier","floor":15,"key":"SMITH"}],"circlet_count":0,"master_deck":["Strike_B","Strike_B","Strike_B","Strike_B","Defend_B","Defend_B","Defend_B","Defend_B","Zap","Dualcast","Rebound","Glacier+1","Ball Lightning+1","Compile Driver","Sweeping Beam+1","Genetic Algorithm","Barrage+1","Cold Snap+1","Capacitor","Seek","Leap"],"relics":["Cracked Core","Hammer of Thor","Seething Fire","Anvil of the Gods","Golden Idol","Molten Egg 2","Mummified Hand"],"acts_visited":["Exordium"],"potions_floor_usage":[7,7,16],"damage_taken":[{"damage":1,"enemies":"Jaw Worm","floor":1,"turns":3},{"damage":6,"enemies":"Cultist","floor":2,"turns":3},{"damage":0,"enemies":"Small Slimes","floor":3,"turns":3},{"damage":2,"enemies":"Exordium Wildlife","floor":4,"turns":4},{"damage":11,"enemies":"Gremlin Nob","floor":7,"turns":3},{"damage":1,"enemies":"2 Fungi Beasts","floor":8,"turns":3},{"damage":5,"enemies":"Looter","floor":10,"turns":3},{"damage":5,"enemies":"Lots of Slimes","floor":14,"turns":2},{"damage":16,"enemies":"The Guardian","floor":16,"turns":9}],"seed_played":"-898687261802488871","potions_obtained":[{"floor":0,"key":"Regen Potion"},{"floor":0,"key":"LiquidBronze"},{"floor":0,"key":"Energy Potion"},{"floor":2,"key":"PowerPotion"},{"floor":14,"key":"FocusPotion"}],"is_trial":false,"path_per_floor":["M","M","M","M","?","R","E","M","T","M","?","?","$","M","R","B"],"character_chosen":"DEFECT","items_purchased":["Cold Snap+1","Capacitor","Seek"],"campfire_rested":0,"item_purchase_floors":[13,13,13],"current_hp_per_floor":[74,68,68,66,48,48,42,41,41,36,54,54,54,49,49,33,33],"gold":159,"neow_bonus":"THREE_SMALL_POTIONS","is_daily":false,"chose_seed":false,"campfire_upgraded":2,"win_rate":0.0,"timestamp":1612549525,"path_taken":["M","M","M","M","?","R","E","M","T","M","?","?","$","M","R","BOSS"],"items_purchased_type":["Card","Card","Card"],"build_version":"2020-12-22","purchased_purges":1,"victory":false,"max_hp_per_floor":[75,75,75,75,75,75,75,75,75,75,75,75,75,75,75,75,75],"card_choices":[{"not_picked":["Leap","Gash"],"picked":"Rebound","floor":1},{"not_picked":["Defragment","Redo"],"picked":"Glacier","floor":2},{"not_picked":["Melter","White Noise"],"picked":"Ball Lightning","floor":3},{"not_picked":["Leap","Turbo"],"picked":"Compile Driver","floor":4},{"not_picked":["Meteor Strike+1","FTL+1"],"picked":"Sweeping Beam+1","floor":7},{"not_picked":["Gash+1","Go for the Eyes+1"],"picked":"Genetic Algorithm","floor":8},{"not_picked":["Coolheaded","FTL+1"],"picked":"Barrage+1","floor":10},{"not_picked":["Chill","Compile Driver+1"],"picked":"Leap","floor":14}],"player_experience":346761,"relics_obtained":[{"floor":7,"key":"Molten Egg 2"},{"floor":9,"key":"Mummified Hand"}],"event_choices":[{"damage_healed":0,"gold_gain":0,"player_choice":"Take Damage","damage_taken":18,"relics_obtained":["Golden Idol"],"max_hp_gain":0,"max_hp_loss":0,"event_name":"Golden Idol","floor":5,"gold_loss":0},{"damage_healed":18,"gold_gain":0,"player_choice":"Healed","damage_taken":0,"max_hp_gain":0,"max_hp_loss":0,"event_name":"The Cleric","floor":11,"gold_loss":35},{"damage_healed":0,"gold_gain":275,"player_choice":"Desecrate","damage_taken":0,"max_hp_gain":0,"max_hp_loss":0,"event_name":"Golden Shrine","floor":12,"gold_loss":0,"cards_obtained":["Regret"]}],"is_beta":false,"boss_relics":[],"items_purged_floors":[13],"is_endless":false,"potions_floor_spawned":[2,4,14],"killed_by":"The Guardian","ascension_level":1}}