{"host":"1sffrtwlowhx7ota","time":1612504624,"event":{"mods":["2.2 Compatiblity","Abigail Mod","AchievementEnabler","Aspiration","BaseMod","Better Altar","Better Match","Better Note","Better Sensory Stone","Better Skull","Better Synergies","Better Third Choice","BetterRewards","Colored Map","Colored Powertips","Defuse TimeMaze Blight","Displayed Cursed Tome","Downfall","Downfall-Rebalance","Gold Saver","Hubris","Infinite Spire","Minty Spire (QoL Compilation)","Permanent Neow","Poor People Problems","Quick Restart","Rare Cards Sparkle","Relic Sorter","Remove Card Discount Mod","Spicy Shops","StSLib","The Blue Laboratory","The Exalted","The Marked","The Vixen","Uncapped","Weighted Paths"],"gold_per_floor":[387,213,213,213,224,254,254,289,313,323,323,340,340,340],"floor_reached":13,"language":"ENG","playtime":486,"items_purged":["Strike_B","Defend_B"],"score":98,"play_id":"d93eb654-46ee-4fda-88a2-8a45e321f6f2","local_time":"20210205005704","is_ascension_mode":true,"campfire_choices":[{"data":"Capacitor","floor":7,"key":"SMITH"},{"data":"Bandage Up","floor":11,"key":"SMITH"}],"circlet_count":0,"master_deck":["Strike_B","Strike_B","Strike_B","Defend_B","Defend_B","Defend_B","Zap","Dualcast","Cold Snap","Capacitor+1","Bandage Up+1","Bandage Up","Gash"],"relics":["Cracked Core","infinitespire:BottledMercury","Bromod:ArcaneFury","hubris:CuriousFeather","Smiling Mask"],"acts_visited":["Exordium"],"potions_floor_usage":[],"damage_taken":[{"damage":6,"enemies":"Jaw Worm","floor":1,"turns":3},{"damage":0,"enemies":"2 Louse","floor":5,"turns":3},{"damage":23,"enemies":"Lagavulin","floor":6,"turns":8},{"damage":39,"enemies":"3 Sentries","floor":8,"turns":7},{"damage":3,"enemies":"Small Slimes","floor":10,"turns":3},{"damage":8,"enemies":"Looter","floor":12,"turns":3},{"damage":46,"enemies":"Gremlin Nob","floor":13,"turns":4}],"seed_played":"2352884168066086115","potions_obtained":[{"floor":8,"key":"blueLaboratory:Moonshine"}],"is_trial":false,"path_per_floor":["M","$","?","?","M","E","R","E","T","M","R","M","E"],"character_chosen":"DEFECT","items_purchased":["Cold Snap","infinitespire:BottledMercury","Capacitor","Bandage Up"],"campfire_rested":0,"item_purchase_floors":[0,0,2,2],"current_hp_per_floor":[69,69,69,69,75,60,60,29,29,34,34,36,0,0],"gold":340,"neow_bonus":"","is_daily":false,"chose_seed":false,"campfire_upgraded":2,"win_rate":0.0,"timestamp":1612504624,"path_taken":["M","$","?","?","M","E","R","E","T","M","R","M","E"],"items_purchased_type":["Card","Relic","Card","Card"],"build_version":"2020-12-22","purchased_purges":2,"victory":false,"max_hp_per_floor":[75,75,75,75,75,75,75,75,75,75,75,75,75,75],"card_choices":[{"not_picked":["FTL","Stack","Sweeping Beam"],"picked":"SKIP","floor":1},{"not_picked":["Impatience","hubris:Ssssneak"],"picked":"Bandage Up","floor":3},{"not_picked":["Turbo","aspiration:Polymerization"],"picked":"Gash","floor":5},{"not_picked":["Sunder","Barrage","Undo"],"picked":"SKIP","floor":6},{"not_picked":["Recycle","Genetic Algorithm","Streamline"],"picked":"SKIP","floor":8},{"not_picked":["Sweeping Beam","Aggregate","Compile Driver"],"picked":"SKIP","floor":10},{"not_picked":["Beam Cell","Lockon","Redo"],"picked":"SKIP","floor":12}],"player_experience":941205,"relics_obtained":[{"floor":6,"key":"Bromod:ArcaneFury"},{"floor":8,"key":"hubris:CuriousFeather"},{"floor":9,"key":"Smiling Mask"}],"event_choices":[{"damage_healed":0,"gold_gain":1,"player_choice":"1","damage_taken":0,"max_hp_gain":0,"max_hp_loss":0,"event_name":"betterStone:BetterStone","floor":3,"gold_loss":0},{"damage_healed":0,"gold_gain":0,"player_choice":"Ignored","damage_taken":0,"max_hp_gain":0,"max_hp_loss":0,"event_name":"Golden Wing","floor":4,"gold_loss":0}],"is_beta":false,"boss_relics":[],"items_purged_floors":[0,0],"is_endless":false,"potions_floor_spawned":[8],"killed_by":"Gremlin Nob","ascension_level":1}}