{"host":"j1qceugmsvfpp1ru","time":1612542241,"event":{"mods":["2.2 Compatiblity","AchievementEnabler","Act Like it!","BaseMod","Bestiary","Better Altar","Better Third Choice","Block Reminder","Colored Map","Conspire","Downfall","Elementarium","Highlight Path","Hubris","Infinite Spire","Marked Mod","Menagerie","Minty Spire (QoL Compilation)","Replay The Spire","Retaliation","Shade Mod","Spicy Shops","StSLib","The Animator","Waifu the Spire"],"gold_per_floor":[110,110,128,141,72,72,113,139,139,82,119,44,44,72,72,183,183,210,210,226,226,269,289,289,289],"floor_reached":23,"language":"ENG","playtime":2522,"items_purged":["hexamod:Strike"],"score":201,"play_id":"9ef4311c-d167-4e00-a1fd-7831b17c9cf4","local_time":"20210206012401","daily_mods":["Heirloom","Time Dilation"],"is_ascension_mode":false,"campfire_choices":[{"data":"hexamod:CatchUp","floor":6,"key":"SMITH"},{"floor":13,"key":"REST"},{"floor":15,"key":"REST"}],"circlet_count":0,"master_deck":["hexamod:Strike+1","hexamod:Strike+1","hexamod:Strike","hexamod:Defend","hexamod:Defend","hexamod:Defend","hexamod:Defend","hexamod:Sear+1","hexamod:CatchUp+1","Survivor+1","Poisoned Stab+1","hexamod:SixthSeal","hexamod:SecondSeal","Bouncing Flask+1","hexamod:ExtraCrispy","hexamod:RadiantFlame+1","hexamod:RadiantFlame","hexamod:GhostflameBarrier","Deadly Poison","hexamod:VolcanoVisage","CurseOfTheBell","Elementarium:StickyTar","hexamod:FlamesFromBeyond+1","hexamod:FastForward","Elementarium:GildedForm","hexamod:FlamesFromBeyond"],"relics":["Guardian:GemstoneGun","m_HexaRing","Ancient Tea Set","Replay:Rubber Ducky","Oddly Smooth Stone","Calling Bell","Boot","Snack Pack","champ:DeflectingBracers","Turnip"],"acts_visited":["Menagerie:Menagerie","Elementarium:Elementarium"],"potions_floor_usage":[7,7,11,23],"damage_taken":[{"damage":0,"enemies":"Menagerie:StygianBoar","floor":1,"turns":3},{"damage":0,"enemies":"Menagerie:WhisperingWraith","floor":3,"turns":4},{"damage":2,"enemies":"Menagerie:MonstrousExperiment","floor":4,"turns":2},{"damage":18,"enemies":"Menagerie:VoidReaper","floor":7,"turns":7},{"damage":5,"enemies":"Menagerie:EntropyWarlock","floor":8,"turns":3},{"damage":22,"enemies":"Menagerie:Hydra","floor":11,"turns":6},{"damage":0,"enemies":"Menagerie:MeltingSalamander","floor":14,"turns":4},{"damage":26,"enemies":"Menagerie:AVATARS","floor":16,"turns":10},{"damage":0,"enemies":"Elementarium:MUD_AND_TAR_GOLEMS","floor":18,"turns":7},{"damage":0,"enemies":"Elementarium:2_ELEMENTALS","floor":20,"turns":3},{"damage":23,"enemies":"Elementarium:Hydrostalker","floor":22,"turns":9},{"damage":38,"enemies":"Nightmare","floor":23,"turns":9}],"seed_played":"1144145075504823490","potions_obtained":[{"floor":1,"key":"FearPotion"},{"floor":3,"key":"Fire Potion"},{"floor":7,"key":"SneckoOil"},{"floor":20,"key":"LiquidMemories"}],"is_trial":true,"path_per_floor":["M","?","M","M","$","R","E","M","T","$","E","$","R","M","R","B",null,"M","?","M","?","M","NM"],"character_chosen":"THE_SPIRIT","items_purchased":["hexamod:SecondSeal","hexamod:RadiantFlame"],"campfire_rested":2,"item_purchase_floors":[5,10],"current_hp_per_floor":[70,70,70,68,68,68,50,45,45,45,23,23,44,44,65,39,70,70,56,56,56,33,0,0,0],"gold":289,"neow_bonus":"","is_daily":false,"chose_seed":false,"campfire_upgraded":1,"win_rate":0.0,"timestamp":1612542241,"path_taken":["?","?","M","?","$","R","E","M","T","?","E","$","R","?","R","BOSS","M","?","?","?","M","NM"],"items_purchased_type":["Card","Card"],"build_version":"2020-12-22","purchased_purges":1,"victory":false,"max_hp_per_floor":[70,70,70,70,70,70,70,70,70,70,70,70,70,70,70,70,70,70,70,70,62,62,62,62,62],"card_choices":[{"not_picked":["hexamod:NightmareGuise","hexamod:SpectralAdrenaline"],"picked":"hexamod:CatchUp","floor":1},{"not_picked":["hexamod:NecessarySacrifice","Crippling Poison"],"picked":"Poisoned Stab","floor":3},{"not_picked":["hexamod:NightmareGuise","hexamod:GhostLash"],"picked":"hexamod:SixthSeal","floor":4},{"not_picked":["hexamod:GhostShield","hexamod:Hexaguard"],"picked":"Bouncing Flask","floor":7},{"not_picked":["Bane","hexamod:ShieldOfDarkness"],"picked":"hexamod:ExtraCrispy","floor":8},{"not_picked":["Bouncing Flask","Burst"],"picked":"hexamod:GhostflameBarrier","floor":11},{"not_picked":["hexamod:Firestarter","hexamod:HauntingEcho"],"picked":"Deadly Poison","floor":14},{"not_picked":["hexamod:HexaLevel","hexamod:GhostOfSpirePresent"],"picked":"hexamod:VolcanoVisage","floor":16},{"not_picked":["hexamod:SpectersWail+1","hexamod:SkipABeat+1"],"picked":"hexamod:FlamesFromBeyond+1","floor":18},{"not_picked":["hexamod:ThermalTransfer+1","hexamod:GhostflameBarrier"],"picked":"hexamod:FastForward","floor":20},{"not_picked":["hexamod:SpectralAdrenaline","hexamod:BacktrackSmack"],"picked":"hexamod:FlamesFromBeyond","floor":22}],"player_experience":408380,"relics_obtained":[{"floor":7,"key":"Ancient Tea Set"},{"floor":9,"key":"Replay:Rubber Ducky"},{"floor":11,"key":"Oddly Smooth Stone"},{"floor":17,"key":"Boot"},{"floor":17,"key":"Snack Pack"},{"floor":17,"key":"champ:DeflectingBracers"}],"event_choices":[{"damage_healed":0,"gold_gain":0,"player_choice":"Blood","damage_taken":14,"relics_obtained":["Turnip"],"max_hp_gain":0,"max_hp_loss":0,"event_name":"Elementarium:ShatteredPortal","floor":19,"gold_loss":0},{"damage_healed":0,"gold_gain":0,"player_choice":"Dive in","damage_taken":0,"max_hp_gain":0,"max_hp_loss":8,"event_name":"Elementarium:FountainOfGold","floor":21,"gold_loss":0,"cards_obtained":["Elementarium:GildedForm"]}],"is_beta":false,"boss_relics":[{"not_picked":["hubris:ScarierMask","Pandora\u0027s Box"],"picked":"Calling Bell"}],"items_purged_floors":[12],"is_endless":false,"potions_floor_spawned":[1,3,7,20],"killed_by":"Nightmare","ascension_level":0}}