{"host":"njo8qgvy2a57fcny","time":1612503850,"event":{"mods":["Aspiration","BaseMod","BetterRewards","CCEM2","Colored Map","Colored Powertips","Conspire","Custom Start","Downfall","Energized Spire","GifTheSpireLib","Halation","Hermit","Hubris","Infinite Spire","Jedi Mod","Jorbs\u0027s Wanderer Trilogy","Mimic Mod","Minty Spire (QoL Compilation)","Quick Restart","Random Character Button","Random Character Mod","Rare Cards Sparkle","Relic Sorter","Reliquary","Replay The Spire","Shop Mod","StSLib","Stuff the Spire","The Animator","The Jungle","The Runesmith","The Servant 0.9.4","Unceasing Turn Reminder","thorton"],"gold_per_floor":[99,110,110,110,110,141,164,18,33,33,33,43,43,53,66,168,168,68,78,90,107,126,126,126,126],"floor_reached":23,"language":"ENG","playtime":1345,"items_purged":[],"score":228,"play_id":"33b3763f-735e-4f9f-9e80-b4740a70298b","local_time":"20210205164410","is_ascension_mode":true,"campfire_choices":[{"data":"champ:Taunt","floor":1,"key":"SMITH"},{"data":"champ:EnragedBash","floor":11,"key":"SMITH"},{"floor":13,"key":"REST"},{"floor":18,"key":"RECALL"}],"circlet_count":0,"master_deck":["champ:Strike","champ:Strike","champ:Strike","champ:Strike","champ:Defend","champ:Defend","champ:Defend","champ:Defend","champ:Execute","champ:Taunt+1","Overencumbered","Panache","champ:RageSigil","CommonCold","champ:StanceDance","champ:Endure","champ:EnragedBash+1","champ:AdrenalArmor","champ:StanceDance","champ:IronFortress","champ:SwordSigil","champ:StanceDance","champ:RapidStrikes","champ:Duel","champ:SteelEdge","champ:DefensiveShout+1","champ:Duel+1","champ:RageSigil"],"relics":["champ:ChampionCrown","Ring of Hypnosis","Ring of Searing","White Beast Statue","Dream Catcher","champ:DefensiveTrainingManual","energizedSpire:MagnifyingGlass","downfall:HeartBlessingBlue"],"acts_visited":["Exordium","TheCity"],"potions_floor_usage":[6,9,14,16,16,16,20,22,22,22,23],"damage_taken":[{"damage":14,"enemies":"Cultist","floor":2,"turns":4},{"damage":44,"enemies":"Lagavulin","floor":6,"turns":5},{"damage":25,"enemies":"downfall:FleeingMerchant","floor":8,"turns":4},{"damage":2,"enemies":"2 Louse","floor":9,"turns":2},{"damage":23,"enemies":"Small Slimes","floor":12,"turns":2},{"damage":20,"enemies":"Gremlin Gang","floor":14,"turns":2},{"damage":56,"enemies":"2 Fungi Beasts","floor":15,"turns":4},{"damage":55,"enemies":"IC_STATUS_ARCHETYPE","floor":16,"turns":5},{"damage":70,"enemies":"Chosen","floor":19,"turns":5},{"damage":40,"enemies":"3 Byrds","floor":20,"turns":5},{"damage":63,"enemies":"Sentry and Sphere","floor":21,"turns":4},{"damage":86,"enemies":"Shelled Parasite and Fungi","floor":22,"turns":5},{"damage":45,"enemies":"Shelled Parasite and Fungi","floor":23,"turns":5}],"seed_played":"5473370382943431624","potions_obtained":[{"floor":2,"key":"jedi:StrikingPotion"},{"floor":8,"key":"ColorlessPotion"},{"floor":9,"key":"AttackPotion"},{"floor":12,"key":"SteroidPotion"},{"floor":14,"key":"Ancient Potion"},{"floor":15,"key":"hexamod:SoulburnPotion"},{"floor":16,"key":"champ:OpenerPotion"},{"floor":19,"key":"Languid Potion"},{"floor":20,"key":"SpeedPotion"},{"floor":21,"key":"Elixir"},{"floor":22,"key":"BlessingOfTheForge"}],"is_trial":false,"path_per_floor":["R","M","T","?","?","E","T","$","M","T","R","M","R","M","M","B",null,"R_BF","M","M","M","M","?"],"character_chosen":"THE_CHAMP","items_purchased":["champ:EnragedBash","champ:AdrenalArmor","champ:StanceDance"],"campfire_rested":1,"item_purchase_floors":[8,8,8],"current_hp_per_floor":[90,86,86,91,91,62,62,62,60,60,60,57,85,85,69,49,95,105,85,75,62,45,0,0,0],"gold":126,"neow_bonus":"RANDOM_COLORLESS_2","is_daily":false,"chose_seed":false,"campfire_upgraded":2,"win_rate":0.0,"timestamp":1612503850,"path_taken":["R","M","?","?","?","E","T","?","M","?","R","M","R","M","M","BOSS","R_BF","M","M","M","?","?"],"items_purchased_type":["Card","Card","Card"],"build_version":"2020-12-22","purchased_purges":0,"victory":false,"max_hp_per_floor":[90,90,90,95,95,95,95,95,95,95,95,95,95,95,95,95,95,105,105,105,105,105,105,105,105],"card_choices":[{"not_picked":["Thinking Ahead","Sadistic Nature"],"picked":"Panache","floor":0},{"not_picked":["champ:RecklessLeap","champ:DefensiveShout"],"picked":"champ:RageSigil","floor":2},{"not_picked":["champ:Shatter","champ:RecklessLeap"],"picked":"champ:StanceDance","floor":6},{"not_picked":["champ:Devastate","champ:ViciousMockery"],"picked":"champ:Endure","floor":8},{"not_picked":["champ:BerserkersShout","champ:FocusedDefense"],"picked":"champ:IronFortress","floor":9},{"not_picked":["champ:CrownThrow","champ:FocusedBerserking"],"picked":"champ:SwordSigil","floor":12},{"not_picked":["champ:Circumvent","champ:Endure"],"picked":"champ:StanceDance","floor":13},{"not_picked":["champ:SkillfulDodge","champ:TornadoPunch"],"picked":"champ:RapidStrikes","floor":14},{"not_picked":["champ:Circumvent","champ:PerfectedStrike"],"picked":"champ:Duel","floor":15},{"not_picked":["champ:Devastate","champ:MurderStrike"],"picked":"champ:SteelEdge","floor":16},{"not_picked":["champ:BladeFlurry","champ:FocusedDefense","champ:RecklessLeap+1"],"picked":"SKIP","floor":19},{"not_picked":["champ:RecklessLeap+1","champ:SkillfulDodge"],"picked":"champ:DefensiveShout+1","floor":20},{"not_picked":["champ:FlashCut","champ:PerfectedStrike"],"picked":"champ:Duel+1","floor":21},{"not_picked":["champ:FanOfKnives","champ:CrownThrow"],"picked":"champ:RageSigil","floor":22}],"player_experience":768117,"relics_obtained":[{"floor":5,"key":"Ring of Hypnosis"},{"floor":5,"key":"Ring of Searing"},{"floor":6,"key":"White Beast Statue"},{"floor":7,"key":"Dream Catcher"},{"floor":10,"key":"champ:DefensiveTrainingManual"}],"event_choices":[{"damage_healed":0,"gold_gain":0,"player_choice":"Donut","damage_taken":0,"max_hp_gain":5,"max_hp_loss":0,"event_name":"Big Fish","floor":4,"gold_loss":0}],"is_beta":false,"boss_relics":[{"not_picked":["Honey Jar","StuffTheSpire:RunicConfusion"],"picked":"energizedSpire:MagnifyingGlass"}],"items_purged_floors":[],"is_endless":false,"potions_floor_spawned":[2,8,9,12,14,15,16,19,20,21,22],"killed_by":"Shelled Parasite and Fungi","ascension_level":1}}