{"host":"n4fty02wqqi95laq","time":1612493231,"event":{"mods":["BaseMod","Highlight Path","Minty Spire (QoL Compilation)","Quick Restart","Rare Cards Sparkle","StSLib"],"gold_per_floor":[214,139,156,156,173,173,188,188,188,188,201,211,231,231,231,309,309,328,344,179,179,179,179],"floor_reached":22,"language":"ZHS","playtime":861,"items_purged":["Slice"],"score":356,"play_id":"c27bc743-91e9-4d61-bc33-e9166592c010","local_time":"20210205104711","is_ascension_mode":true,"campfire_choices":[{"data":"Neutralize","floor":6.0,"key":"SMITH"},{"data":"Dagger Throw","floor":8.0,"key":"SMITH"},{"data":"Accuracy","floor":10.0,"key":"SMITH"},{"floor":15.0,"key":"RECALL"}],"circlet_count":0,"master_deck":["AscendersBane","Survivor","Neutralize+1","Dagger Throw+1","Accuracy+1","Backflip+1","Deadly Poison+1","Corpse Explosion+1","Grand Finale","Dodge and Roll+1","Dash","Bane","Calculated Gamble+1","Sucker Punch","Choke","Cloak And Dagger+1","Unload","Reflex+1","Impatience+1"],"relics":["Ring of the Snake","Toxic Egg 2","Singing Bowl","Pandora\u0027s Box"],"acts_visited":["Exordium","TheCity"],"potions_floor_usage":[22],"damage_taken":[{"damage":3.0,"enemies":"Jaw Worm","floor":1.0,"turns":6.0},{"damage":0.0,"enemies":"2 Louse","floor":3.0,"turns":3.0},{"damage":1.0,"enemies":"Cultist","floor":5.0,"turns":5.0},{"damage":16.0,"enemies":"Lots of Slimes","floor":7.0,"turns":6.0},{"damage":3.0,"enemies":"3 Louse","floor":11.0,"turns":4.0},{"damage":0.0,"enemies":"2 Fungi Beasts","floor":12.0,"turns":4.0},{"damage":1.0,"enemies":"Red Slaver","floor":13.0,"turns":3.0},{"damage":19.0,"enemies":"The Guardian","floor":16.0,"turns":10.0},{"damage":26.0,"enemies":"2 Thieves","floor":18.0,"turns":3.0},{"damage":0.0,"enemies":"3 Byrds","floor":19.0,"turns":2.0},{"damage":0,"enemies":"Cultist and Chosen","floor":22,"turns":3}],"seed_played":"206970750488585254","potions_obtained":[{"floor":7.0,"key":"Energy Potion"},{"floor":11.0,"key":"LiquidBronze"},{"floor":12.0,"key":"SteroidPotion"},{"floor":13.0,"key":"Dexterity Potion"},{"floor":19.0,"key":"AttackPotion"}],"is_trial":false,"path_per_floor":["M","?","M","T","M","R","M","R","T","R","M","M","M","?","R","B",null,"M","M","$","?","M"],"character_chosen":"THE_SILENT","items_purchased":["Impatience+1"],"campfire_rested":0,"item_purchase_floors":[20],"current_hp_per_floor":[56,56,56,56,55,55,39,39,39,39,38,38,37,37,37,18,56,30,32,32,12,12,12],"gold":179,"neow_bonus":"HUNDRED_GOLD","is_daily":false,"chose_seed":false,"campfire_upgraded":3,"win_rate":0.0,"timestamp":1612493231,"path_taken":["M","?","M","?","M","R","M","R","T","R","M","M","M","?","R","BOSS","M","M","$","?","M"],"items_purchased_type":["Card"],"build_version":"2020-12-22","purchased_purges":1,"victory":false,"max_hp_per_floor":[66,66,66,66,66,66,66,66,66,66,68,68,68,68,68,68,68,68,70,70,75,75,75],"card_choices":[{"not_picked":["Prepared","Choke"],"picked":"Dagger Throw","floor":1.0},{"not_picked":["Eviscerate","Infinite Blades"],"picked":"Accuracy","floor":3.0},{"not_picked":["Underhanded Strike","Endless Agony"],"picked":"Backflip+1","floor":5.0},{"not_picked":["Flechettes","Dagger Spray","Dodge and Roll+1"],"picked":"SKIP","floor":7.0},{"not_picked":["Backflip+1","Outmaneuver+1","Accuracy"],"picked":"Singing Bowl","floor":11.0},{"not_picked":["Dagger Spray","Deflect+1"],"picked":"Deadly Poison+1","floor":12.0},{"not_picked":["Expertise+1","Bane"],"picked":"Corpse Explosion+1","floor":13.0},{"not_picked":["Storm of Steel+1","Corpse Explosion+1"],"picked":"Grand Finale","floor":16.0},{"not_picked":["Backflip+1","Quick Slash"],"picked":"Reflex+1","floor":18.0},{"not_picked":["Cloak And Dagger+1","Quick Slash+1","PiercingWail+1"],"picked":"Singing Bowl","floor":19.0}],"player_experience":702793,"relics_obtained":[{"floor":4.0,"key":"Toxic Egg 2"},{"floor":9.0,"key":"Singing Bowl"}],"event_choices":[{"cards_removed":["Strike_G"],"damage_healed":0.0,"max_hp_gain":0.0,"max_hp_loss":0.0,"gold_gain":0.0,"event_name":"The Cleric","player_choice":"Card Removal","floor":2.0,"gold_loss":75.0,"damage_taken":0.0},{"damage_healed":0.0,"max_hp_gain":0.0,"max_hp_loss":0.0,"gold_gain":0.0,"event_name":"Liars Game","player_choice":"Ignored","floor":14.0,"gold_loss":0.0,"damage_taken":0.0},{"damage_healed":0.0,"max_hp_gain":5.0,"max_hp_loss":0.0,"gold_gain":0.0,"event_name":"Forgotten Altar","player_choice":"Shed Blood","floor":21.0,"gold_loss":0.0,"damage_taken":25.0}],"is_beta":false,"boss_relics":[{"not_picked":["Black Star","Ring of the Serpent"],"picked":"Pandora\u0027s Box"}],"items_purged_floors":[20],"is_endless":false,"potions_floor_spawned":[7,11,12,13,19],"killed_by":"Cultist and Chosen","ascension_level":20}}