{"host":"skr63qsdfgeey3it","time":1612563115,"event":{"mods":["BaseMod","Colored Map","Hubris","Minty Spire (QoL Compilation)","Monster B Gone","Reliquary","Replay The Spire","Spicy Shops","StSLib"],"gold_per_floor":[116,72,72,84,97,97,97,97,176,203,203,216,279,297,297,370,370,383,383,23,39,57,57,83,100,100,100,100,129,0,12,12,90,90,109,109,109,127,178,178,158,158,158],"floor_reached":42,"language":"ENG","playtime":1760,"items_purged":["hubris:Despair","hubris:Wrath"],"score":823,"play_id":"1e83248e-24bc-4801-b09d-cc1b48136a16","local_time":"20210205161155","is_ascension_mode":true,"campfire_choices":[{"data":"Armaments","floor":6,"key":"SMITH"},{"data":"Metallicize","floor":8,"key":"SMITH"},{"data":"Barricade","floor":11,"key":"SMITH"},{"data":"ReplayTheSpireMod:Doomed","floor":15,"key":"PURGE"},{"floor":23,"key":"REST"},{"floor":32,"key":"REST"},{"floor":40,"key":"REST"}],"circlet_count":0,"master_deck":["AscendersBane","Strike_R","Strike_R+1","Strike_R","Strike_R","Defend_R","Defend_R","Defend_R+1","Defend_R","Bash","Seeing Red","Armaments+1","Metallicize+1","Intimidate","Barricade+1","Disarm","Pot Of Greed","Pot Of Greed","Whirlwind","Berserk","Pummel+1","Inflame","Pot Of Greed","Inflame","Sword Boomerang","Entrench","Rage","Demon Form","Demon Form","Warcry","ReplayTheSpireMod:Splinters","Pommel Strike","ReplayTheSpireMod:Stacked"],"relics":["Burning Blood","NeowsBlessing","ReplayTheSpireMod:CursedCoin","Ring of Fury","ReplayTheSpireMod:Ring of Collecting","Anchor","hubris:PeanutButter","Blue Candle","Grinning Jar","Ring of Chaos","reliquary:Boomerang","Simple Rune","FossilizedHelix","Ornamental Fan","hubris:Icosahedron","Red Skull","Replay:Grab Bag","Sozu","reliquary:Craggleroot","Empty Cage","Question Card"],"acts_visited":["Exordium","TheCity","TheBeyond"],"potions_floor_usage":[10,10,13,16,21,24,24,29,33,35],"damage_taken":[{"damage":0,"enemies":"Jaw Worm","floor":1,"turns":1},{"damage":0,"enemies":"2 Louse","floor":4,"turns":1},{"damage":0,"enemies":"Cultist","floor":5,"turns":1},{"damage":10,"enemies":"Gremlin Nob","floor":10,"turns":4},{"damage":0,"enemies":"Large Slime","floor":12,"turns":6},{"damage":0,"enemies":"3 Sentries","floor":13,"turns":7},{"damage":2,"enemies":"3 Louse","floor":14,"turns":4},{"damage":0,"enemies":"The Guardian","floor":16,"turns":14},{"damage":0,"enemies":"3 Byrds","floor":18,"turns":5},{"damage":0,"enemies":"2 Thieves","floor":21,"turns":4},{"damage":32,"enemies":"Sentry and Sphere","floor":22,"turns":5},{"damage":68,"enemies":"Slavers","floor":24,"turns":6},{"damage":0,"enemies":"Snecko","floor":25,"turns":3},{"damage":23,"enemies":"Gremlin Leader","floor":29,"turns":10},{"damage":0,"enemies":"Cultist and Chosen","floor":31,"turns":5},{"damage":2,"enemies":"Champ","floor":33,"turns":7},{"damage":37,"enemies":"3 Shapes","floor":35,"turns":4},{"damage":9,"enemies":"3 Darklings","floor":38,"turns":5},{"damage":64,"enemies":"Giant Head","floor":42,"turns":6}],"seed_played":"9011943460735438396","potions_obtained":[{"floor":1,"key":"FearPotion"},{"floor":4,"key":"PowerPotion"},{"floor":10,"key":"DistilledChaos"},{"floor":13,"key":"Venom Potion"},{"floor":16,"key":"SpeedPotion"},{"floor":18,"key":"Strength Potion"},{"floor":22,"key":"Regen Potion"},{"floor":24,"key":"SpeedPotion"},{"floor":29,"key":"SpeedPotion"},{"floor":33,"key":"BlessingOfTheForge"}],"is_trial":false,"path_per_floor":["M","$","?","M","M","R","?","R","T","E","R","M","?","M","R_BF","B",null,"M","?","$","M","M","R","E","M","T","?","?","E","?","M","R","B",null,"M","?","?","M","?","R","?","E"],"character_chosen":"IRONCLAD","items_purchased":["ReplayTheSpireMod:CursedCoin","Armaments","Metallicize","Simple Rune","Inflame"],"campfire_rested":3,"item_purchase_floors":[2,2,2,20,20],"current_hp_per_floor":[74,74,74,75,75,75,75,75,75,71,71,75,75,75,75,75,75,75,75,75,75,49,71,21,27,27,27,27,10,10,16,38,42,67,36,36,36,33,33,55,55,0,0],"gold":158,"neow_bonus":"THREE_ENEMY_KILL","is_daily":false,"chose_seed":false,"campfire_upgraded":3,"win_rate":0.0,"timestamp":1612563115,"path_taken":["M","$","?","M","M","R","?","R","T","E","R","?","?","M","R_BF","BOSS","M","?","$","M","?","R","E","M","T","?","?","E","?","M","R","BOSS","M","?","?","?","?","R","?","E"],"items_purchased_type":["Relic","Card","Card","Relic","Card"],"build_version":"2020-12-22","purchased_purges":2,"victory":false,"max_hp_per_floor":[75,75,75,75,75,75,75,75,75,75,75,75,75,75,75,75,75,75,75,75,75,75,75,75,75,75,75,75,75,75,75,75,75,75,75,75,75,75,75,75,75,75,75],"card_choices":[{"not_picked":["Anger","Replay:Undeath\u0027s Touch"],"picked":"Seeing Red","floor":1},{"not_picked":["Sever Soul","Run Through","Entrench"],"picked":"SKIP","floor":4},{"not_picked":["Run Through","ReplayTheSpireMod:Strike From Hell"],"picked":"Intimidate","floor":5},{"not_picked":["ReplayTheSpireMod:Muscle Training","ReplayTheSpireMod:LeadingStrike"],"picked":"Barricade","floor":10},{"not_picked":["Intimidate","Shockwave"],"picked":"Disarm","floor":12},{"not_picked":["Dark Embrace","Perfected Strike"],"picked":"Sentinel","floor":13},{"not_picked":["Life Link","Wild Strike"],"picked":"Whirlwind","floor":14},{"not_picked":["Feed","Bludgeon"],"picked":"Berserk","floor":16},{"not_picked":["Blood for Blood","Run Through"],"picked":"Pummel+1","floor":18},{"not_picked":["Wild Strike+1","Infernal Blade"],"picked":"Inflame","floor":21},{"not_picked":["Carnage","ReplayTheSpireMod:Corrosion Curse"],"picked":"ReplayTheSpireMod:Muscle Training","floor":22},{"not_picked":["Intimidate+1","Massacre"],"picked":"Sword Boomerang","floor":24},{"not_picked":["Sever Soul","Pommel Strike"],"picked":"Entrench","floor":25},{"not_picked":["Battle Trance+1","Infernal Blade"],"picked":"Demon Form","floor":29},{"not_picked":["Carnage","Whirlwind","Anger"],"picked":"SKIP","floor":31},{"not_picked":["Corruption","Berserk"],"picked":"Demon Form","floor":33},{"not_picked":["Twin Strike","Clothesline","Searing Blow"],"picked":"SKIP","floor":35},{"not_picked":["Run Through+1","ReplayTheSpireMod:Strike From Hell"],"picked":"Warcry","floor":38},{"not_picked":["Havoc","Sentinel"],"picked":"Pommel Strike","floor":39},{"not_picked":["Disarm+1","Iron Wave"],"picked":"ReplayTheSpireMod:Stacked","floor":39}],"player_experience":887229,"relics_obtained":[{"floor":3,"key":"Ring of Fury"},{"floor":3,"key":"ReplayTheSpireMod:Ring of Collecting"},{"floor":7,"key":"Anchor"},{"floor":9,"key":"hubris:PeanutButter"},{"floor":10,"key":"Blue Candle"},{"floor":13,"key":"Grinning Jar"},{"floor":24,"key":"FossilizedHelix"},{"floor":26,"key":"Ornamental Fan"},{"floor":29,"key":"Red Skull"},{"floor":39,"key":"Question Card"}],"event_choices":[{"damage_healed":0,"gold_gain":0,"player_choice":"Relic","damage_taken":0,"max_hp_gain":0,"max_hp_loss":0,"event_name":"Wheel of Change","floor":7,"gold_loss":0},{"damage_healed":0,"gold_gain":0,"player_choice":"Searched \u00271\u0027 times","damage_taken":0,"max_hp_gain":0,"max_hp_loss":0,"event_name":"Dead Adventurer","floor":13,"gold_loss":0},{"damage_healed":0,"gold_gain":0,"player_choice":"Paid Fearfully","damage_taken":0,"max_hp_gain":0,"max_hp_loss":0,"event_name":"Masked Bandits","floor":30,"gold_loss":129},{"cards_removed":["Strike_R"],"damage_healed":0,"gold_gain":0,"player_choice":"Removed Attack","damage_taken":0,"max_hp_gain":0,"max_hp_loss":0,"event_name":"Falling","floor":36,"gold_loss":0},{"damage_healed":0,"gold_gain":0,"player_choice":"Ignored","damage_taken":0,"max_hp_gain":0,"max_hp_loss":0,"event_name":"SecretPortal","floor":37,"gold_loss":0},{"damage_healed":0,"gold_gain":0,"player_choice":"Bought 1 Potion","damage_taken":0,"max_hp_gain":0,"max_hp_loss":0,"event_name":"The Woman in Blue","floor":41,"gold_loss":0}],"is_beta":false,"boss_relics":[{"not_picked":["Black Blood","Velvet Choker"],"picked":"Ring of Chaos"},{"not_picked":["ChewingGum","ReplayTheSpireMod:DimensionalGlitch"],"picked":"Replay:Grab Bag"},{"not_picked":["reliquary:RedPaperclip","Cursed Key"],"picked":"Sozu"},{"not_picked":["Ooze Armor","hubris:GrandSneckoEye"],"picked":"reliquary:Craggleroot"},{"not_picked":["Pandora\u0027s Box","hubris:HollowSoul"],"picked":"Empty Cage"}],"items_purged_floors":[2,20],"is_endless":false,"potions_floor_spawned":[1,4,10,13,16,18,22,24,29,33],"killed_by":"Giant Head","ascension_level":14}}