{"host":"skr63qsdfgeey3it","time":1612553069,"event":{"mods":["BaseMod","Colored Map","Hubris","Minty Spire (QoL Compilation)","Monster B Gone","Reliquary","Replay The Spire","Spicy Shops","StSLib"],"gold_per_floor":[113,129,129,147,53,53,53,53,105,122,122,135,135,151,151,225,225,244,244,254,169,188,188,188,203,251,261,261,261],"floor_reached":28,"language":"ENG","playtime":1068,"items_purged":[],"score":360,"play_id":"9c15d7b7-f458-4fc3-aef8-158d84888b6d","local_time":"20210205132429","is_ascension_mode":true,"campfire_choices":[{"data":"Bash","floor":6,"key":"SMITH"},{"data":"ReplayReversal","floor":8,"key":"SMITH"},{"data":"Sword Boomerang","floor":11,"key":"SMITH"},{"data":"hubris:ReadiedAction","floor":15,"key":"SMITH"},{"data":"Flex","floor":23,"key":"SMITH"}],"circlet_count":0,"master_deck":["AscendersBane","Strike_R","Strike_R","Strike_R","Defend_R","Defend_R","Defend_R","Defend_R","Bash+1","ReplayReversal+1","Clothesline","hubris:ReadiedAction+1","Iron Wave","Sword Boomerang+1","Flex+1","Clash","Double Tap","Replay:Undeath\u0027s Touch","Shrug It Off","Fire Breathing","Shockwave","Body Slam"],"relics":["Burning Blood","Paper Frog","Unceasing Top","reliquary:HotPoker","Replay:Mystery Machine","hubris:TerracottaHorce","Replay:Accelerometer","ReplayFunnel"],"acts_visited":["Exordium","TheCity"],"potions_floor_usage":[12,16,25,28],"damage_taken":[{"damage":4,"enemies":"Small Slimes","floor":1,"turns":4},{"damage":4,"enemies":"Cultist","floor":2,"turns":3},{"damage":9,"enemies":"2 Louse","floor":4,"turns":3},{"damage":0,"enemies":"Looter","floor":10,"turns":3},{"damage":18,"enemies":"Red Slaver","floor":12,"turns":3},{"damage":0,"enemies":"Exordium Wildlife","floor":14,"turns":4},{"damage":18,"enemies":"The Guardian","floor":16,"turns":9},{"damage":29,"enemies":"Shell Parasite","floor":18,"turns":4},{"damage":15,"enemies":"Chosen","floor":20,"turns":5},{"damage":3,"enemies":"Centurion and Healer","floor":22,"turns":6},{"damage":28,"enemies":"Shelled Parasite and Fungi","floor":25,"turns":4},{"damage":0,"enemies":"3 Cultists","floor":27,"turns":4},{"damage":50,"enemies":"Gremlin Leader","floor":28,"turns":5}],"seed_played":"472364029713167575","potions_obtained":[{"floor":1,"key":"SkillPotion"},{"floor":2,"key":"CultistPotion"},{"floor":14,"key":"EssenceOfSteel"},{"floor":20,"key":"FearPotion"},{"floor":24,"key":"Regen Potion"},{"floor":27,"key":"DuplicationPotion"}],"is_trial":false,"path_per_floor":["M","M","?","M","$","R","T","R","T","M","R","M","?","M","R","B",null,"M","?","M","?","M","R","?","M","T","M","E"],"character_chosen":"IRONCLAD","items_purchased":["Unceasing Top"],"campfire_rested":0,"item_purchase_floors":[5],"current_hp_per_floor":[70,72,72,69,69,69,69,69,69,75,75,63,63,69,69,57,71,48,48,39,39,42,42,42,32,32,38,0,0],"gold":261,"neow_bonus":"RANDOM_EVENT","is_daily":false,"chose_seed":false,"campfire_upgraded":5,"win_rate":0.0,"timestamp":1612553069,"path_taken":["M","M","?","?","$","R","?","R","T","?","R","M","?","?","R","BOSS","M","?","M","?","M","R","?","?","T","M","E"],"items_purchased_type":["Relic"],"build_version":"2020-12-22","purchased_purges":0,"victory":false,"max_hp_per_floor":[75,75,75,75,75,75,75,75,75,75,75,75,75,75,75,75,75,75,75,75,75,75,75,75,75,75,75,75,75],"card_choices":[{"not_picked":["Massacre","Shrug It Off"],"picked":"Clothesline","floor":1},{"not_picked":["Anger","Cleave"],"picked":"hubris:ReadiedAction","floor":2},{"not_picked":["Dark Embrace","True Grit"],"picked":"Iron Wave","floor":4},{"not_picked":["Anger","Havoc"],"picked":"Sword Boomerang","floor":10},{"not_picked":["Anger","Dropkick"],"picked":"Flex","floor":12},{"not_picked":["Heavy Blade","Exhume"],"picked":"Clash","floor":14},{"not_picked":["Demonic Infusion","Bludgeon"],"picked":"Double Tap","floor":16},{"not_picked":["hubris:ReadiedAction","Combust+1"],"picked":"Replay:Undeath\u0027s Touch","floor":18},{"not_picked":["Cleave","Run Through"],"picked":"Shrug It Off","floor":20},{"not_picked":["hubris:SharpeningStone","Shrug It Off"],"picked":"Fire Breathing","floor":22},{"not_picked":["Rampage","Rupture"],"picked":"Shockwave","floor":25},{"not_picked":["Searing Blow","Run Through"],"picked":"Body Slam","floor":27}],"player_experience":878207,"relics_obtained":[{"floor":7,"key":"reliquary:HotPoker"},{"floor":9,"key":"Replay:Mystery Machine"},{"floor":26,"key":"ReplayFunnel"}],"event_choices":[{"damage_healed":0,"gold_gain":0,"cards_transformed":["Strike_R"],"player_choice":"Change","damage_taken":0,"max_hp_gain":0,"max_hp_loss":0,"event_name":"Living Wall","floor":0,"gold_loss":0,"cards_obtained":["ReplayReversal"]},{"damage_healed":0,"gold_gain":0,"player_choice":"Gave Potion","damage_taken":0,"relics_obtained":["Paper Frog"],"max_hp_gain":0,"max_hp_loss":0,"event_name":"WeMeetAgain","floor":3,"gold_loss":0},{"cards_removed":["Strike_R"],"damage_healed":0,"gold_gain":0,"player_choice":"Purged","damage_taken":0,"max_hp_gain":0,"max_hp_loss":0,"event_name":"Purifier","floor":13,"gold_loss":0},{"damage_healed":0,"gold_gain":0,"player_choice":"Ignored","damage_taken":0,"max_hp_gain":0,"max_hp_loss":0,"event_name":"Beggar","floor":19,"gold_loss":0},{"damage_healed":0,"gold_gain":0,"player_choice":"Obtained Relic","damage_taken":0,"relics_obtained":["Replay:Accelerometer"],"max_hp_gain":0,"max_hp_loss":0,"event_name":"Addict","floor":21,"gold_loss":85},{"damage_healed":0,"gold_gain":0,"player_choice":"Got Potions","damage_taken":0,"max_hp_gain":0,"max_hp_loss":0,"event_name":"Lab","floor":24,"gold_loss":0}],"is_beta":false,"boss_relics":[{"not_picked":["Calling Bell","Ooze Armor"],"picked":"hubris:TerracottaHorce"}],"items_purged_floors":[],"is_endless":false,"potions_floor_spawned":[1,2,10,14,20,27],"killed_by":"Gremlin Leader","ascension_level":14}}