{"host":"ffjrj7fisyni1ebk","time":1612548416,"event":{"mods":["2.2 Compatiblity","BaseMod","Bestiary","Colored Map","Colored Powertips","Curses Come First","Highlight Path","Keyboard Shortcuts","Minty Spire (QoL Compilation)","Relic Stats","Slay the Relics Exporter","StSLib","SuperFastMode"],"gold_per_floor":[111,126,140,154,174,199,52,52,101,101,3,3,3,19,19,122,122,132,147,164,16,32,32,32,32,87,99,99,117,117,17,17,113,113,124,124,144,95,113,113,138,12,12,12,12],"floor_reached":44,"language":"ENG","playtime":1743,"items_purged":["Strike_G","Strike_G"],"score":440,"play_id":"99ae7c87-cd3c-4948-8a22-c800a48328b2","local_time":"20210205200656","is_ascension_mode":false,"campfire_choices":[{"data":"Accuracy","floor":8.0,"key":"SMITH"},{"data":"Cloak And Dagger","floor":10.0,"key":"SMITH"},{"floor":12.0,"key":"RECALL"},{"data":"Cloak And Dagger","floor":13.0,"key":"SMITH"},{"data":"Accuracy","floor":15.0,"key":"SMITH"},{"data":"Envenom","floor":23.0,"key":"SMITH"},{"data":"Cloak And Dagger","floor":25.0,"key":"SMITH"},{"data":"Footwork","floor":28.0,"key":"SMITH"},{"data":"Distraction","floor":30.0,"key":"SMITH"},{"data":"Calculated Gamble","floor":32.0,"key":"SMITH"},{"data":"Blade Dance","floor":40,"key":"SMITH"}],"circlet_count":0,"master_deck":["Strike_G+1","Defend_G+1","Defend_G+1","Defend_G+1","Defend_G+1","Defend_G+1","Survivor+1","Neutralize+1","Acrobatics+1","Poisoned Stab+1","Footwork+1","Accuracy+1","Cloak And Dagger+1","Accuracy+1","Cloak And Dagger+1","Deadly Poison+1","Calculated Gamble+1","Envenom+1","Cloak And Dagger+1","Infinite Blades+1","Distraction+1","Deadly Poison+1","Footwork+1","Deflect+1","Envenom+1","Blade Dance+1","Noxious Fumes+1","Blade Dance+1","Backflip+1","PiercingWail+1","Terror","PiercingWail"],"relics":["Coffee Dripper","WingedGreaves","Bronze Scales","Empty Cage","Vajra","Happy Flower","Runic Pyramid","Mark of the Bloom","HornCleat"],"acts_visited":["Exordium","TheCity","TheBeyond"],"potions_floor_usage":[33,33,33],"damage_taken":[{"damage":1.0,"enemies":"Cultist","floor":1.0,"turns":4.0},{"damage":0.0,"enemies":"Small Slimes","floor":2.0,"turns":3.0},{"damage":0.0,"enemies":"Jaw Worm","floor":3.0,"turns":6.0},{"damage":5.0,"enemies":"Exordium Wildlife","floor":4.0,"turns":5.0},{"damage":0.0,"enemies":"2 Fungi Beasts","floor":5.0,"turns":4.0},{"damage":23.0,"enemies":"3 Sentries","floor":6.0,"turns":11.0},{"damage":7.0,"enemies":"Blue Slaver","floor":14.0,"turns":2.0},{"damage":6.0,"enemies":"Slime Boss","floor":16.0,"turns":7.0},{"damage":10.0,"enemies":"Spheric Guardian","floor":18.0,"turns":4.0},{"damage":9.0,"enemies":"2 Thieves","floor":19.0,"turns":3.0},{"damage":6.0,"enemies":"Centurion and Healer","floor":20.0,"turns":4.0},{"damage":13.0,"enemies":"Shelled Parasite and Fungi","floor":22.0,"turns":6.0},{"damage":16.0,"enemies":"Snecko","floor":27.0,"turns":5.0},{"damage":8.0,"enemies":"Snake Plant","floor":29.0,"turns":3.0},{"damage":6,"enemies":"Automaton","floor":33,"turns":8},{"damage":18,"enemies":"3 Darklings","floor":35,"turns":5},{"damage":1,"enemies":"3 Shapes","floor":37,"turns":3},{"damage":18,"enemies":"3 Darklings","floor":39,"turns":3},{"damage":20,"enemies":"Reptomancer","floor":41,"turns":6},{"damage":14,"enemies":"4 Shapes","floor":44,"turns":1}],"seed_played":"45784452316377191","potions_obtained":[{"floor":1.0,"key":"CultistPotion"},{"floor":5.0,"key":"Strength Potion"},{"floor":6.0,"key":"Regen Potion"},{"floor":14.0,"key":"Weak Potion"},{"floor":19.0,"key":"DuplicationPotion"},{"floor":27.0,"key":"Ancient Potion"},{"floor":29.0,"key":"Strength Potion"},{"floor":37,"key":"SteroidPotion"}],"is_trial":false,"path_per_floor":["M","M","M","M","M","E","$","R","T","R","$","R","R","M","R","B",null,"M","M","M","$","M","R","?","R","T","M","R","M","R","$","R","B",null,"M","?","M","$","M","R","E","$","T","M"],"character_chosen":"THE_SILENT","items_purchased":["Accuracy","Cloak And Dagger","Deadly Poison","Vajra","Blade Dance","Terror","PiercingWail"],"campfire_rested":0,"item_purchase_floors":[7,11,11,21,38,42,42],"current_hp_per_floor":[69,69,69,64,64,41,41,41,41,41,41,41,41,34,34,28,70,60,51,45,45,32,32,32,32,32,16,16,20,20,20,20,14,70,52,52,51,51,33,33,13,13,13,0,0],"gold":12,"neow_bonus":"BOSS_RELIC","is_daily":false,"chose_seed":false,"campfire_upgraded":10,"win_rate":0.0,"timestamp":1612548416,"path_taken":["M","M","?","?","M","E","$","R","T","R","$","R","R","M","R","BOSS","M","M","M","$","M","R","?","R","T","M","R","M","R","$","R","BOSS","M","?","M","$","M","R","E","$","T","M"],"items_purchased_type":["Card","Card","Card","Relic","Card","Card","Card"],"build_version":"2020-12-22","purchased_purges":2,"victory":false,"max_hp_per_floor":[70,70,70,70,70,70,70,70,70,70,70,70,70,70,70,70,70,70,70,70,70,70,70,70,70,70,70,70,70,70,70,70,70,70,70,70,70,70,70,70,70,70,70,70,70],"relic_stats":{"Mark of the Bloom":0,"Happy Flower":[11],"counters":[20,93],"Bronze Scales":[165],"obtain_stats":[{"Mark of the Bloom":36,"HornCleat":41,"Happy Flower":26,"Bronze Scales":9,"Vajra":21,"WingedGreaves":6,"Coffee Dripper":0,"Empty Cage":17,"Ring of the Snake":0,"Runic Pyramid":34},{"Mark of the Bloom":16,"HornCleat":19,"Happy Flower":12,"Bronze Scales":6,"Vajra":11,"WingedGreaves":6,"Coffee Dripper":0,"Empty Cage":8,"Ring of the Snake":0,"Runic Pyramid":15},{"Mark of the Bloom":80,"HornCleat":92,"Happy Flower":59,"Bronze Scales":33,"Vajra":53,"WingedGreaves":33,"Coffee Dripper":0,"Empty Cage":42,"Ring of the Snake":0,"Runic Pyramid":75}]},"card_choices":[{"not_picked":["Flying Knee","Outmaneuver"],"picked":"Acrobatics","floor":1.0},{"not_picked":["Crippling Poison","Underhanded Strike","Flying Knee"],"picked":"SKIP","floor":2.0},{"not_picked":["Bane","Slice"],"picked":"Poisoned Stab","floor":3.0},{"not_picked":["PiercingWail","Quick Slash"],"picked":"Footwork","floor":4.0},{"not_picked":["Poisoned Stab","Heel Hook"],"picked":"Accuracy","floor":5.0},{"not_picked":["Bullet Time","Sucker Punch"],"picked":"Cloak And Dagger","floor":6.0},{"not_picked":["Sucker Punch","Setup"],"picked":"Calculated Gamble","floor":14.0},{"not_picked":["Malaise","Phantasmal Killer"],"picked":"Envenom","floor":16.0},{"not_picked":["Calculated Gamble","Endless Agony"],"picked":"Cloak And Dagger","floor":18.0},{"not_picked":["Dagger Throw","Poisoned Stab"],"picked":"Infinite Blades","floor":19.0},{"not_picked":["Bane+1","Crippling Poison+1"],"picked":"Distraction","floor":20.0},{"not_picked":["Underhanded Strike","Flying Knee"],"picked":"Deadly Poison+1","floor":22.0},{"not_picked":["Cloak And Dagger+1","Backflip"],"picked":"Footwork","floor":27.0},{"not_picked":["Endless Agony+1","Poisoned Stab"],"picked":"Deflect+1","floor":29.0},{"not_picked":["Grand Finale","Doppelganger"],"picked":"Envenom","floor":33},{"not_picked":["Quick Slash","Deadly Poison+1"],"picked":"Blade Dance+1","floor":35},{"not_picked":["Dagger Throw+1","Distraction"],"picked":"Noxious Fumes+1","floor":37},{"not_picked":["Cloak And Dagger+1","Slice"],"picked":"Backflip+1","floor":39},{"not_picked":["Concentrate","Quick Slash"],"picked":"PiercingWail+1","floor":41}],"player_experience":305140,"relics_obtained":[{"floor":6.0,"key":"WingedGreaves"},{"floor":9.0,"key":"Bronze Scales"},{"floor":26.0,"key":"Happy Flower"},{"floor":41,"key":"HornCleat"}],"event_choices":[{"damage_healed":0.0,"max_hp_gain":0.0,"max_hp_loss":0.0,"gold_gain":0.0,"event_name":"Vampires","player_choice":"Ignored","floor":24.0,"gold_loss":0.0,"damage_taken":0.0},{"damage_healed":0,"gold_gain":0,"player_choice":"Upgrade","damage_taken":0,"relics_obtained":["Mark of the Bloom"],"max_hp_gain":0,"max_hp_loss":0,"event_name":"MindBloom","floor":36,"gold_loss":0,"cards_upgraded":["Strike_G","Defend_G","Defend_G","Defend_G","Defend_G","Defend_G","Survivor","Neutralize","Acrobatics","Poisoned Stab","Footwork","Deadly Poison","Infinite Blades","Envenom"]}],"is_beta":false,"boss_relics":[{"not_picked":["Sozu","Pandora\u0027s Box"],"picked":"Empty Cage"},{"not_picked":["Runic Dome","HoveringKite"],"picked":"Runic Pyramid"}],"items_purged_floors":[7,31],"is_endless":false,"potions_floor_spawned":[1,5,6,14,16,19,27,29,37],"killed_by":"4 Shapes","ascension_level":0}}