{"host":"9kesdg97wkrx2bva","time":1612489768,"event":{"mods":["AchievementEnabler","BaseMod","Colored Map","GifTheSpireLib","Infinite Spire","Minty Spire (QoL Compilation)","Replay The Spire","StSLib"],"gold_per_floor":[119,132,57,69,89,89,89,89,115,149,129,129,129,70,70,148,148,163,213,52,72,86,118,118,153,223,242,242,256,95,108,108,108,108],"floor_reached":33,"language":"ENG","playtime":1050,"items_purged":["Strike_G","Strike_G"],"score":558,"play_id":"70a49909-a04d-407d-bc58-70ec5a76c3f0","local_time":"20210204194928","is_ascension_mode":true,"campfire_choices":[{"data":"Deadly Poison","floor":6,"key":"SMITH"},{"data":"Bullet Time","floor":8,"key":"SMITH"},{"floor":15,"key":"DIG"},{"floor":24,"key":"REST"},{"floor":28,"key":"REST"},{"floor":32,"key":"REST"}],"circlet_count":0,"master_deck":["AscendersBane","Strike_G+1","Strike_G","Strike_G","Defend_G","Defend_G+1","Defend_G","Defend_G+1","Defend_G+1","Survivor","Neutralize+1","Bouncing Flask","Crippling Poison+1","PiercingWail+1","Deadly Poison+1","Bullet Time+1","Bane+1","Footwork+1","Wraith Form v2","Noxious Fumes","Setup+1","Tools of the Trade","Deadly Poison","Noxious Fumes+1","Infinite Blades"],"relics":["Ring of the Snake","War Paint","Juzu Bracelet","Gremlin Food","Replay:WaspNest","Philosopher\u0027s Stone","ClockworkSouvenir","Bag of Marbles","Snake Skull","Letter Opener"],"acts_visited":["Exordium","TheCity"],"potions_floor_usage":[16,16,23,23,29,31],"damage_taken":[{"damage":0,"enemies":"Cultist","floor":1,"turns":5},{"damage":6,"enemies":"infinitespire:Voidling","floor":2,"turns":4},{"damage":6,"enemies":"Small Slimes","floor":4,"turns":3},{"damage":3,"enemies":"Looter","floor":5,"turns":3},{"damage":0,"enemies":"Replay:BlueRogue","floor":10,"turns":4},{"damage":42,"enemies":"Fading Forest","floor":16,"turns":11},{"damage":0,"enemies":"Shell Parasite","floor":18,"turns":5},{"damage":3,"enemies":"Chosen","floor":21,"turns":5},{"damage":11,"enemies":"Snake Plant","floor":22,"turns":4},{"damage":18,"enemies":"Slavers","floor":23,"turns":5},{"damage":15,"enemies":"Book of Stabbing","floor":25,"turns":5},{"damage":0,"enemies":"Chosen and Byrds","floor":27,"turns":6},{"damage":3,"enemies":"Centurion and Healer","floor":29,"turns":5},{"damage":0,"enemies":"Sentry and Sphere","floor":31,"turns":3},{"damage":79,"enemies":"Collector","floor":33,"turns":5}],"seed_played":"6487576831653964471","potions_obtained":[{"floor":1,"key":"AttackPotion"},{"floor":2,"key":"BlessingOfTheForge"},{"floor":21,"key":"LiquidBronze"},{"floor":22,"key":"SkillPotion"},{"floor":25,"key":"BlessingOfTheForge"},{"floor":29,"key":"Languid Potion"},{"floor":31,"key":"SmokeBomb"}],"is_trial":false,"path_per_floor":["M","M","$","M","M","R","?","R","T","E","?","?","?","$","R_BF","B",null,"M","?","$","M","M","E","R","E","T","M","R","M","$","M","R","B"],"character_chosen":"THE_SILENT","items_purchased":["Footwork+1","ClockworkSouvenir","Noxious Fumes+1"],"campfire_rested":3,"item_purchase_floors":[14,20,30],"current_hp_per_floor":[59,58,58,52,49,49,49,49,49,49,49,29,29,29,29,1,50,50,50,50,47,36,18,37,22,22,22,41,38,38,38,57,0,0],"gold":108,"neow_bonus":"RANDOM_COMMON_RELIC","is_daily":false,"chose_seed":false,"campfire_upgraded":2,"win_rate":0.0,"timestamp":1612489768,"path_taken":["M","M","$","M","M","R","?","R","T","E","?","?","?","$","R_BF","BOSS","M","?","$","M","M","E","R","E","T","M","R","M","$","M","R","BOSS"],"items_purchased_type":["Card","Relic","Card"],"build_version":"2020-12-22","purchased_purges":2,"victory":false,"max_hp_per_floor":[66,66,66,66,66,66,66,66,66,66,66,66,66,66,66,66,66,66,66,66,66,66,66,66,66,66,66,66,66,66,66,66,66,66],"card_choices":[{"not_picked":["Dagger Spray","Prepared"],"picked":"Bouncing Flask","floor":1},{"not_picked":["Expertise","Replay:Poison Smokescreen"],"picked":"Crippling Poison","floor":2},{"not_picked":["Riddle With Holes","Cloak And Dagger"],"picked":"PiercingWail","floor":4},{"not_picked":["Dodge and Roll","Underhanded Strike"],"picked":"Deadly Poison","floor":5},{"not_picked":["Acrobatics","Skewer"],"picked":"Bane","floor":10},{"not_picked":["Envenom","Bullet Time"],"picked":"Wraith Form v2","floor":16},{"not_picked":["Cloak And Dagger","Eviscerate"],"picked":"Noxious Fumes","floor":18},{"not_picked":["Backstab","Choke+1","Dodge and Roll"],"picked":"SKIP","floor":21},{"not_picked":["Sucker Punch","Dagger Throw","Endless Agony"],"picked":"SKIP","floor":22},{"not_picked":["Flechettes","Dagger Throw"],"picked":"Setup+1","floor":23},{"not_picked":["Reflex","PiercingWail"],"picked":"Tools of the Trade","floor":25},{"not_picked":["ReplayTheSpireMod:Shiv Toss+1","ReplayTheSpireMod:Speed Training"],"picked":"Deadly Poison","floor":27},{"not_picked":["Bane","Dagger Spray","Deflect"],"picked":"SKIP","floor":29},{"not_picked":["Acrobatics","Dagger Throw+1"],"picked":"Infinite Blades","floor":31}],"player_experience":1013038,"relics_obtained":[{"floor":9,"key":"Juzu Bracelet"},{"floor":10,"key":"Gremlin Food"},{"floor":15,"key":"Replay:WaspNest"},{"floor":23,"key":"Bag of Marbles"},{"floor":25,"key":"Snake Skull"},{"floor":26,"key":"Letter Opener"}],"event_choices":[{"damage_healed":0,"gold_gain":0,"player_choice":"1 cards matched","damage_taken":0,"max_hp_gain":0,"max_hp_loss":0,"event_name":"Match and Keep!","floor":7,"gold_loss":0,"cards_obtained":["Bullet Time"]},{"damage_healed":0,"gold_gain":0,"player_choice":"Bought 1 Potion","damage_taken":0,"max_hp_gain":0,"max_hp_loss":0,"event_name":"The Woman in Blue","floor":11,"gold_loss":0},{"damage_healed":0,"gold_gain":0,"player_choice":"Entered Light","damage_taken":20,"max_hp_gain":0,"max_hp_loss":0,"event_name":"Shining Light","floor":12,"gold_loss":0,"cards_upgraded":["PiercingWail","Defend_G"]},{"damage_healed":0,"gold_gain":100,"player_choice":"Bet on Murderer","damage_taken":0,"max_hp_gain":0,"max_hp_loss":0,"event_name":"The Joust","floor":19,"gold_loss":50}],"is_beta":false,"boss_relics":[{"not_picked":["Ring of Chaos","Honey Jar"],"picked":"Philosopher\u0027s Stone"}],"items_purged_floors":[3,30],"is_endless":false,"potions_floor_spawned":[1,2,5,10,21,22,25,29,31],"killed_by":"Collector","ascension_level":16}}