{"host":"dvpvhz1t6etneyb3","time":1612490808,"event":{"mods":["AchievementEnabler","BaseMod","Colored Map","Highlight Path","Minty Spire (QoL Compilation)","Permanent Neow","Quick Restart"],"gold_per_floor":[117,117,133,27,43,43,74,84,84,110,110,110,110,139,139,213,213,228,241,241,11,39,39,83,111,135,135,173,202,221,221,221,221,221],"floor_reached":33,"language":"ENG","playtime":1706,"items_purged":[],"score":706,"play_id":"7b7b043e-7219-4519-9d83-50acc75c6d01","local_time":"20210204210648","is_ascension_mode":true,"campfire_choices":[{"data":"Go for the Eyes","floor":6.0,"key":"SMITH"},{"floor":11.0,"key":"REST"},{"data":"Doom and Gloom","floor":15.0,"key":"SMITH"},{"floor":23.0,"key":"REST"},{"data":"Defragment","floor":27.0,"key":"SMITH"},{"data":"Rip and Tear","floor":32,"key":"SMITH"}],"circlet_count":0,"master_deck":["AscendersBane","Strike_B+1","Strike_B+1","Strike_B+1","Strike_B+1","Defend_B+1","Defend_B+1","Defend_B+1","Defend_B+1","Zap","Dualcast+1","Go for the Eyes+1","Rip and Tear+1","FTL","Sweeping Beam","FTL","Doom and Gloom+1","Echo Form","White Noise+1","Seek+1","Self Repair","Hologram+1","Defragment+1","Consume+1","Turbo+1","Hologram+1","Chaos+1"],"relics":["Cracked Core","Nunchaku","Gremlin Horn","InkBottle","Vajra","Pantograph","Toxic Egg 2","Nuclear Battery","Red Mask","CeramicFish","Tiny Chest","Oddly Smooth Stone"],"acts_visited":["Exordium","TheCity"],"potions_floor_usage":[30,33],"damage_taken":[{"damage":2.0,"enemies":"Jaw Worm","floor":1.0,"turns":4.0},{"damage":2.0,"enemies":"2 Louse","floor":3.0,"turns":2.0},{"damage":0.0,"enemies":"Small Slimes","floor":5.0,"turns":2.0},{"damage":29.0,"enemies":"3 Sentries","floor":7.0,"turns":7.0},{"damage":0.0,"enemies":"2 Fungi Beasts","floor":8.0,"turns":2.0},{"damage":5.0,"enemies":"Lagavulin","floor":10.0,"turns":5.0},{"damage":0.0,"enemies":"Gremlin Nob","floor":14.0,"turns":2.0},{"damage":7.0,"enemies":"Slime Boss","floor":16.0,"turns":5.0},{"damage":15.0,"enemies":"2 Thieves","floor":18.0,"turns":3.0},{"damage":15.0,"enemies":"Shell Parasite","floor":19.0,"turns":3.0},{"damage":12.0,"enemies":"Masked Bandits","floor":22.0,"turns":3.0},{"damage":15.0,"enemies":"Book of Stabbing","floor":24.0,"turns":4.0},{"damage":24.0,"enemies":"Cultist and Chosen","floor":25.0,"turns":5.0},{"damage":0.0,"enemies":"Gremlin Leader","floor":28.0,"turns":3.0},{"damage":11,"enemies":"Centurion and Healer","floor":29,"turns":5},{"damage":16,"enemies":"Snecko","floor":30,"turns":6},{"damage":84,"enemies":"Champ","floor":33,"turns":12}],"seed_played":"-1207780440830780804","potions_obtained":[{"floor":8.0,"key":"BlessingOfTheForge"},{"floor":10.0,"key":"SteroidPotion"},{"floor":14.0,"key":"LiquidBronze"},{"floor":22.0,"key":"Explosive Potion"},{"floor":25.0,"key":"AttackPotion"},{"floor":29,"key":"Weak Potion"}],"is_trial":false,"path_per_floor":["M","?","M","$","M","R","E","M","T","E","R","?","?","E","R","B",null,"M","M","?","$","?","R","E","M","T","R","E","M","M","?","R","B"],"character_chosen":"DEFECT","items_purchased":["FTL","Sweeping Beam","Seek+1","Self Repair"],"campfire_rested":2,"item_purchase_floors":[4,4,21,21],"current_hp_per_floor":[62,41,39,39,39,39,10,10,10,5,26,31,26,26,26,44,68,53,38,38,38,33,55,47,37,37,37,44,40,31,31,31,0,0],"gold":221,"neow_bonus":"RANDOM_COMMON_RELIC","is_daily":false,"chose_seed":false,"campfire_upgraded":4,"win_rate":0.0,"timestamp":1612490808,"path_taken":["M","?","M","$","M","R","E","M","T","E","R","?","?","E","R","BOSS","M","M","?","$","?","R","E","M","T","R","E","M","M","?","R","BOSS"],"items_purchased_type":["Card","Card","Card","Card"],"build_version":"2020-12-22","purchased_purges":0,"victory":false,"max_hp_per_floor":[71,71,71,71,71,71,71,71,71,71,71,76,76,76,76,76,76,76,76,76,76,76,76,76,76,76,76,76,76,76,76,76,76,76],"card_choices":[{"not_picked":["Coolheaded","Auto Shields"],"picked":"Go for the Eyes","floor":1.0},{"not_picked":["Loop","Chaos"],"picked":"Rip and Tear","floor":3.0},{"not_picked":["Redo","Stack","Sweeping Beam"],"picked":"SKIP","floor":5.0},{"not_picked":["Double Energy","Coolheaded"],"picked":"FTL","floor":7.0},{"not_picked":["Heatsinks","Stack"],"picked":"Doom and Gloom","floor":8.0},{"not_picked":["Capacitor","Beam Cell","Rip and Tear"],"picked":"SKIP","floor":10.0},{"not_picked":["Melter","Compile Driver","Streamline"],"picked":"SKIP","floor":14.0},{"not_picked":["Electrodynamics","Meteor Strike"],"picked":"Echo Form","floor":16.0},{"not_picked":["Steam+1","Cold Snap"],"picked":"White Noise+1","floor":18.0},{"not_picked":["Gash","Compile Driver","Melter+1"],"picked":"SKIP","floor":19.0},{"not_picked":["Redo+1","Stack+1"],"picked":"Hologram+1","floor":22.0},{"not_picked":["Coolheaded+1","Biased Cognition"],"picked":"Defragment","floor":24.0},{"not_picked":["Gash","Barrage"],"picked":"Consume+1","floor":25.0},{"not_picked":["Self Repair","Redo+1"],"picked":"Turbo+1","floor":28.0},{"not_picked":["Leap+1","FTL"],"picked":"Hologram+1","floor":29},{"not_picked":["Cold Snap","Gash"],"picked":"Chaos+1","floor":30}],"player_experience":2145066,"relics_obtained":[{"floor":7.0,"key":"Gremlin Horn"},{"floor":9.0,"key":"InkBottle"},{"floor":10.0,"key":"Vajra"},{"floor":14.0,"key":"Toxic Egg 2"},{"floor":22.0,"key":"Red Mask"},{"floor":24.0,"key":"CeramicFish"},{"floor":26.0,"key":"Tiny Chest"},{"floor":28.0,"key":"Oddly Smooth Stone"}],"event_choices":[{"damage_healed":0.0,"max_hp_gain":0.0,"max_hp_loss":0.0,"gold_gain":0.0,"event_name":"Shining Light","player_choice":"Entered Light","floor":2.0,"gold_loss":0.0,"damage_taken":21.0,"cards_upgraded":["Dualcast","Defend_B"]},{"damage_healed":0.0,"max_hp_gain":5.0,"max_hp_loss":0.0,"gold_gain":0.0,"event_name":"Big Fish","player_choice":"Donut","floor":12.0,"gold_loss":0.0,"damage_taken":0.0},{"damage_healed":0.0,"max_hp_gain":0.0,"max_hp_loss":0.0,"gold_gain":0.0,"event_name":"Scrap Ooze","player_choice":"Success","floor":13.0,"gold_loss":0.0,"damage_taken":5.0,"relics_obtained":["Pantograph"]},{"damage_healed":0.0,"max_hp_gain":0.0,"max_hp_loss":0.0,"gold_gain":0.0,"event_name":"Beggar","player_choice":"Ignored","floor":20.0,"gold_loss":0.0,"damage_taken":0.0},{"damage_healed":0.0,"max_hp_gain":0.0,"max_hp_loss":0.0,"gold_gain":0.0,"event_name":"Masked Bandits","player_choice":"Fought Bandits","floor":22.0,"gold_loss":0.0,"damage_taken":0.0},{"damage_healed":0,"gold_gain":0,"player_choice":"Simplicity","damage_taken":0,"max_hp_gain":0,"max_hp_loss":0,"event_name":"Back to Basics","floor":31,"gold_loss":0,"cards_upgraded":["Strike_B","Strike_B","Strike_B","Strike_B","Defend_B","Defend_B","Defend_B"]}],"is_beta":false,"boss_relics":[{"not_picked":["Empty Cage","Pandora\u0027s Box"],"picked":"Nuclear Battery"}],"items_purged_floors":[],"is_endless":false,"potions_floor_spawned":[8,10,14,22,25,29],"killed_by":"Champ","ascension_level":20}}