{"host":"ox77rn1xcurm2t5a","time":1612563726,"event":{"mods":["2.2 Compatiblity","AchievementEnabler","Act Like it!","Aspiration","BaseMod","Best Route Mod","Better Match","Better Note","Better Sensory Stone","Block Reminder","Colored Map","Colored Powertips","Conjunction","Conspire","Custom Start","Energized Spire","GifTheSpireLib","Gold Saver","Gremlin Skip","Halation","Highlight Path","Hubris","Infinite Spire","Minty Spire (QoL Compilation)","Pale of the Ancients","Quick Restart","Replay The Spire","Reworked Bosses","ShortenTheSpire","Spire Exporter","StSLib","Stuff the Spire","Wandering Minibosses"],"gold_per_floor":[278,4128,4128,4128,4128,4128,4139,4155,4155,4183,4183,4210,4223,4397,4397,4468,4468,4479,3829,3842,3842,3861,3861,3510,3510,3581,3889,3909,3926,3926,3759,3759,3432,3432,3250,3069,3089,2304,2022,2036,2067,2067,2144,2144,2176,2176,1658,1658,1658,1658,1658,1658,952,985,0,0],"floor_reached":55,"language":"ENG","playtime":1984,"items_purged":["Strike_B","Strike_B","Strike_B","Strike_B+1","Defend_B","Defend_B","Defend_B+1"],"score":1189,"play_id":"711fcda7-7561-47db-b314-966b0707d087","local_time":"20210206002206","is_ascension_mode":true,"campfire_choices":[{"floor":6.0,"key":"RECALL"},{"data":"Defragment","floor":11.0,"key":"SMITH"},{"data":"Zap","floor":15.0,"key":"SMITH"},{"data":"Echo Form","floor":23.0,"key":"SMITH"},{"data":"Echo Form","floor":30.0,"key":"SMITH"},{"data":"Storm","floor":32.0,"key":"SMITH"},{"data":"Dualcast","floor":42.0,"key":"SMITH"},{"data":"Capacitor","floor":44.0,"key":"SMITH"},{"data":"Conserve Battery","floor":49.0,"key":"SMITH"},{"data":"infinitespire:NeuralNetwork","floor":52,"key":"SMITH"}],"circlet_count":0,"master_deck":["AscendersBane","Defend_B+1","Zap+1","Dualcast+1","Echo Form+1","Self Repair+1","Defragment+1","Echo Form+1","White Noise+1","infinitespire:NeuralNetwork+1","Storm","Storm","Storm+1","Capacitor+1","Ball Lightning+1","Ball Lightning","Conserve Battery+1","Conserve Battery+1","Gash","Coolheaded","Chaos+1","Storm","Genetic Algorithm+1","StuffTheSpire:Coldhearted+1","Hologram+1","Chill+1","Redo+1"],"relics":["Cracked Core","Vajra","Shuriken","Replay:Towering Pillar of Hats","TheAbacus","Blood Vial","StuffTheSpire:CocoNut","conspire:SpecialSausage","ReplayTheSpireMod:Lightbulb","Sling","Tiny Chest","ReplayTheSpireMod:TigerMarble","wanderingMiniBosses:LockLocket","aspiration:TomeofQuesting","Philosopher\u0027s Stone","Bottled Tornado","StuffTheSpire:Tea","Toxic Egg 2","Onion Ring","War Paint","TungstenRod","infinitespire:Lucky Rock","Potion Belt","StuffTheSpire:HeavyRock","StuffTheSpire:OldFever"],"acts_visited":["Exordium","TheCity","TheBeyond","TheEnding"],"potions_floor_usage":[53,54,54,54],"damage_taken":[{"damage":12.0,"enemies":"Jaw Worm","floor":1.0,"turns":3.0},{"damage":5.0,"enemies":"2 Louse","floor":7.0,"turns":2.0},{"damage":0.0,"enemies":"Cultist","floor":8.0,"turns":3.0},{"damage":27.0,"enemies":"3 Sentries","floor":10.0,"turns":6.0},{"damage":7.0,"enemies":"Lagavulin","floor":12.0,"turns":6.0},{"damage":6.0,"enemies":"Exordium Thugs","floor":13.0,"turns":4.0},{"damage":12.0,"enemies":"2 Fungi Beasts","floor":14.0,"turns":6.0},{"damage":21.0,"enemies":"The Guardian","floor":16.0,"turns":8.0},{"damage":55.0,"enemies":"2 Thieves","floor":18.0,"turns":4.0},{"damage":12.0,"enemies":"Chosen","floor":20.0,"turns":4.0},{"damage":5.0,"enemies":"Snecko","floor":22.0,"turns":6.0},{"damage":33.0,"enemies":"Snake Plant","floor":27.0,"turns":6.0},{"damage":23.0,"enemies":"Centurion and Healer","floor":28.0,"turns":3.0},{"damage":26.0,"enemies":"Shelled Parasite and Fungi","floor":29.0,"turns":3.0},{"damage":63.0,"enemies":"Slavers","floor":31.0,"turns":4.0},{"damage":29.0,"enemies":"Automaton","floor":33.0,"turns":6.0},{"damage":82.0,"enemies":"3 Darklings","floor":35.0,"turns":5.0},{"damage":34.0,"enemies":"3 Shapes","floor":36.0,"turns":3.0},{"damage":10.0,"enemies":"Transient","floor":37.0,"turns":5.0},{"damage":6.0,"enemies":"Maw","floor":40.0,"turns":4.0},{"damage":0.0,"enemies":"Nemesis","floor":41.0,"turns":6.0},{"damage":0.0,"enemies":"Giant Head","floor":45.0,"turns":4.0},{"damage":63,"enemies":"Replay:Hell Engine","floor":50,"turns":5},{"damage":15,"enemies":"Shield and Spear","floor":54,"turns":4},{"damage":161,"enemies":"The Heart","floor":55,"turns":6}],"seed_played":"-8649674208748370708","potions_obtained":[{"floor":10.0,"key":"FearPotion"},{"floor":12.0,"key":"PotionOfCapacity"},{"floor":20.0,"key":"FearPotion"},{"floor":28.0,"key":"Milkshake"},{"floor":31.0,"key":"Venom Potion"},{"floor":40.0,"key":"DistilledChaos"},{"floor":41.0,"key":"SpeedPotion"}],"is_trial":false,"path_per_floor":["M","$","?","?","?","R","M","M","T","E","R","E","M","M","R","B",null,"M","$","M","AVR","M","R","$","?","T","M","M","M","R","E","R","B",null,"M","M","M","$","$","M","E","R","T","R","E","?","$","T","R","B",null,"R","$","E","B"],"character_chosen":"DEFECT","items_purchased":["Echo Form","Shuriken","Replay:Towering Pillar of Hats","TheAbacus","Adrenaline Potion","FocusPotion","ReplayTheSpireMod:Lightbulb","Sling","infinitespire:BlackPotion","ReplayTheSpireMod:TigerMarble","Storm","Ball Lightning","Bottled Tornado","StuffTheSpire:Tea","Conserve Battery","Gash","Coolheaded","TungstenRod","infinitespire:Lucky Rock","StuffTheSpire:Coldhearted+1","StuffTheSpire:HeavyRock","Hologram+1","Fruit Juice","PowerPotion","Adrenaline Potion","Chill+1"],"campfire_rested":0,"item_purchase_floors":[2,2,2,2,2,2,19,19,19,24,24,38,38,38,38,39,39,47,47,47,53,53,53,53,53,53],"current_hp_per_floor":[52,52,31,31,31,31,26,36,36,29,29,51,67,67,67,58,73,40,40,50,50,67,67,67,67,67,56,55,51,51,1,1,21,64,21,11,23,23,23,39,61,61,61,61,78,78,78,78,78,35,67,67,72,60,0,0],"gold":0,"neow_bonus":"RANDOM_COMMON_RELIC","is_daily":false,"chose_seed":false,"campfire_upgraded":9,"win_rate":0.0,"timestamp":1612563726,"path_taken":["M","$","?","?","?","R","?","M","T","E","R","E","M","M","R","BOSS","M","$","M","AVR","M","R","$","?","T","M","M","M","R","E","R","BOSS","M","M","M","?","$","M","E","R","T","R","E","?","$","?","R","BOSS","R","$","E","BOSS"],"items_purchased_type":["Card","Relic","Relic","Relic","Potion","Potion","Relic","Relic","Potion","Relic","Card","Card","Relic","Relic","Card","Card","Card","Relic","Relic","Card","Relic","Card","Potion","Potion","Potion","Card"],"build_version":"2020-12-22","purchased_purges":7,"victory":false,"max_hp_per_floor":[71,71,71,71,71,71,71,71,71,71,71,78,78,78,78,78,78,78,78,78,78,78,78,78,78,78,78,78,78,78,78,78,78,78,78,78,78,78,78,78,78,78,78,78,78,78,78,78,78,78,78,78,83,84,84,84],"card_choices":[{"not_picked":["Go for the Eyes","BasicCrystalCard","Cold Snap"],"picked":"SKIP","floor":1.0},{"not_picked":["Aggregate+1","FTL+1"],"picked":"Self Repair+1","floor":5.0},{"not_picked":["BootSequence","Reprogram","Stack"],"picked":"SKIP","floor":7.0},{"not_picked":["Rebound","StuffTheSpire:Plugnplay","Self Repair"],"picked":"SKIP","floor":8.0},{"not_picked":["Barrage","Tempest"],"picked":"Defragment","floor":10.0},{"not_picked":["Sweeping Beam","Compile Driver","Conserve Battery"],"picked":"SKIP","floor":12.0},{"not_picked":["StuffTheSpire:Plugnplay","Seek","Steam"],"picked":"SKIP","floor":13.0},{"not_picked":["Steam","Cold Snap","Skim"],"picked":"SKIP","floor":14.0},{"not_picked":["StuffTheSpire:ForEach","ReplayTheSpireMod:Omega Cannon"],"picked":"Echo Form","floor":16.0},{"not_picked":["Cold Snap","BootSequence","Steam"],"picked":"SKIP","floor":18.0},{"not_picked":["Hologram","Conserve Battery"],"picked":"White Noise+1","floor":20.0},{"not_picked":["StuffTheSpire:NuclearReactor","Go for the Eyes","Panic Button"],"picked":"SKIP","floor":22.0},{"not_picked":["Conserve Battery","Hello World"],"picked":"Storm","floor":27.0},{"not_picked":["Hyperbeam","BootSequence","Go for the Eyes"],"picked":"SKIP","floor":28.0},{"not_picked":["Streamline","Steam","Panic Button"],"picked":"SKIP","floor":29.0},{"not_picked":["Sweeping Beam+1","ReplaySort","Cold Snap"],"picked":"SKIP","floor":31.0},{"not_picked":["ReplayTheSpireMod:System Scan","Rebound"],"picked":"Capacitor","floor":35.0},{"not_picked":["Double Energy","Sweeping Beam","Barrage"],"picked":"SKIP","floor":36.0},{"not_picked":["ReplayTheSpireMod:System Scan","Barrage"],"picked":"Ball Lightning+1","floor":37.0},{"not_picked":["Rip and Tear","Double Energy"],"picked":"Chaos+1","floor":40.0},{"not_picked":["ReplayTheSpireMod:Reroute Power+1","ReplayTheSpireMod:System Scan+1"],"picked":"Storm","floor":41.0},{"not_picked":["Reinforced Body+1","Conserve Battery+1"],"picked":"Genetic Algorithm+1","floor":45.0},{"not_picked":["Beam Cell","Conserve Battery+1"],"picked":"Redo+1","floor":54}],"player_experience":3032345,"relics_obtained":[{"floor":10.0,"key":"Blood Vial"},{"floor":12.0,"key":"StuffTheSpire:CocoNut"},{"floor":27.0,"key":"wanderingMiniBosses:LockLocket"},{"floor":31.0,"key":"aspiration:TomeofQuesting"},{"floor":41.0,"key":"Toxic Egg 2"},{"floor":43.0,"key":"Onion Ring"},{"floor":45.0,"key":"War Paint"},{"floor":48.0,"key":"Potion Belt"},{"floor":54,"key":"StuffTheSpire:OldFever"}],"event_choices":[{"damage_healed":0.0,"max_hp_gain":0.0,"max_hp_loss":0.0,"gold_gain":0.0,"event_name":"Shining Light","player_choice":"Entered Light","floor":3.0,"gold_loss":0.0,"damage_taken":21.0,"cards_upgraded":["Defend_B","Strike_B"]},{"damage_healed":0.0,"max_hp_gain":0.0,"max_hp_loss":0.0,"gold_gain":0.0,"event_name":"betterMatch:BetterMatch","player_choice":"2","floor":5.0,"gold_loss":0.0,"damage_taken":0.0,"cards_obtained":["betterMatch:ColorlessUncommonCard","betterMatch:UncommonCard"]},{"damage_healed":0.0,"max_hp_gain":0.0,"max_hp_loss":0.0,"gold_gain":0.0,"event_name":"The Mausoleum","player_choice":"Ignored","floor":25.0,"gold_loss":0.0,"damage_taken":0.0},{"damage_healed":0.0,"max_hp_gain":0.0,"max_hp_loss":0.0,"gold_gain":3.0,"event_name":"betterStone:BetterStone","player_choice":"1","floor":46.0,"gold_loss":0.0,"damage_taken":0.0}],"is_beta":false,"boss_relics":[{"not_picked":["aspiration:RunicSpoon","StuffTheSpire:Kangaroo"],"picked":"conspire:SpecialSausage"},{"not_picked":["Replay:Wanted Poster","energizedSpire:RedRose"],"picked":"Philosopher\u0027s Stone"}],"items_purged_floors":[2,19,21,24,38,39,53],"is_endless":false,"potions_floor_spawned":[7,10,12,13,20,22,28,31,40,41],"killed_by":"The Heart","ascension_level":16}}