{"host":"og6lam4kt3nibbw0","time":1612544017,"event":{"mods":["AchievementEnabler","BaseMod","Colored Map","DeckTracker","Highlight Path","Keyboard Shortcuts","Minty Spire (QoL Compilation)","Permanent Neow","Quick Restart","StSLib","SuperFastMode"],"gold_per_floor":[116,132,57,73,73,73,99,99,99,129,140,155,80,98,98,170,170,181,181,193,224,136,136,146,161,184,209,209,209,220,234,234,234,234],"floor_reached":33,"language":"KOR","playtime":1386,"items_purged":["Strike_R","Strike_R"],"score":608,"play_id":"aa20dca8-2828-4c65-b4ee-fbdb45d2096d","local_time":"20210206015337","is_ascension_mode":true,"campfire_choices":[{"data":"Fire Breathing","floor":6.0,"key":"SMITH"},{"data":"Wild Strike","floor":8.0,"key":"SMITH"},{"data":"Shrug It Off","floor":15.0,"key":"SMITH"},{"data":"Blood for Blood","floor":23.0,"key":"SMITH"},{"floor":29.0,"key":"REST"},{"floor":32.0,"key":"REST"}],"circlet_count":0,"master_deck":["AscendersBane","Strike_R","Defend_R","Defend_R","Defend_R","Defend_R","Bash","Impervious","Fire Breathing+1","Wild Strike+1","Armaments+1","Shrug It Off+1","Offering","Offering","CurseOfTheBell","Blood for Blood+1","Evolve","Battle Trance","Impervious","Entrench"],"relics":["Burning Blood","Mummified Hand","Singing Bowl","Red Skull","Calling Bell","Omamori","Self Forming Clay","StoneCalendar","MawBank","Vajra","Boot"],"acts_visited":["Exordium","TheCity"],"potions_floor_usage":[33],"damage_taken":[{"damage":6.0,"enemies":"Cultist","floor":1.0,"turns":3.0},{"damage":19.0,"enemies":"Jaw Worm","floor":2.0,"turns":4.0},{"damage":8.0,"enemies":"2 Louse","floor":4.0,"turns":2.0},{"damage":22.0,"enemies":"Gremlin Nob","floor":7.0,"turns":4.0},{"damage":12.0,"enemies":"3 Sentries","floor":10.0,"turns":4.0},{"damage":8.0,"enemies":"Gremlin Gang","floor":11.0,"turns":4.0},{"damage":6.0,"enemies":"Large Slime","floor":12.0,"turns":4.0},{"damage":0.0,"enemies":"Looter","floor":14.0,"turns":4.0},{"damage":28.0,"enemies":"Hexaghost","floor":16.0,"turns":10.0},{"damage":7.0,"enemies":"3 Byrds","floor":18.0,"turns":3.0},{"damage":22.0,"enemies":"Spheric Guardian","floor":21.0,"turns":5.0},{"damage":12.0,"enemies":"Snake Plant","floor":24.0,"turns":1.0},{"damage":24.0,"enemies":"Centurion and Healer","floor":25.0,"turns":6.0},{"damage":12.0,"enemies":"Slavers","floor":27.0,"turns":3.0},{"damage":12.0,"enemies":"Cultist and Chosen","floor":30.0,"turns":4.0},{"damage":17.0,"enemies":"Shelled Parasite and Fungi","floor":31.0,"turns":5.0},{"damage":74,"enemies":"Collector","floor":33,"turns":9}],"seed_played":"3111651607546858144","potions_obtained":[{"floor":1.0,"key":"Explosive Potion"},{"floor":4.0,"key":"AttackPotion"},{"floor":7.0,"key":"SteroidPotion"},{"floor":11.0,"key":"ColorlessPotion"},{"floor":16.0,"key":"GamblersBrew"},{"floor":21.0,"key":"BlessingOfTheForge"},{"floor":24.0,"key":"LiquidMemories"}],"is_trial":false,"path_per_floor":["M","M","?","M","?","R","E","R","T","E","M","M","$","M","R","B",null,"M","?","?","M","$","R","M","M","T","E","?","R","M","M","R","B"],"character_chosen":"IRONCLAD","items_purchased":[],"campfire_rested":2,"item_purchase_floors":[],"current_hp_per_floor":[68,55,55,53,53,53,37,37,37,31,31,33,33,41,41,19,66,65,65,65,51,51,51,45,27,27,23,23,48,44,33,59,0,0],"gold":234,"neow_bonus":"ONE_RANDOM_RARE_CARD","is_daily":false,"chose_seed":false,"campfire_upgraded":4,"win_rate":0.0,"timestamp":1612544017,"path_taken":["M","?","?","M","?","R","E","R","T","E","M","M","$","?","R","BOSS","M","?","?","M","$","R","M","M","T","E","?","R","M","M","M","R","BOSS"],"items_purchased_type":[],"build_version":"2020-12-22","purchased_purges":2,"victory":false,"max_hp_per_floor":[75,75,75,75,75,75,75,75,75,75,77,79,79,81,81,81,81,81,81,81,83,83,83,83,83,83,85,85,85,87,87,87,87,87],"card_choices":[{"not_picked":["Clash","Perfected Strike"],"picked":"Fire Breathing","floor":1.0},{"not_picked":["Fire Breathing","Flex"],"picked":"Wild Strike","floor":2.0},{"not_picked":["Warcry","Shockwave"],"picked":"Armaments","floor":4.0},{"not_picked":["Heavy Blade","Armaments"],"picked":"Shrug It Off","floor":7.0},{"not_picked":["Cleave","Armaments"],"picked":"Offering","floor":10.0},{"not_picked":["True Grit","Disarm","Flex"],"picked":"Singing Bowl","floor":11.0},{"not_picked":["Intimidate","Clothesline","Anger"],"picked":"Singing Bowl","floor":12.0},{"not_picked":["Twin Strike","Perfected Strike","Rampage"],"picked":"Singing Bowl","floor":14.0},{"not_picked":["Bludgeon","Limit Break"],"picked":"Offering","floor":16.0},{"not_picked":["Twin Strike","Anger"],"picked":"Blood for Blood","floor":18.0},{"not_picked":["Searing Blow","Heavy Blade","Headbutt"],"picked":"Singing Bowl","floor":21.0},{"not_picked":["Flex","Clash"],"picked":"Evolve","floor":24.0},{"not_picked":["Blood for Blood","Power Through"],"picked":"Battle Trance","floor":25.0},{"not_picked":["Fire Breathing","Iron Wave","Warcry"],"picked":"Singing Bowl","floor":27.0},{"not_picked":["Wild Strike","Iron Wave","Inflame"],"picked":"Singing Bowl","floor":30.0},{"not_picked":["Thunderclap","Clothesline+1"],"picked":"Entrench","floor":31.0}],"player_experience":979218,"relics_obtained":[{"floor":7.0,"key":"Mummified Hand"},{"floor":9.0,"key":"Singing Bowl"},{"floor":10.0,"key":"Red Skull"},{"floor":17.0,"key":"Omamori"},{"floor":17.0,"key":"Self Forming Clay"},{"floor":17.0,"key":"StoneCalendar"},{"floor":26.0,"key":"Vajra"},{"floor":27.0,"key":"Boot"}],"event_choices":[{"cards_removed":["Strike_R"],"damage_healed":0.0,"max_hp_gain":0.0,"max_hp_loss":0.0,"gold_gain":0.0,"event_name":"The Cleric","player_choice":"Card Removal","floor":3.0,"gold_loss":75.0,"damage_taken":0.0},{"damage_healed":0.0,"max_hp_gain":0.0,"max_hp_loss":0.0,"gold_gain":0.0,"event_name":"Accursed Blacksmith","player_choice":"Forge","floor":5.0,"gold_loss":0.0,"damage_taken":0.0,"cards_upgraded":["Armaments"]},{"damage_healed":0.0,"max_hp_gain":0.0,"max_hp_loss":0.0,"gold_gain":0.0,"event_name":"The Mausoleum","player_choice":"Opened","floor":19.0,"gold_loss":0.0,"damage_taken":0.0,"relics_obtained":["MawBank"],"cards_obtained":["Writhe"]},{"cards_removed":["Strike_R"],"damage_healed":0.0,"max_hp_gain":0.0,"max_hp_loss":0.0,"gold_gain":0.0,"event_name":"Back to Basics","player_choice":"Elegance","floor":20.0,"gold_loss":0.0,"damage_taken":0.0},{"damage_healed":0.0,"max_hp_gain":0.0,"max_hp_loss":0.0,"gold_gain":0.0,"event_name":"Duplicator","player_choice":"Copied","floor":28.0,"gold_loss":0.0,"damage_taken":0.0,"cards_obtained":["Impervious"]}],"is_beta":false,"boss_relics":[{"not_picked":["Pandora\u0027s Box","Philosopher\u0027s Stone"],"picked":"Calling Bell"}],"items_purged_floors":[13,22],"is_endless":false,"potions_floor_spawned":[1,4,7,11,16,21,24],"killed_by":"Collector","ascension_level":20}}