{"host":"i70yit5z0kpl303k","time":1612566166,"event":{"mods":["2.2 Compatiblity","Act Like it!","BaseMod","BetterRewards","Downfall","Gensokyo","Infinite Spire","Ironclad Rager","Koishi","Marked Mod","Minty Spire (QoL Compilation)","Relic Stats","Replay The Spire","StSLib","The Marked","thorton"],"gold_per_floor":[99,99,109,125,125,125,125,143,170,170,11,25,43,53,72,171,171,171,190,209,409,425,325,325,51,78,78,109,121,21,21,36,140,140,140,157,169,169,182,182,182,182,182],"floor_reached":42,"language":"ENG","playtime":1392,"items_purged":["Replay:Hysterical Blindness"],"score":595,"play_id":"b8842a78-85fa-42fc-abb2-fe53ff1b09a0","local_time":"20210205150246","is_ascension_mode":false,"campfire_choices":[{"data":"Bash","floor":1,"key":"SMITH"},{"data":"ReplayTheSpireMod:LeadingStrike","floor":6,"key":"SMITH"},{"floor":10,"key":"REST"},{"floor":18,"key":"RECALL"},{"floor":23,"key":"REST"},{"floor":30,"key":"REST"},{"data":"Demon Form","floor":35,"key":"SMITH"}],"circlet_count":0,"master_deck":["Strike_R","Strike_R","Strike_R","Strike_R","Strike_R","Defend_R","Defend_R","Defend_R","Defend_R","Bash+1","Shame","Cleave","ReplayTheSpireMod:LeadingStrike+1","infinitespire:Collect","ReplayTheSpireMod:Doomed","Clumsy","ReplayTheSpireMod:Stacked","Pommel Strike","Perfected Strike","Sword Boomerang","ReplayTheSpireMod:Strike From Hell","Thunderclap","Headbutt","Double Tap","Flame Barrier","Evolve+1","Sword Boomerang","Parasite","Flame Barrier","Warcry+1","Hallucinations","ReplayTheSpireMod:Faulty Equipment","Anger","Metallicize+1","Berserk","Bash","Thunderclap","Demon Form+1","Shrug It Off","ReplayTheSpireMod:Muscle Training+1","Languid","Armaments+1","Injury","Languid"],"relics":["Burning Blood","downfall:ExtraCursedKey","Replay:Bottled Snecko","StrikeDummy","Lee\u0027s Waffle","SlaversCollar","downfall:HeartBlessingRed","infinitespire:FocusingShard","Kunai","Iron Hammer","Lantern","PreservedInsect","Replay:Baseball","downfall:HeartBlessingGreen","SacredBark","Ring of Peace","Ring of Fury","thethorton:BottledFunds"],"acts_visited":["Exordium","TheCity","TheBeyond"],"potions_floor_usage":[16,26,33,33],"damage_taken":[{"damage":1,"enemies":"Cultist","floor":3,"turns":3},{"damage":0,"enemies":"2 Louse","floor":4,"turns":2},{"damage":11,"enemies":"Jaw Worm","floor":8,"turns":2},{"damage":21,"enemies":"Lagavulin","floor":9,"turns":4},{"damage":7,"enemies":"downfall:FleeingMerchant","floor":11,"turns":4},{"damage":0,"enemies":"Lots of Slimes","floor":12,"turns":2},{"damage":0,"enemies":"Exordium Wildlife","floor":13,"turns":1},{"damage":10,"enemies":"Exordium Thugs","floor":14,"turns":3},{"damage":0,"enemies":"2 Fungi Beasts","floor":15,"turns":2},{"damage":13,"enemies":"Fading Forest","floor":16,"turns":11},{"damage":10,"enemies":"Chosen","floor":19,"turns":2},{"damage":12,"enemies":"3 Cultists","floor":20,"turns":4},{"damage":20,"enemies":"Centurion and Healer","floor":22,"turns":4},{"damage":3,"enemies":"downfall:FleeingMerchant","floor":25,"turns":4},{"damage":33,"enemies":"Slavers","floor":26,"turns":3},{"damage":0,"enemies":"downfall:FleeingMerchant","floor":28,"turns":3},{"damage":10,"enemies":"Cultist and Chosen","floor":29,"turns":2},{"damage":8,"enemies":"Shelled Parasite and Fungi","floor":32,"turns":3},{"damage":32,"enemies":"IC_MUSHROOM_ARCHETYPE","floor":33,"turns":3},{"damage":11,"enemies":"Orb Walker","floor":36,"turns":2},{"damage":0,"enemies":"3 Shapes","floor":37,"turns":2},{"damage":34,"enemies":"3 Darklings","floor":39,"turns":4},{"damage":73,"enemies":"Nightmare","floor":42,"turns":5}],"seed_played":"8206528577774785518","potions_obtained":[{"floor":12,"key":"DuplicationPotion"},{"floor":13,"key":"PowerPotion"},{"floor":16,"key":"DuplicationPotion"},{"floor":22,"key":"ColorlessPotion"},{"floor":29,"key":"SpeedPotion"},{"floor":33,"key":"infinitespire:BlackPotion"},{"floor":36,"key":"ColorlessPotion"}],"is_trial":false,"path_per_floor":["R","?","M","M","?","R","T","M","E","R","$","M","M","M","M","B",null,"R","M","M","?","M","R","T","$","E","T","$","M","R","?","M","B",null,"R","M","M","?","M","AVR","T","NM"],"character_chosen":"IRONCLAD","items_purchased":["Lee\u0027s Waffle","Kunai","PreservedInsect","Replay:Baseball"],"campfire_rested":3,"item_purchase_floors":[11,25,28,28],"current_hp_per_floor":[88,93,93,93,70,70,70,65,50,77,100,100,100,96,100,93,100,100,96,90,90,76,100,100,100,73,73,79,75,100,100,98,72,100,100,95,100,100,72,72,72,0,0],"gold":182,"neow_bonus":"TEN_PERCENT_HP_BONUS","is_daily":false,"chose_seed":false,"campfire_upgraded":3,"win_rate":0.0,"timestamp":1612566166,"path_taken":["R","?","M","M","?","R","T","?","E","R","$","M","?","M","M","BOSS","R","M","M","?","?","R","T","$","E","?","$","M","R","?","M","BOSS","R","M","M","?","M","AVR","T","NM"],"items_purchased_type":["Relic","Relic","Relic","Relic"],"build_version":"2020-12-22","purchased_purges":1,"victory":false,"max_hp_per_floor":[88,93,93,93,93,93,93,93,93,93,100,100,100,100,100,100,100,100,100,100,100,100,100,100,100,100,100,100,100,100,100,100,100,100,100,100,100,100,100,100,100,100,100],"relic_stats":{"Lee\u0027s Waffle":24,"counters":[23,75],"PreservedInsect":88,"Kunai":[21],"obtain_stats":[{"Lee\u0027s Waffle":11,"Lantern":27,"downfall:HeartBlessingRed":23,"thethorton:BottledFunds":40,"SacredBark":34,"downfall:HeartBlessingGreen":30,"infinitespire:FocusingShard":24,"PreservedInsect":28,"Burning Blood":0,"SlaversCollar":17,"Replay:Baseball":28,"Ring of Peace":38,"Ring of Fury":38,"downfall:ExtraCursedKey":2,"Iron Hammer":26,"Replay:Bottled Snecko":7,"Kunai":25,"StrikeDummy":9},{"Lee\u0027s Waffle":5,"Lantern":15,"downfall:HeartBlessingRed":13,"thethorton:BottledFunds":22,"SacredBark":19,"downfall:HeartBlessingGreen":17,"infinitespire:FocusingShard":13,"PreservedInsect":16,"Burning Blood":0,"SlaversCollar":10,"Replay:Baseball":16,"Ring of Peace":21,"Ring of Fury":21,"downfall:ExtraCursedKey":0,"Iron Hammer":15,"Replay:Bottled Snecko":2,"Kunai":14,"StrikeDummy":4},{"Lee\u0027s Waffle":15,"Lantern":51,"downfall:HeartBlessingRed":44,"thethorton:BottledFunds":70,"SacredBark":62,"downfall:HeartBlessingGreen":56,"infinitespire:FocusingShard":44,"PreservedInsect":54,"Burning Blood":0,"SlaversCollar":34,"Replay:Baseball":54,"Ring of Peace":66,"Ring of Fury":66,"downfall:ExtraCursedKey":0,"Iron Hammer":51,"Replay:Bottled Snecko":5,"Kunai":48,"StrikeDummy":11}],"Burning Blood":103},"card_choices":[{"not_picked":["ReplayTheSpireMod:Strike From Hell","Hemokinesis"],"picked":"Cleave","floor":3},{"not_picked":["Body Slam","Intimidate"],"picked":"ReplayTheSpireMod:LeadingStrike","floor":4},{"not_picked":["ReplayTheSpireMod:Black Plague","ReplayTheSpireMod:Chaos Vortex"],"picked":"infinitespire:Collect","floor":5},{"not_picked":["Life Link","Abandon"],"picked":"ReplayTheSpireMod:Stacked","floor":8},{"not_picked":["Shrug It Off","Replay:Undeath\u0027s Touch"],"picked":"Pommel Strike","floor":9},{"not_picked":["Armaments","ReplayTheSpireMod:Strike From Hell"],"picked":"Perfected Strike","floor":11},{"not_picked":["Heavy Blade","Sever Soul"],"picked":"Sword Boomerang","floor":12},{"not_picked":["True Grit","Reckless Charge"],"picked":"ReplayTheSpireMod:Strike From Hell","floor":13},{"not_picked":["Pommel Strike","Perfected Strike"],"picked":"Thunderclap","floor":14},{"not_picked":["Life Link","Heavy Blade"],"picked":"Headbutt","floor":15},{"not_picked":["Eclipse","Exhume"],"picked":"Double Tap","floor":16},{"not_picked":["Reckless Charge","Replay:Undeath\u0027s Touch"],"picked":"Flame Barrier","floor":19},{"not_picked":["Body Slam","Combust"],"picked":"Evolve+1","floor":20},{"not_picked":["Body Slam","Rage"],"picked":"Sword Boomerang","floor":22},{"not_picked":["Dark Embrace","Carnage"],"picked":"Flame Barrier","floor":25},{"not_picked":["Dark Embrace","Havoc"],"picked":"Warcry+1","floor":26},{"not_picked":["Blood for Blood","Battle Trance"],"picked":"Anger","floor":28},{"not_picked":["Warcry+1","Carnage"],"picked":"Metallicize+1","floor":29},{"not_picked":["Headbutt","ReplayTheSpireMod:Corrosion Curse"],"picked":"Thunderclap","floor":32},{"not_picked":["Reaper","Hemogenesis"],"picked":"Demon Form","floor":33},{"not_picked":["Entrench","Replay:Undeath\u0027s Touch"],"picked":"Shrug It Off","floor":36},{"not_picked":["Warcry","Dropkick"],"picked":"ReplayTheSpireMod:Muscle Training+1","floor":37},{"not_picked":["Run Through+1","ReplayTheSpireMod:Strike From Hell"],"picked":"Armaments+1","floor":39}],"player_experience":253970,"relics_obtained":[{"floor":7,"key":"Replay:Bottled Snecko"},{"floor":9,"key":"StrikeDummy"},{"floor":24,"key":"infinitespire:FocusingShard"},{"floor":26,"key":"Iron Hammer"},{"floor":27,"key":"Lantern"},{"floor":38,"key":"Ring of Peace"},{"floor":38,"key":"Ring of Fury"}],"event_choices":[],"is_beta":false,"boss_relics":[{"not_picked":["Abe\u0027s Treasure","infinitespire:Burning Sword"],"picked":"SlaversCollar"},{"not_picked":["Snecko Eye","Runic Dome"],"picked":"SacredBark"}],"items_purged_floors":[40],"is_endless":false,"potions_floor_spawned":[12,13,16,22,29,32,33,36],"killed_by":"Nightmare","ascension_level":0}}