{"host":"6pfj0wha12yu6wq3","time":1612497179,"event":{"mods":["AchievementEnabler","BaseMod","Colored Map","Colored Powertips","Curses Come First","DeckTracker","Minty Spire (QoL Compilation)","RNG Fix","Relic Sorter","Relic Stats","StSLib","UnlockEverythingMod","ojb\u0027s Better Paths Mod","ojb\u0027s Info Mod"],"gold_per_floor":[109,109,129,2,13,13,39,56,56,56,56,56],"floor_reached":11,"language":"ENG","playtime":534,"items_purged":["Defend_G"],"score":146,"play_id":"d5e83259-d7f5-4af5-99f6-34a4d1b34c93","local_time":"20210204225259","is_ascension_mode":true,"campfire_choices":[{"data":"Phantasmal Killer","floor":6,"key":"SMITH"}],"circlet_count":0,"master_deck":["AscendersBane","Strike_G","Strike_G","Strike_G","Strike_G","Strike_G","Defend_G","Defend_G","Defend_G","Survivor","Neutralize","Calculated Gamble","Quick Slash","Dagger Throw","Phantasmal Killer+1","Backflip","Terror","Heel Hook"],"relics":["Ring of the Snake","NeowsBlessing","Boot","Gremlin Horn"],"acts_visited":["Exordium"],"potions_floor_usage":[7,7,8],"damage_taken":[{"damage":0,"enemies":"Cultist","floor":1,"turns":1},{"damage":0,"enemies":"2 Louse","floor":3,"turns":1},{"damage":0,"enemies":"Small Slimes","floor":5,"turns":1},{"damage":44,"enemies":"3 Sentries","floor":7,"turns":14},{"damage":12,"enemies":"Exordium Thugs","floor":8,"turns":3},{"damage":12,"enemies":"Gremlin Nob","floor":11,"turns":2}],"seed_played":"-3526657521007976538","potions_obtained":[{"floor":1,"key":"SkillPotion"},{"floor":3,"key":"SpeedPotion"},{"floor":7,"key":"CunningPotion"}],"is_trial":false,"path_per_floor":["M","?","M","$","M","R","E","M","T","?","E"],"character_chosen":"THE_SILENT","items_purchased":["Dagger Throw"],"campfire_rested":0,"item_purchase_floors":[4],"current_hp_per_floor":[59,59,59,59,59,59,15,3,3,3,0,0],"gold":56,"neow_bonus":"THREE_ENEMY_KILL","is_daily":false,"chose_seed":false,"campfire_upgraded":1,"win_rate":0.0,"timestamp":1612497179,"path_taken":["M","?","M","?","?","R","E","M","T","?","E"],"items_purchased_type":["Card"],"build_version":"2020-12-22","purchased_purges":1,"victory":false,"max_hp_per_floor":[66,66,66,66,66,66,66,66,66,66,66,66],"relic_stats":{"Gremlin Horn":[0,0],"counters":[6,22],"Boot":[4],"obtain_stats":[{"NeowsBlessing":0,"Gremlin Horn":9,"Boot":7,"Ring of the Snake":0},{"NeowsBlessing":0,"Gremlin Horn":5,"Boot":4,"Ring of the Snake":0},{"NeowsBlessing":0,"Gremlin Horn":20,"Boot":17,"Ring of the Snake":0}],"Ring of the Snake":[12]},"card_choices":[{"not_picked":["Deadly Poison","PiercingWail"],"picked":"Calculated Gamble","floor":1},{"not_picked":["Acrobatics","Deflect"],"picked":"Quick Slash","floor":3},{"not_picked":["Acrobatics","Blade Dance"],"picked":"Phantasmal Killer","floor":5},{"not_picked":["Flying Knee","Bouncing Flask"],"picked":"Backflip","floor":7},{"not_picked":["Expertise","Prepared"],"picked":"Terror","floor":8}],"player_experience":636863,"relics_obtained":[{"floor":7,"key":"Boot"},{"floor":9,"key":"Gremlin Horn"}],"event_choices":[{"damage_healed":0,"gold_gain":0,"player_choice":"Ignored","damage_taken":0,"max_hp_gain":0,"max_hp_loss":0,"event_name":"Liars Game","floor":2,"gold_loss":0},{"damage_healed":0,"gold_gain":0,"cards_transformed":["Defend_G"],"player_choice":"Change","damage_taken":0,"max_hp_gain":0,"max_hp_loss":0,"event_name":"Living Wall","floor":10,"gold_loss":0,"cards_obtained":["Heel Hook"]}],"is_beta":false,"boss_relics":[],"items_purged_floors":[4],"is_endless":false,"potions_floor_spawned":[1,3,7],"killed_by":"Gremlin Nob","ascension_level":20}}