{"host":"zjnmjbs15rdpqnz9","time":1612503002,"event":{"mods":["BaseMod","Minty Spire (QoL Compilation)"],"gold_per_floor":[117,117,117,136,4,20,51,51,51,51,62,62,94,113,113,190,190,203,14,64,88,100,100,100,100,100,100,100],"floor_reached":27,"language":"ENG","playtime":865,"items_purged":["Strike_R","Strike_R"],"score":409,"play_id":"ba153ab2-fcc5-4695-9015-e30833dad984","local_time":"20210204223002","is_ascension_mode":true,"campfire_choices":[{"data":"Bash","floor":8,"key":"SMITH"},{"data":"Shockwave","floor":12,"key":"SMITH"},{"data":"Metallicize","floor":15,"key":"SMITH"},{"data":"True Grit","floor":23,"key":"SMITH"},{"data":"Pommel Strike","floor":25,"key":"SMITH"}],"circlet_count":0,"master_deck":["AscendersBane","Strike_R","Defend_R","Defend_R","Defend_R","Defend_R","Bash+1","Headbutt","Metallicize+1","Cleave","Pommel Strike+1","Shockwave+1","Whirlwind+1","Burning Pact","Feed+1","Flash of Steel+1","True Grit+1"],"relics":["Black Blood","NeowsBlessing","Paper Frog","Molten Egg 2","Mummified Hand","Tiny Chest","Bottled Tornado"],"acts_visited":["Exordium","TheCity"],"potions_floor_usage":[13,16,24],"damage_taken":[{"damage":0,"enemies":"Small Slimes","floor":1,"turns":1},{"damage":0,"enemies":"Jaw Worm","floor":4,"turns":1},{"damage":0,"enemies":"Cultist","floor":6,"turns":1},{"damage":25,"enemies":"3 Sentries","floor":7,"turns":7},{"damage":1,"enemies":"Blue Slaver","floor":11,"turns":4},{"damage":24,"enemies":"Lagavulin","floor":13,"turns":6},{"damage":0,"enemies":"Lots of Slimes","floor":14,"turns":1},{"damage":38,"enemies":"Hexaghost","floor":16,"turns":9},{"damage":16,"enemies":"Chosen","floor":18,"turns":5},{"damage":52,"enemies":"Spheric Guardian","floor":22,"turns":8},{"damage":0,"enemies":"Snake Plant","floor":24,"turns":2},{"damage":33,"enemies":"Book of Stabbing","floor":27,"turns":5}],"seed_played":"7703780355905879742","potions_obtained":[{"floor":7,"key":"ColorlessPotion"},{"floor":13,"key":"AttackPotion"},{"floor":14,"key":"LiquidMemories"},{"floor":22,"key":"SmokeBomb"}],"is_trial":false,"path_per_floor":["M","?","?","M","$","M","E","R","T","?","M","R","E","M","R","B",null,"M","$","?","T","M","R","M","R","T","E"],"character_chosen":"IRONCLAD","items_purchased":["Cleave","Flash of Steel+1"],"campfire_rested":0,"item_purchase_floors":[5,19],"current_hp_per_floor":[74,67,67,73,73,75,56,56,56,56,61,61,43,49,49,17,61,57,57,57,57,21,21,33,33,33,0,0],"gold":100,"neow_bonus":"THREE_ENEMY_KILL","is_daily":false,"chose_seed":false,"campfire_upgraded":5,"win_rate":0.0,"timestamp":1612503002,"path_taken":["M","?","?","M","$","?","E","R","T","?","M","R","E","M","R","BOSS","M","?","?","?","M","R","M","R","T","E"],"items_purchased_type":["Card","Card"],"build_version":"2020-12-22","purchased_purges":2,"victory":false,"max_hp_per_floor":[75,75,75,75,75,75,75,75,75,75,75,75,75,75,75,75,75,75,75,75,75,79,79,79,79,79,79,79],"card_choices":[{"not_picked":["Twin Strike","Armaments"],"picked":"Headbutt","floor":1},{"not_picked":["Entrench","Havoc"],"picked":"Metallicize","floor":4},{"not_picked":["Armaments","Power Through"],"picked":"Pommel Strike","floor":6},{"not_picked":["Armaments","Barricade","Warcry"],"picked":"SKIP","floor":7},{"not_picked":["Sword Boomerang+1","Rupture"],"picked":"Whirlwind+1","floor":11},{"not_picked":["Anger+1","Headbutt+1","Thunderclap+1"],"picked":"SKIP","floor":13},{"not_picked":["Heavy Blade+1","Pommel Strike+1"],"picked":"Burning Pact","floor":14},{"not_picked":["Barricade","Berserk"],"picked":"Feed+1","floor":16},{"not_picked":["Carnage+1","Burning Pact","Flex+1"],"picked":"SKIP","floor":18},{"not_picked":["Armaments","Thunderclap+1"],"picked":"True Grit","floor":22}],"player_experience":872340,"relics_obtained":[{"floor":7,"key":"Paper Frog"},{"floor":9,"key":"Molten Egg 2"},{"floor":13,"key":"Mummified Hand"},{"floor":21,"key":"Tiny Chest"},{"floor":26,"key":"Bottled Tornado"}],"event_choices":[{"cards_removed":["Strike_R"],"damage_healed":0,"gold_gain":0,"player_choice":"Card Removal","damage_taken":7,"max_hp_gain":0,"max_hp_loss":0,"event_name":"Golden Wing","floor":2,"gold_loss":0},{"cards_removed":["Strike_R"],"damage_healed":0,"gold_gain":0,"player_choice":"Purged","damage_taken":0,"max_hp_gain":0,"max_hp_loss":0,"event_name":"Purifier","floor":3,"gold_loss":0},{"damage_healed":0,"gold_gain":0,"player_choice":"1 cards matched","damage_taken":0,"max_hp_gain":0,"max_hp_loss":0,"event_name":"Match and Keep!","floor":10,"gold_loss":0,"cards_obtained":["Shockwave"]},{"damage_healed":0,"gold_gain":50,"player_choice":"Stole From Cult","damage_taken":0,"max_hp_gain":0,"max_hp_loss":0,"event_name":"Nest","floor":20,"gold_loss":0}],"is_beta":false,"boss_relics":[{"not_picked":["Ectoplasm","Runic Cube"],"picked":"Black Blood"}],"items_purged_floors":[5,19],"is_endless":false,"potions_floor_spawned":[7,13,14,22],"killed_by":"Book of Stabbing","ascension_level":17}}