{"host":"yd2pjkbo7craqw2u","time":1612530894,"event":{"mods":["Aspiration","BaseMod","Colored Powertips","Conspire","Downfall","Highlight Path","Marisa£®ÏF”Í°°ƒß¿Ì…≥£©","Minty Spire (QoL Compilation)","Practice Mode","Quick Restart","Replay The Spire","Shop Mod","StSLib","SuperFastMode"],"gold_per_floor":[119,119,129,147,49,49,49,49,131,131,209,221,221,232,232,334,334,344,419,431,431,431,431],"floor_reached":22,"language":"ZHS","playtime":622,"items_purged":["Replay:Sluggish"],"score":225,"play_id":"2b306d1a-a887-45e1-98be-e6b699d60889","local_time":"20210205211454","is_ascension_mode":true,"campfire_choices":[{"data":"Zap","floor":6,"key":"SMITH"},{"data":"Dualcast","floor":10,"key":"SMITH"},{"data":"Streamline","floor":15,"key":"SMITH"}],"circlet_count":0,"master_deck":["conspire:GhostlyStrike","conspire:GhostlyStrike","conspire:GhostlyStrike","conspire:GhostlyDefend","conspire:GhostlyDefend","conspire:GhostlyDefend","conspire:GhostlyDefend","Zap+1","Dualcast+1","Streamline+1","Storm","White Noise+1","Flash of Steel","Time Bomb","Turbo+1","Hologram+1","Go for the Eyes","Slimebound:CheckThePlaybook"],"relics":["Nuclear Battery","White Beast Statue","Busted Crown","Prayer Wheel","ReplayTheSpireMod:CursedCoin"],"acts_visited":["Exordium","TheCity"],"potions_floor_usage":[16,20,22,22,22],"damage_taken":[{"damage":0,"enemies":"2 Louse","floor":1,"turns":3},{"damage":1,"enemies":"Cultist","floor":3,"turns":4},{"damage":2,"enemies":"Jaw Worm","floor":4,"turns":4},{"damage":7,"enemies":"2 Fungi Beasts","floor":12,"turns":4},{"damage":12,"enemies":"Looter","floor":14,"turns":3},{"damage":36,"enemies":"The Guardian","floor":16,"turns":8},{"damage":38,"enemies":"Spheric Guardian","floor":18,"turns":5},{"damage":36,"enemies":"3 Byrds","floor":20,"turns":5},{"damage":1,"enemies":"Snecko","floor":22,"turns":2}],"seed_played":"-2814605404967079552","potions_obtained":[{"floor":3,"key":"DuplicationPotion"},{"floor":4,"key":"Energy Potion"},{"floor":12,"key":"LiquidBronze"},{"floor":14,"key":"PowerPotion"},{"floor":16,"key":"BlessingOfTheForge"},{"floor":20,"key":"SteroidPotion"}],"is_trial":false,"path_per_floor":["M","?","M","M","$","R","$","?","T","R","?","M","?","M","R","B",null,"M","$","M","?","M"],"character_chosen":"DEFECT","items_purchased":["Flash of Steel","ReplayTheSpireMod:CursedCoin"],"campfire_rested":0,"item_purchase_floors":[5,19],"current_hp_per_floor":[75,75,74,72,72,72,72,72,72,72,72,65,65,53,53,17,75,37,37,1,1,0,0],"gold":431,"neow_bonus":"BOSS_RELIC","is_daily":false,"chose_seed":false,"campfire_upgraded":3,"win_rate":0.0,"timestamp":1612530894,"path_taken":["M","?","?","M","$","R","$","?","T","R","?","M","?","M","R","BOSS","M","$","M","?","M"],"items_purchased_type":["Card","Relic"],"build_version":"2020-12-22","purchased_purges":1,"victory":false,"max_hp_per_floor":[75,75,75,75,75,75,75,75,75,75,75,75,75,75,75,75,75,75,75,75,68,68,68],"card_choices":[{"not_picked":["Hologram","ReplayTheSpireMod:System Scan"],"picked":"Streamline","floor":1},{"not_picked":["Sweeping Beam","Cold Snap","Panic Button"],"picked":"SKIP","floor":3},{"not_picked":["ReplaySort","Steam"],"picked":"White Noise","floor":4},{"not_picked":["Steam Power","Panic Button"],"picked":"Time Bomb","floor":12},{"not_picked":["Compile Driver","Ball Lightning","Leap"],"picked":"SKIP","floor":14},{"not_picked":["ReplayTheSpireMod:Omega Cannon","Reboot"],"picked":"ReplayTheSpireMod:Fabricate Wheel","floor":16},{"not_picked":[],"picked":"Turbo+1","floor":18},{"not_picked":[],"picked":"Hologram+1","floor":18},{"not_picked":[],"picked":"Go for the Eyes","floor":20},{"not_picked":["Tempest"],"picked":"SKIP","floor":20}],"player_experience":291617,"relics_obtained":[{"floor":9,"key":"White Beast Statue"}],"event_choices":[{"damage_healed":0,"gold_gain":0,"cards_transformed":["Strike_B"],"player_choice":"Transformed","damage_taken":0,"max_hp_gain":0,"max_hp_loss":0,"event_name":"Transmorgrifier","floor":2,"gold_loss":0,"cards_obtained":["Storm"]},{"damage_healed":0,"gold_gain":0,"player_choice":"Agree","damage_taken":0,"max_hp_gain":0,"max_hp_loss":0,"event_name":"conspire:LoneGhost","floor":8,"gold_loss":0},{"damage_healed":0,"gold_gain":78,"player_choice":"Gained Gold","damage_taken":0,"max_hp_gain":0,"max_hp_loss":0,"event_name":"Golden Wing","floor":11,"gold_loss":0},{"damage_healed":0,"gold_gain":0,"player_choice":"Grow","damage_taken":0,"max_hp_gain":0,"max_hp_loss":0,"event_name":"Living Wall","floor":13,"gold_loss":0,"cards_upgraded":["White Noise"]}],"is_beta":false,"boss_relics":[{"not_picked":["aspiration:PoetsPen_weak","Velvet Choker"],"picked":"Busted Crown"}],"items_purged_floors":[19],"is_endless":false,"potions_floor_spawned":[3,4,12,14,16,18,20],"killed_by":"Snecko","ascension_level":3}}