{"host":"ly20tmf9be7b85hl","time":1612513394,"event":{"mods":["BaseMod","Colored Map","Keyboard Shortcuts","Minty Spire (QoL Compilation)","Permanent Neow","Quick Restart","SuperFastMode"],"gold_per_floor":[117,117,117,133,208,208,133,133,133,133,5,38,38,51,51,127,127,141,141,153,153,153],"floor_reached":21,"language":"KOR","playtime":390,"items_purged":["Strike_B","Defend_B"],"score":350,"play_id":"b736d04f-a20b-48b3-adb7-d85b56dd4cb1","local_time":"20210205172314","is_ascension_mode":true,"campfire_choices":[{"floor":6.0,"key":"REST"},{"data":"Zap","floor":8.0,"key":"SMITH"},{"data":"Redo","floor":13.0,"key":"SMITH"},{"floor":15.0,"key":"REST"}],"circlet_count":0,"master_deck":["AscendersBane","Strike_B+1","Defend_B","Defend_B","Defend_B+1","Zap+1","Dualcast","Steam+1","Redo+1","Double Energy","Turbo","Ball Lightning+1","Chill","Reboot","Compile Driver+1","Chill"],"relics":["Cracked Core","Peace Pipe","Whetstone","Molten Egg 2","Nuclear Battery"],"acts_visited":["TheCity"],"potions_floor_usage":[],"damage_taken":[{"damage":6.0,"enemies":"Jaw Worm","floor":1.0,"turns":4.0},{"damage":1.0,"enemies":"2 Louse","floor":4.0,"turns":2.0},{"damage":23.0,"enemies":"Lagavulin","floor":12.0,"turns":8.0},{"damage":0.0,"enemies":"Cultist","floor":14.0,"turns":3.0},{"damage":44.0,"enemies":"Slime Boss","floor":16.0,"turns":11.0},{"damage":17.0,"enemies":"Shell Parasite","floor":18.0,"turns":6.0},{"damage":0.0,"enemies":"3 Byrds","floor":20.0,"turns":3.0},{"damage":20,"enemies":"Shelled Parasite and Fungi","floor":21,"turns":2}],"seed_played":"7302668026433329869","potions_obtained":[{"floor":12.0,"key":"Regen Potion"},{"floor":14.0,"key":"DuplicationPotion"},{"floor":18.0,"key":"SkillPotion"}],"is_trial":false,"path_per_floor":["M","?","?","M","?","R","$","R","T","T","$","E","R","M","R","B",null,"M","?","M","M"],"character_chosen":"DEFECT","items_purchased":["Turbo"],"campfire_rested":2,"item_purchase_floors":[11],"current_hp_per_floor":[58,51,30,29,18,39,39,39,39,39,39,16,16,16,37,8,55,38,18,18,0,0],"gold":153,"neow_bonus":"TRANSFORM_CARD","is_daily":false,"chose_seed":false,"campfire_upgraded":2,"win_rate":0.0,"timestamp":1612513394,"path_taken":["M","?","?","M","?","R","?","R","T","?","$","E","R","?","R","BOSS","M","?","M","M"],"items_purchased_type":["Card"],"build_version":"2020-12-22","purchased_purges":2,"victory":false,"max_hp_per_floor":[71,71,71,71,71,71,71,71,71,71,71,71,71,71,71,71,71,71,76,76,76,76],"card_choices":[{"not_picked":["Barrage","Static Discharge"],"picked":"Redo","floor":1.0},{"not_picked":["Force Field","Rip and Tear"],"picked":"Double Energy","floor":4.0},{"not_picked":["Steam","Blizzard+1"],"picked":"Ball Lightning+1","floor":12.0},{"not_picked":["Sweeping Beam+1","Turbo"],"picked":"Chill","floor":14.0},{"not_picked":["Thunder Strike+1","Amplify"],"picked":"Reboot","floor":16.0},{"not_picked":["BootSequence+1","Gash+1"],"picked":"Compile Driver+1","floor":18.0},{"not_picked":["Go for the Eyes+1","Ball Lightning+1"],"picked":"Chill","floor":20.0}],"player_experience":847264,"relics_obtained":[{"floor":9.0,"key":"Peace Pipe"},{"floor":10.0,"key":"Whetstone"},{"floor":12.0,"key":"Molten Egg 2"}],"event_choices":[{"cards_removed":["Strike_B"],"damage_healed":0.0,"max_hp_gain":0.0,"max_hp_loss":0.0,"gold_gain":0.0,"event_name":"Golden Wing","player_choice":"Card Removal","floor":2.0,"gold_loss":0.0,"damage_taken":7.0},{"damage_healed":0.0,"max_hp_gain":0.0,"max_hp_loss":0.0,"gold_gain":0.0,"event_name":"Shining Light","player_choice":"Entered Light","floor":3.0,"gold_loss":0.0,"damage_taken":21.0,"cards_upgraded":["Steam","Defend_B"]},{"damage_healed":0.0,"max_hp_gain":0.0,"max_hp_loss":0.0,"gold_gain":75.0,"event_name":"World of Goop","player_choice":"Gather Gold","floor":5.0,"gold_loss":0.0,"damage_taken":11.0},{"damage_healed":0.0,"max_hp_gain":5.0,"max_hp_loss":0.0,"gold_gain":0.0,"event_name":"Forgotten Altar","player_choice":"Shed Blood","floor":19.0,"gold_loss":0.0,"damage_taken":25.0}],"is_beta":false,"boss_relics":[{"not_picked":["Sozu","FrozenCore"],"picked":"Nuclear Battery"}],"items_purged_floors":[7,11],"is_endless":false,"potions_floor_spawned":[12,14,18],"killed_by":"Shelled Parasite and Fungi","ascension_level":20}}