{"host":"v86vpwf004p2esb7","time":1612513944,"event":{"mods":["AchievementEnabler","BaseMod","BetterRewards","Colored Powertips","Minty Spire (QoL Compilation)","Quick Restart","StSLib","Transform Curses"],"gold_per_floor":[109,129,147,222,192,192,157,157,183,183,198,498,510,545,545,642,642,655,671,146,165,264,264,264,264,315,340,265,265,17,28,28,28,28],"floor_reached":33,"language":"ENG","playtime":1444,"items_purged":[],"score":424,"play_id":"77967117-fcdc-46af-afff-025c0726c921","local_time":"20210205003224","is_ascension_mode":true,"campfire_choices":[{"floor":6,"key":"REST"},{"data":"Bullet Time","floor":8,"key":"SMITH"},{"floor":10,"key":"DIG"},{"floor":12,"key":"DIG"},{"floor":15,"key":"DIG"},{"floor":23,"key":"DIG"},{"floor":25,"key":"DIG"},{"floor":29,"key":"REST"},{"floor":32,"key":"DIG"}],"circlet_count":0,"master_deck":["Survivor","Neutralize+1","Infinite Blades","Bane","Purity","Bullet Time+1","Dodge and Roll","Catalyst","Acrobatics","Envenom","Poisoned Stab","Flying Knee","Calculated Gamble","Burst","Blur","Dodge and Roll","Quick Slash+1","Eviscerate","Night Terror","Blur","Backflip","Sucker Punch","Bane","Poisoned Stab","Accuracy+1","Blade Dance","Acrobatics","Blade Dance","Cloak And Dagger","Bane"],"relics":["Ring of the Snake","Omamori","Matryoshka","The Specimen","Shovel","Tingsha","Frozen Egg 2","PreservedInsect","Peace Pipe","Old Coin","Bag of Marbles","Eternal Feather","Pandora\u0027s Box","TwistedFunnel","Mercury Hourglass","Bottled Lightning","Strawberry","Whetstone","Toy Ornithopter","Lantern","Mango"],"acts_visited":["Exordium","TheCity"],"potions_floor_usage":[16,16,16],"damage_taken":[{"damage":1,"enemies":"Cultist","floor":1,"turns":3},{"damage":3,"enemies":"Jaw Worm","floor":2,"turns":4},{"damage":0,"enemies":"Small Slimes","floor":3,"turns":3},{"damage":2,"enemies":"Looter","floor":5,"turns":4},{"damage":18,"enemies":"Large Slime","floor":11,"turns":6},{"damage":8,"enemies":"3 Louse","floor":13,"turns":3},{"damage":1,"enemies":"Gremlin Nob","floor":14,"turns":3},{"damage":14,"enemies":"The Guardian","floor":16,"turns":11},{"damage":11,"enemies":"Chosen","floor":18,"turns":6},{"damage":4,"enemies":"2 Thieves","floor":19,"turns":3},{"damage":16,"enemies":"Chosen and Byrds","floor":21,"turns":4},{"damage":49,"enemies":"Book of Stabbing","floor":27,"turns":6},{"damage":0,"enemies":"Snake Plant","floor":31,"turns":4},{"damage":87,"enemies":"Champ","floor":33,"turns":8}],"seed_played":"8640757778579710031","potions_obtained":[{"floor":1,"key":"LiquidMemories"},{"floor":11,"key":"PowerPotion"},{"floor":13,"key":"Explosive Potion"},{"floor":19,"key":"Fire Potion"},{"floor":31,"key":"Energy Potion"}],"is_trial":false,"path_per_floor":["M","M","M","?","M","R","?","R","T","R","M","R","M","E","R","B",null,"M","M","$","M","?","R","?","R","T","E","?","R","$","M","R","B"],"character_chosen":"THE_SILENT","items_purchased":["Omamori","Matryoshka","Infinite Blades","Bane","Shovel","TwistedFunnel","Accuracy+1","Blade Dance","Mercury Hourglass","Lantern","Blade Dance","Cloak And Dagger"],"campfire_rested":2,"item_purchase_floors":[0,0,0,0,0,20,20,20,20,30,30,30],"current_hp_per_floor":[27,24,24,13,11,32,49,49,49,49,31,31,23,22,22,8,70,59,55,55,39,39,54,41,63,63,14,14,53,53,53,85,0,0],"gold":28,"neow_bonus":"","is_daily":false,"chose_seed":false,"campfire_upgraded":1,"win_rate":0.0,"timestamp":1612513944,"path_taken":["M","?","M","?","M","R","?","R","T","R","M","R","M","E","R","BOSS","M","M","$","M","?","R","?","R","T","E","?","R","$","M","R","BOSS"],"items_purchased_type":["Relic","Relic","Card","Card","Relic","Relic","Card","Card","Relic","Relic","Card","Card"],"build_version":"2020-12-22","purchased_purges":0,"victory":false,"max_hp_per_floor":[70,70,70,70,70,70,70,70,70,70,70,70,70,70,70,70,70,70,70,70,70,70,70,75,82,82,82,82,82,82,82,96,96,96],"card_choices":[{"not_picked":["Eviscerate","Skewer"],"picked":"Dodge and Roll","floor":1},{"not_picked":["Caltrops","Backflip"],"picked":"Catalyst","floor":2},{"not_picked":["Masterful Stab","Distraction"],"picked":"Acrobatics","floor":3},{"not_picked":["Terror","PiercingWail"],"picked":"Envenom","floor":5},{"not_picked":["Caltrops+1","Catalyst"],"picked":"Poisoned Stab","floor":11},{"not_picked":["Prepared","Expertise"],"picked":"Flying Knee","floor":13},{"not_picked":["Caltrops+1","Leg Sweep"],"picked":"Calculated Gamble","floor":14},{"not_picked":["Glass Knife","Wraith Form v2+1"],"picked":"Burst","floor":16},{"not_picked":["Acrobatics+1","Slice+1"],"picked":"Bane","floor":18},{"not_picked":["Slice+1","Sucker Punch"],"picked":"Poisoned Stab","floor":19},{"not_picked":["Sucker Punch","All Out Attack","Leg Sweep"],"picked":"SKIP","floor":21},{"not_picked":["Skewer+1","Venomology"],"picked":"Acrobatics","floor":27},{"not_picked":["Dagger Spray","Prepared"],"picked":"Bane","floor":31}],"player_experience":264125,"relics_obtained":[{"floor":9,"key":"Frozen Egg 2"},{"floor":9,"key":"PreservedInsect"},{"floor":10,"key":"Peace Pipe"},{"floor":12,"key":"Old Coin"},{"floor":14,"key":"Bag of Marbles"},{"floor":15,"key":"Eternal Feather"},{"floor":23,"key":"Bottled Lightning"},{"floor":25,"key":"Strawberry"},{"floor":26,"key":"Whetstone"},{"floor":27,"key":"Toy Ornithopter"},{"floor":32,"key":"Mango"}],"event_choices":[{"damage_healed":0,"gold_gain":75,"player_choice":"Gather Gold","damage_taken":11,"max_hp_gain":0,"max_hp_loss":0,"event_name":"World of Goop","floor":4,"gold_loss":0},{"damage_healed":17,"gold_gain":0,"player_choice":"Healed","damage_taken":0,"max_hp_gain":0,"max_hp_loss":0,"event_name":"The Cleric","floor":7,"gold_loss":35},{"damage_healed":0,"gold_gain":99,"player_choice":"Stole From Cult","damage_taken":0,"max_hp_gain":0,"max_hp_loss":0,"event_name":"Nest","floor":22,"gold_loss":0},{"damage_healed":0,"gold_gain":0,"player_choice":"Shed Blood","damage_taken":18,"max_hp_gain":5,"max_hp_loss":0,"event_name":"Forgotten Altar","floor":24,"gold_loss":0},{"cards_removed":["Malaise"],"damage_healed":0,"gold_gain":0,"player_choice":"Gave Gold","damage_taken":0,"max_hp_gain":0,"max_hp_loss":0,"event_name":"Beggar","floor":28,"gold_loss":75}],"is_beta":false,"boss_relics":[{"not_picked":["Velvet Choker","HoveringKite"],"picked":"Pandora\u0027s Box"}],"items_purged_floors":[],"is_endless":false,"potions_floor_spawned":[1,11,13,14,19,31],"killed_by":"Champ","ascension_level":2}}