{"host":"uv5ws9rdk87e8i5k","time":1611347902,"event":{"mods":["AchievementEnabler","BaseMod","Colored Map","Minty Spire (QoL Compilation)","StSLib","SuperFastMode"],"gold_per_floor":[119,24,40,59,59,59,75,88,113,140,153,167,167,187,187,187,187],"floor_reached":16,"language":"ENG","playtime":339,"items_purged":[],"score":138,"play_id":"4a4aec53-5391-42e3-a391-7af1d716729f","local_time":"20210122143822","is_ascension_mode":true,"campfire_choices":[{"data":"Glass Knife","floor":6,"key":"SMITH"},{"data":"Choke","floor":13,"key":"SMITH"},{"data":"Blade Dance","floor":15,"key":"SMITH"}],"circlet_count":0,"master_deck":["Strike_G","Strike_G","Strike_G","Strike_G","Strike_G","Defend_G","Defend_G","Defend_G","Defend_G","Defend_G","Survivor","Neutralize","Discovery","PiercingWail","Dramatic Entrance","Blade Dance+1","Glass Knife+1","Finisher","Dash","Choke+1","Dagger Throw","Deadly Poison","Backflip"],"relics":["Ring of the Snake","Bag of Preparation","Bronze Scales"],"acts_visited":["Exordium"],"potions_floor_usage":[10,10,16,16,16],"damage_taken":[{"damage":0,"enemies":"Cultist","floor":1,"turns":5},{"damage":0,"enemies":"2 Louse","floor":3,"turns":2},{"damage":1,"enemies":"Jaw Worm","floor":4,"turns":2},{"damage":0,"enemies":"3 Louse","floor":7,"turns":2},{"damage":0,"enemies":"2 Fungi Beasts","floor":8,"turns":1},{"damage":10,"enemies":"Lagavulin","floor":10,"turns":3},{"damage":1,"enemies":"Blue Slaver","floor":11,"turns":2},{"damage":0,"enemies":"3 Louse","floor":12,"turns":2},{"damage":0,"enemies":"Looter","floor":14,"turns":1},{"damage":0,"enemies":"The Guardian","floor":16,"turns":2}],"seed_played":"-5788997278080336976","potions_obtained":[{"floor":4,"key":"Poison Potion"},{"floor":5,"key":"FearPotion"},{"floor":5,"key":"AttackPotion"},{"floor":12,"key":"SkillPotion"},{"floor":14,"key":"SkillPotion"}],"is_trial":false,"path_per_floor":["M","$","M","M","?","R","M","M","T","E","M","M","R","M","R","B"],"character_chosen":"THE_SILENT","items_purchased":["Dramatic Entrance"],"campfire_rested":0,"item_purchase_floors":[2],"current_hp_per_floor":[63,63,63,62,62,62,62,62,62,52,51,51,51,51,51,51,51],"gold":187,"neow_bonus":"RANDOM_COLORLESS","is_daily":false,"chose_seed":false,"campfire_upgraded":3,"win_rate":0.0,"timestamp":1611347902,"path_taken":["M","?","M","M","?","R","M","M","T","E","M","?","R","M","R","BOSS"],"items_purchased_type":["Card"],"build_version":"2020-12-22","purchased_purges":0,"victory":false,"max_hp_per_floor":[70,70,70,70,70,70,70,70,70,70,70,70,70,70,70,70,70],"card_choices":[{"not_picked":["Blind","Dark Shackles"],"picked":"Discovery","floor":0},{"not_picked":["Deflect","Dodge and Roll"],"picked":"PiercingWail","floor":1},{"not_picked":["Escape Plan","Flechettes"],"picked":"Blade Dance","floor":3},{"not_picked":["Backflip","Footwork"],"picked":"Glass Knife","floor":4},{"not_picked":["Distraction","Tactician"],"picked":"Finisher","floor":7},{"not_picked":["Poisoned Stab","Well Laid Plans"],"picked":"Dash","floor":8},{"not_picked":["Dodge and Roll","Acrobatics"],"picked":"Choke","floor":10},{"not_picked":["Prepared","Catalyst"],"picked":"Dagger Throw","floor":11},{"not_picked":["Doppelganger","Outmaneuver"],"picked":"Deadly Poison","floor":12},{"not_picked":["Predator","Expertise"],"picked":"Backflip","floor":14}],"player_experience":165561,"relics_obtained":[{"floor":9,"key":"Bag of Preparation"},{"floor":10,"key":"Bronze Scales"}],"event_choices":[{"damage_healed":0,"gold_gain":0,"player_choice":"Got Potions","damage_taken":0,"max_hp_gain":0,"max_hp_loss":0,"event_name":"Lab","floor":5,"gold_loss":0}],"is_beta":false,"boss_relics":[],"items_purged_floors":[],"is_endless":false,"potions_floor_spawned":[4,8,12,14],"killed_by":"The Guardian","ascension_level":6}}