{"host":"sc0o2qwpf9j16a4i","time":1611277637,"event":{"mods":["AchievementEnabler","BaseMod","BetterRewards","Block Reminder","Colored Map","Colored Powertips","Custom Start","Highlight Path","Minty Spire (QoL Compilation)","Relic Stats"],"gold_per_floor":[111,130,130,144,144,144,159,159,183,17,44,56,85,118,118,118,118],"floor_reached":16,"language":"ENG","playtime":384,"items_purged":[],"score":320,"play_id":"9b66e04e-8c78-464f-b5c6-09cd35e15895","local_time":"20210122030717","is_ascension_mode":true,"campfire_choices":[{"floor":6,"key":"REST"},{"floor":8,"key":"REST"},{"floor":15,"key":"REST"}],"circlet_count":0,"master_deck":["AscendersBane","Strike_R","Strike_R","Strike_R","Strike_R","Strike_R","Defend_R","Defend_R","Defend_R","Defend_R","Bash+1","Feel No Pain","Battle Trance","Anger","Wild Strike","Ghostly Armor","Clothesline","Battle Trance"],"relics":["Burning Blood","Sling","Lantern","Chemical X","Ancient Tea Set","PreservedInsect","Red Skull","Art of War","Odd Mushroom","Paper Frog"],"acts_visited":["Exordium"],"potions_floor_usage":[13,14],"damage_taken":[{"damage":2,"enemies":"Jaw Worm","floor":1,"turns":5},{"damage":3,"enemies":"2 Louse","floor":2,"turns":3},{"damage":0,"enemies":"Cultist","floor":4,"turns":3},{"damage":11,"enemies":"Large Slime","floor":7,"turns":5},{"damage":6,"enemies":"Gremlin Nob","floor":11,"turns":3},{"damage":11,"enemies":"Looter","floor":12,"turns":4},{"damage":9,"enemies":"The Mushroom Lair","floor":13,"turns":4},{"damage":20,"enemies":"Lagavulin","floor":14,"turns":4},{"damage":60,"enemies":"Slime Boss","floor":16,"turns":7}],"seed_played":"7487899953973089003","potions_obtained":[{"floor":2,"key":"Ancient Potion"},{"floor":11,"key":"Explosive Potion"},{"floor":13,"key":"Ancient Potion"}],"is_trial":false,"path_per_floor":["M","M","?","M","?","R","M","R","T","$","E","M","?","E","R","B"],"character_chosen":"IRONCLAD","items_purchased":["Sling","Lantern","Feel No Pain","Battle Trance","Chemical X","Red Skull"],"campfire_rested":3,"item_purchase_floors":[0,0,0,0,0,10],"current_hp_per_floor":[44,47,47,53,18,40,35,57,57,57,57,52,49,35,57,0,0],"gold":118,"neow_bonus":"","is_daily":false,"chose_seed":false,"campfire_upgraded":0,"win_rate":0.0,"timestamp":1611277637,"path_taken":["M","M","?","M","?","R","M","R","T","?","E","?","?","E","R","BOSS"],"items_purchased_type":["Relic","Relic","Card","Card","Relic","Relic"],"build_version":"2020-12-22","purchased_purges":0,"victory":false,"max_hp_per_floor":[75,75,75,75,75,75,75,75,75,75,75,75,75,75,75,75,75],"relic_stats":{"counters":[67,301],"PreservedInsect":58,"Art of War":[0],"Chemical X":[1],"obtain_stats":[{"Darkstone Periapt":8,"Lantern":0,"Gremlin Horn":14,"Magic Flower":9,"Bag of Preparation":19,"Ancient Tea Set":0,"Smiling Mask":3,"Sling":0,"Burning Blood":0,"ClockworkSouvenir":4,"Sozu":17,"Dream Catcher":5,"Centennial Puzzle":12,"FaceOfCleric":7,"Mummified Hand":26,"Gambling Chip":12,"Strawberry":23,"Tiny Chest":0,"Philosopher\u0027s Stone":17,"Red Mask":30,"Chemical X":0,"Red Skull":10,"Paper Frog":14,"Potion Belt":19,"Girya":8,"Pear":7,"Oddly Smooth Stone":0,"The Courier":11,"PreservedInsect":9,"Frozen Egg 2":9,"War Paint":8,"Odd Mushroom":13,"Question Card":9,"Mercury Hourglass":2,"SlaversCollar":17,"OrangePellets":0,"Shuriken":10,"Bag of Marbles":0,"Art of War":11,"StrikeDummy":0,"Toy Ornithopter":24,"Pocketwatch":9},{"Darkstone Periapt":47,"Lantern":58,"Gremlin Horn":24,"Magic Flower":47,"Bag of Preparation":51,"Ancient Tea Set":8,"Smiling Mask":10,"Sling":58,"Burning Blood":0,"ClockworkSouvenir":1,"Sozu":50,"Dream Catcher":1,"Centennial Puzzle":35,"FaceOfCleric":11,"Mummified Hand":54,"Gambling Chip":15,"Strawberry":28,"Tiny Chest":17,"Philosopher\u0027s Stone":37,"Red Mask":57,"Chemical X":58,"Red Skull":62,"Paper Frog":66,"Potion Belt":26,"Girya":22,"Pear":2,"Oddly Smooth Stone":29,"The Courier":4,"PreservedInsect":12,"Frozen Egg 2":2,"War Paint":12,"Odd Mushroom":65,"Question Card":33,"Mercury Hourglass":30,"SlaversCollar":25,"OrangePellets":29,"Shuriken":23,"Bag of Marbles":42,"Art of War":63,"StrikeDummy":29,"Toy Ornithopter":53,"Pocketwatch":22},{"Darkstone Periapt":214,"Lantern":263,"Gremlin Horn":114,"Magic Flower":214,"Bag of Preparation":233,"Ancient Tea Set":38,"Smiling Mask":46,"Sling":263,"Burning Blood":0,"ClockworkSouvenir":6,"Sozu":229,"Dream Catcher":6,"Centennial Puzzle":170,"FaceOfCleric":49,"Mummified Hand":246,"Gambling Chip":68,"Strawberry":141,"Tiny Chest":86,"Philosopher\u0027s Stone":180,"Red Mask":257,"Chemical X":263,"Red Skull":279,"Paper Frog":294,"Potion Belt":133,"Girya":108,"Pear":10,"Oddly Smooth Stone":145,"The Courier":18,"PreservedInsect":57,"Frozen Egg 2":10,"War Paint":57,"Odd Mushroom":290,"Question Card":158,"Mercury Hourglass":148,"SlaversCollar":130,"OrangePellets":145,"Shuriken":111,"Bag of Marbles":196,"Art of War":282,"StrikeDummy":145,"Toy Ornithopter":241,"Pocketwatch":108}],"Burning Blood":396},"card_choices":[{"not_picked":["Dual Wield","Havoc"],"picked":"Anger","floor":1},{"not_picked":["Iron Wave","Flex"],"picked":"Wild Strike","floor":2},{"not_picked":["Brutality","Body Slam"],"picked":"Ghostly Armor","floor":4},{"not_picked":["Havoc","Sword Boomerang","Ghostly Armor"],"picked":"SKIP","floor":7},{"not_picked":["Brutality","Iron Wave","Sword Boomerang"],"picked":"SKIP","floor":11},{"not_picked":["Heavy Blade","Iron Wave"],"picked":"Clothesline","floor":12},{"not_picked":["Sword Boomerang","Cleave"],"picked":"Battle Trance","floor":13},{"not_picked":["Clothesline","Warcry","Wild Strike"],"picked":"SKIP","floor":14}],"player_experience":876375,"relics_obtained":[{"floor":9,"key":"PreservedInsect"},{"floor":11,"key":"Art of War"},{"floor":13,"key":"Odd Mushroom"},{"floor":14,"key":"Paper Frog"}],"event_choices":[{"damage_healed":0,"gold_gain":0,"player_choice":"Grow","damage_taken":0,"max_hp_gain":0,"max_hp_loss":0,"event_name":"Living Wall","floor":3,"gold_loss":0,"cards_upgraded":["Bash"]},{"damage_healed":0,"gold_gain":0,"player_choice":"Success","damage_taken":35,"relics_obtained":["Ancient Tea Set"],"max_hp_gain":0,"max_hp_loss":0,"event_name":"Scrap Ooze","floor":5,"gold_loss":0},{"damage_healed":0,"gold_gain":0,"player_choice":"Fought Mushrooms","damage_taken":0,"max_hp_gain":0,"max_hp_loss":0,"event_name":"Mushrooms","floor":13,"gold_loss":0}],"is_beta":false,"boss_relics":[],"items_purged_floors":[],"is_endless":false,"potions_floor_spawned":[2,11,13],"killed_by":"Slime Boss","ascension_level":20}}