{"host":"2q4w55ev63ot6isg","time":1611347573,"event":{"mods":["Aspiration","BaseMod","Downfall","Hubris","Marisa????????","Minty Spire (QoL Compilation)","Replay The Spire","StSLib","The Cursed","The Jungle","The Servant 0.9.4"],"gold_per_floor":[112,125,142,155,11,11,38,38,38,38,59,59,83,123,123,253,253,208,208,123,123,123,123,123,123,123],"floor_reached":25,"language":"ENG","playtime":870,"items_purged":[],"score":285,"play_id":"1da70f86-efc6-4b9a-94e7-b889f39a070b","local_time":"20210122123253","is_ascension_mode":false,"campfire_choices":[{"data":"Zap","floor":6,"key":"SMITH"},{"floor":24,"key":"REST"}],"circlet_count":0,"master_deck":["Strike_B","Strike_B","Strike_B","Strike_B","Defend_B","Defend_B","Defend_B","Defend_B","Zap+1","Dualcast","Cold Snap","hubris:Ukulele","Ball Lightning","Leap","Conserve Battery","White Noise","hubris:DoWhile","ReplayRNGCard","hubris:NaturalOne","Cold Snap","Heatsinks+1","BootSequence"],"relics":["Cracked Core","Replay:Mystery Machine","hubris:DeckOfHolding","hubris:Icosahedron","aspiration:ArtOfWarUpgrade","Golden Idol","Geode","Ectoplasm","ReplayTheSpireMod:Lightbulb","Nunchaku"],"acts_visited":["Exordium","TheCity"],"potions_floor_usage":[16,16,23,23,23],"damage_taken":[{"damage":6,"enemies":"Jaw Worm","floor":1,"turns":3},{"damage":1,"enemies":"Small Slimes","floor":2,"turns":3},{"damage":0,"enemies":"2 Louse","floor":3,"turns":2},{"damage":0,"enemies":"Blue Slaver","floor":4,"turns":3},{"damage":8,"enemies":"3 Sentries","floor":7,"turns":5},{"damage":0,"enemies":"Exordium Wildlife","floor":11,"turns":1},{"damage":3,"enemies":"Exordium Thugs","floor":13,"turns":4},{"damage":9,"enemies":"Replay:BlueRogue","floor":14,"turns":4},{"damage":0,"enemies":"Slime Boss","floor":16,"turns":5},{"damage":18,"enemies":"2 Thieves","floor":18,"turns":3},{"damage":2,"enemies":"Shell Parasite","floor":19,"turns":6},{"damage":9,"enemies":"Cultist and Chosen","floor":21,"turns":6},{"damage":15,"enemies":"Centurion and Healer","floor":22,"turns":9},{"damage":10,"enemies":"Book of Stabbing","floor":23,"turns":4},{"damage":54,"enemies":"Masked Bandits","floor":25,"turns":5}],"seed_played":"-4221621738242849197","potions_obtained":[{"floor":4,"key":"Swift Potion"},{"floor":7,"key":"SneckoOil"},{"floor":13,"key":"PotionOfCapacity"},{"floor":19,"key":"FocusPotion"},{"floor":22,"key":"hexamod:SoulburnPotion"}],"is_trial":false,"path_per_floor":["M","M","M","M","$","R","E","?","T","?","M","R","M","E","R","B",null,"M","M","?","M","M","E","R","?"],"character_chosen":"DEFECT","items_purchased":["Replay:Mystery Machine"],"campfire_rested":1,"item_purchase_floors":[5],"current_hp_per_floor":[76,75,75,75,75,75,67,67,67,67,67,67,64,55,55,55,76,58,56,56,47,32,22,44,0,0],"gold":123,"neow_bonus":"TEN_PERCENT_HP_BONUS","is_daily":false,"chose_seed":false,"campfire_upgraded":1,"win_rate":0.0,"timestamp":1611347573,"path_taken":["M","M","M","M","$","R","E","?","T","?","M","R","M","E","R","BOSS","M","M","?","M","M","E","R","?"],"items_purchased_type":["Relic"],"build_version":"2020-12-22","purchased_purges":0,"victory":false,"max_hp_per_floor":[82,82,82,82,82,82,82,82,82,76,76,76,76,76,76,76,76,76,76,76,76,76,76,76,76,76],"card_choices":[{"not_picked":["Barrage","Static Discharge"],"picked":"Cold Snap","floor":1},{"not_picked":["Skim","Stack"],"picked":"hubris:Ukulele","floor":2},{"not_picked":["hubris:Ukulele","BasicCrystalCard"],"picked":"Ball Lightning","floor":3},{"not_picked":["Stack","Multi-Cast"],"picked":"Leap","floor":4},{"not_picked":["Coolheaded","Redo"],"picked":"Conserve Battery","floor":7},{"not_picked":["Stack","Go for the Eyes"],"picked":"White Noise","floor":11},{"not_picked":["Redo","Fusion","Time Bomb"],"picked":"SKIP","floor":13},{"not_picked":["Beam Cell","Steam"],"picked":"hubris:DoWhile","floor":14},{"not_picked":["Amplify","Biased Cognition"],"picked":"ReplayRNGCard","floor":16},{"not_picked":["Blizzard","Sweeping Beam","Consume"],"picked":"SKIP","floor":18},{"not_picked":["Panic Button","Lockon"],"picked":"Cold Snap","floor":19},{"not_picked":["Cold Snap","Beam Cell","Gash+1"],"picked":"SKIP","floor":21},{"not_picked":["Barrage","Streamline"],"picked":"Heatsinks+1","floor":22},{"not_picked":["Blizzard","Double Energy+1"],"picked":"BootSequence","floor":23}],"player_experience":147231,"relics_obtained":[{"floor":7,"key":"hubris:DeckOfHolding"},{"floor":9,"key":"Art of War"},{"floor":14,"key":"Geode"},{"floor":23,"key":"Nunchaku"}],"event_choices":[{"damage_healed":0,"gold_gain":0,"player_choice":"Lose Max HP","damage_taken":0,"relics_obtained":["Golden Idol"],"max_hp_gain":0,"max_hp_loss":6,"event_name":"Golden Idol","floor":10,"gold_loss":0},{"damage_healed":0,"gold_gain":0,"player_choice":"Obtained Relic","damage_taken":0,"relics_obtained":["ReplayTheSpireMod:Lightbulb"],"max_hp_gain":0,"max_hp_loss":0,"event_name":"Addict","floor":20,"gold_loss":85},{"damage_healed":0,"gold_gain":0,"player_choice":"Fought Bandits","damage_taken":0,"max_hp_gain":0,"max_hp_loss":0,"event_name":"Masked Bandits","floor":25,"gold_loss":0}],"is_beta":false,"boss_relics":[{"not_picked":["aspiration:SecretTechniqueScroll","Philosopher\u0027s Stone"],"picked":"Ectoplasm"}],"items_purged_floors":[],"is_endless":false,"potions_floor_spawned":[4,7,13,19,22],"killed_by":"Masked Bandits","ascension_level":0}}