{"host":"2brg86hfzr3u5cix","time":1611340896,"event":{"mods":["AchievementEnabler","Ascension Unlocker","BaseMod","CapriCore","DeckTracker","Highlight Path","Keyboard Shortcuts","Minty Spire (QoL Compilation)","Permanent Neow","Relic Stats","StSLib","Twitch Utils","Uncapped","UnlockEverythingMod"],"gold_per_floor":[117,128,146,160,85,85,95,95,95,149,74,74,74,74,74,74,74],"floor_reached":16,"language":"KOR","playtime":419,"items_purged":["Strike_R"],"score":180,"play_id":"db8c4cdf-2ea3-49cb-b9bb-7ea0d4d49d90","local_time":"20210123034136","is_ascension_mode":true,"campfire_choices":[{"data":"Armaments","floor":6,"key":"SMITH"},{"floor":8,"key":"RECALL"},{"data":"Limit Break","floor":12,"key":"SMITH"},{"data":"True Grit","floor":15,"key":"SMITH"}],"circlet_count":0,"master_deck":["AscendersBane","Strike_R","Strike_R","Strike_R","Defend_R+1","Defend_R","Defend_R","Defend_R+1","Bash","Limit Break+1","True Grit+1","Twin Strike","Armaments+1","Heavy Blade","Thunderclap"],"relics":["Burning Blood","Pear","War Paint"],"acts_visited":["Exordium"],"potions_floor_usage":[4,7],"damage_taken":[{"damage":29,"enemies":"Cultist","floor":1,"turns":6},{"damage":9,"enemies":"Small Slimes","floor":2,"turns":6},{"damage":1,"enemies":"2 Louse","floor":3,"turns":3},{"damage":7,"enemies":"Looter","floor":4,"turns":4},{"damage":1,"enemies":"2 Fungi Beasts","floor":7,"turns":3},{"damage":50,"enemies":"Slime Boss","floor":16,"turns":10}],"seed_played":"-2027779488637977530","potions_obtained":[{"floor":2,"key":"FearPotion"},{"floor":3,"key":"LiquidMemories"}],"is_trial":false,"path_per_floor":["M","M","M","M","$","R","M","R","T","?","?","R","?","?","R","B"],"character_chosen":"IRONCLAD","items_purchased":[],"campfire_rested":0,"item_purchase_floors":[],"current_hp_per_floor":[45,42,47,46,46,46,51,51,61,61,61,61,61,50,50,0,0],"gold":74,"neow_bonus":"THREE_RARE_CARDS","is_daily":false,"chose_seed":false,"campfire_upgraded":3,"win_rate":0.0,"timestamp":1611340896,"path_taken":["M","M","?","M","$","R","M","R","T","?","?","R","?","?","R","BOSS"],"items_purchased_type":[],"build_version":"2020-12-22","purchased_purges":1,"victory":false,"max_hp_per_floor":[75,75,75,75,75,75,75,75,85,85,85,85,85,85,85,85,85],"relic_stats":{"counters":[6,32],"War Paint":["Defend_R","Defend_R"],"obtain_stats":[{"Pear":9,"War Paint":14,"Burning Blood":0},{"Pear":5,"War Paint":5,"Burning Blood":0},{"Pear":22,"War Paint":22,"Burning Blood":0}],"Burning Blood":30},"card_choices":[{"not_picked":["Demon Form","Reaper"],"picked":"Limit Break","floor":0},{"not_picked":["Evolve","Uppercut"],"picked":"True Grit","floor":1},{"not_picked":["Headbutt","Perfected Strike"],"picked":"Twin Strike","floor":2},{"not_picked":["Iron Wave","True Grit","Cleave"],"picked":"SKIP","floor":3},{"not_picked":["Sword Boomerang","Perfected Strike"],"picked":"Armaments","floor":4},{"not_picked":["Wild Strike","Bloodletting"],"picked":"Heavy Blade","floor":7}],"player_experience":331233,"relics_obtained":[{"floor":9,"key":"Pear"}],"event_choices":[{"damage_healed":0,"gold_gain":54,"player_choice":"Gained Gold","damage_taken":0,"max_hp_gain":0,"max_hp_loss":0,"event_name":"Golden Wing","floor":10,"gold_loss":0},{"cards_removed":["Writhe"],"damage_healed":0,"gold_gain":0,"player_choice":"Card Removal","damage_taken":0,"max_hp_gain":0,"max_hp_loss":0,"event_name":"The Cleric","floor":11,"gold_loss":75},{"damage_healed":0,"gold_gain":0,"cards_transformed":["Strike_R"],"player_choice":"Change","damage_taken":0,"max_hp_gain":0,"max_hp_loss":0,"event_name":"Living Wall","floor":13,"gold_loss":0,"cards_obtained":["Thunderclap"]},{"damage_healed":0,"gold_gain":0,"player_choice":"Success","damage_taken":11,"relics_obtained":["War Paint"],"max_hp_gain":0,"max_hp_loss":0,"event_name":"Scrap Ooze","floor":14,"gold_loss":0}],"is_beta":false,"boss_relics":[],"items_purged_floors":[5],"is_endless":false,"potions_floor_spawned":[2,3],"killed_by":"Slime Boss","ascension_level":20}}