{"host":"trl0voo1ezac24er","time":1611349789,"event":{"mods":["BaseMod","Minty Spire (QoL Compilation)","StSLib","The Marked"],"gold_per_floor":[119,119,119,134,134,167,200,200,200,227,227,255,255,285,285,384,384,402,402,402,413,413,413,413,413,413,413,120,40,72,103,103,204,204,217,217,117,135,135,166,166,196,196,228,228,261,261,279,279,279,279],"floor_reached":50,"language":"ENG","playtime":2886,"items_purged":["theMarked:WastefulDefense","theMarked:SwordAndMagic","theMarked:Improvise+1"],"score":674,"play_id":"998f96f0-7ff2-43fa-847b-288049549df5","local_time":"20210122160949","daily_mods":["SealedDeck","Heirloom","Time Dilation","Flight","Elite Swarm"],"is_ascension_mode":false,"campfire_choices":[{"data":"theMarked:AttractMetal","floor":8.0,"key":"SMITH"},{"data":"theMarked:RogueSparks","floor":11.0,"key":"SMITH"},{"data":"theMarked:Defy","floor":13.0,"key":"SMITH"},{"data":"theMarked:Levitate","floor":15.0,"key":"SMITH"},{"data":"theMarked:EternalStudent","floor":23.0,"key":"SMITH"},{"data":"theMarked:SummonStrength","floor":24.0,"key":"SMITH"},{"data":"theMarked:WastefulDefense","floor":25.0,"key":"SMITH"},{"data":"theMarked:SwordAndMagic","floor":27.0,"key":"SMITH"},{"data":"theMarked:SuspiciousRaven","floor":32.0,"key":"SMITH"},{"data":"theMarked:BindingBlade","floor":41,"key":"SMITH"},{"floor":45,"key":"REST"},{"floor":47,"key":"RECALL"},{"floor":49,"key":"REST"}],"circlet_count":0,"master_deck":["theMarked:Parkour+1","theMarked:RogueSparks+1","theMarked:SwordAndMagic+1","theMarked:AttractMetal+1","theMarked:WastefulDefense+1","theMarked:Levitate+1","theMarked:EternalStudent+1","theMarked:SummonStrength+1","theMarked:Defy+1","theMarked:SuspiciousRaven","theMarked:SoldierForm","theMarked:SuspiciousRaven+1","theMarked:BindingBlade+1","theMarked:Levitate+1"],"relics":["theMarked:ArtifactOfAir","Lizard Tail","theMarked:Gun","theMarked:KettuFlask","Matryoshka","Akabeko","Darkstone Periapt","The Courier","Empty Cage","Enchiridion","MutagenicStrength","Frozen Egg 2","Bird Faced Urn","Ancient Tea Set","Gambling Chip","SlaversCollar","Bottled Lightning","Blue Candle","Toxic Egg 2","Eternal Feather","StrikeDummy","Pear"],"acts_visited":["TheCity","TheBeyond"],"potions_floor_usage":[40,42,50,50,50],"damage_taken":[{"damage":5.0,"enemies":"2 Louse","floor":1.0,"turns":2.0},{"damage":0.0,"enemies":"Jaw Worm","floor":4.0,"turns":4.0},{"damage":7.0,"enemies":"Gremlin Nob","floor":6.0,"turns":3.0},{"damage":12.0,"enemies":"3 Sentries","floor":7.0,"turns":6.0},{"damage":16.0,"enemies":"Lagavulin","floor":10.0,"turns":4.0},{"damage":0.0,"enemies":"Gremlin Nob","floor":12.0,"turns":2.0},{"damage":0.0,"enemies":"Lagavulin","floor":14.0,"turns":1.0},{"damage":14.0,"enemies":"Hexaghost","floor":16.0,"turns":6.0},{"damage":0.0,"enemies":"Spheric Guardian","floor":18.0,"turns":2.0},{"damage":5.0,"enemies":"3 Byrds","floor":21.0,"turns":4.0},{"damage":1.0,"enemies":"Gremlin Leader","floor":30.0,"turns":4.0},{"damage":24.0,"enemies":"Book of Stabbing","floor":31.0,"turns":4.0},{"damage":20.0,"enemies":"Automaton","floor":33.0,"turns":5.0},{"damage":6,"enemies":"3 Shapes","floor":35,"turns":3},{"damage":18,"enemies":"3 Darklings","floor":38,"turns":3},{"damage":68,"enemies":"Nemesis","floor":40,"turns":5},{"damage":2,"enemies":"Reptomancer","floor":42,"turns":3},{"damage":32,"enemies":"Giant Head","floor":44,"turns":6},{"damage":32,"enemies":"Nemesis","floor":46,"turns":3},{"damage":6,"enemies":"Sphere and 2 Shapes","floor":48,"turns":3},{"damage":77,"enemies":"Donu and Deca","floor":50,"turns":6}],"seed_played":"-2953513746698609315","potions_obtained":[{"floor":1.0,"key":"Fire Potion"},{"floor":12.0,"key":"LiquidMemories"},{"floor":16.0,"key":"theMarked:ChargePotion"},{"floor":30.0,"key":"EssenceOfSteel"},{"floor":44,"key":"theMarked:ChargePotion"},{"floor":48,"key":"AttackPotion"}],"is_trial":true,"path_per_floor":["M","?","?","M","?","E","E","R","T","E","R","E","R","E","R","B",null,"M","?","?","M","?","R","R","R","T","R","$","$","E","E","R","B",null,"M","?","$","M","?","E","R","E","T","E","R","E","R","M","R","B"],"character_chosen":"THE_DEFAULT","items_purchased":["Bird Faced Urn"],"campfire_rested":2,"item_purchase_floors":[28],"current_hp_per_floor":[65,65,65,65,51,44,32,32,32,16,16,16,16,16,16,2,70,70,54,54,49,49,49,49,49,49,49,49,49,54,34,34,20,70,66,66,66,52,52,35,35,39,39,15,42,24,30,28,58,0,0],"gold":279,"neow_bonus":"","is_daily":false,"chose_seed":false,"campfire_upgraded":10,"win_rate":0.0,"timestamp":1611349789,"path_taken":["M","?","?","?","?","E","E","R","T","E","R","E","R","E","R","BOSS","M","?","?","?","?","R","R","R","T","R","$","$","E","E","R","BOSS","BOSS","M","?","$","?","?","E","R","E","T","E","R","E","R","?","R","BOSS"],"items_purchased_type":["Relic"],"build_version":"2020-12-22","purchased_purges":3,"victory":false,"max_hp_per_floor":[70,70,70,70,70,70,70,70,70,70,70,70,70,70,70,70,70,70,70,70,70,70,70,70,70,70,70,70,70,70,70,70,70,70,70,70,70,70,70,70,70,70,70,70,70,80,80,80,80,80,80],"card_choices":[{"not_picked":["theMarked:Seal","theMarked:CreepingChasm"],"picked":"theMarked:AttractMetal","floor":1.0},{"not_picked":["theMarked:Parkour","theMarked:BanishingWave","theMarked:GodGivenPower"],"picked":"SKIP","floor":4.0},{"not_picked":["theMarked:SuspiciousRaven","theMarked:Challenge"],"picked":"theMarked:Levitate","floor":6.0},{"not_picked":["theMarked:ThrowWeapon","theMarked:SoldierForm"],"picked":"theMarked:EternalStudent","floor":7.0},{"not_picked":["theMarked:UnarmedFury","theMarked:Vacuum"],"picked":"theMarked:SummonStrength","floor":10.0},{"not_picked":["theMarked:TurnInvisible","theMarked:ThrowWeapon"],"picked":"theMarked:Defy","floor":12.0},{"not_picked":["theMarked:Vacuum","theMarked:MagicAdept"],"picked":"theMarked:SuspiciousRaven","floor":14.0},{"not_picked":["theMarked:TakeOffHeels","theMarked:FavorableWinds"],"picked":"theMarked:SoldierForm","floor":16.0},{"not_picked":["theMarked:BanishingStrike","theMarked:Parkour+1","theMarked:ResourceFulStrike"],"picked":"SKIP","floor":18.0},{"not_picked":["theMarked:ElementalBlade","theMarked:ChainLightning","theMarked:RepellingDischarge"],"picked":"SKIP","floor":21.0},{"not_picked":["theMarked:Vacuum","theMarked:ChannelForce"],"picked":"theMarked:SuspiciousRaven","floor":30.0},{"not_picked":["theMarked:FavorableWinds","theMarked:MagicAdept+1","theMarked:ChannelForce"],"picked":"SKIP","floor":31.0},{"not_picked":["theMarked:EternalStudent","theMarked:TakeOffHeels"],"picked":"theMarked:BindingBlade","floor":33},{"not_picked":["theMarked:PowerFlow","theMarked:SwordAndMagic","theMarked:BanishingStrike+1"],"picked":"SKIP","floor":35},{"not_picked":["theMarked:HeightenedSenses+1","theMarked:EmpowerWeapon","theMarked:Convert"],"picked":"SKIP","floor":38},{"not_picked":["theMarked:SoldierForm+1","theMarked:EternalStudent","theMarked:Challenge"],"picked":"SKIP","floor":40},{"not_picked":["theMarked:SuspiciousRaven","theMarked:Challenge","theMarked:UnarmedFury"],"picked":"SKIP","floor":42},{"not_picked":["theMarked:Snap","theMarked:TurnInvisible+1","theMarked:SummonStrength+1"],"picked":"SKIP","floor":44},{"not_picked":["theMarked:FavorableWinds+1","theMarked:ThrowWeapon","theMarked:SummonStrength+1"],"picked":"SKIP","floor":46},{"not_picked":["theMarked:WastefulDefense+1","theMarked:Static+1","theMarked:Parkour+1"],"picked":"SKIP","floor":48}],"player_experience":699761,"relics_obtained":[{"floor":6.0,"key":"theMarked:Gun"},{"floor":7.0,"key":"theMarked:KettuFlask"},{"floor":9.0,"key":"Matryoshka"},{"floor":10.0,"key":"Akabeko"},{"floor":12.0,"key":"Darkstone Periapt"},{"floor":14.0,"key":"The Courier"},{"floor":19.0,"key":"Enchiridion"},{"floor":26.0,"key":"Frozen Egg 2"},{"floor":30.0,"key":"Ancient Tea Set"},{"floor":31.0,"key":"Gambling Chip"},{"floor":40,"key":"Bottled Lightning"},{"floor":42,"key":"Blue Candle"},{"floor":43,"key":"Toxic Egg 2"},{"floor":43,"key":"Eternal Feather"},{"floor":44,"key":"StrikeDummy"},{"floor":46,"key":"Pear"}],"event_choices":[{"damage_healed":0.0,"max_hp_gain":0.0,"max_hp_loss":0.0,"gold_gain":0.0,"event_name":"Liars Game","player_choice":"Ignored","floor":2.0,"gold_loss":0.0,"damage_taken":0.0},{"damage_healed":0.0,"max_hp_gain":0.0,"max_hp_loss":0.0,"gold_gain":0.0,"cards_transformed":["theMarked:LightningStrikesTwice"],"event_name":"Transmorgrifier","player_choice":"Transformed","floor":3.0,"gold_loss":0.0,"damage_taken":0.0,"cards_obtained":["theMarked:WastefulDefense"]},{"damage_healed":0.0,"max_hp_gain":0.0,"max_hp_loss":0.0,"gold_gain":0.0,"event_name":"Shining Light","player_choice":"Entered Light","floor":5.0,"gold_loss":0.0,"damage_taken":14.0,"cards_upgraded":["theMarked:Improvise","theMarked:Parkour"]},{"damage_healed":0.0,"max_hp_gain":0.0,"max_hp_loss":0.0,"gold_gain":0.0,"event_name":"Cursed Tome","player_choice":"Obtained Book","floor":19.0,"gold_loss":0.0,"damage_taken":16.0},{"damage_healed":0.0,"max_hp_gain":0.0,"max_hp_loss":0.0,"gold_gain":0.0,"event_name":"Drug Dealer","player_choice":"Inject Mutagens","floor":20.0,"gold_loss":0.0,"damage_taken":0.0,"relics_obtained":["MutagenicStrength"]},{"cards_removed":["theMarked:HeightenedSenses"],"damage_healed":0.0,"max_hp_gain":0.0,"max_hp_loss":0.0,"gold_gain":0.0,"event_name":"Back to Basics","player_choice":"Elegance","floor":22.0,"gold_loss":0.0,"damage_taken":0.0},{"damage_healed":0,"gold_gain":0,"player_choice":"Ignored","damage_taken":0,"max_hp_gain":0,"max_hp_loss":0,"event_name":"Transmorgrifier","floor":36,"gold_loss":0},{"damage_healed":0,"gold_gain":0,"player_choice":"Copied","damage_taken":0,"max_hp_gain":0,"max_hp_loss":0,"event_name":"Duplicator","floor":39,"gold_loss":0,"cards_obtained":["theMarked:Levitate"]}],"is_beta":false,"boss_relics":[{"not_picked":["Philosopher\u0027s Stone","Fusion Hammer"],"picked":"Empty Cage"},{"not_picked":["SacredBark","theMarked:BronzeBlade"],"picked":"SlaversCollar"}],"items_purged_floors":[28,29,37],"is_endless":false,"potions_floor_spawned":[1,12,16,30,31,33,35,44,48],"killed_by":"Donu and Deca","ascension_level":0}}