{"host":"foq4mrde4mssg7vt","time":1611339226,"event":{"mods":["AchievementEnabler","BaseMod","Colored Map","Colored Powertips","Highlight Path","Minty Spire (QoL Compilation)","Relic Stats","everything is the same but u backflip on backflip"],"gold_per_floor":[110,121,133,183,199,199,232,232,232,232,250,285,300,148,148,220,220,235,250,250,11,11,11,11,11],"floor_reached":24,"language":"ENG","playtime":1020,"items_purged":["Strike_B"],"score":412,"play_id":"e0e59bfb-6550-4a51-bec2-3dabdbf3b767","local_time":"20210123021346","is_ascension_mode":true,"campfire_choices":[{"floor":6.0,"key":"REST"},{"data":"Barrage","floor":8.0,"key":"SMITH"},{"data":"Coolheaded","floor":10.0,"key":"SMITH"},{"data":"Defragment","floor":15.0,"key":"SMITH"},{"data":"Multi-Cast","floor":23.0,"key":"SMITH"}],"circlet_count":0,"master_deck":["AscendersBane","Strike_B","Strike_B","Strike_B","Defend_B","Defend_B","Defend_B","Defend_B","Zap","Dualcast","Cold Snap","Ball Lightning","Coolheaded+1","Barrage+1","Chill","Streamline","Multi-Cast+1","Defragment+1","Machine Learning","Self Repair","Core Surge","Stack"],"relics":["Cracked Core","Pantograph","Pocketwatch","StoneCalendar","Velvet Choker","The Courier","MealTicket","Meat on the Bone"],"acts_visited":["Exordium","TheCity"],"potions_floor_usage":[24],"damage_taken":[{"damage":1.0,"enemies":"Small Slimes","floor":1.0,"turns":3.0},{"damage":1.0,"enemies":"Cultist","floor":2.0,"turns":4.0},{"damage":7.0,"enemies":"Jaw Worm","floor":3.0,"turns":3.0},{"damage":30.0,"enemies":"Exordium Thugs","floor":5.0,"turns":4.0},{"damage":20.0,"enemies":"3 Sentries","floor":7.0,"turns":8.0},{"damage":4.0,"enemies":"Blue Slaver","floor":11.0,"turns":3.0},{"damage":19.0,"enemies":"Lagavulin","floor":12.0,"turns":6.0},{"damage":7.0,"enemies":"Looter","floor":13.0,"turns":3.0},{"damage":18.0,"enemies":"The Guardian","floor":16.0,"turns":10.0},{"damage":17.0,"enemies":"Shell Parasite","floor":18.0,"turns":4.0},{"damage":14.0,"enemies":"3 Byrds","floor":19.0,"turns":6.0},{"damage":36,"enemies":"Book of Stabbing","floor":24,"turns":5}],"seed_played":"-7505321320074583765","potions_obtained":[{"floor":3.0,"key":"Swift Potion"},{"floor":7.0,"key":"Regen Potion"},{"floor":11.0,"key":"Explosive Potion"},{"floor":16.0,"key":"Explosive Potion"},{"floor":19.0,"key":"Block Potion"}],"is_trial":false,"path_per_floor":["M","M","M","?","M","R","E","R","T","R","M","E","M","$","R","B",null,"M","M","?","$","T","R","E"],"character_chosen":"DEFECT","items_purchased":["Defragment","MealTicket","Core Surge","Stack"],"campfire_rested":1,"item_purchase_floors":[14,21,21,21],"current_hp_per_floor":[63,62,55,55,25,46,26,26,26,26,22,18,11,11,11,18,58,41,34,34,34,34,34,0,0],"gold":11,"neow_bonus":"THREE_CARDS","is_daily":false,"chose_seed":false,"campfire_upgraded":4,"win_rate":0.0,"timestamp":1611339226,"path_taken":["M","M","M","?","M","R","E","R","T","R","?","E","M","?","R","BOSS","M","M","?","$","?","R","E"],"items_purchased_type":["Card","Relic","Card","Card"],"build_version":"2020-12-22","purchased_purges":1,"victory":false,"max_hp_per_floor":[71,71,71,71,71,71,71,71,71,71,71,71,71,71,71,71,71,71,71,71,71,71,71,71,71],"relic_stats":{"counters":[12,59],"Pantograph":25,"StoneCalendar":[32],"MealTicket":0,"obtain_stats":[{"Pantograph":7,"Velvet Choker":17,"StoneCalendar":12,"MealTicket":21,"The Courier":20,"Cracked Core":0,"Pocketwatch":9,"Meat on the Bone":22},{"Pantograph":5,"Velvet Choker":9,"StoneCalendar":7,"MealTicket":11,"The Courier":11,"Cracked Core":0,"Pocketwatch":5,"Meat on the Bone":11},{"Pantograph":22,"Velvet Choker":44,"StoneCalendar":31,"MealTicket":54,"The Courier":54,"Cracked Core":0,"Pocketwatch":22,"Meat on the Bone":54}],"Pocketwatch":[78],"Meat on the Bone":0},"card_choices":[{"not_picked":["Chaos","Conserve Battery"],"picked":"Cold Snap","floor":0.0},{"not_picked":["Gash","BootSequence"],"picked":"Ball Lightning","floor":1.0},{"not_picked":["Conserve Battery","Beam Cell"],"picked":"Compile Driver","floor":2.0},{"not_picked":["Cold Snap","White Noise"],"picked":"Coolheaded","floor":3.0},{"not_picked":["Darkness","Cold Snap"],"picked":"Barrage","floor":5.0},{"not_picked":["Creative AI","Cold Snap"],"picked":"Chill","floor":7.0},{"not_picked":["Rebound","Go for the Eyes"],"picked":"Streamline","floor":11.0},{"not_picked":["Fusion","Blizzard","Steam"],"picked":"SKIP","floor":12.0},{"not_picked":["Cold Snap","Chill"],"picked":"Multi-Cast","floor":13.0},{"not_picked":["Reboot","Creative AI"],"picked":"Machine Learning","floor":16.0},{"not_picked":["Steam","Stack"],"picked":"Self Repair","floor":18.0},{"not_picked":["Ball Lightning+1","Go for the Eyes","Aggregate"],"picked":"SKIP","floor":19.0}],"player_experience":557537,"relics_obtained":[{"floor":7.0,"key":"Pantograph"},{"floor":9.0,"key":"Pocketwatch"},{"floor":12.0,"key":"StoneCalendar"},{"floor":22.0,"key":"Meat on the Bone"}],"event_choices":[{"damage_healed":0.0,"max_hp_gain":0.0,"max_hp_loss":0.0,"gold_gain":50.0,"event_name":"Golden Shrine","player_choice":"Pray","floor":4.0,"gold_loss":0.0,"damage_taken":0.0},{"cards_removed":["Compile Driver"],"damage_healed":0.0,"max_hp_gain":0.0,"max_hp_loss":0.0,"gold_gain":0.0,"event_name":"WeMeetAgain","player_choice":"Gave Card","floor":20.0,"gold_loss":0.0,"damage_taken":0.0,"relics_obtained":["The Courier"]}],"is_beta":false,"boss_relics":[{"not_picked":["Empty Cage","SlaversCollar"],"picked":"Velvet Choker"}],"items_purged_floors":[14],"is_endless":false,"potions_floor_spawned":[3,7,11,16,19],"killed_by":"Book of Stabbing","ascension_level":20}}