{"host":"r6jigiblrojhp6xe","time":1611275430,"event":{"mods":["AchievementEnabler","BaseMod","DeckTracker","Hermit","Minty Spire (QoL Compilation)","Quick Restart","Rare Cards Sparkle","Relic Stats","StSLib","SuperFastMode","everything is the same but u backflip on backflip"],"gold_per_floor":[119,119,44,44,44,83,83,122,122,143,181,206,246,261,261,357,357,381,414,46,66,82,82,95,95,95,95,95],"floor_reached":27,"language":"KOR","playtime":674,"items_purged":[],"score":632,"play_id":"ab1b53f2-2b78-47a9-82f0-0dd8d08043fd","local_time":"20210122093030","is_ascension_mode":true,"campfire_choices":[{"data":"Streamline","floor":7,"key":"SMITH"},{"data":"Defragment","floor":15,"key":"SMITH"},{"data":"Defragment","floor":23,"key":"SMITH"},{"floor":25,"key":"REST"}],"circlet_count":0,"master_deck":["AscendersBane","Strike_B","Strike_B","Strike_B","Defend_B","Defend_B","Defend_B","Defend_B+1","Zap+1","Dualcast","Aggregate","Streamline+1","Sweeping Beam","BootSequence","Cold Snap","Defragment+1","Compile Driver","Defragment+1","Electrodynamics","Rebound","Conserve Battery","Hologram","Stack","Blizzard"],"relics":["Cracked Core","NeowsBlessing","Golden Idol","Smiling Mask","Pocketwatch","PreservedInsect","Mummified Hand","Ginger","Nuclear Battery","Red Mask","TungstenRod","War Paint"],"acts_visited":["Exordium","TheCity"],"potions_floor_usage":[11,16,22,27],"damage_taken":[{"damage":0.0,"enemies":"2 Louse","floor":1.0,"turns":1.0},{"damage":0,"enemies":"Lagavulin","floor":6,"turns":1},{"damage":0,"enemies":"3 Sentries","floor":8,"turns":1},{"damage":0,"enemies":"Small Slimes","floor":10,"turns":3},{"damage":20,"enemies":"Lagavulin","floor":11,"turns":4},{"damage":2,"enemies":"Jaw Worm","floor":12,"turns":3},{"damage":0,"enemies":"3 Sentries","floor":13,"turns":3},{"damage":11,"enemies":"Exordium Thugs","floor":14,"turns":5},{"damage":7,"enemies":"Slime Boss","floor":16,"turns":8},{"damage":0,"enemies":"Spheric Guardian","floor":18,"turns":3},{"damage":14,"enemies":"Masked Bandits","floor":19,"turns":3},{"damage":0,"enemies":"3 Byrds","floor":21,"turns":2},{"damage":23,"enemies":"Snecko","floor":22,"turns":4},{"damage":13,"enemies":"Chosen and Byrds","floor":24,"turns":5},{"damage":23,"enemies":"Book of Stabbing","floor":27,"turns":3}],"seed_played":"-7002122696321224266","potions_obtained":[{"floor":1.0,"key":"DuplicationPotion"},{"floor":10,"key":"PotionOfCapacity"},{"floor":12,"key":"Fire Potion"},{"floor":21,"key":"AttackPotion"},{"floor":24,"key":"Fire Potion"}],"is_trial":false,"path_per_floor":["M","?","?","?","$","E","R","E","T","M","E","M","E","M","R","B",null,"M","?","$","M","M","R","M","R","T","E"],"character_chosen":"DEFECT","items_purchased":["TungstenRod","Conserve Battery"],"campfire_rested":1,"item_purchase_floors":[20,20],"current_hp_per_floor":[64,64,64,64,64,64,64,64,64,64,44,42,42,31,31,24,54,54,40,40,40,17,17,4,23,23,0,0],"gold":95,"neow_bonus":"THREE_ENEMY_KILL","is_daily":false,"chose_seed":false,"campfire_upgraded":3,"win_rate":0.0,"timestamp":1611275430,"path_taken":["M","?","?","?","?","E","R","E","T","?","E","M","E","M","R","BOSS","M","?","$","M","M","R","M","R","T","E"],"items_purchased_type":["Relic","Card"],"build_version":"2020-12-22","purchased_purges":0,"victory":false,"max_hp_per_floor":[71,71,71,64,64,64,64,64,64,64,64,64,64,64,64,64,64,64,64,64,64,64,64,64,64,64,64,64],"relic_stats":{"counters":[15,49],"Golden Idol":85,"Mummified Hand":[23],"PreservedInsect":105,"Ginger":[10],"War Paint":["Defend_B","Zap"],"Smiling Mask":0,"obtain_stats":[{"NeowsBlessing":0,"Golden Idol":4,"Mummified Hand":11,"PreservedInsect":9,"Red Mask":19,"Ginger":13,"War Paint":26,"Cracked Core":0,"Smiling Mask":6,"TungstenRod":20,"Pocketwatch":8,"Nuclear Battery":17},{"NeowsBlessing":0,"Golden Idol":1,"Mummified Hand":5,"PreservedInsect":3,"Red Mask":11,"Ginger":7,"War Paint":14,"Cracked Core":0,"Smiling Mask":2,"TungstenRod":11,"Pocketwatch":3,"Nuclear Battery":9},{"NeowsBlessing":0,"Golden Idol":1,"Mummified Hand":10,"PreservedInsect":3,"Red Mask":35,"Ginger":16,"War Paint":46,"Cracked Core":0,"Smiling Mask":2,"TungstenRod":35,"Pocketwatch":3,"Nuclear Battery":29}],"TungstenRod":8,"Pocketwatch":[54]},"card_choices":[{"not_picked":["Blizzard","Turbo"],"picked":"Aggregate","floor":1.0},{"not_picked":["Reprogram","Darkness"],"picked":"Streamline","floor":6},{"not_picked":["Beam Cell","Reprogram"],"picked":"Sweeping Beam","floor":8},{"not_picked":["Stack","Static Discharge"],"picked":"BootSequence","floor":10},{"not_picked":["Sunder","Stack"],"picked":"Cold Snap","floor":11},{"not_picked":["Coolheaded","Go for the Eyes"],"picked":"Defragment","floor":12},{"not_picked":["Reboot","Loop"],"picked":"Compile Driver","floor":13},{"not_picked":["Doom and Gloom","Darkness"],"picked":"Defragment","floor":14},{"not_picked":["Creative AI","Fission"],"picked":"Electrodynamics","floor":16},{"not_picked":["Sweeping Beam","Beam Cell"],"picked":"Rebound","floor":18},{"not_picked":["Heatsinks","Cold Snap"],"picked":"Hologram","floor":21},{"not_picked":["FTL","Go for the Eyes"],"picked":"Stack","floor":22},{"not_picked":["Loop","BootSequence"],"picked":"Blizzard","floor":24}],"player_experience":582178,"relics_obtained":[{"floor":6,"key":"Smiling Mask"},{"floor":8,"key":"Pocketwatch"},{"floor":9,"key":"PreservedInsect"},{"floor":11,"key":"Mummified Hand"},{"floor":13,"key":"Ginger"},{"floor":19,"key":"Red Mask"},{"floor":26,"key":"War Paint"}],"event_choices":[{"damage_healed":0,"gold_gain":0,"player_choice":"Ignored","damage_taken":0,"max_hp_gain":0,"max_hp_loss":0,"event_name":"Shining Light","floor":2,"gold_loss":0},{"cards_removed":["Strike_B"],"damage_healed":0,"gold_gain":0,"player_choice":"Card Removal","damage_taken":0,"max_hp_gain":0,"max_hp_loss":0,"event_name":"The Cleric","floor":3,"gold_loss":75},{"damage_healed":0,"gold_gain":0,"player_choice":"Lose Max HP","damage_taken":0,"relics_obtained":["Golden Idol"],"max_hp_gain":0,"max_hp_loss":7,"event_name":"Golden Idol","floor":4,"gold_loss":0},{"damage_healed":0,"gold_gain":0,"player_choice":"Fought Bandits","damage_taken":0,"max_hp_gain":0,"max_hp_loss":0,"event_name":"Masked Bandits","floor":19,"gold_loss":0}],"is_beta":false,"boss_relics":[{"not_picked":["Astrolabe","SacredBark"],"picked":"Nuclear Battery"}],"items_purged_floors":[],"is_endless":false,"potions_floor_spawned":[1,10,12,14,21,24],"killed_by":"Book of Stabbing","ascension_level":20}}