{"host":"sc0o2qwpf9j16a4i","time":1611344366,"event":{"mods":["AchievementEnabler","BaseMod","BetterRewards","Block Reminder","Colored Map","Colored Powertips","Custom Start","Highlight Path","Minty Spire (QoL Compilation)","Relic Stats"],"gold_per_floor":[112,124,199,199,199,199,199,199],"floor_reached":7,"language":"ENG","playtime":136,"items_purged":[],"score":78,"play_id":"32836c18-b24f-4ad5-98af-b980e6eb988c","local_time":"20210122213926","is_ascension_mode":true,"campfire_choices":[{"floor":6,"key":"REST"}],"circlet_count":0,"master_deck":["AscendersBane","Strike_R","Strike_R","Strike_R","Strike_R","Defend_R","Defend_R","Defend_R","Defend_R","Bash","Feel No Pain","Combust","Thunderclap"],"relics":["Burning Blood","Red Skull","Bag of Marbles","OrangePellets","Golden Idol"],"acts_visited":["Exordium"],"potions_floor_usage":[7,7],"damage_taken":[{"damage":7,"enemies":"Jaw Worm","floor":1,"turns":4},{"damage":2,"enemies":"Small Slimes","floor":2,"turns":2},{"damage":52,"enemies":"Lagavulin","floor":7,"turns":8}],"seed_played":"-6083670589113457835","potions_obtained":[{"floor":1,"key":"FearPotion"},{"floor":2,"key":"EssenceOfSteel"}],"is_trial":false,"path_per_floor":["M","M","?","?","?","R","E"],"character_chosen":"IRONCLAD","items_purchased":["Red Skull","Bag of Marbles","OrangePellets","Feel No Pain"],"campfire_rested":1,"item_purchase_floors":[0,0,0,0],"current_hp_per_floor":[46,50,39,39,32,52,0,0],"gold":199,"neow_bonus":"","is_daily":false,"chose_seed":false,"campfire_upgraded":0,"win_rate":0.0,"timestamp":1611344366,"path_taken":["M","M","?","?","?","R","E"],"items_purchased_type":["Relic","Relic","Relic","Card"],"build_version":"2020-12-22","purchased_purges":0,"victory":false,"max_hp_per_floor":[75,75,75,68,68,68,68,68],"relic_stats":{"OrangePellets":[0],"counters":[19,111],"Golden Idol":252,"obtain_stats":[{"Gremlin Horn":26,"Golden Idol":4,"Vajra":7,"Oddly Smooth Stone":24,"MawBank":12,"Burning Blood":0,"ClockworkSouvenir":5,"WarpedTongs":21,"OrangePellets":0,"Dream Catcher":29,"Bronze Scales":9,"Strawberry":30,"Bag of Marbles":0,"Membership Card":28,"Red Skull":0,"Runic Pyramid":17},{"Gremlin Horn":14,"Golden Idol":18,"Vajra":3,"Oddly Smooth Stone":13,"MawBank":7,"Burning Blood":0,"ClockworkSouvenir":2,"WarpedTongs":11,"OrangePellets":16,"Dream Catcher":15,"Bronze Scales":4,"Strawberry":15,"Bag of Marbles":16,"Membership Card":14,"Red Skull":16,"Runic Pyramid":9},{"Gremlin Horn":72,"Golden Idol":103,"Vajra":10,"Oddly Smooth Stone":64,"MawBank":28,"Burning Blood":0,"ClockworkSouvenir":6,"WarpedTongs":53,"OrangePellets":97,"Dream Catcher":78,"Bronze Scales":13,"Strawberry":78,"Bag of Marbles":97,"Membership Card":72,"Red Skull":97,"Runic Pyramid":44}],"Burning Blood":102},"card_choices":[{"not_picked":["Intimidate","Headbutt"],"picked":"Combust","floor":1},{"not_picked":["Armaments","Heavy Blade"],"picked":"Thunderclap","floor":2}],"player_experience":904193,"relics_obtained":[],"event_choices":[{"damage_healed":0,"gold_gain":75,"player_choice":"Gather Gold","damage_taken":11,"max_hp_gain":0,"max_hp_loss":0,"event_name":"World of Goop","floor":3,"gold_loss":0},{"damage_healed":0,"gold_gain":0,"player_choice":"Lose Max HP","damage_taken":0,"relics_obtained":["Golden Idol"],"max_hp_gain":0,"max_hp_loss":7,"event_name":"Golden Idol","floor":4,"gold_loss":0},{"cards_removed":["Strike_R"],"damage_healed":0,"gold_gain":0,"player_choice":"Card Removal","damage_taken":7,"max_hp_gain":0,"max_hp_loss":0,"event_name":"Golden Wing","floor":5,"gold_loss":0}],"is_beta":false,"boss_relics":[],"items_purged_floors":[],"is_endless":false,"potions_floor_spawned":[1,2],"killed_by":"Lagavulin","ascension_level":20}}