{"host":"och2iitg9ibgz06n","time":1611294536,"event":{"mods":["Abigail Mod","AchievementEnabler","Aspiration","BaseMod","Colored Powertips","Dio Mod","Hubris","Hyrulean Relics","Infinite Spire","Minty Spire (QoL Compilation)","Replay The Spire","Small Relic Pack","StSLib","The Animator","The Bug Knight","The Hierophant","The Jungle","The Saiyan","TheHero","Wandering Minibosses","everything is the same but u backflip on backflip","slay the spire mod where everything is the same but ironclad has a cowboy hat","vexMod"],"gold_per_floor":[112,126,126,145,158,169,194,194,194,213,213,213,213,213,213,313,363,376,386,386,397,397,397,397,430,453,453,464,464,490,490,490],"floor_reached":31,"language":"ENG","playtime":1206,"items_purged":[],"score":316,"play_id":"a99702f2-1cc7-4e8a-9146-c7472e69a205","local_time":"20210121234856","is_ascension_mode":true,"campfire_choices":[{"floor":8,"key":"REST"},{"floor":12,"key":"REST"},{"data":"Burst","floor":15,"key":"SMITH"},{"floor":23,"key":"REST"},{"floor":27,"key":"REST"},{"floor":29,"key":"REST"}],"circlet_count":0,"master_deck":["Strike_G+1","Strike_G+1","Strike_G+1","Strike_G+1","Strike_G+1","Defend_G","Defend_G","Defend_G","Defend_G","Defend_G","Survivor","Neutralize+1","vexMod:UltimateCard","A Thousand Cuts","Deadly Poison","Bouncing Flask","Deadly Poison+1","Deadly Poison","Burst+1","Cloak And Dagger","PiercingWail","Neutralize","Jack Of All Trades","Burst","Flying Knee","Distraction","Reflex","Terror","Neutralize","infinitespire:Neurotoxin","Blade Dance","Heel Hook"],"relics":["Ring of the Snake","Nunchaku","Tiny House","hubris:AncientText","Replay:Wax Seal"],"acts_visited":["Exordium","TheCity"],"potions_floor_usage":[21,25,30,31],"damage_taken":[{"damage":7,"enemies":"Small Slimes","floor":1,"turns":5},{"damage":0,"enemies":"Cultist","floor":2,"turns":4},{"damage":4,"enemies":"2 Louse","floor":4,"turns":3},{"damage":0,"enemies":"Large Slime","floor":5,"turns":5},{"damage":15,"enemies":"Red Slaver","floor":6,"turns":3},{"damage":39,"enemies":"Gremlin Nob","floor":7,"turns":4},{"damage":5,"enemies":"Looter","floor":10,"turns":3},{"damage":13,"enemies":"Hexaghost","floor":16,"turns":8},{"damage":31,"enemies":"Chosen","floor":18,"turns":5},{"damage":0,"enemies":"Spheric Guardian","floor":19,"turns":3},{"damage":16,"enemies":"Snake Plant","floor":21,"turns":5},{"damage":46,"enemies":"Gremlin Leader","floor":25,"turns":9},{"damage":16,"enemies":"Snecko","floor":28,"turns":6},{"damage":20,"enemies":"Book of Stabbing","floor":30,"turns":5},{"damage":33,"enemies":"Shelled Parasite and Fungi","floor":31,"turns":4}],"seed_played":"8818168066081855561","potions_obtained":[{"floor":3,"key":"Explosive Potion"},{"floor":3,"key":"CultistPotion"},{"floor":3,"key":"Fire Potion"},{"floor":4,"key":"AttackPotion"},{"floor":6,"key":"GhostInAJar"},{"floor":25,"key":"GhostInAJar"},{"floor":30,"key":"SkillPotion"}],"is_trial":false,"path_per_floor":["M","M","?","M","M","M","E","R","T","M","?","R","?","?","R","B",null,"M","M","?","M","?","R","?","E","T","R","M","R","E","M"],"character_chosen":"THE_SILENT","items_purchased":[],"campfire_rested":5,"item_purchase_floors":[],"current_hp_per_floor":[63,63,63,59,59,44,5,26,26,21,26,48,48,48,48,35,80,49,49,49,33,36,60,60,14,14,38,22,46,26,0,0],"gold":490,"neow_bonus":"THREE_RARE_CARDS","is_daily":false,"chose_seed":false,"campfire_upgraded":1,"win_rate":0.0,"timestamp":1611294536,"path_taken":["M","M","?","M","M","M","E","R","T","M","?","R","?","?","R","BOSS","M","M","?","M","?","R","?","E","T","R","?","R","E","M"],"items_purchased_type":[],"build_version":"2020-12-22","purchased_purges":0,"victory":false,"max_hp_per_floor":[70,70,70,70,70,70,70,70,70,70,75,75,75,75,75,75,80,80,80,80,80,83,83,83,83,83,83,83,83,83,83,83],"card_choices":[{"not_picked":["Storm of Steel","aspiration:Lunge"],"picked":"A Thousand Cuts","floor":0},{"not_picked":["Dagger Throw","Deflect"],"picked":"Deadly Poison","floor":1},{"not_picked":["All Out Attack","Heel Hook"],"picked":"Bouncing Flask","floor":2},{"not_picked":["Footwork","Dagger Throw"],"picked":"Deadly Poison","floor":4},{"not_picked":["Tactician","Heel Hook"],"picked":"Deadly Poison","floor":5},{"not_picked":["Dodge and Roll","Blade Dance"],"picked":"Burst","floor":6},{"not_picked":["Dagger Spray","Blur"],"picked":"Cloak And Dagger","floor":7},{"not_picked":["Underhanded Strike","Slice"],"picked":"PiercingWail","floor":10},{"not_picked":["Venomology","Tools of the Trade"],"picked":"Burst","floor":16},{"not_picked":["All Out Attack","Acrobatics"],"picked":"Flying Knee","floor":17},{"not_picked":["Prepared","Deadly Poison"],"picked":"Distraction","floor":18},{"not_picked":["Dagger Spray+1","Dash"],"picked":"Reflex","floor":19},{"not_picked":["hubris:Counter","Dodge and Roll+1"],"picked":"Terror","floor":21},{"not_picked":["hubris:SlightOfHand","Acrobatics+1"],"picked":"infinitespire:Neurotoxin","floor":25},{"not_picked":["Setup","ReplayTheSpireMod:Scrap Shanks"],"picked":"Blade Dance","floor":28},{"not_picked":["Acrobatics","Quick Slash"],"picked":"Heel Hook","floor":30}],"player_experience":455864,"relics_obtained":[{"floor":7,"key":"Juzu Bracelet"},{"floor":9,"key":"Nunchaku"},{"floor":25,"key":"hubris:AncientText"},{"floor":30,"key":"Replay:Wax Seal"}],"event_choices":[{"damage_healed":0,"gold_gain":0,"player_choice":"Got Potions","damage_taken":0,"max_hp_gain":0,"max_hp_loss":0,"event_name":"Lab","floor":3,"gold_loss":0},{"damage_healed":0,"gold_gain":0,"player_choice":"Donut","damage_taken":0,"max_hp_gain":5,"max_hp_loss":0,"event_name":"Big Fish","floor":11,"gold_loss":0},{"damage_healed":0,"gold_gain":0,"player_choice":"2 cards matched","damage_taken":0,"max_hp_gain":0,"max_hp_loss":0,"event_name":"Match and Keep!","floor":14,"gold_loss":0,"cards_obtained":["Neutralize","Jack Of All Trades"]},{"damage_healed":0,"gold_gain":0,"player_choice":"Ignored","damage_taken":0,"max_hp_gain":0,"max_hp_loss":0,"event_name":"Ghosts","floor":20,"gold_loss":0},{"damage_healed":0,"gold_gain":0,"player_choice":"1 cards matched","damage_taken":0,"max_hp_gain":0,"max_hp_loss":0,"event_name":"Match and Keep!","floor":24,"gold_loss":0,"cards_obtained":["Neutralize"]}],"is_beta":false,"boss_relics":[{"not_picked":["hubris:GrandSneckoEye","aspiration:IroncladSkillbook"],"picked":"Tiny House"}],"items_purged_floors":[],"is_endless":false,"potions_floor_spawned":[4,5,6,10,19,25,30],"killed_by":"Shelled Parasite and Fungi","ascension_level":3}}