{"host":"88sw61cmk1203zgj","time":1611281288,"event":{"mods":["BaseMod","Minty Spire (QoL Compilation)"],"gold_per_floor":[111,111,111,131,145,180,195,218,243,174,198,198,198,223,223,360,360,388,401,444,469,219,219,219,219,295,316,95,95,128,53,53,191,191,206,206,221,191,220,220,239,239,239,288,510,554,579,912,912,912,912,912,152,192,192],"floor_reached":56,"language":"ENG","playtime":4859,"items_purged":["Beam Cell","Cold Snap"],"score":1828,"play_id":"acc6fcf7-4ccc-42ca-89a2-aa3ed9020da2","local_time":"20210121210808","is_ascension_mode":true,"campfire_choices":[{"data":"Creative AI","floor":12.0,"key":"SMITH"},{"data":"Double Energy","floor":15.0,"key":"SMITH"},{"data":"Storm","floor":23.0,"key":"SMITH"},{"floor":25.0,"key":"REST"},{"data":"Biased Cognition","floor":29.0,"key":"SMITH"},{"data":"Recycle","floor":32.0,"key":"SMITH"},{"floor":40.0,"key":"RECALL"},{"data":"Fission","floor":42.0,"key":"SMITH"},{"data":"Steam Power","floor":49.0,"key":"SMITH"},{"data":"Heatsinks","floor":52,"key":"SMITH"}],"circlet_count":0,"master_deck":["AscendersBane","Dualcast","Redo","Steam Power+1","Creative AI+1","Hologram+1","Double Energy+1","Self Repair","Rebound+1","Glacier","Auto Shields","Storm+1","Turbo+1","Leap","Biased Cognition+1","Recycle+1","Chill+1","Loop","Master of Strategy","Fission+1","Loop","Heatsinks+1","Core Surge","Coolheaded+1","Defragment","Static Discharge+1"],"relics":["Pandora\u0027s Box","Pantograph","CeramicFish","Nuclear Battery","Red Mask","Symbiotic Virus","Art of War","Blood Vial","Inserter","Potion Belt","Bag of Marbles","ClockworkSouvenir","War Paint","White Beast Statue","FossilizedHelix"],"acts_visited":["Exordium","TheCity","TheBeyond","TheEnding"],"potions_floor_usage":[54,55,55,55],"damage_taken":[{"damage":7.0,"enemies":"Small Slimes","floor":1.0,"turns":4.0},{"damage":1.0,"enemies":"Cultist","floor":4.0,"turns":3.0},{"damage":6.0,"enemies":"2 Louse","floor":5.0,"turns":3.0},{"damage":23.0,"enemies":"Lagavulin","floor":6.0,"turns":9.0},{"damage":7.0,"enemies":"Large Slime","floor":7.0,"turns":5.0},{"damage":11.0,"enemies":"Exordium Wildlife","floor":8.0,"turns":5.0},{"damage":11.0,"enemies":"Looter","floor":11.0,"turns":2.0},{"damage":1.0,"enemies":"Blue Slaver","floor":14.0,"turns":3.0},{"damage":0.0,"enemies":"Slime Boss","floor":16.0,"turns":5.0},{"damage":1.0,"enemies":"Shell Parasite","floor":18.0,"turns":5.0},{"damage":0.0,"enemies":"Spheric Guardian","floor":19.0,"turns":4.0},{"damage":2.0,"enemies":"Masked Bandits","floor":20.0,"turns":4.0},{"damage":57.0,"enemies":"3 Cultists","floor":21.0,"turns":6.0},{"damage":10.0,"enemies":"Centurion and Healer","floor":27.0,"turns":7.0},{"damage":0.0,"enemies":"Slavers","floor":30.0,"turns":5.0},{"damage":22.0,"enemies":"Automaton","floor":33.0,"turns":11.0},{"damage":0.0,"enemies":"Orb Walker","floor":35.0,"turns":3.0},{"damage":13.0,"enemies":"3 Darklings","floor":37.0,"turns":7.0},{"damage":18.0,"enemies":"Transient","floor":39.0,"turns":5.0},{"damage":12.0,"enemies":"4 Shapes","floor":41.0,"turns":4.0},{"damage":14.0,"enemies":"Nemesis","floor":44.0,"turns":9.0},{"damage":0.0,"enemies":"Giant Head","floor":46.0,"turns":9.0},{"damage":0.0,"enemies":"Sphere and 2 Shapes","floor":47.0,"turns":4.0},{"damage":20,"enemies":"Donu and Deca","floor":50,"turns":8},{"damage":11,"enemies":"Shield and Spear","floor":54,"turns":7},{"damage":25,"enemies":"The Heart","floor":55,"turns":10}],"seed_played":"-4936100429318547395","potions_obtained":[{"floor":7.0,"key":"DistilledChaos"},{"floor":11.0,"key":"Weak Potion"},{"floor":16.0,"key":"SkillPotion"},{"floor":18.0,"key":"SkillPotion"},{"floor":30.0,"key":"Fire Potion"},{"floor":39.0,"key":"SpeedPotion"},{"floor":44.0,"key":"PowerPotion"},{"floor":47.0,"key":"PowerPotion"},{"floor":54,"key":"Fire Potion"}],"is_trial":false,"path_per_floor":["M","?","?","M","M","E","M","M","T","$","M","R","?","M","R","B",null,"M","M","?","M","$","R","?","R","T","M","$","R","E","?","R","B",null,"M","?","M","$","M","R","M","R","T","E","?","E","M","?","R","B",null,"R","$","E","B",null],"character_chosen":"DEFECT","items_purchased":["Storm","Loop","Master of Strategy","Art of War","Loop","Defragment","ClockworkSouvenir","War Paint","White Beast Statue","SkillPotion"],"campfire_rested":1,"item_purchase_floors":[10,22,22,28,38,53,53,53,53,53],"current_hp_per_floor":[68,68,68,69,69,53,46,42,42,42,38,38,43,49,49,74,74,74,74,74,24,24,24,24,46,46,43,43,43,50,50,50,59,70,74,74,68,68,59,59,56,56,56,51,51,60,69,69,69,61,71,71,71,69,56],"gold":192,"neow_bonus":"BOSS_RELIC","is_daily":false,"chose_seed":false,"campfire_upgraded":8,"win_rate":0.0,"timestamp":1611281288,"path_taken":["M","?","?","M","M","E","M","M","T","$","?","R","?","M","R","BOSS","M","M","?","M","$","R","?","R","T","M","?","R","E","?","R","BOSS","M","?","M","$","M","R","M","R","T","E","?","E","M","?","R","BOSS","R","$","E","BOSS"],"items_purchased_type":["Card","Card","Card","Relic","Card","Card","Relic","Relic","Relic","Potion"],"build_version":"2020-12-22","purchased_purges":2,"victory":true,"max_hp_per_floor":[75,69,69,69,69,69,69,69,69,69,69,69,74,74,74,74,74,74,74,74,74,74,74,74,74,74,74,74,74,74,74,74,74,74,74,74,74,74,74,74,74,74,74,74,74,74,74,74,74,74,74,74,74,74,74],"card_choices":[{"not_picked":["Redo","Stack"],"picked":"Rebound","floor":1.0},{"not_picked":["Rebound","Cold Snap"],"picked":"Ball Lightning","floor":4.0},{"not_picked":["Tempest","Coolheaded"],"picked":"Glacier","floor":5.0},{"not_picked":["White Noise","Beam Cell","Blizzard"],"picked":"SKIP","floor":6.0},{"not_picked":["Consume","Amplify"],"picked":"Auto Shields","floor":7.0},{"not_picked":["Skim","Hologram","White Noise"],"picked":"SKIP","floor":8.0},{"not_picked":["FTL","Ball Lightning"],"picked":"Turbo","floor":11.0},{"not_picked":["Gash","Beam Cell"],"picked":"Leap","floor":14.0},{"not_picked":["Meteor Strike","Reboot"],"picked":"Biased Cognition","floor":16.0},{"not_picked":["Gash","Leap"],"picked":"Recycle","floor":18.0},{"not_picked":["Compile Driver","Stack","Rebound"],"picked":"SKIP","floor":19.0},{"not_picked":["Streamline","Stack"],"picked":"Chill+1","floor":20.0},{"not_picked":["Compile Driver","Turbo","Thunder Strike"],"picked":"SKIP","floor":21.0},{"not_picked":["Hologram","Redo","Consume"],"picked":"SKIP","floor":27.0},{"not_picked":["Reinforced Body","Blizzard+1","Hello World"],"picked":"SKIP","floor":30.0},{"not_picked":["Meteor Strike","Reboot"],"picked":"Fission","floor":33.0},{"not_picked":["FTL","Aggregate","Conserve Battery"],"picked":"SKIP","floor":35.0},{"not_picked":["Fusion","Rebound+1","Turbo"],"picked":"SKIP","floor":37.0},{"not_picked":["Rebound+1","Auto Shields+1"],"picked":"Heatsinks","floor":39.0},{"not_picked":["Reprogram","Compile Driver","Coolheaded"],"picked":"SKIP","floor":41.0},{"not_picked":["Gash+1","Compile Driver"],"picked":"Core Surge","floor":44.0},{"not_picked":["Sweeping Beam+1","Melter+1"],"picked":"Coolheaded+1","floor":46.0},{"not_picked":["Beam Cell","Sweeping Beam","Doom and Gloom"],"picked":"SKIP","floor":47.0},{"not_picked":["Storm","Cold Snap+1"],"picked":"Static Discharge+1","floor":54}],"player_experience":1494635,"relics_obtained":[{"floor":6.0,"key":"Pantograph"},{"floor":9.0,"key":"CeramicFish"},{"floor":20.0,"key":"Red Mask"},{"floor":26.0,"key":"Symbiotic Virus"},{"floor":30.0,"key":"Blood Vial"},{"floor":44.0,"key":"Potion Belt"},{"floor":46.0,"key":"Bag of Marbles"},{"floor":54,"key":"FossilizedHelix"}],"event_choices":[{"damage_healed":0.0,"max_hp_gain":0.0,"max_hp_loss":6.0,"gold_gain":0.0,"event_name":"Golden Idol","player_choice":"Lose Max HP","floor":2.0,"gold_loss":0.0,"damage_taken":0.0,"relics_obtained":["Golden Idol"]},{"damage_healed":0.0,"max_hp_gain":0.0,"max_hp_loss":0.0,"gold_gain":0.0,"event_name":"Upgrade Shrine","player_choice":"Upgraded","floor":3.0,"gold_loss":0.0,"damage_taken":0.0,"cards_upgraded":["Rebound"]},{"damage_healed":0.0,"max_hp_gain":5.0,"max_hp_loss":0.0,"gold_gain":0.0,"event_name":"Big Fish","player_choice":"Donut","floor":13.0,"gold_loss":0.0,"damage_taken":0.0},{"damage_healed":0.0,"max_hp_gain":0.0,"max_hp_loss":0.0,"gold_gain":0.0,"event_name":"Masked Bandits","player_choice":"Fought Bandits","floor":20.0,"gold_loss":0.0,"damage_taken":0.0},{"damage_healed":0.0,"max_hp_gain":0.0,"max_hp_loss":0.0,"gold_gain":0.0,"event_name":"Vampires","player_choice":"Ignored","floor":24.0,"gold_loss":0.0,"damage_taken":0.0},{"cards_removed":["Zap"],"damage_healed":0.0,"max_hp_gain":0.0,"max_hp_loss":0.0,"gold_gain":0.0,"event_name":"Beggar","player_choice":"Gave Gold","floor":31.0,"gold_loss":75.0,"damage_taken":0.0},{"cards_removed":["Ball Lightning"],"damage_healed":0.0,"max_hp_gain":0.0,"max_hp_loss":0.0,"gold_gain":0.0,"event_name":"Falling","player_choice":"Removed Attack","floor":36.0,"gold_loss":0.0,"damage_taken":0.0},{"damage_healed":0.0,"max_hp_gain":0.0,"max_hp_loss":0.0,"gold_gain":222.0,"event_name":"Tomb of Lord Red Mask","player_choice":"Wore Mask","floor":45.0,"gold_loss":0.0,"damage_taken":0.0},{"damage_healed":0.0,"max_hp_gain":0.0,"max_hp_loss":0.0,"gold_gain":333.0,"event_name":"The Moai Head","player_choice":"Gave Idol","floor":48.0,"relics_lost":["Golden Idol"],"gold_loss":0.0,"damage_taken":0.0}],"is_beta":false,"boss_relics":[{"not_picked":["Astrolabe","Empty Cage"],"picked":"Nuclear Battery"},{"not_picked":["Runic Pyramid","Runic Dome"],"picked":"Inserter"}],"items_purged_floors":[28,53],"is_endless":false,"potions_floor_spawned":[7,11,14,16,18,30,39,44,47,54],"ascension_level":11}}