{"host":"usrgk25etjl0nf5i","time":1611287701,"event":{"mods":["2.2 Compatiblity","BaseMod","Downfall","Hubris","Minty Spire (QoL Compilation)","StSLib","SuperFastMode"],"gold_per_floor":[118,118,98,115,133,168,168,168,240,268,281,394,411,428,428,503,503,523,540,540,553,553,553,570,570,570,570,570],"floor_reached":27,"language":"ENG","playtime":963,"items_purged":[],"score":375,"play_id":"d5e4d7c0-24ec-4a21-9b54-44753ed9f167","local_time":"20210121195501","is_ascension_mode":true,"campfire_choices":[{"data":"Metallicize","floor":8,"key":"SMITH"},{"floor":15,"key":"REST"},{"floor":23,"key":"REST"},{"floor":25,"key":"REST"}],"circlet_count":0,"master_deck":["AscendersBane","Strike_R","Strike_R","Strike_R","Strike_R","Strike_R","Defend_R","Defend_R","Defend_R","Defend_R","Bash","hubris:CleavingFinish","Anger","Uppercut","Metallicize+1","Pain","Battle Trance","Spot Weakness","Shrug It Off","Pommel Strike","Berserk+1","Cleave","hubris:NaturalOne","hubris:ReadiedAction","Headbutt"],"relics":["Burning Blood","hubris:Icosahedron","Lantern","WarpedTongs","The Courier","Matryoshka","Mark of Pain","hubris:Metronome"],"acts_visited":["Exordium","TheCity"],"potions_floor_usage":[6,14,16,19,21,24],"damage_taken":[{"damage":4,"enemies":"Small Slimes","floor":1,"turns":4},{"damage":5,"enemies":"2 Louse","floor":4,"turns":2},{"damage":1,"enemies":"Cultist","floor":5,"turns":3},{"damage":43,"enemies":"Lagavulin","floor":6,"turns":9},{"damage":27,"enemies":"3 Sentries","floor":10,"turns":8},{"damage":11,"enemies":"Blue Slaver","floor":11,"turns":3},{"damage":8,"enemies":"Red Slaver","floor":12,"turns":3},{"damage":4,"enemies":"Lots of Slimes","floor":13,"turns":2},{"damage":17,"enemies":"Exordium Wildlife","floor":14,"turns":3},{"damage":35,"enemies":"Hexaghost","floor":16,"turns":10},{"damage":22,"enemies":"Spheric Guardian","floor":18,"turns":5},{"damage":14,"enemies":"3 Byrds","floor":19,"turns":6},{"damage":30,"enemies":"Snake Plant","floor":21,"turns":4},{"damage":51,"enemies":"3 Cultists","floor":24,"turns":7},{"damage":50,"enemies":"Gremlin Leader","floor":27,"turns":5}],"seed_played":"-8480348944243098785","potions_obtained":[{"floor":3,"key":"SkillPotion"},{"floor":4,"key":"Ancient Potion"},{"floor":6,"key":"Ancient Potion"},{"floor":10,"key":"EntropicBrew"},{"floor":13,"key":"DistilledChaos"},{"floor":18,"key":"Block Potion"},{"floor":19,"key":"Strength Potion"},{"floor":21,"key":"SkillPotion"}],"is_trial":false,"path_per_floor":["M","?","?","M","M","E","?","R","T","E","M","M","M","M","R","B",null,"M","M","?","M","?","R","M","R","T","E"],"character_chosen":"IRONCLAD","items_purchased":[],"campfire_rested":3,"item_purchase_floors":[],"current_hp_per_floor":[82,82,82,83,88,51,51,51,51,30,25,23,25,14,40,81,86,70,62,62,38,38,64,19,45,45,0,0],"gold":570,"neow_bonus":"TEN_PERCENT_HP_BONUS","is_daily":false,"chose_seed":false,"campfire_upgraded":1,"win_rate":0.0,"timestamp":1611287701,"path_taken":["M","?","?","?","M","E","?","R","T","E","M","M","M","?","R","BOSS","M","?","?","M","?","R","?","R","T","E"],"items_purchased_type":[],"build_version":"2020-12-22","purchased_purges":0,"victory":false,"max_hp_per_floor":[88,88,88,88,88,88,88,88,88,88,88,88,88,88,88,88,88,88,88,88,88,88,88,88,88,88,88,88],"card_choices":[{"not_picked":["Sword Boomerang","Perfected Strike"],"picked":"hubris:CleavingFinish","floor":1},{"not_picked":["Havoc","Power Through"],"picked":"Anger","floor":4},{"not_picked":["Twin Strike","Reckless Charge"],"picked":"Uppercut","floor":5},{"not_picked":["Sword Boomerang","True Grit"],"picked":"Metallicize","floor":6},{"not_picked":["Anger","Clash"],"picked":"Battle Trance","floor":10},{"not_picked":["Hemokinesis","Pommel Strike"],"picked":"Spot Weakness","floor":11},{"not_picked":["Thunderclap","Exhume","Wild Strike"],"picked":"SKIP","floor":12},{"not_picked":["Body Slam","Twin Strike"],"picked":"Shrug It Off","floor":13},{"not_picked":["Second Wind","Perfected Strike"],"picked":"Pommel Strike","floor":14},{"not_picked":["Impervious","Double Tap"],"picked":"Berserk","floor":16},{"not_picked":["Clash","Thunderclap","hubris:SharpeningStone"],"picked":"SKIP","floor":18},{"not_picked":["Power Through+1","Anger"],"picked":"Cleave","floor":19},{"not_picked":["Perfected Strike","Flame Barrier"],"picked":"hubris:ReadiedAction","floor":21},{"not_picked":["Sentinel","Shockwave+1"],"picked":"Headbutt","floor":24}],"player_experience":660387,"relics_obtained":[{"floor":6,"key":"Lantern"},{"floor":9,"key":"The Courier"},{"floor":10,"key":"Matryoshka"},{"floor":26,"key":"hubris:Metronome"}],"event_choices":[{"damage_healed":0,"gold_gain":0,"player_choice":"Bought 1 Potion","damage_taken":0,"max_hp_gain":0,"max_hp_loss":0,"event_name":"The Woman in Blue","floor":3,"gold_loss":0},{"damage_healed":0,"gold_gain":0,"player_choice":"Rummage","damage_taken":0,"relics_obtained":["WarpedTongs"],"max_hp_gain":0,"max_hp_loss":0,"event_name":"Accursed Blacksmith","floor":7,"gold_loss":0,"cards_obtained":["Pain"]},{"damage_healed":0,"gold_gain":0,"player_choice":"Ignored","damage_taken":0,"max_hp_gain":0,"max_hp_loss":0,"event_name":"Ghosts","floor":20,"gold_loss":0},{"damage_healed":0,"gold_gain":0,"player_choice":"Upgraded","damage_taken":0,"max_hp_gain":0,"max_hp_loss":0,"event_name":"Upgrade Shrine","floor":22,"gold_loss":0,"cards_upgraded":["Berserk"]}],"is_beta":false,"boss_relics":[{"not_picked":["Ectoplasm","Black Blood"],"picked":"Mark of Pain"}],"items_purged_floors":[],"is_endless":false,"potions_floor_spawned":[4,6,10,12,13,18,19,21],"killed_by":"Gremlin Leader","ascension_level":13}}