{"host":"oigynbtg272c19pw","time":1611317772,"event":{"mods":["BaseMod","Colored Map","Minty Spire (QoL Compilation)","Relic Stats","Slay the Relics Exporter","StSLib"],"gold_per_floor":[117,117,42,67,82,116,116,126,196,196,222,222,222,20,20,20,20],"floor_reached":16,"playtime":585,"items_purged":["Injury"],"score":212,"play_id":"50d08067-478b-4058-a96f-cb49a727b6bb","local_time":"20210122131612","is_ascension_mode":true,"campfire_choices":[{"data":"Uppercut","floor":7,"key":"SMITH"},{"data":"Armaments","floor":12,"key":"SMITH"},{"data":"Offering","floor":15,"key":"SMITH"}],"circlet_count":0,"master_deck":["AscendersBane","Strike_R","Strike_R","Strike_R+1","Defend_R","Defend_R+1","Defend_R","Defend_R","Bash","Feel No Pain","Bloodletting","Uppercut+1","Offering+1","Armaments+1","Pummel","Dark Embrace","Shockwave"],"relics":["Burning Blood","Lantern","Self Forming Clay","Blue Candle","Orichalcum","Golden Idol"],"acts_visited":["Exordium"],"potions_floor_usage":[6,11],"damage_taken":[{"damage":7.0,"enemies":"Cultist","floor":1.0,"turns":4.0},{"damage":6,"enemies":"Small Slimes","floor":5,"turns":5},{"damage":18,"enemies":"3 Sentries","floor":6,"turns":16},{"damage":8,"enemies":"Jaw Worm","floor":8,"turns":2},{"damage":13,"enemies":"Lagavulin","floor":11,"turns":6},{"damage":41,"enemies":"Hexaghost","floor":16,"turns":12}],"seed_played":"2560811727974789641","potions_obtained":[{"floor":1.0,"key":"BloodPotion"},{"floor":5,"key":"FearPotion"},{"floor":8,"key":"Explosive Potion"}],"is_trial":false,"path_per_floor":["M","?","?","T","M","E","R","M","T","?","E","R","?","$","R","B"],"character_chosen":"IRONCLAD","items_purchased":["Dark Embrace","Shockwave"],"campfire_rested":0,"item_purchase_floors":[14,14],"current_hp_per_floor":[67,67,67,67,67,55,55,53,53,30,38,38,38,38,38,0,0],"gold":20,"neow_bonus":"RANDOM_COMMON_RELIC","is_daily":false,"chose_seed":false,"campfire_upgraded":3,"win_rate":0.0,"timestamp":1611317772,"path_taken":["M","?","?","?","M","E","R","M","T","?","E","R","?","$","R","BOSS"],"items_purchased_type":["Card","Card"],"build_version":"2020-12-13","purchased_purges":1,"victory":false,"max_hp_per_floor":[75,75,75,75,75,75,75,75,75,75,75,75,75,75,75,75,75],"relic_stats":{"counters":[6,45],"Self Forming Clay":[45],"Golden Idol":0,"Blue Candle":[0],"Orichalcum":[12],"obtain_stats":[{"Lantern":0,"Self Forming Clay":6,"Golden Idol":13,"Blue Candle":9,"Orichalcum":11,"Burning Blood":0},{"Lantern":0,"Self Forming Clay":3,"Golden Idol":5,"Blue Candle":4,"Orichalcum":5,"Burning Blood":0},{"Lantern":0,"Self Forming Clay":25,"Golden Idol":33,"Blue Candle":27,"Orichalcum":33,"Burning Blood":0}],"Burning Blood":30},"card_choices":[{"not_picked":["Ghostly Armor","Perfected Strike"],"picked":"Feel No Pain","floor":1.0},{"not_picked":["Heavy Blade","Warcry"],"picked":"Uppercut","floor":5},{"not_picked":["Battle Trance","Armaments"],"picked":"Offering","floor":6},{"not_picked":["Body Slam","Ghostly Armor"],"picked":"Armaments","floor":8},{"not_picked":["Armaments","Body Slam"],"picked":"Pummel","floor":11}],"player_experience":1467193,"relics_obtained":[{"floor":6,"key":"Self Forming Clay"},{"floor":9,"key":"Blue Candle"},{"floor":11,"key":"Orichalcum"}],"event_choices":[{"damage_healed":0.0,"max_hp_gain":0.0,"max_hp_loss":0.0,"gold_gain":0.0,"cards_transformed":["Strike_R"],"event_name":"Living Wall","player_choice":"Change","floor":2.0,"gold_loss":0.0,"damage_taken":0.0,"cards_obtained":["Bloodletting"]},{"cards_removed":["Strike_R"],"damage_healed":0.0,"max_hp_gain":0.0,"max_hp_loss":0.0,"gold_gain":0.0,"event_name":"The Cleric","player_choice":"Card Removal","floor":3.0,"gold_loss":75.0,"damage_taken":0.0},{"damage_healed":0,"gold_gain":0,"player_choice":"Entered Light","damage_taken":23,"max_hp_gain":0,"max_hp_loss":0,"event_name":"Shining Light","floor":10,"gold_loss":0,"cards_upgraded":["Defend_R","Strike_R"]},{"damage_healed":0,"gold_gain":0,"player_choice":"Take Wound","damage_taken":0,"relics_obtained":["Golden Idol"],"max_hp_gain":0,"max_hp_loss":0,"event_name":"Golden Idol","floor":13,"gold_loss":0,"cards_obtained":["Injury"]}],"is_beta":false,"boss_relics":[],"items_purged_floors":[14],"is_endless":false,"potions_floor_spawned":[1,5,8],"killed_by":"Hexaghost","ascension_level":20}}