{"host":"a5lz0e76zb3fcwkm","time":1611325586,"event":{"mods":["AchievementEnabler","BaseMod","Colored Map","Colored Powertips","Minty Spire (QoL Compilation)","StSLib","SuperFastMode"],"gold_per_floor":[116,191,191,191,207,250,250,273,273,273,293,293,326,349,349,447,447,463,378,378,397,38,38,56,56,56,81,81,81,81,130,130,204,204,217,217,242,258,268,168,203,221,246,263,273,273,148,163,163,163,163,163],"floor_reached":51,"language":"KOR","playtime":1200,"items_purged":["Defend_G","Defend_G","Strike_G"],"score":1449,"play_id":"d2e1bc8e-bb27-490d-974c-8bdfc48a8159","local_time":"20210122232626","is_ascension_mode":true,"campfire_choices":[{"data":"Blade Dance","floor":7.0,"key":"SMITH"},{"data":"Accuracy","floor":15.0,"key":"SMITH"},{"data":"Cloak And Dagger","floor":23.0,"key":"SMITH"},{"data":"Phantasmal Killer","floor":25.0,"key":"SMITH"},{"floor":32.0,"key":"REST"},{"floor":49.0,"key":"RECALL"}],"circlet_count":0,"master_deck":["AscendersBane","Strike_G","Strike_G","Defend_G","Defend_G","Defend_G","Survivor","Neutralize","Tactician","Blade Dance+1","Backflip","Cloak And Dagger+1","Accuracy+1","Blade Dance","Finisher","Infinite Blades","Phantasmal Killer+1","PiercingWail","Acrobatics","Tools of the Trade","Adrenaline","Dagger Spray+1","Flash of Steel+1","Trip","Blur+1"],"relics":["Ring of the Snake","NeowsBlessing","Bloody Idol","Shuriken","Mango","Paper Crane","The Specimen","Black Star","Molten Egg 2","MutagenicStrength","Meat on the Bone","Nilry\u0027s Codex","Orichalcum","Fusion Hammer","CaptainsWheel","Tough Bandages","Sundial","Happy Flower"],"acts_visited":["Exordium","TheCity","TheBeyond"],"potions_floor_usage":[50],"damage_taken":[{"damage":0.0,"enemies":"Jaw Worm","floor":1.0,"turns":1.0},{"damage":0.0,"enemies":"Small Slimes","floor":5.0,"turns":1.0},{"damage":0.0,"enemies":"Lagavulin","floor":6.0,"turns":1.0},{"damage":3.0,"enemies":"2 Louse","floor":8.0,"turns":3.0},{"damage":0.0,"enemies":"Looter","floor":11.0,"turns":2.0},{"damage":0.0,"enemies":"Gremlin Nob","floor":13.0,"turns":3.0},{"damage":6.0,"enemies":"3 Louse","floor":14.0,"turns":4.0},{"damage":11.0,"enemies":"Hexaghost","floor":16.0,"turns":5.0},{"damage":0.0,"enemies":"Spheric Guardian","floor":18.0,"turns":2.0},{"damage":14.0,"enemies":"2 Thieves","floor":21.0,"turns":4.0},{"damage":21.0,"enemies":"Shelled Parasite and Fungi","floor":24.0,"turns":3.0},{"damage":0.0,"enemies":"Snake Plant","floor":27.0,"turns":2.0},{"damage":28.0,"enemies":"Automaton","floor":33.0,"turns":7.0},{"damage":36.0,"enemies":"3 Darklings","floor":35.0,"turns":5.0},{"damage":0.0,"enemies":"Mind Bloom Boss Battle","floor":37.0,"turns":2.0},{"damage":0.0,"enemies":"3 Shapes","floor":38.0,"turns":2.0},{"damage":8.0,"enemies":"Jaw Worm Horde","floor":39.0,"turns":4.0},{"damage":0.0,"enemies":"Reptomancer","floor":41.0,"turns":4.0},{"damage":9.0,"enemies":"Spire Growth","floor":42.0,"turns":4.0},{"damage":0.0,"enemies":"Transient","floor":44.0,"turns":6.0},{"damage":0.0,"enemies":"3 Darklings","floor":45.0,"turns":2.0},{"damage":0.0,"enemies":"Maw","floor":48.0,"turns":4.0},{"damage":69,"enemies":"Donu and Deca","floor":50,"turns":7},{"damage":60,"enemies":"Awakened One","floor":51,"turns":3}],"seed_played":"7794797160676675640","potions_obtained":[{"floor":1.0,"key":"GamblersBrew"},{"floor":14.0,"key":"Dexterity Potion"},{"floor":16.0,"key":"PowerPotion"},{"floor":24.0,"key":"BlessingOfTheForge"},{"floor":35.0,"key":"SteroidPotion"},{"floor":37.0,"key":"FairyPotion"}],"is_trial":false,"path_per_floor":["M","?","?","?","M","E","R","M","T","?","M","?","E","M","R","B",null,"M","?","?","M","$","R","M","R","T","M","?","?","?","T","R","B",null,"M","?","?","M","M","$","E","M","T","M","M","?","$","M","R","B","B"],"character_chosen":"THE_SILENT","items_purchased":["Meat on the Bone"],"campfire_rested":1,"item_purchase_floors":[22],"current_hp_per_floor":[59,48,48,30,30,44,44,41,41,41,41,41,41,35,35,24,62,62,62,62,48,48,48,39,39,39,39,39,39,18,23,45,34,64,45,35,52,57,54,54,59,55,60,65,70,70,70,74,74,17,0,0],"gold":163,"neow_bonus":"THREE_ENEMY_KILL","is_daily":false,"chose_seed":false,"campfire_upgraded":4,"win_rate":0.0,"timestamp":1611325586,"path_taken":["M","?","?","?","?","E","R","M","T","?","M","?","E","M","R","BOSS","M","?","?","M","$","R","M","R","T","M","?","?","?","?","R","BOSS","M","?","?","M","M","?","E","M","T","M","M","?","$","?","R","BOSS","BOSS"],"items_purchased_type":["Relic"],"build_version":"2020-12-22","purchased_purges":3,"victory":false,"max_hp_per_floor":[66,66,60,60,60,74,74,74,74,74,74,74,74,74,74,74,74,74,74,74,74,74,74,74,74,74,74,74,74,74,74,74,74,74,74,74,74,74,74,74,74,74,74,74,74,74,74,74,74,74,74,74],"card_choices":[{"not_picked":["Underhanded Strike","Outmaneuver"],"picked":"Tactician","floor":1.0},{"not_picked":["Outmaneuver","PiercingWail"],"picked":"Blade Dance","floor":5.0},{"not_picked":["Prepared","Slice"],"picked":"Backflip","floor":6.0},{"not_picked":["Quick Slash","Backstab"],"picked":"Cloak And Dagger","floor":8.0},{"not_picked":["Caltrops","Deadly Poison"],"picked":"Accuracy","floor":11.0},{"not_picked":["Wraith Form v2","Predator"],"picked":"Finisher","floor":13.0},{"not_picked":["Backflip","Dagger Throw"],"picked":"Infinite Blades","floor":14.0},{"not_picked":["Bullet Time","Storm of Steel"],"picked":"Phantasmal Killer","floor":16.0},{"not_picked":["Noxious Fumes+1","Deflect"],"picked":"PiercingWail","floor":18.0},{"not_picked":["Deflect","Catalyst+1"],"picked":"Acrobatics","floor":21.0},{"not_picked":["Bane+1","Underhanded Strike+1","Dodge and Roll"],"picked":"SKIP","floor":24.0},{"not_picked":["Bane+1","Leg Sweep+1","Tools of the Trade"],"picked":"SKIP","floor":27.0},{"not_picked":["Bane+1","Leg Sweep+1","Tools of the Trade"],"picked":"SKIP","floor":27.0},{"not_picked":["Bane+1","Leg Sweep+1"],"picked":"Tools of the Trade","floor":27.0},{"not_picked":["Burst","A Thousand Cuts"],"picked":"Adrenaline","floor":33.0},{"not_picked":["Underhanded Strike+1","Endless Agony+1"],"picked":"Dagger Spray+1","floor":35.0},{"not_picked":["Bandage Up","Mayhem"],"picked":"Flash of Steel+1","floor":36.0},{"not_picked":["Discovery","Finesse"],"picked":"Trip","floor":36.0},{"not_picked":["Deadly Poison","Concentrate+1","Noxious Fumes"],"picked":"SKIP","floor":38.0},{"not_picked":["Accuracy","Outmaneuver"],"picked":"Blur+1","floor":39.0},{"not_picked":["Quick Slash+1","Crippling Poison","PiercingWail+1"],"picked":"SKIP","floor":41.0},{"not_picked":["Bane+1","Blade Dance+1","Prepared"],"picked":"SKIP","floor":42.0},{"not_picked":["Backflip+1","All Out Attack+1","Slice+1"],"picked":"SKIP","floor":44.0},{"not_picked":["Crippling Poison","Prepared","All Out Attack+1"],"picked":"SKIP","floor":45.0},{"not_picked":["Skewer+1","Blade Dance","Bouncing Flask"],"picked":"SKIP","floor":48.0}],"player_experience":1783109,"relics_obtained":[{"floor":6.0,"key":"Mango"},{"floor":9.0,"key":"Paper Crane"},{"floor":13.0,"key":"The Specimen"},{"floor":30.0,"key":"Nilry\u0027s Codex"},{"floor":31.0,"key":"Orichalcum"},{"floor":37.0,"key":"CaptainsWheel"},{"floor":41.0,"key":"Tough Bandages"},{"floor":41.0,"key":"Sundial"},{"floor":43.0,"key":"Happy Flower"}],"event_choices":[{"damage_healed":0.0,"max_hp_gain":0.0,"max_hp_loss":0.0,"gold_gain":75.0,"event_name":"World of Goop","player_choice":"Gather Gold","floor":2.0,"gold_loss":0.0,"damage_taken":11.0},{"damage_healed":0.0,"max_hp_gain":0.0,"max_hp_loss":6.0,"gold_gain":0.0,"event_name":"Golden Idol","player_choice":"Lose Max HP","floor":3.0,"gold_loss":0.0,"damage_taken":0.0,"relics_obtained":["Golden Idol"]},{"damage_healed":0.0,"max_hp_gain":0.0,"max_hp_loss":0.0,"gold_gain":0.0,"event_name":"Scrap Ooze","player_choice":"Success","floor":4.0,"gold_loss":0.0,"damage_taken":18.0,"relics_obtained":["Shuriken"]},{"damage_healed":0.0,"max_hp_gain":0.0,"max_hp_loss":0.0,"gold_gain":0.0,"event_name":"Liars Game","player_choice":"Ignored","floor":10.0,"gold_loss":0.0,"damage_taken":0.0},{"damage_healed":0.0,"max_hp_gain":0.0,"max_hp_loss":0.0,"gold_gain":0.0,"cards_transformed":["Strike_G"],"event_name":"Living Wall","player_choice":"Change","floor":12.0,"gold_loss":0.0,"damage_taken":0.0,"cards_obtained":["Blade Dance"]},{"damage_healed":0.0,"max_hp_gain":0.0,"max_hp_loss":0.0,"gold_gain":0.0,"event_name":"Addict","player_choice":"Obtained Relic","floor":19.0,"gold_loss":85.0,"damage_taken":0.0,"relics_obtained":["Molten Egg 2"]},{"damage_healed":0.0,"max_hp_gain":0.0,"max_hp_loss":0.0,"gold_gain":0.0,"event_name":"Drug Dealer","player_choice":"Inject Mutagens","floor":20.0,"gold_loss":0.0,"damage_taken":0.0,"relics_obtained":["MutagenicStrength"]},{"damage_healed":0.0,"max_hp_gain":0.0,"max_hp_loss":0.0,"gold_gain":0.0,"event_name":"Ghosts","player_choice":"Ignored","floor":28.0,"gold_loss":0.0,"damage_taken":0.0},{"damage_healed":0.0,"max_hp_gain":0.0,"max_hp_loss":0.0,"gold_gain":0.0,"event_name":"Forgotten Altar","player_choice":"Gave Idol","floor":29.0,"relics_lost":["Golden Idol"],"gold_loss":0.0,"damage_taken":0.0,"relics_obtained":["Bloody Idol"]},{"damage_healed":0.0,"max_hp_gain":0.0,"max_hp_loss":0.0,"gold_gain":0.0,"event_name":"Cursed Tome","player_choice":"Obtained Book","floor":30.0,"gold_loss":0.0,"damage_taken":21.0},{"damage_healed":0.0,"max_hp_gain":0.0,"max_hp_loss":0.0,"gold_gain":0.0,"event_name":"SensoryStone","player_choice":"Memory 3","floor":36.0,"gold_loss":0.0,"damage_taken":10.0},{"damage_healed":0.0,"max_hp_gain":0.0,"max_hp_loss":0.0,"gold_gain":0.0,"event_name":"MindBloom","player_choice":"Fight","floor":37.0,"gold_loss":0.0,"damage_taken":0.0},{"cards_removed":["Strike_G"],"damage_healed":0.0,"max_hp_gain":0.0,"max_hp_loss":0.0,"gold_gain":0.0,"event_name":"Falling","player_choice":"Removed Attack","floor":46.0,"gold_loss":0.0,"damage_taken":0.0}],"is_beta":false,"boss_relics":[{"not_picked":["Runic Pyramid","Ring of the Serpent"],"picked":"Black Star"},{"not_picked":["Calling Bell","Pandora\u0027s Box"],"picked":"Fusion Hammer"}],"items_purged_floors":[22,40,47],"is_endless":false,"potions_floor_spawned":[1,14,16,24,27,35,37,42,48],"killed_by":"Awakened One","ascension_level":20}}