{"host":"BinaryLev","time":1611336800,"event":{"mods":["BaseMod","Colored Map","Colored Powertips","Conspire","DeckTracker","Downfall","Highlight Path","Infinite Spire","Minty Spire (QoL Compilation)","Quick Restart","Random Character Button","Relic Sorter","Relic Stats","StSLib","The Animator","The Blue Laboratory"],"gold_per_floor":[110,110,128,142,173,173,192,207,231,231,241,241,211,229,229,229,229],"floor_reached":16,"language":"ENG","playtime":912,"items_purged":[],"score":96,"play_id":"7d154282-ce11-4e9c-9bf3-caa7ddbe620b","local_time":"20210122223320","is_ascension_mode":false,"campfire_choices":[{"data":"animator:Darkness","floor":6,"key":"SMITH"},{"data":"animator:Megumin","floor":10,"key":"SMITH"},{"data":"animator:Megumin+1","floor":12,"key":"SMITH"},{"data":"animator:Megumin+3","floor":15,"key":"SMITH"}],"circlet_count":0,"master_deck":["animator:Strike_Konosuba","animator:Defend_Konosuba","animator:Strike","animator:Strike","animator:Strike","animator:Defend","animator:Defend","animator:Defend","animator:Kazuma","animator:Aqua+1","animator:Assassin","animator:Darkness+1","animator:Megumin+5"],"relics":["animator:LivingPicture","animator:TheMissingPiece","animator:ShionDessert"],"acts_visited":["Exordium"],"potions_floor_usage":[7,14,16,16,16],"damage_taken":[{"damage":0,"enemies":"2 Louse","floor":1,"turns":3},{"damage":12,"enemies":"Cultist","floor":3,"turns":7},{"damage":3,"enemies":"Small Slimes","floor":4,"turns":6},{"damage":52,"enemies":"Exordium Thugs","floor":5,"turns":10},{"damage":4,"enemies":"Large Slime","floor":7,"turns":10},{"damage":0,"enemies":"Blue Slaver","floor":8,"turns":7},{"damage":0,"enemies":"3 Louse","floor":11,"turns":1},{"damage":0,"enemies":"conspire:2 RoseBushes","floor":14,"turns":5},{"damage":24,"enemies":"The Guardian","floor":16,"turns":7}],"seed_played":"124512655222243228","potions_obtained":[{"floor":3,"key":"blueLaboratory:CorrosionFlask"},{"floor":5,"key":"BlessingOfTheForge"},{"floor":13,"key":"blueLaboratory:PhilterOfMotion"},{"floor":13,"key":"blueLaboratory:HummingbirdPotion"},{"floor":14,"key":"blueLaboratory:LouseDecoction"}],"is_trial":false,"path_per_floor":["M","?","M","M","M","R","M","M","T","R","M","R","?","M","R","B"],"character_chosen":"THE_ANIMATOR","items_purchased":[],"campfire_rested":0,"item_purchase_floors":[],"current_hp_per_floor":[72,72,63,63,14,14,13,17,17,17,17,17,17,20,20,0,0],"gold":229,"neow_bonus":"TEN_PERCENT_HP_BONUS","is_daily":false,"chose_seed":false,"campfire_upgraded":4,"win_rate":0.0,"timestamp":1611336800,"path_taken":["M","?","M","M","M","R","?","M","T","R","M","R","?","M","R","BOSS"],"items_purchased_type":[],"build_version":"2020-12-18","purchased_purges":0,"victory":false,"max_hp_per_floor":[72,72,72,72,72,72,72,73,73,73,73,73,73,73,73,73,73],"relic_stats":{"counters":[9,56],"obtain_stats":[{"animator:ShionDessert":9,"animator:TheMissingPiece":0,"animator:LivingPicture":0},{"animator:ShionDessert":6,"animator:TheMissingPiece":0,"animator:LivingPicture":0},{"animator:ShionDessert":43,"animator:TheMissingPiece":0,"animator:LivingPicture":0}]},"card_choices":[{"not_picked":["animator:SilverFang","animator:Gillette","animator:LizardPriest"],"picked":"SKIP","floor":1},{"not_picked":["animator:YachiyoNanami","animator:Verdia","animator:Fredrika"],"picked":"SKIP","floor":3},{"not_picked":["animator:SilverFang","animator:SuzuneAmano"],"picked":"animator:Assassin","floor":4},{"not_picked":["animator:Verdia","animator:Vanir"],"picked":"animator:Darkness","floor":5},{"not_picked":["animator:Geryuganshoop","animator:Chris","animator:LizardPriest"],"picked":"SKIP","floor":7},{"not_picked":["animator:IzunaHatsuse","animator:NagisaMomoe"],"picked":"animator:Megumin","floor":8},{"not_picked":["animator:Berserker","animator:Illya","animator:MadokaKaname"],"picked":"SKIP","floor":11}],"player_experience":1459202,"relics_obtained":[{"floor":9,"key":"animator:ShionDessert"}],"event_choices":[{"damage_healed":0,"gold_gain":0,"player_choice":"Forge","damage_taken":0,"max_hp_gain":0,"max_hp_loss":0,"event_name":"Accursed Blacksmith","floor":2,"gold_loss":0,"cards_upgraded":["animator:Aqua"]},{"damage_healed":0,"gold_gain":0,"player_choice":"Bought 2 Potions","damage_taken":0,"max_hp_gain":0,"max_hp_loss":0,"event_name":"The Woman in Blue","floor":13,"gold_loss":0}],"is_beta":true,"boss_relics":[],"items_purged_floors":[],"is_endless":false,"potions_floor_spawned":[3,5,14],"killed_by":"The Guardian","ascension_level":0}}