{"host":"22ezjknwheybwqtz","time":1611309218,"event":{"mods":["BaseMod","Minty Spire (QoL Compilation)","Replay The Spire","Shop Mod","StSLib"],"gold_per_floor":[115,125,135,135,135,168,168,15,15,15,33,51,226,243,243,341,341,356,356,83,99,99,99,99,99,131,131,131],"floor_reached":27,"language":"ENG","playtime":982,"items_purged":["Doubt"],"score":231,"play_id":"f8eb4d2a-2e84-4fd5-b4a4-f6d0606687c0","local_time":"20210122175338","is_ascension_mode":false,"campfire_choices":[{"data":"Pommel Strike","floor":7,"key":"SMITH"},{"data":"ReplayTheSpireMod:Strike From Hell","floor":10,"key":"SMITH"},{"data":"True Grit","floor":15,"key":"SMITH"},{"data":"Offering","floor":25,"key":"SMITH"}],"circlet_count":0,"master_deck":["Strike_R","Strike_R","Defend_R","Defend_R","Defend_R","Bash","ReplayTheSpireMod:Strike From Hell+1","Spot Weakness","Disarm","Pommel Strike+1","True Grit+1","Sword Boomerang","Dark Embrace","Offering+1","Uppercut","Spreading Infection","True Grit","Shrug It Off+1"],"relics":["Burning Blood","NeowsBlessing","Chameleon Ring","Lee\u0027s Waffle","Bottled Lightning","Empty Cage","Ring of Panic","Ring of Fury","Toolbox","Garlic"],"acts_visited":["Exordium","TheCity"],"potions_floor_usage":[6,16,16,26],"damage_taken":[{"damage":0,"enemies":"Small Slimes","floor":1,"turns":1},{"damage":0,"enemies":"Jaw Worm","floor":2,"turns":1},{"damage":0,"enemies":"2 Louse","floor":3,"turns":1},{"damage":49,"enemies":"3 Sentries","floor":6,"turns":8},{"damage":13,"enemies":"Exordium Wildlife","floor":11,"turns":2},{"damage":17,"enemies":"Blue Slaver","floor":12,"turns":4},{"damage":10,"enemies":"2 Fungi Beasts","floor":14,"turns":3},{"damage":42,"enemies":"Fading Forest","floor":16,"turns":11},{"damage":46,"enemies":"Spheric Guardian","floor":18,"turns":6},{"damage":10,"enemies":"2 Thieves","floor":21,"turns":3},{"damage":33,"enemies":"Slavers","floor":26,"turns":3},{"damage":17,"enemies":"Centurion and Healer","floor":27,"turns":2}],"seed_played":"-3842618679207541026","potions_obtained":[{"floor":3,"key":"AttackPotion"},{"floor":11,"key":"SmokeBomb"},{"floor":12,"key":"BloodPotion"},{"floor":14,"key":"PowerPotion"},{"floor":16,"key":"SpeedPotion"},{"floor":21,"key":"AttackPotion"}],"is_trial":false,"path_per_floor":["M","M","M","?","?","E","R","$","T","R","M","M","?","M","R","B",null,"M","?","$","M","PTL","PTL","$","R","E","M"],"character_chosen":"IRONCLAD","items_purchased":["Lee\u0027s Waffle","Toolbox","True Grit"],"campfire_rested":0,"item_purchase_floors":[8,20,20],"current_hp_per_floor":[80,80,80,73,73,30,30,87,87,87,80,69,69,65,65,55,87,47,47,47,43,43,43,43,43,16,0,0],"gold":131,"neow_bonus":"THREE_ENEMY_KILL","is_daily":false,"chose_seed":false,"campfire_upgraded":4,"win_rate":0.0,"timestamp":1611309218,"path_taken":["M","M","M","?","?","E","R","$","T","R","M","M","?","?","R","BOSS","M","?","$","M","PTL","PTL","$","R","E","M"],"items_purchased_type":["Relic","Relic","Card"],"build_version":"2020-12-22","purchased_purges":1,"victory":false,"max_hp_per_floor":[80,80,80,80,80,80,80,87,87,87,87,87,87,87,87,87,87,87,87,87,87,87,87,87,87,87,87,87],"card_choices":[{"not_picked":["Bloodletting","Body Slam"],"picked":"ReplayTheSpireMod:Strike From Hell","floor":1},{"not_picked":["Armaments","Massacre","ReplayTheSpireMod:Strike From Hell"],"picked":"SKIP","floor":2},{"not_picked":["Blood for Blood","Combust"],"picked":"Spot Weakness","floor":3},{"not_picked":["Warcry","Iron Wave"],"picked":"Pommel Strike","floor":6},{"not_picked":["ReplayTheSpireMod:Corrosion Curse","Abandon"],"picked":"True Grit","floor":11},{"not_picked":["Defy Death","Bludgeon"],"picked":"Sword Boomerang","floor":12},{"not_picked":["Seeing Red","Abandon"],"picked":"Dark Embrace","floor":14},{"not_picked":["Immolate","Impervious"],"picked":"Offering","floor":16},{"not_picked":["Clothesline+1","Searing Blow"],"picked":"Uppercut","floor":18},{"not_picked":["Heavy Blade","ReplayTheSpireMod:Strike From Hell"],"picked":"Shrug It Off+1","floor":21},{"not_picked":["Metallicize+1","ReplayTheSpireMod:Muscle Training","Body Slam"],"picked":"SKIP","floor":26}],"player_experience":61210,"relics_obtained":[{"floor":6,"key":"Chameleon Ring"},{"floor":9,"key":"Bottled Lightning"},{"floor":19,"key":"Ring of Panic"},{"floor":19,"key":"Ring of Fury"},{"floor":26,"key":"Garlic"}],"event_choices":[{"cards_removed":["Defend_R"],"damage_healed":0,"gold_gain":0,"player_choice":"Card Removal","damage_taken":7,"max_hp_gain":0,"max_hp_loss":0,"event_name":"Golden Wing","floor":4,"gold_loss":0},{"damage_healed":0,"gold_gain":0,"cards_transformed":["Strike_R"],"player_choice":"Change","damage_taken":0,"max_hp_gain":0,"max_hp_loss":0,"event_name":"Living Wall","floor":5,"gold_loss":0,"cards_obtained":["Disarm"]},{"damage_healed":0,"gold_gain":175,"player_choice":"AGREE","damage_taken":0,"max_hp_gain":0,"max_hp_loss":0,"event_name":"Liars Game","floor":13,"gold_loss":0,"cards_obtained":["Doubt"]}],"is_beta":false,"boss_relics":[{"not_picked":["ChewingGum","Snecko Eye"],"picked":"Empty Cage"}],"items_purged_floors":[20],"is_endless":false,"potions_floor_spawned":[3,11,12,14,16,21],"killed_by":"Centurion and Healer","ascension_level":0}}