{"host":"6jrd8fn9k88n08be","time":1611281449,"event":{"mods":["BaseMod","Minty Spire (QoL Compilation)","StSLib"],"gold_per_floor":[117,127,127,137,155,185,185,210,210,210,210,226,241,20,20,119,119,175,187,199,211,236,248,260,260],"floor_reached":24,"language":"ENG","playtime":1034,"items_purged":["Strike_P"],"score":268,"play_id":"ee636fbf-5c14-4b22-9060-43be4cc083ec","local_time":"20210121211049","is_ascension_mode":true,"campfire_choices":[{"data":"Eruption","floor":10,"key":"SMITH"},{"floor":15,"key":"REST"},{"floor":23,"key":"REST"}],"circlet_count":0,"master_deck":["Strike_P","Strike_P","Defend_P","Defend_P","Defend_P","Defend_P","Eruption+1","Vigilance","Adaptation","EmptyBody","SandsOfTime+1","FlurryOfBlows","Pray","FollowUp","CrushJoints","WreathOfFlame","CrushJoints","Wish","Devotion","CurseOfTheBell","Crescendo","FearNoEvil"],"relics":["PureWater","NeowsBlessing","Anchor","The Courier","CaptainsWheel","Bottled Flame","Calling Bell","MawBank","Pear","Dead Branch","Lantern"],"acts_visited":["Exordium","TheCity"],"potions_floor_usage":[16,16,18,20],"damage_taken":[{"damage":0,"enemies":"Cultist","floor":1,"turns":1},{"damage":0,"enemies":"Jaw Worm","floor":2,"turns":1},{"damage":0,"enemies":"2 Louse","floor":4,"turns":2},{"damage":3,"enemies":"Looter","floor":5,"turns":3},{"damage":18,"enemies":"3 Sentries","floor":6,"turns":6},{"damage":22,"enemies":"Gremlin Nob","floor":8,"turns":4},{"damage":0,"enemies":"Large Slime","floor":12,"turns":3},{"damage":0,"enemies":"3 Louse","floor":13,"turns":2},{"damage":35,"enemies":"The Guardian","floor":16,"turns":12},{"damage":14,"enemies":"Shell Parasite","floor":18,"turns":4},{"damage":29,"enemies":"3 Byrds","floor":20,"turns":5},{"damage":25,"enemies":"3 Cultists","floor":22,"turns":6},{"damage":44,"enemies":"Cultist and Chosen","floor":24,"turns":5}],"seed_played":"-597758694976346480","potions_obtained":[{"floor":2,"key":"SteroidPotion"},{"floor":4,"key":"SmokeBomb"},{"floor":8,"key":"Block Potion"},{"floor":13,"key":"Weak Potion"},{"floor":16,"key":"DistilledChaos"}],"is_trial":false,"path_per_floor":["M","M","?","M","M","E","T","E","T","R","?","M","M","$","R","B",null,"M","?","M","?","M","R","M"],"character_chosen":"WATCHER","items_purchased":["CrushJoints","Wish"],"campfire_rested":2,"item_purchase_floors":[14,14],"current_hp_per_floor":[72,72,65,65,62,44,44,22,22,22,22,22,22,22,43,8,82,68,68,39,39,14,38,0,0],"gold":260,"neow_bonus":"THREE_ENEMY_KILL","is_daily":false,"chose_seed":false,"campfire_upgraded":1,"win_rate":0.0,"timestamp":1611281449,"path_taken":["M","M","?","M","M","E","?","E","T","R","?","M","M","$","R","BOSS","M","?","M","?","M","R","M"],"items_purchased_type":["Card","Card"],"build_version":"2020-12-22","purchased_purges":1,"victory":false,"max_hp_per_floor":[72,72,72,72,72,72,72,72,72,72,72,72,72,72,72,72,82,82,82,82,82,82,82,82,82],"card_choices":[{"not_picked":["PathToVictory","WindmillStrike"],"picked":"Adaptation","floor":1},{"not_picked":["PathToVictory","Consecrate"],"picked":"EmptyBody","floor":2},{"not_picked":["LikeWater","Indignation"],"picked":"SandsOfTime","floor":4},{"not_picked":["TalkToTheHand","LikeWater"],"picked":"FlurryOfBlows","floor":5},{"not_picked":["EmptyBody","SashWhip"],"picked":"Pray","floor":6},{"not_picked":["WaveOfTheHand","SignatureMove"],"picked":"FollowUp","floor":8},{"not_picked":["Study","CarveReality"],"picked":"CrushJoints","floor":12},{"not_picked":["CutThroughFate","ThirdEye"],"picked":"WreathOfFlame","floor":13},{"not_picked":["DeusExMachina","Brilliance"],"picked":"Devotion","floor":16},{"not_picked":["Consecrate","CutThroughFate"],"picked":"Crescendo","floor":18},{"not_picked":["SandsOfTime","ThirdEye"],"picked":"FearNoEvil","floor":22}],"player_experience":116912,"relics_obtained":[{"floor":6,"key":"Anchor"},{"floor":7,"key":"The Courier"},{"floor":8,"key":"CaptainsWheel"},{"floor":9,"key":"Bottled Flame"},{"floor":17,"key":"MawBank"},{"floor":17,"key":"Pear"},{"floor":17,"key":"Dead Branch"}],"event_choices":[{"cards_removed":["Strike_P"],"damage_healed":0,"gold_gain":0,"player_choice":"Card Removal","damage_taken":7,"max_hp_gain":0,"max_hp_loss":0,"event_name":"Golden Wing","floor":3,"gold_loss":0},{"damage_healed":0,"gold_gain":0,"player_choice":"Grow","damage_taken":0,"max_hp_gain":0,"max_hp_loss":0,"event_name":"Living Wall","floor":11,"gold_loss":0,"cards_upgraded":["SandsOfTime"]},{"damage_healed":0,"gold_gain":0,"player_choice":"Ignored","damage_taken":0,"max_hp_gain":0,"max_hp_loss":0,"event_name":"Ghosts","floor":19,"gold_loss":0},{"damage_healed":0,"gold_gain":0,"player_choice":"Opened","damage_taken":0,"relics_obtained":["Lantern"],"max_hp_gain":0,"max_hp_loss":0,"event_name":"The Mausoleum","floor":21,"gold_loss":0}],"is_beta":false,"boss_relics":[{"not_picked":["SacredBark","Cursed Key"],"picked":"Calling Bell"}],"items_purged_floors":[14],"is_endless":false,"potions_floor_spawned":[2,4,8,13,16,20],"killed_by":"Cultist and Chosen","ascension_level":3}}