{"host":"ljavmhyz2e552xgo","time":1611352175,"event":{"mods":["BaseMod","Better Third Choice","Downfall","Friendly Minions","Minty Spire (QoL Compilation)","Permanent Neow","Spicy Shops","StSLib"],"gold_per_floor":[99,111,131,148,159,159,159,183,211,211,230,230,17,17,37,137,137,137,150,250,250,250,250],"floor_reached":21,"language":"ENG","playtime":1288,"items_purged":["Writhe"],"score":204,"play_id":"d2365337-1aa2-44e2-9392-6c52d848cbb3","local_time":"20210122154935","is_ascension_mode":false,"campfire_choices":[{"data":"champ:Execute","floor":1.0,"key":"SMITH"},{"data":"champ:BerserkersShout","floor":10,"key":"SMITH"},{"data":"champ:Backstep","floor":18,"key":"SMITH"}],"circlet_count":0,"master_deck":["champ:Strike","champ:Strike","champ:Strike+1","champ:Defend","champ:Defend","champ:Defend","champ:Execute+1","champ:Taunt","champ:Backstep+1","champ:BerserkersShout+1","champ:GutPunch","champ:Devastate+1","champ:FaceSlap","champ:RecklessLeap","champ:IronFortress","champ:BringItOn","champ:VampiricStrike","champ:EnGarde","champ:IronFortress","champ:VampiricStrike","champ:CalledShot","J.A.X."],"relics":["champ:ChampionCrown","Turnip","Kunai","Ornamental Fan","Odd Mushroom","Whetstone","Pear","Snecko Eye","MutagenicStrength"],"acts_visited":["Exordium","TheCity"],"potions_floor_usage":[16],"damage_taken":[{"damage":10.0,"enemies":"Small Slimes","floor":2.0,"turns":3.0},{"damage":10.0,"enemies":"2 Louse","floor":3.0,"turns":2.0},{"damage":11.0,"enemies":"Jaw Worm","floor":4.0,"turns":4.0},{"damage":38.0,"enemies":"Lots of Slimes","floor":5.0,"turns":5.0},{"damage":42,"enemies":"The Mushroom Lair","floor":8,"turns":6},{"damage":81,"enemies":"Lagavulin","floor":9,"turns":9},{"damage":20,"enemies":"Blue Slaver","floor":11,"turns":4},{"damage":35,"enemies":"downfall:FleeingMerchant","floor":13,"turns":4},{"damage":10,"enemies":"3 Louse","floor":15,"turns":4},{"damage":144,"enemies":"DF_ARCHETYPE_STREAMLINE","floor":16,"turns":11},{"damage":30,"enemies":"Spheric Guardian","floor":19,"turns":3},{"damage":57,"enemies":"downfall:Augmenter","floor":20,"turns":7},{"damage":0,"enemies":"Centurion and Healer","floor":21,"turns":1}],"seed_played":"5768589330912831633","potions_obtained":[{"floor":4.0,"key":"SmokeBomb"},{"floor":5.0,"key":"Fruit Juice"},{"floor":8,"key":"SpeedPotion"},{"floor":16,"key":"Energy Potion"},{"floor":20,"key":"Energy Potion"}],"is_trial":false,"path_per_floor":["R","M","M","M","M","?","T","?","E","R","M","?","$","?","M","B",null,"R","M","?","M"],"character_chosen":"THE_CHAMP","items_purchased":["Pear"],"campfire_rested":0,"item_purchase_floors":[13],"current_hp_per_floor":[90,90,90,89,86,86,86,74,43,43,38,48,58,94,94,30,115,115,115,93,93,93,93],"gold":250,"neow_bonus":"ONE_RARE_RELIC","is_daily":false,"chose_seed":false,"campfire_upgraded":3,"win_rate":0.0,"timestamp":1611352175,"path_taken":["R","M","M","M","M","?","T","?","E","R","M","?","$","?","M","BOSS","R","M","?","M"],"items_purchased_type":["Relic"],"build_version":"2020-12-22","purchased_purges":1,"victory":false,"max_hp_per_floor":[90,90,90,90,90,90,90,90,90,90,90,100,110,110,110,115,115,115,115,115,115,115,115],"card_choices":[{"not_picked":["champ:DefensiveShout","champ:CrownThrow"],"picked":"champ:Backstep","floor":2.0},{"not_picked":["champ:BringItOn","champ:Encircle"],"picked":"champ:BerserkersShout","floor":3.0},{"not_picked":["champ:PreciseThrust","champ:EndlessRage"],"picked":"champ:GutPunch","floor":4.0},{"not_picked":["champ:PreciseThrust","champ:GutPunch"],"picked":"champ:Devastate","floor":5.0},{"not_picked":["champ:CrownThrow","champ:RapidStrikes"],"picked":"champ:FaceSlap","floor":8},{"not_picked":["champ:GutPunch","champ:RapidStrikes"],"picked":"champ:RecklessLeap","floor":9},{"not_picked":["champ:EnGarde","champ:AdrenalArmor"],"picked":"champ:IronFortress","floor":13},{"not_picked":["champ:Lariat","champ:DefensiveShout"],"picked":"champ:BringItOn","floor":15},{"not_picked":["champ:ShieldThrow","champ:LastStand"],"picked":"champ:VampiricStrike","floor":16},{"not_picked":["champ:BladeFlurry+1","champ:FaceSlap"],"picked":"champ:EnGarde","floor":19},{"not_picked":["champ:TornadoPunch","champ:Circumvent"],"picked":"champ:CalledShot","floor":20},{"not_picked":[],"picked":"J.A.X.","floor":20}],"player_experience":1485169,"relics_obtained":[{"floor":7.0,"key":"Ornamental Fan"},{"floor":8,"key":"Odd Mushroom"},{"floor":9,"key":"Whetstone"},{"floor":20,"key":"MutagenicStrength"}],"event_choices":[{"damage_healed":0,"gold_gain":0,"player_choice":"Fought Mushrooms","damage_taken":0,"max_hp_gain":0,"max_hp_loss":0,"event_name":"Mushrooms","floor":8,"gold_loss":0},{"damage_healed":36,"gold_gain":0,"player_choice":"Banana","damage_taken":0,"max_hp_gain":0,"max_hp_loss":0,"event_name":"Big Fish","floor":14,"gold_loss":0}],"is_beta":false,"boss_relics":[{"not_picked":["SacredBark","Black Star"],"picked":"Snecko Eye"}],"items_purged_floors":[13],"is_endless":false,"potions_floor_spawned":[4,5,8,16,20],"killed_by":"Centurion and Healer","ascension_level":0}}