{"host":"j4g6ia6asvpyu2b0","time":1611345136,"event":{"mods":["BaseMod","Colored Map","Minty Spire (QoL Compilation)","Permanent Neow","Quick Restart","Relic Stats","StSLib","Unceasing Turn Reminder"],"gold_per_floor":[418,432,432,607,607,641,641,659,683,702,702,702,702],"floor_reached":12,"language":"ENG","playtime":307,"items_purged":[],"score":133,"play_id":"790ac8fc-47ac-4ecd-adcf-ce85b05b3f78","local_time":"20210122125216","is_ascension_mode":true,"campfire_choices":[{"data":"Zap","floor":7,"key":"SMITH"},{"data":"Consume","floor":11,"key":"SMITH"}],"circlet_count":0,"master_deck":["AscendersBane","Strike_B","Strike_B","Strike_B","Strike_B","Defend_B","Defend_B","Defend_B","Defend_B","Zap+1","Dualcast","Consume+1","Auto Shields","Doubt","All For One","Conserve Battery","Gash"],"relics":["Cracked Core","Old Coin","Centennial Puzzle"],"acts_visited":["Exordium"],"potions_floor_usage":[6,10],"damage_taken":[{"damage":7,"enemies":"Jaw Worm","floor":1,"turns":4},{"damage":4,"enemies":"Small Slimes","floor":2,"turns":3},{"damage":37,"enemies":"3 Sentries","floor":6,"turns":7},{"damage":1,"enemies":"Cultist","floor":8,"turns":3},{"damage":0,"enemies":"3 Louse","floor":10,"turns":3},{"damage":54,"enemies":"Gremlin Nob","floor":12,"turns":5}],"seed_played":"3783860591318008371","potions_obtained":[{"floor":2,"key":"BlessingOfTheForge"},{"floor":6,"key":"Regen Potion"},{"floor":10,"key":"Fruit Juice"}],"is_trial":false,"path_per_floor":["M","M","?","?","?","E","R","M","T","M","R","E"],"character_chosen":"DEFECT","items_purchased":[],"campfire_rested":0,"item_purchase_floors":[],"current_hp_per_floor":[57,53,53,53,71,34,34,33,33,38,38,0,0],"gold":702,"neow_bonus":"ONE_RARE_RELIC","is_daily":false,"chose_seed":false,"campfire_upgraded":2,"win_rate":0.0,"timestamp":1611345136,"path_taken":["M","M","?","?","?","E","R","M","T","M","R","E"],"items_purchased_type":[],"build_version":"2020-12-22","purchased_purges":0,"victory":false,"max_hp_per_floor":[71,71,71,71,71,71,71,71,71,76,76,76,76],"relic_stats":{"Centennial Puzzle":[6],"counters":[6,25],"obtain_stats":[{"Centennial Puzzle":6,"Cracked Core":0,"Old Coin":0},{"Centennial Puzzle":3,"Cracked Core":0,"Old Coin":0},{"Centennial Puzzle":14,"Cracked Core":0,"Old Coin":0}]},"card_choices":[{"not_picked":["Redo","Force Field"],"picked":"Consume","floor":1},{"not_picked":["Undo","Compile Driver"],"picked":"Auto Shields","floor":2},{"not_picked":["Storm","Force Field"],"picked":"All For One","floor":6},{"not_picked":["Steam","Go for the Eyes"],"picked":"Conserve Battery","floor":8},{"not_picked":["Hologram","Lockon"],"picked":"Gash","floor":10}],"player_experience":932937,"relics_obtained":[{"floor":6,"key":"Centennial Puzzle"}],"event_choices":[{"cards_removed":["Pain"],"damage_healed":0,"gold_gain":0,"player_choice":"Forget","damage_taken":0,"max_hp_gain":0,"max_hp_loss":0,"event_name":"Living Wall","floor":3,"gold_loss":0},{"damage_healed":0,"gold_gain":175,"player_choice":"AGREE","damage_taken":0,"max_hp_gain":0,"max_hp_loss":0,"event_name":"Liars Game","floor":4,"gold_loss":0,"cards_obtained":["Doubt"]},{"damage_healed":18,"gold_gain":0,"player_choice":"Full Heal","damage_taken":0,"max_hp_gain":0,"max_hp_loss":0,"event_name":"Wheel of Change","floor":5,"gold_loss":0}],"is_beta":false,"boss_relics":[],"items_purged_floors":[],"is_endless":false,"potions_floor_spawned":[2,6,10],"killed_by":"Gremlin Nob","ascension_level":14}}