{"host":"54jr43vd79817238","time":1611321428,"event":{"mods":["100% Spire Juice","ATMod(°¢èªMod)","Act Like it!","Arknights The Spire","Aspiration","BaseMod","CapriCore","Dota2Spire","Friendly Minions","Gensokyo","Hallownest","Hermit","Jedi Mod","KinomotoSakuraMod(Ä¾Ö®±¾Ó£)","Koishi","Lobotomy","LobotomyExtend","Mari Mod (Legacy)","Mari\u0027s V1 Patch","Marisa£¨ìFÓê¡¡Ä§ÀíÉ³£©","Minty Spire (QoL Compilation)","MostiFishMod","Quarter Circle Forward PUNCH!","Replay The Spire","Robot Space Explorer","RumiaBox-Â¶Ã×æ«µÄÉñÃØºÐ×Ó","Spicy Shops","StSLib","TestMod","The Dragon Tamer","The Marked","WarShipGirlsR/Õ½½¢ÉÙÅ®R mod","Yakumo Yukari mod","Youmu£¨»êÆÇÑýÃÎ£©","vexMod","¡¾ÒÅÎï¿¨ÅÆ¡¿REMEMod"],"gold_per_floor":[111,129,148,158,158,184,204,204,204,204,253,253,253,273,238,84,84,189,189,208,228,228,228,246,246,264,264,287,299,317,317,331,331,331],"floor_reached":33,"language":"ZHS","playtime":2047,"items_purged":[],"score":264,"play_id":"4c962447-e3f4-4a97-901d-22381112f7cf","local_time":"20210122211708","is_ascension_mode":true,"campfire_choices":[{"floor":10,"key":"RECALL"},{"data":"theMarked:Improvise","floor":13,"key":"SMITH"},{"floor":17,"key":"REST"},{"data":"theMarked:SummonStrength","floor":25,"key":"SMITH"},{"data":"AT_ShrugMaster","floor":27,"key":"SMITH"},{"data":"theMarked:Indomitable","floor":31,"key":"SMITH"}],"circlet_count":0,"master_deck":["theMarked:Strike","theMarked:Strike","theMarked:Strike","theMarked:Strike","theMarked:Defend","theMarked:Defend","theMarked:Defend","theMarked:Defend","theMarked:SoldierOfQuellstein","AT_ShrugMaster+1","theMarked:RogueSparks","theMarked:PowerFlow","theMarked:Improvise+1","theMarked:Static","jedi:BattleThirst","Regret","Replay:Sluggish","theMarked:ChannelForce","theMarked:TakeOffHeels","theMarked:HeritageOfTheMarked","theMarked:SummonStrength+1","theMarked:SwordAndMagic","theMarked:Levitate","theMarked:Indomitable+1","theMarked:AttractMetal+1"],"relics":["theMarked:ArtifactOfAir","testmod-TestBox","DaveBox","REME_ComplimentaryCards","AT_ATBox","qcfpunch:Army_Boots","OriginationStaff","testmod-BlackFramedGlasses","SynthV:TestCard","LetterFromLob","testmod-Laevatain","vexMod:BarristanHead","testmod-NegativeEmotionEnhancer","Ccalipers"],"acts_visited":["Exordium","Hallownest:CityofTears"],"potions_floor_usage":[3,6,20,29,32],"damage_taken":[{"damage":7,"enemies":"Jaw Worm","floor":1,"turns":4},{"damage":1,"enemies":"Cultist","floor":2,"turns":4},{"damage":0,"enemies":"Small Slimes","floor":3,"turns":4},{"damage":0,"enemies":"Looter","floor":4,"turns":4},{"damage":25,"enemies":"Gremlin Nob","floor":6,"turns":5},{"damage":16,"enemies":"Red Slaver","floor":7,"turns":3},{"damage":14,"enemies":"Lots of Slimes","floor":14,"turns":4},{"damage":26,"enemies":"Hexaghost","floor":18,"turns":7},{"damage":11,"enemies":"Hallownest:Flukemon_and_Top","floor":20,"turns":5},{"damage":11,"enemies":"Hallownest:2_Mistakes","floor":21,"turns":3},{"damage":7,"enemies":"Hallownest:monsterShrumalOgre","floor":24,"turns":4},{"damage":34,"enemies":"Hallownest:2_Husk_Sentries","floor":26,"turns":5},{"damage":5,"enemies":"Hallownest:Master_and_Novice","floor":29,"turns":4},{"damage":12,"enemies":"Hallownest:monsterShrumalOgre","floor":30,"turns":4},{"damage":11,"enemies":"Hallownest:Warrior_and_Youth","floor":32,"turns":3},{"damage":20,"enemies":"Hallownest:3_Mistakes","floor":33,"turns":2}],"seed_played":"-6715241443977078794","potions_obtained":[{"floor":3,"key":"REME_GoldPotion"},{"floor":4,"key":"SpeedPotion"},{"floor":7,"key":"Swift Potion"},{"floor":24,"key":"EssenceOfSteel"},{"floor":30,"key":"ColorlessPotion"}],"is_trial":false,"path_per_floor":["M","M","M","M","?","E","M","PTL","PTL","R","T","M","R","M","?","$","R","B",null,"M","M","?","$","M","R","M","R","T","M","M","R","M","M"],"character_chosen":"THE_DEFAULT","items_purchased":["vexMod:BarristanHead"],"campfire_rested":1,"item_purchase_floors":[16],"current_hp_per_floor":[66,69,70,70,70,48,35,35,35,35,35,35,35,25,42,42,63,44,70,65,60,67,67,66,66,40,40,40,42,36,36,31,13,13],"gold":331,"neow_bonus":"RANDOM_COMMON_RELIC","is_daily":false,"chose_seed":false,"campfire_upgraded":4,"win_rate":0.0,"timestamp":1611321428,"path_taken":["M","M","M","M","?","E","M","PTL","PTL","R","T","M","R","?","?","$","R","BOSS","M","M","?","$","M","R","M","R","T","M","?","R","M","?"],"items_purchased_type":["Relic"],"build_version":"2020-12-22","purchased_purges":0,"victory":false,"max_hp_per_floor":[70,70,70,70,70,70,70,70,70,70,70,70,70,70,70,70,70,70,70,71,72,72,72,73,73,74,74,74,75,76,76,77,77,77],"card_choices":[{"not_picked":["theMarked:ChainLightning","theMarked:EmpowerWeapon"],"picked":"theMarked:RogueSparks","floor":1},{"not_picked":["theMarked:Overcharge","theMarked:WardOff","theMarked:Opportunist","theMarked:ReduceFriction"],"picked":"theMarked:PowerFlow","floor":2},{"not_picked":["theMarked:BanishingStrike","theMarked:ElectricStrings","theMarked:Parry","theMarked:EnhanceMovement"],"picked":"theMarked:Improvise","floor":3},{"not_picked":["theMarked:TwofoldDefense","theMarked:WardOff","theMarked:WastefulAttack","theMarked:EmpowerWeapon"],"picked":"theMarked:Static","floor":4},{"not_picked":["theMarked:WastefulAttack","theMarked:TunnelVision","theMarked:Improvise","theMarked:HeightenedSenses"],"picked":"theMarked:ChannelForce","floor":6},{"not_picked":["theMarked:Frustration","theMarked:ResourceFulStrike","theMarked:ChainLightning","theMarked:RepellingDischarge"],"picked":"theMarked:TakeOffHeels","floor":7},{"not_picked":["theMarked:Improvise","theMarked:RepellingDischarge","theMarked:ResourceFulStrike","theMarked:GodGivenPower"],"picked":"theMarked:HeritageOfTheMarked","floor":14},{"not_picked":["theMarked:ChannelForce","theMarked:SuspiciousRaven","theMarked:Vacuum","theMarked:BindingBlade"],"picked":"theMarked:SummonStrength","floor":18},{"not_picked":["theMarked:BanishingStrike+1","theMarked:MaelstromOfLightning","theMarked:Opportunist","theMarked:WastefulDefense+1"],"picked":"theMarked:SwordAndMagic","floor":20},{"not_picked":["theMarked:Seal","theMarked:ResourceFulStrike","theMarked:Static","theMarked:TwofoldDefense+1","theMarked:ChainLightning+1"],"picked":"SKIP","floor":21},{"not_picked":["theMarked:Frustration+1","theMarked:TwofoldDefense","theMarked:ResourceFulStrike","theMarked:BanishingStrike","theMarked:ElectricStrings"],"picked":"SKIP","floor":24},{"not_picked":["theMarked:WardOff","theMarked:SwordAndMagic","theMarked:RepellingDischarge","theMarked:Parkour"],"picked":"theMarked:Levitate","floor":26},{"not_picked":["theMarked:Overthink+1","theMarked:KeepCalmAndFightOn+1","theMarked:ChainLightning","theMarked:BanishingWave"],"picked":"theMarked:Indomitable","floor":29},{"not_picked":["theMarked:Aftermath","theMarked:HeightenedSenses+1","theMarked:ElectricStrings","theMarked:Polarize"],"picked":"theMarked:AttractMetal+1","floor":30},{"not_picked":["theMarked:Parry","theMarked:Electrify","theMarked:WastefulAttack+1","theMarked:BanishingStrike","theMarked:RepellingDischarge"],"picked":"SKIP","floor":32}],"player_experience":265825,"relics_obtained":[{"floor":1,"key":"SynthV:TestCard"},{"floor":3,"key":"LetterFromLob"},{"floor":6,"key":"testmod-Laevatain"},{"floor":28,"key":"Ccalipers"}],"event_choices":[{"cards_removed":["theMarked:Strike"],"damage_healed":0,"gold_gain":0,"player_choice":"Offered Basic","damage_taken":0,"max_hp_gain":0,"max_hp_loss":0,"event_name":"Bonfire Elementals","floor":5,"gold_loss":0},{"damage_healed":17,"gold_gain":0,"player_choice":"Healed","damage_taken":0,"max_hp_gain":0,"max_hp_loss":0,"event_name":"The Cleric","floor":15,"gold_loss":35}],"is_beta":false,"boss_relics":[{"not_picked":["EE1DDrone","GuanYuAspect"],"picked":"testmod-NegativeEmotionEnhancer"}],"items_purged_floors":[],"is_endless":false,"potions_floor_spawned":[3,4,7,24,30],"killed_by":"Hallownest:3_Mistakes","ascension_level":1}}