{"host":"a5lz0e76zb3fcwkm","time":1611287184,"event":{"mods":["AchievementEnabler","BaseMod","Colored Map","Colored Powertips","Minty Spire (QoL Compilation)","StSLib","SuperFastMode"],"gold_per_floor":[116,133,133,133,133,133,167,167,167,186,461,479,479,52,52,128,128,143,143,160,3,14,45,55,55,55,55,83,83,97,12,12,86,86,105,105,122,122,147,176,176,203,279,279,279,293,305,305,305,305,305,305,305,10,42,42,42],"floor_reached":56,"language":"KOR","playtime":4362,"items_purged":["Regret"],"score":2082,"play_id":"79c0da3c-22da-4986-9677-92f8a20473a5","local_time":"20210122124624","is_ascension_mode":true,"campfire_choices":[{"data":"1","floor":6.0,"key":"LIFT"},{"data":"2","floor":8.0,"key":"LIFT"},{"data":"Apotheosis","floor":15.0,"key":"SMITH"},{"data":"3","floor":25.0,"key":"LIFT"},{"floor":29.0,"key":"REST"},{"floor":32.0,"key":"RECALL"},{"data":"Adrenaline","floor":41.0,"key":"SMITH"},{"data":"Burst","floor":44.0,"key":"SMITH"},{"data":"Neutralize","floor":49.0,"key":"SMITH"},{"floor":53.0,"key":"REST"}],"circlet_count":0,"master_deck":["AscendersBane","Strike_G","Strike_G","Strike_G","Strike_G","Defend_G","Defend_G","Defend_G","Defend_G","Defend_G+1","Survivor+1","Neutralize+1","PiercingWail","Acrobatics","Blade Dance","Corpse Explosion","Blade Dance","Adrenaline+1","Blade Dance","Terror","Venomology","Apotheosis+1","Phantasmal Killer","Escape Plan","Backflip","Burst+1","Calculated Gamble+1","Injury","Escape Plan","Finisher","Accuracy"],"relics":["Ring of the Snake","NeowsBlessing","Girya","Question Card","InkBottle","Orichalcum","Orrery","SlaversCollar","Sundial","Membership Card","Paper Crane","Mango","Tingsha","Oddly Smooth Stone","Cursed Key","Pocketwatch","Lantern","Pear","Turnip","TheAbacus","CaptainsWheel"],"acts_visited":["Exordium","TheCity","TheBeyond","TheEnding"],"potions_floor_usage":[55,55,55,56],"damage_taken":[{"damage":0.0,"enemies":"Jaw Worm","floor":1.0,"turns":1.0},{"damage":0.0,"enemies":"2 Louse","floor":2.0,"turns":1.0},{"damage":0.0,"enemies":"3 Sentries","floor":7.0,"turns":1.0},{"damage":8.0,"enemies":"Small Slimes","floor":10.0,"turns":3.0},{"damage":4.0,"enemies":"Gremlin Gang","floor":12.0,"turns":2.0},{"damage":4.0,"enemies":"Slime Boss","floor":16.0,"turns":6.0},{"damage":0.0,"enemies":"3 Byrds","floor":18.0,"turns":3.0},{"damage":2.0,"enemies":"Shell Parasite","floor":20.0,"turns":3.0},{"damage":7.0,"enemies":"Shelled Parasite and Fungi","floor":22.0,"turns":3.0},{"damage":18.0,"enemies":"Slavers","floor":23.0,"turns":3.0},{"damage":0.0,"enemies":"3 Cultists","floor":24.0,"turns":2.0},{"damage":0.0,"enemies":"Gremlin Leader","floor":28.0,"turns":3.0},{"damage":0.0,"enemies":"Centurion and Healer","floor":30.0,"turns":3.0},{"damage":4.0,"enemies":"Collector","floor":33.0,"turns":4.0},{"damage":3.0,"enemies":"3 Darklings","floor":35.0,"turns":3.0},{"damage":0.0,"enemies":"Orb Walker","floor":37.0,"turns":3.0},{"damage":0.0,"enemies":"Mind Bloom Boss Battle","floor":39.0,"turns":4.0},{"damage":5.0,"enemies":"Reptomancer","floor":40.0,"turns":4.0},{"damage":3.0,"enemies":"Nemesis","floor":42.0,"turns":3.0},{"damage":5.0,"enemies":"3 Darklings","floor":46.0,"turns":3.0},{"damage":0.0,"enemies":"Sphere and 2 Shapes","floor":47.0,"turns":1.0},{"damage":29.0,"enemies":"Time Eater","floor":50.0,"turns":12.0},{"damage":29.0,"enemies":"Awakened One","floor":51.0,"turns":7.0},{"damage":26,"enemies":"Shield and Spear","floor":55,"turns":4},{"damage":63,"enemies":"The Heart","floor":56,"turns":3}],"seed_played":"-812883301073455551","potions_obtained":[{"floor":2.0,"key":"CunningPotion"},{"floor":10.0,"key":"PowerPotion"},{"floor":16.0,"key":"AttackPotion"},{"floor":23.0,"key":"SpeedPotion"},{"floor":28.0,"key":"Block Potion"},{"floor":30.0,"key":"Strength Potion"},{"floor":33.0,"key":"GhostInAJar"}],"is_trial":false,"path_per_floor":["M","M","?","?","?","R","E","R","T","M","?","M","?","$","R","B",null,"M","?","M","$","M","E","M","R","T","?","E","R","M","$","R","B",null,"M","?","M","?","?","E","R","E","T","R","?","M","M","?","R","B","B",null,"R","$","E","B"],"character_chosen":"THE_SILENT","items_purchased":["Orrery","Apotheosis","Membership Card","Oddly Smooth Stone","Accuracy","Turnip","TheAbacus"],"campfire_rested":2,"item_purchase_floors":[14,14,21,31,54,54,54],"current_hp_per_floor":[59,59,39,34,34,34,34,34,34,26,26,22,22,22,22,18,54,54,54,52,52,45,27,27,27,41,35,35,59,59,59,59,55,74,71,71,71,71,71,66,66,73,73,73,73,68,68,68,68,39,10,67,86,86,60,0,0],"gold":42,"neow_bonus":"THREE_ENEMY_KILL","is_daily":false,"chose_seed":false,"campfire_upgraded":4,"win_rate":0.0,"timestamp":1611287184,"path_taken":["M","M","?","?","?","R","E","R","T","M","?","?","?","$","R","BOSS","M","?","M","$","M","E","?","R","T","?","E","R","M","?","R","BOSS","M","?","M","?","?","E","R","E","T","R","?","M","?","?","R","BOSS","BOSS","R","$","E","BOSS"],"items_purchased_type":["Relic","Card","Relic","Relic","Card","Relic","Relic"],"build_version":"2020-12-22","purchased_purges":1,"victory":false,"max_hp_per_floor":[66,66,66,66,66,66,66,66,66,66,66,66,66,66,66,66,66,66,66,66,66,66,66,66,66,80,80,80,80,80,80,80,80,80,80,76,76,76,76,76,76,86,86,86,86,86,86,86,86,86,86,86,86,86,86,86,86],"card_choices":[{"not_picked":["Deflect","All Out Attack"],"picked":"PiercingWail","floor":1.0},{"not_picked":["Backflip","Flechettes"],"picked":"Acrobatics","floor":2.0},{"not_picked":["Bane","Cloak And Dagger"],"picked":"Blade Dance","floor":7.0},{"not_picked":["Concentrate","Dodge and Roll","Finisher"],"picked":"Corpse Explosion","floor":10.0},{"not_picked":["Prepared","Flying Knee","Outmaneuver"],"picked":"Blade Dance","floor":12.0},{"not_picked":["Leg Sweep","Poisoned Stab","Well Laid Plans"],"picked":"Adrenaline","floor":14.0},{"not_picked":["Dagger Spray","Corpse Explosion","PiercingWail"],"picked":"Blade Dance","floor":14.0},{"not_picked":["Slice","Concentrate","Crippling Poison"],"picked":"Terror","floor":14.0},{"not_picked":["Flying Knee","Riddle With Holes","Dodge and Roll"],"picked":"Venomology","floor":14.0},{"not_picked":["Tools of the Trade","Grand Finale","Unload"],"picked":"Phantasmal Killer","floor":16.0},{"not_picked":["Blade Dance","Dagger Spray","Slice+1","Backstab"],"picked":"SKIP","floor":18.0},{"not_picked":["Terror","Expertise+1","Dagger Spray"],"picked":"Escape Plan","floor":20.0},{"not_picked":["Slice","Outmaneuver","Underhanded Strike","Deadly Poison"],"picked":"SKIP","floor":22.0},{"not_picked":["Poisoned Stab","Underhanded Strike","Grand Finale","Flechettes"],"picked":"SKIP","floor":23.0},{"not_picked":["Expertise","Terror","All Out Attack+1"],"picked":"Backflip","floor":24.0},{"not_picked":["Bane","Flying Knee","Dodge and Roll+1","Catalyst"],"picked":"SKIP","floor":28.0},{"not_picked":["Dodge and Roll","Blade Dance","Choke","Deadly Poison"],"picked":"SKIP","floor":30.0},{"not_picked":["Phantasmal Killer","Venomology","Unload"],"picked":"Burst","floor":33.0},{"not_picked":["Acrobatics","Backflip","Deflect","Bane"],"picked":"SKIP","floor":35.0},{"not_picked":["Dagger Throw","Heel Hook","Poisoned Stab+1","Deadly Poison+1"],"picked":"SKIP","floor":37.0},{"not_picked":["Catalyst+1","Riddle With Holes","Dagger Throw"],"picked":"Calculated Gamble+1","floor":40.0},{"not_picked":["Crippling Poison","Choke","PiercingWail","Skewer"],"picked":"SKIP","floor":42.0},{"not_picked":["Underhanded Strike","Outmaneuver","A Thousand Cuts"],"picked":"Escape Plan","floor":46.0},{"not_picked":["Choke","Masterful Stab","Dagger Spray"],"picked":"Finisher","floor":47.0},{"not_picked":["Blade Dance","Catalyst","Deadly Poison","Choke"],"picked":"SKIP","floor":55}],"player_experience":1776533,"relics_obtained":[{"floor":7.0,"key":"Question Card"},{"floor":9.0,"key":"InkBottle"},{"floor":19.0,"key":"Sundial"},{"floor":23.0,"key":"Paper Crane"},{"floor":26.0,"key":"Mango"},{"floor":28.0,"key":"Tingsha"},{"floor":39.0,"key":"Pocketwatch"},{"floor":40.0,"key":"Lantern"},{"floor":42.0,"key":"Pear"},{"floor":55,"key":"CaptainsWheel"}],"event_choices":[{"damage_healed":0.0,"max_hp_gain":0.0,"max_hp_loss":0.0,"gold_gain":0.0,"event_name":"Shining Light","player_choice":"Entered Light","floor":3.0,"gold_loss":0.0,"damage_taken":20.0,"cards_upgraded":["Defend_G","Survivor"]},{"damage_healed":0.0,"max_hp_gain":0.0,"max_hp_loss":0.0,"gold_gain":0.0,"event_name":"Scrap Ooze","player_choice":"Success","floor":4.0,"gold_loss":0.0,"damage_taken":5.0,"relics_obtained":["Girya"]},{"damage_healed":0.0,"max_hp_gain":0.0,"max_hp_loss":0.0,"gold_gain":0.0,"event_name":"Liars Game","player_choice":"Ignored","floor":5.0,"gold_loss":0.0,"damage_taken":0.0},{"damage_healed":0.0,"max_hp_gain":0.0,"max_hp_loss":0.0,"gold_gain":275.0,"event_name":"Golden Shrine","player_choice":"Desecrate","floor":11.0,"gold_loss":0.0,"damage_taken":0.0,"cards_obtained":["Regret"]},{"damage_healed":0.0,"max_hp_gain":0.0,"max_hp_loss":0.0,"gold_gain":0.0,"event_name":"WeMeetAgain","player_choice":"Gave Potion","floor":13.0,"gold_loss":0.0,"damage_taken":0.0,"relics_obtained":["Orichalcum"]},{"damage_healed":0.0,"max_hp_gain":0.0,"max_hp_loss":0.0,"gold_gain":0.0,"event_name":"Wheel of Change","player_choice":"Relic","floor":19.0,"gold_loss":0.0,"damage_taken":0.0},{"damage_healed":0.0,"max_hp_gain":0.0,"max_hp_loss":0.0,"gold_gain":0.0,"event_name":"Knowing Skull","player_choice":"","floor":27.0,"potions_obtained":[],"gold_loss":0.0,"damage_taken":6.0,"cards_obtained":[]},{"damage_healed":0.0,"max_hp_gain":0.0,"max_hp_loss":4.0,"gold_gain":0.0,"event_name":"Winding Halls","player_choice":"Max HP","floor":36.0,"gold_loss":0.0,"damage_taken":0.0},{"damage_healed":0.0,"max_hp_gain":0.0,"max_hp_loss":0.0,"gold_gain":0.0,"event_name":"SensoryStone","player_choice":"Memory 1","floor":38.0,"gold_loss":0.0,"damage_taken":0.0},{"damage_healed":0.0,"max_hp_gain":0.0,"max_hp_loss":0.0,"gold_gain":0.0,"event_name":"MindBloom","player_choice":"Fight","floor":39.0,"gold_loss":0.0,"damage_taken":0.0},{"cards_removed":["Strike_G"],"damage_healed":0.0,"max_hp_gain":0.0,"max_hp_loss":0.0,"gold_gain":0.0,"event_name":"Falling","player_choice":"Removed Attack","floor":45.0,"gold_loss":0.0,"damage_taken":0.0},{"damage_healed":0.0,"max_hp_gain":0.0,"max_hp_loss":0.0,"gold_gain":0.0,"event_name":"Tomb of Lord Red Mask","player_choice":"Ignored","floor":48.0,"gold_loss":0.0,"damage_taken":0.0}],"is_beta":false,"boss_relics":[{"not_picked":["Velvet Choker","Ectoplasm"],"picked":"SlaversCollar"},{"not_picked":["Coffee Dripper","Runic Pyramid"],"picked":"Cursed Key"}],"items_purged_floors":[14],"is_endless":false,"potions_floor_spawned":[2,10,16,23,28,30,33,35,37,40,47],"killed_by":"The Heart","ascension_level":20}}