{"host":"yw3evqd6vz25gg9c","time":1611296808,"event":{"mods":["2.2 Compatiblity","BaseMod","Downfall","Marked Mod","Minty Spire (QoL Compilation)","Spire Arcade","StSLib","slay the spire mod where everything is the same but ironclad has a cowboy hat"],"gold_per_floor":[99,115,133,198,198,498,567,29,42,42,94,94,113,113,133,234,234,234,16,29,29,14,34,34,46,65,65,119,216,216,228,238,335,335,335,351,351,18,30,43,93,93,143,160,172,172,191,191,207,207],"floor_reached":51,"language":"ENG","playtime":4105,"items_purged":["Pain","Guardian:AncientConstruct","Guardian:Strike_Guardian"],"score":766,"play_id":"b4315cf5-27da-446e-aeb4-08f85c999bb7","local_time":"20210121232648","is_ascension_mode":false,"campfire_choices":[{"data":"Guardian:TwinSlam","floor":1,"key":"SMITH"},{"data":"Guardian:Orbwalk","floor":10,"key":"SMITH"},{"floor":12,"key":"REST"},{"data":"Guardian:ExploitGems","floor":18,"key":"SMITH"}],"circlet_count":0,"master_deck":["Guardian:Strike_Guardian","Guardian:Strike_Guardian","Guardian:Strike_Guardian","Guardian:Defend_Guardian+1","Guardian:Defend_Guardian","Guardian:Defend_Guardian+1","Guardian:TwinSlam+1","Guardian:StasisStrike","CurseOfTheBell","CurseOfTheBell","Guardian:Orbwalk+1","Guardian:BronzeOrb","Guardian:TemporalStrike","Guardian:GemFire","Guardian:ExploitGems+1","Guardian:StasisStrike","Guardian:PrismaticBeam","Guardian:Gem_White","Guardian:Gem_Synthetic","Guardian:Gem_Purple","Guardian:Gem_Crimson","Guardian:GemFinder+1","Guardian:Gem_Synthetic","Guardian:WalkerClaw","Guardian:Gem_Red","Guardian:Gem_Red","Guardian:Gem_Yellow","Guardian:Gem_Cyan","Guardian:Gem_Red","Guardian:Gem_Lightblue","Guardian:Gem_Red","Guardian:Gem_Lightblue","Pain"],"relics":["Guardian:ModeShifterPlus","Kunai","downfall:ExtraCursedBell","Orichalcum","Pantograph","Old Coin","Bottled Flame","Letter Opener","Nunchaku","Smiling Mask","Guardian:PickAxe","Nilry\u0027s Codex","Frozen Egg 2","Bag of Preparation","War Paint","Guardian:StasisSlotReductionRelic","PreservedInsect","Regal Pillow","Turnip"],"acts_visited":["Exordium","TheCity","TheBeyond"],"potions_floor_usage":[2,25,43,50,50,50],"damage_taken":[{"damage":0,"enemies":"2 Louse","floor":2,"turns":2},{"damage":1,"enemies":"Jaw Worm","floor":3,"turns":3},{"damage":19,"enemies":"3 Sentries","floor":4,"turns":12},{"damage":7,"enemies":"downfall:FleeingMerchant","floor":8,"turns":4},{"damage":6,"enemies":"Small Slimes","floor":9,"turns":3},{"damage":3,"enemies":"Blue Slaver","floor":13,"turns":3},{"damage":13,"enemies":"Lots of Slimes","floor":15,"turns":3},{"damage":41,"enemies":"DF_ARCHETYPE_STREAMLINE","floor":16,"turns":10},{"damage":0,"enemies":"downfall:FleeingMerchant","floor":19,"turns":4},{"damage":0,"enemies":"Spheric Guardian","floor":20,"turns":3},{"damage":0,"enemies":"downfall:FleeingMerchant","floor":22,"turns":4},{"damage":0,"enemies":"Cultist and Chosen","floor":23,"turns":5},{"damage":0,"enemies":"Centurion and Healer","floor":25,"turns":4},{"damage":0,"enemies":"Snecko","floor":26,"turns":4},{"damage":0,"enemies":"downfall:FleeingMerchant","floor":29,"turns":2},{"damage":0,"enemies":"3 Cultists","floor":31,"turns":3},{"damage":0,"enemies":"Snake Plant","floor":32,"turns":3},{"damage":0,"enemies":"SI_MIRROR_ARCHETYPE","floor":33,"turns":4},{"damage":0,"enemies":"3 Darklings","floor":36,"turns":1},{"damage":0,"enemies":"Orb Walker","floor":39,"turns":2},{"damage":0,"enemies":"Maw","floor":40,"turns":6},{"damage":0,"enemies":"Maw","floor":43,"turns":5},{"damage":0,"enemies":"Writhing Mass","floor":44,"turns":2},{"damage":22,"enemies":"4 Shapes","floor":45,"turns":2},{"damage":0,"enemies":"Spire Growth","floor":47,"turns":1},{"damage":6,"enemies":"3 Darklings","floor":49,"turns":2},{"damage":65,"enemies":"WA_ARCHETYPE_DIVINITY","floor":50,"turns":6}],"seed_played":"-1572846524167348741","potions_obtained":[{"floor":2,"key":"Fruit Juice"},{"floor":15,"key":"BlessingOfTheForge"},{"floor":23,"key":"Ancient Potion"},{"floor":26,"key":"Guardian:DefensiveModePotion"},{"floor":32,"key":"Strength Potion"},{"floor":43,"key":"champ:CounterPotion"},{"floor":45,"key":"Guardian:StasisDiscoveryPotion"}],"is_trial":false,"path_per_floor":["R","M","M","?","?","?","T","$","M","R","T","R","M","?","M","B",null,"R","$","M","?","$","M","T","M","M","?","T","$","R","M","M","B",null,"R","M","?","?","M","M","T","?","?","M","M","R","M","?","M","B",null],"character_chosen":"GUARDIAN","items_purchased":["Letter Opener","Guardian:BronzeOrb","Nunchaku","Guardian:PickAxe","Guardian:Gem_Cyan","War Paint"],"campfire_rested":1,"item_purchase_floors":[8,8,8,19,29,29],"current_hp_per_floor":[88,93,92,73,73,73,73,66,60,60,60,87,84,84,71,52,93,93,93,93,77,77,77,77,77,77,77,77,77,77,77,77,93,93,93,93,93,105,105,105,105,105,105,105,83,83,83,98,92,52],"gold":207,"neow_bonus":"TEN_PERCENT_HP_BONUS","is_daily":false,"chose_seed":false,"campfire_upgraded":3,"win_rate":0.0,"timestamp":1611296808,"path_taken":["R","M","M","?","?","?","T","?","?","R","?","R","M","?","M","BOSS","R","?","M","?","?","M","T","?","M","?","?","$","R","M","M","BOSS","R","M","?","?","M","M","T","?","?","M","M","R","?","?","M","BOSS"],"items_purchased_type":["Relic","Card","Relic","Relic","Card","Relic"],"build_version":"2020-12-22","purchased_purges":3,"victory":true,"max_hp_per_floor":[88,93,93,93,93,93,93,93,93,93,93,93,93,93,93,93,93,93,93,93,93,93,93,93,93,93,93,93,93,93,93,93,93,93,93,93,93,105,105,105,105,105,105,105,105,105,105,120,120,120],"card_choices":[{"not_picked":["Guardian:Planning","Guardian:Reroute"],"picked":"Guardian:Gem_Fragmented","floor":2},{"not_picked":["Guardian:Incinerate","Guardian:VentSteam"],"picked":"Guardian:Gem_Purple","floor":3},{"not_picked":["Guardian:BronzeArmor","Guardian:Emergency"],"picked":"Guardian:Gem_Fragmented","floor":4},{"not_picked":["Guardian:Gem_White","Guardian:Gem_Green"],"picked":"Guardian:Orbwalk","floor":8},{"not_picked":["Guardian:Suspension","Guardian:EvasiveProtocol"],"picked":"Guardian:DonusPower","floor":9},{"not_picked":["Guardian:ShieldCharger","Guardian:Gem_Green"],"picked":"Guardian:TemporalStrike","floor":13},{"not_picked":["Guardian:Repulse","Guardian:ShieldCharger"],"picked":"Guardian:GemFire","floor":15},{"not_picked":["Guardian:StasisStrike","Guardian:TimeSifter"],"picked":"Guardian:ExploitGems","floor":16},{"not_picked":["Guardian:PolyBeam","Guardian:ShieldCharger"],"picked":"Guardian:Gem_Red","floor":19},{"not_picked":["Guardian:WalkerClaw","Guardian:PiercingHide"],"picked":"Guardian:Gem_Cyan","floor":20},{"not_picked":["Guardian:BronzeArmor","Guardian:Planning"],"picked":"Guardian:StasisStrike","floor":22},{"not_picked":["Guardian:Incinerate+1","Guardian:Reroute"],"picked":"Guardian:PrismaticBeam","floor":23},{"not_picked":["Guardian:PrimingBeam","Guardian:GuardianWhirl+1"],"picked":"Guardian:Gem_Green","floor":25},{"not_picked":["Guardian:Suspension+1","Guardian:Preprogram+1"],"picked":"Guardian:Gem_Purple","floor":26},{"not_picked":["Guardian:PrismaticBeam","Guardian:DonusPower","Guardian:BronzeArmor"],"picked":"SKIP","floor":29},{"not_picked":["Guardian:StasisField","Guardian:Incinerate"],"picked":"Guardian:Gem_Purple","floor":31},{"not_picked":["Guardian:TemporalStrike","Guardian:Emergency"],"picked":"Guardian:Gem_Crimson","floor":32},{"not_picked":["Guardian:ExploitGems","Guardian:GemFire"],"picked":"Guardian:GemFinder+1","floor":33},{"not_picked":["Guardian:ArmoredProtocol+1","Guardian:PiercingHide+1"],"picked":"Guardian:WalkerClaw","floor":36},{"not_picked":["Guardian:Gem_Green","Guardian:Gem_Lightblue"],"picked":"Guardian:Gem_Red","floor":39},{"not_picked":["Guardian:StasisStrike","Guardian:ShieldCharger","Guardian:PrimingBeam"],"picked":"SKIP","floor":39},{"not_picked":["Guardian:Gem_Green","Guardian:Gem_Lightblue"],"picked":"Guardian:Gem_Red","floor":40},{"not_picked":["Guardian:Gem_Yellow","Guardian:ShieldSpikes","Guardian:ShieldCharger+1"],"picked":"SKIP","floor":40},{"not_picked":["Guardian:ShieldSpikes","Guardian:ShieldCharger+1"],"picked":"Guardian:Gem_Yellow","floor":40},{"not_picked":["Guardian:Recover","Guardian:Orbwalk+1"],"picked":"Guardian:Gem_Cyan","floor":44},{"not_picked":["Guardian:Gem_Lightblue","Guardian:Gem_Cyan"],"picked":"Guardian:Gem_Red","floor":45},{"not_picked":["Guardian:ChargeCore+1","Guardian:PiercingHide"],"picked":"Guardian:Gem_Lightblue","floor":45},{"not_picked":["Guardian:RollAttack","Guardian:Emergency","Guardian:VentSteam"],"picked":"SKIP","floor":47},{"not_picked":["Guardian:TemporalShield","Guardian:DecasProtection","Guardian:BodySlam"],"picked":"SKIP","floor":49}],"player_experience":156367,"relics_obtained":[{"floor":4,"key":"Kunai"},{"floor":6,"key":"Orichalcum"},{"floor":6,"key":"Pantograph"},{"floor":6,"key":"Old Coin"},{"floor":7,"key":"Bottled Flame"},{"floor":11,"key":"Smiling Mask"},{"floor":21,"key":"Nilry\u0027s Codex"},{"floor":24,"key":"Frozen Egg 2"},{"floor":28,"key":"Bag of Preparation"},{"floor":41,"key":"Regal Pillow"},{"floor":43,"key":"Turnip"}],"event_choices":[{"damage_healed":0,"gold_gain":0,"cards_transformed":["Guardian:Defend_Guardian"],"player_choice":"Change","damage_taken":0,"max_hp_gain":0,"max_hp_loss":0,"event_name":"Living Wall","floor":5,"gold_loss":0,"cards_obtained":["Guardian:StasisStrike"]},{"damage_healed":0,"gold_gain":0,"player_choice":"Ignored","damage_taken":0,"max_hp_gain":0,"max_hp_loss":0,"event_name":"NoteForYourself","floor":14,"gold_loss":0},{"cards_removed":["Guardian:Gem_Crimson"],"damage_healed":0,"gold_gain":0,"player_choice":"Removed Skill","damage_taken":0,"max_hp_gain":0,"max_hp_loss":0,"event_name":"Falling","floor":42,"gold_loss":0}],"is_beta":false,"boss_relics":[{"not_picked":["Snecko Eye","Tiny House"],"picked":"Guardian:ModeShifterPlus"},{"not_picked":["Coffee Dripper","Black Star"],"picked":"Guardian:StasisSlotReductionRelic"}],"items_purged_floors":[8,19,29],"is_endless":false,"potions_floor_spawned":[2,15,23,26,32,33,39,43,45,47],"ascension_level":0}}