{"host":"sc0o2qwpf9j16a4i","time":1611331241,"event":{"mods":["AchievementEnabler","BaseMod","BetterRewards","Block Reminder","Colored Map","Colored Powertips","Custom Start","Highlight Path","Minty Spire (QoL Compilation)","Relic Stats"],"gold_per_floor":[116,266,266,286,286,622,622,622],"floor_reached":7,"language":"ENG","playtime":253,"items_purged":[],"score":98,"play_id":"ac7e6a9d-3cc2-4d52-9e28-140c0dafdf3f","local_time":"20210122180041","daily_mods":["Draft","Purple Cards","DeadlyEvents"],"is_ascension_mode":true,"campfire_choices":[],"circlet_count":0,"master_deck":["AscendersBane","Dagger Spray","Flying Knee","CutThroughFate","Dagger Throw","Escape Plan+1","Flying Knee","Footwork","SashWhip","Calculated Gamble","SandsOfTime","Backstab","CrushJoints","Crippling Poison","Dodge and Roll","Predator","Doubt","Injury","LessonLearned"],"relics":["Ring of the Snake","Golden Idol","Old Coin"],"acts_visited":["Exordium"],"potions_floor_usage":[7],"damage_taken":[{"damage":0,"enemies":"Cultist","floor":1,"turns":2},{"damage":5,"enemies":"Jaw Worm","floor":4,"turns":3},{"damage":34,"enemies":"Lagavulin","floor":6,"turns":6},{"damage":29,"enemies":"3 Sentries","floor":7,"turns":4}],"seed_played":"6050358358172813862","potions_obtained":[{"floor":6,"key":"PowerPotion"}],"is_trial":true,"path_per_floor":["M","?","?","M","?","E","E"],"character_chosen":"THE_SILENT","items_purchased":[],"campfire_rested":0,"item_purchase_floors":[],"current_hp_per_floor":[59,59,59,54,54,20,0,0],"gold":622,"neow_bonus":"","is_daily":false,"chose_seed":false,"campfire_upgraded":0,"win_rate":0.0,"timestamp":1611331241,"path_taken":["M","?","?","M","?","E","?"],"items_purchased_type":[],"build_version":"2020-12-22","purchased_purges":0,"victory":false,"max_hp_per_floor":[66,66,66,66,66,66,66,66],"relic_stats":{"counters":[4,15],"Golden Idol":11,"obtain_stats":[{"Golden Idol":3,"Ring of the Snake":0,"Old Coin":6},{"Golden Idol":1,"Ring of the Snake":0,"Old Coin":3},{"Golden Idol":2,"Ring of the Snake":0,"Old Coin":11}],"Ring of the Snake":[8]},"card_choices":[{"not_picked":["PathToVictory","Deflect"],"picked":"Dagger Spray","floor":0},{"not_picked":["FlyingSleeves","Bane"],"picked":"Flying Knee","floor":0},{"not_picked":["EmptyFist","BowlingBash"],"picked":"CutThroughFate","floor":0},{"not_picked":["Quick Slash","InnerPeace"],"picked":"Dagger Throw","floor":0},{"not_picked":["Cloak And Dagger","Infinite Blades"],"picked":"Escape Plan","floor":0},{"not_picked":["EmptyFist","FlyingSleeves"],"picked":"Flying Knee","floor":0},{"not_picked":["Acrobatics","BowlingBash"],"picked":"Footwork","floor":0},{"not_picked":["Halt","FearNoEvil"],"picked":"SashWhip","floor":0},{"not_picked":["Underhanded Strike","Flying Knee"],"picked":"Calculated Gamble","floor":0},{"not_picked":["Crescendo","FearNoEvil"],"picked":"SandsOfTime","floor":0},{"not_picked":["Bane","BowlingBash"],"picked":"Backstab","floor":0},{"not_picked":["Expertise","MentalFortress"],"picked":"CrushJoints","floor":0},{"not_picked":["FlyingSleeves","Crescendo"],"picked":"Crippling Poison","floor":0},{"not_picked":["Eviscerate","Consecrate"],"picked":"Dodge and Roll","floor":0},{"not_picked":["Protect","MentalFortress"],"picked":"Predator","floor":0},{"not_picked":["EmptyFist","Prostrate","All Out Attack"],"picked":"SKIP","floor":1},{"not_picked":["Consecrate","Nirvana","Choke"],"picked":"SKIP","floor":4},{"not_picked":["Fasting2","Consecrate"],"picked":"LessonLearned","floor":6}],"player_experience":891442,"relics_obtained":[{"floor":6,"key":"Old Coin"}],"event_choices":[{"damage_healed":0,"gold_gain":150,"player_choice":"AGREE","damage_taken":0,"max_hp_gain":0,"max_hp_loss":0,"event_name":"Liars Game","floor":2,"gold_loss":0,"cards_obtained":["Doubt"]},{"damage_healed":0,"gold_gain":0,"player_choice":"Take Wound","damage_taken":0,"relics_obtained":["Golden Idol"],"max_hp_gain":0,"max_hp_loss":0,"event_name":"Golden Idol","floor":3,"gold_loss":0,"cards_obtained":["Injury"]},{"damage_healed":0,"gold_gain":0,"player_choice":"0 cards matched","damage_taken":0,"max_hp_gain":0,"max_hp_loss":0,"event_name":"Match and Keep!","floor":5,"gold_loss":0,"cards_obtained":[]}],"is_beta":false,"boss_relics":[],"items_purged_floors":[],"is_endless":false,"potions_floor_spawned":[6],"killed_by":"3 Sentries","ascension_level":20}}