{"host":"kdt6w7ix8lwe69i9","time":1611299681,"event":{"mods":["100% Spire Juice","Bartender","BaseMod","ChefMod","Downfall","Evolution","Fiend Mod","Jorbs\u0027s Wanderer Trilogy","Minty Spire (QoL Compilation)","Reimu（博丽灵梦）","Robot Space Explorer","Shade Mod","StSLib","The Caster","The Cursed","The Disciple","The Dragon Tamer","The Druid","The Fake Hero","The Forsaken","The Gatherer","The Marked","TheBandit","TheSwordswoman"],"gold_per_floor":[112,124,199,199,118,149,149,165,215,227,14,28,28,63,63,161,161,173,189,202,202,217,249,268,248,274,274,274],"floor_reached":27,"language":"ENG","playtime":2201,"items_purged":[],"score":245,"play_id":"2691ba82-df6b-4b42-949f-9eb5f69e8406","local_time":"20210122021441","is_ascension_mode":false,"campfire_choices":[{"floor":7,"key":"RECALL"},{"data":"RobotSpaceExplorer:PowerGlove","floor":13,"key":"SMITH"},{"floor":15,"key":"DIG"}],"circlet_count":0,"master_deck":["RobotSpaceExplorer:ShovelStrike","RobotSpaceExplorer:ShovelStrike","RobotSpaceExplorer:ShovelStrike","RobotSpaceExplorer:Strike","RobotSpaceExplorer:Defend","RobotSpaceExplorer:Defend","RobotSpaceExplorer:Defend","RobotSpaceExplorer:Defend","RobotSpaceExplorer:Scan","RobotSpaceExplorer:MiniLasers","RobotSpaceExplorer:SwiftStep","RobotSpaceExplorer:MetalStrike","RobotSpaceExplorer:PowerGlove+1","RobotSpaceExplorer:FrostMissile","RobotSpaceExplorer:Probe","RobotSpaceExplorer:ScrapToss","RobotSpaceExplorer:MiniBoosters","RobotSpaceExplorer:TrailblazerForm","RobotSpaceExplorer:Pulsar","RobotSpaceExplorer:Accelerator","RobotSpaceExplorer:LuckyStrike","RobotSpaceExplorer:ScrapMissile+1","RobotSpaceExplorer:Ammunition+1","RobotSpaceExplorer:FreezeRay","RobotSpaceExplorer:SlimeMissile","RobotSpaceExplorer:PowerGlove"],"relics":["EVO:Axolotl","Runic Dome","Omamori","Smiling Mask","Blood Vial","Shovel","Mastiff:ReiMu","Cursed Key","MutagenicStrength","RobotSpaceExplorer:FoglandsKnife","PreservedInsect"],"acts_visited":["Exordium","TheCity"],"potions_floor_usage":[6,14,16,23],"damage_taken":[{"damage":0,"enemies":"2 Louse","floor":1,"turns":1},{"damage":0,"enemies":"Small Slimes","floor":2,"turns":3},{"damage":4,"enemies":"Gremlin Nob","floor":6,"turns":3},{"damage":2,"enemies":"Cultist","floor":8,"turns":3},{"damage":3,"enemies":"Exordium Wildlife","floor":10,"turns":3},{"damage":8,"enemies":"2 Fungi Beasts","floor":12,"turns":3},{"damage":16,"enemies":"3 Sentries","floor":14,"turns":7},{"damage":16,"enemies":"The Guardian","floor":16,"turns":12},{"damage":15,"enemies":"Spheric Guardian","floor":18,"turns":4},{"damage":9,"enemies":"Shell Parasite","floor":19,"turns":5},{"damage":10,"enemies":"Shelled Parasite and Fungi","floor":20,"turns":5},{"damage":0,"enemies":"Snecko","floor":22,"turns":4},{"damage":34,"enemies":"Slavers","floor":23,"turns":5},{"damage":12,"enemies":"3 Cultists","floor":24,"turns":4},{"damage":10,"enemies":"Chosen and Byrds","floor":27,"turns":3}],"seed_played":"-520390466005455342","potions_obtained":[{"floor":1,"key":"Weak Potion"},{"floor":8,"key":"Strength Potion"},{"floor":10,"key":"LiquidMemories"},{"floor":12,"key":"ZuzhouPotion:ReiMu"},{"floor":18,"key":"Ancient Potion"},{"floor":22,"key":"Strength Potion"},{"floor":25,"key":"sneckomod:MuddlingPotion"}],"is_trial":false,"path_per_floor":["M","M","?","?","$","E","R","M","T","M","$","M","R","E","R","B",null,"M","M","M","?","M","E","M","?","T","M"],"character_chosen":"RobotSpaceExplorer","items_purchased":["RobotSpaceExplorer:PowerGlove","RobotSpaceExplorer:MiniBoosters","Blood Vial"],"campfire_rested":0,"item_purchase_floors":[5,11,11],"current_hp_per_floor":[75,75,64,75,75,71,71,69,69,66,66,60,60,46,46,32,75,60,53,45,45,47,15,5,5,5,0,0],"gold":274,"neow_bonus":"BOSS_RELIC","is_daily":false,"chose_seed":false,"campfire_upgraded":1,"win_rate":0.0,"timestamp":1611299681,"path_taken":["M","M","?","?","$","E","R","M","T","M","$","M","R","E","R","BOSS","M","M","?","?","M","E","M","?","T","?"],"items_purchased_type":["Card","Card","Relic"],"build_version":"2020-12-22","purchased_purges":0,"victory":false,"max_hp_per_floor":[75,75,75,75,75,75,75,75,75,75,75,75,75,75,75,75,75,75,75,75,75,75,75,75,75,75,75,75],"card_choices":[{"not_picked":["RobotSpaceExplorer:LaserBurst","RobotSpaceExplorer:Counterblock"],"picked":"RobotSpaceExplorer:SwiftStep","floor":1},{"not_picked":["RobotSpaceExplorer:MakeshiftVolley","RobotSpaceExplorer:SwiftStep"],"picked":"RobotSpaceExplorer:MetalStrike","floor":2},{"not_picked":["RobotSpaceExplorer:SwiftStep","RobotSpaceExplorer:ScrapShield"],"picked":"RobotSpaceExplorer:FrostMissile","floor":6},{"not_picked":["RobotSpaceExplorer:Electropulse","RobotSpaceExplorer:MakeshiftVolley"],"picked":"RobotSpaceExplorer:Probe","floor":8},{"not_picked":["RobotSpaceExplorer:Probe","RobotSpaceExplorer:ScrapShield"],"picked":"RobotSpaceExplorer:ScrapToss","floor":10},{"not_picked":["RobotSpaceExplorer:Pulsar","RobotSpaceExplorer:SwiftStep"],"picked":"RobotSpaceExplorer:TrailblazerForm","floor":12},{"not_picked":["RobotSpaceExplorer:Ammunition","RobotSpaceExplorer:Probe"],"picked":"RobotSpaceExplorer:Pulsar","floor":14},{"not_picked":["RobotSpaceExplorer:TrailblazerForm","RobotSpaceExplorer:ShockMissile"],"picked":"RobotSpaceExplorer:Accelerator","floor":16},{"not_picked":["RobotSpaceExplorer:FranticSearch","RobotSpaceExplorer:Ammunition"],"picked":"RobotSpaceExplorer:LuckyStrike","floor":18},{"not_picked":["RobotSpaceExplorer:ImprovisedAttack","RobotSpaceExplorer:RigExplosive+1"],"picked":"RobotSpaceExplorer:ScrapMissile+1","floor":19},{"not_picked":["RobotSpaceExplorer:Blitz","RobotSpaceExplorer:Smokescreen+1"],"picked":"RobotSpaceExplorer:Ammunition+1","floor":20},{"not_picked":["RobotSpaceExplorer:SlimeMissile","RobotSpaceExplorer:DualCore+1"],"picked":"RobotSpaceExplorer:FreezeRay","floor":22},{"not_picked":["RobotSpaceExplorer:ShovelStrike","RobotSpaceExplorer:HighVoltage"],"picked":"RobotSpaceExplorer:SlimeMissile","floor":23},{"not_picked":["RobotSpaceExplorer:MetalStrike","RobotSpaceExplorer:BigMissile"],"picked":"RobotSpaceExplorer:PowerGlove","floor":24}],"player_experience":1880138,"relics_obtained":[{"floor":6,"key":"Omamori"},{"floor":9,"key":"Smiling Mask"},{"floor":14,"key":"Shovel"},{"floor":15,"key":"Mastiff:ReiMu"},{"floor":23,"key":"RobotSpaceExplorer:FoglandsKnife"},{"floor":26,"key":"PreservedInsect"}],"event_choices":[{"damage_healed":0,"gold_gain":75,"player_choice":"Gather Gold","damage_taken":11,"max_hp_gain":0,"max_hp_loss":0,"event_name":"World of Goop","floor":3,"gold_loss":0},{"damage_healed":11,"gold_gain":0,"player_choice":"Full Heal","damage_taken":0,"max_hp_gain":0,"max_hp_loss":0,"event_name":"Wheel of Change","floor":4,"gold_loss":0},{"damage_healed":0,"gold_gain":0,"player_choice":"Inject Mutagens","damage_taken":0,"relics_obtained":["MutagenicStrength"],"max_hp_gain":0,"max_hp_loss":0,"event_name":"Drug Dealer","floor":21,"gold_loss":0},{"damage_healed":0,"gold_gain":0,"player_choice":"Bought 1 Potion","damage_taken":0,"max_hp_gain":0,"max_hp_loss":0,"event_name":"The Woman in Blue","floor":25,"gold_loss":0}],"is_beta":false,"boss_relics":[{"not_picked":["RedLine:ReiMu","Sozu"],"picked":"Cursed Key"}],"items_purged_floors":[],"is_endless":false,"potions_floor_spawned":[1,8,10,12,18,22],"killed_by":"Chosen and Byrds","ascension_level":0}}