{"host":"6pi3nqc17y3b7f6a","time":1611275445,"event":{"mods":["Act Like it!","Aspiration","Astrologer","Bartender","BaseMod","Beaked The Cultist","Bestiary","Better Match","Better Sensory Stone","Better Skull","Better Third Choice","Better Vampires","BetterRewards","CapriCore","Challenge The Spire","ChefMod","Chen","Clockwork Mod","Colored Map","Colored Powertips","Colorless Booster Pack","Conspire","Defuse TimeMaze Blight","Dio Mod","Duelist Mod","Elementarium","Energized Spire","Friendly Minions","Gensokyo","GifTheSpireLib","Gremlin Mod","GungeonMod","Halation","Hallownest","Highlight Path","Hubris","Hyrulean Relics","Infinite Spire","KinomotoSakuraMod(????)","Koishi","Mad Scientist","Magitek Elite","Marisa????????","Melee Mod","Menagerie","Mimic Mod","Minty Spire (QoL Compilation)","Nova Terra(??·??)","Pale of the Ancients","Pikachu Mod","Potionbrewer","Quarter Circle Forward PUNCH!","Quick Restart","Random Character Button","Rare Cards Sparkle","Reimu??????","Replay The Spire","Robot Space Explorer","SCP261 Mod","SIMod","SOS???????","Shedinja","Shop Mod","Spikes Relics","StSLib","Stuff the Spire","SuperFastMode","The Administrix","The Alterego","The Animator","The Bug Knight","The Construct","The Dragon Tamer","The Forsaken","The Hierophant","The Immortal","The Jester","The Kombatant","The Mystic","The Poker Player","The Problem Sleuth","The Runesmith","The Sage","The Servant 0.9.4","The Showman","The Spell Scribe","The Vixen","The Wild Card","TheBandit","TheHero","TheSwordswoman","Trackpad","Treasure Hunter","Wandering Minibosses","Yakumo Yukari mod","vexMod","??????REMEMod"],"gold_per_floor":[114,39,4,23,33,33,33,33],"floor_reached":7,"language":"ENG","playtime":446,"items_purged":[],"score":41,"play_id":"2e69b4d6-eb25-40b9-8957-7d784205382e","local_time":"20210121163045","is_ascension_mode":false,"campfire_choices":[{"floor":6,"key":"RECALL"}],"circlet_count":0,"master_deck":["Strike_AJ","Strike_TS","Strike_RR","Strike_RD","Defend_TS","Defend_PP","Defend_FS","Defend_AJ","ConcertedEfforts","HarmonyShield","Gremlin:CongaLine","PartyTime","BehindTheScene","Winterwrapup+1","Winterwrapup+1","Anxiousness","SonicRainbow","Dear_Princess","Honesty"],"relics":["The_element_of_harmony","REME_ComplimentaryCards","NeowsBlessing"],"acts_visited":["Menagerie:Menagerie"],"potions_floor_usage":[7,7],"damage_taken":[{"damage":0,"enemies":"Menagerie:StygianBoar","floor":1,"turns":1},{"damage":0,"enemies":"Menagerie:WhisperingWraith","floor":4,"turns":1},{"damage":0,"enemies":"Menagerie:MonstrousExperiment","floor":5,"turns":1},{"damage":83,"enemies":"Menagerie:VoidReaper","floor":7,"turns":15}],"seed_played":"-9222939218283834776","potions_obtained":[{"floor":5,"key":"potionbrewer:NoxiousPotion"}],"is_trial":false,"path_per_floor":["M","?","$","M","M","R","E"],"character_chosen":"TWI_CLASS","items_purchased":["Elixir"],"campfire_rested":0,"item_purchase_floors":[3],"current_hp_per_floor":[82,82,82,82,82,82,0,0],"gold":33,"neow_bonus":"THREE_ENEMY_KILL","is_daily":false,"chose_seed":false,"campfire_upgraded":0,"win_rate":0.0,"timestamp":1611275445,"path_taken":["M","?","$","M","M","R","E"],"items_purchased_type":["Potion"],"build_version":"2020-12-22","purchased_purges":0,"victory":false,"max_hp_per_floor":[82,82,82,82,82,82,82,82],"card_choices":[{"not_picked":["ISayNo"],"picked":"PartyTime","floor":1},{"not_picked":["Return_To_Past"],"picked":"BehindTheScene","floor":1},{"not_picked":["RegisterPartyAlone+1"],"picked":"Winterwrapup+1","floor":2},{"not_picked":["RegisterTornado+1"],"picked":"Winterwrapup+1","floor":2},{"not_picked":["BehindTheScene"],"picked":"Anxiousness","floor":4},{"not_picked":["Winterwrapup"],"picked":"SonicRainbow","floor":4},{"not_picked":["ThunderCloud"],"picked":"Dear_Princess","floor":5},{"not_picked":["DynamicVision"],"picked":"Honesty","floor":5}],"player_experience":656446,"relics_obtained":[],"event_choices":[{"damage_healed":0,"gold_gain":0,"player_choice":"2","damage_taken":0,"max_hp_gain":0,"max_hp_loss":0,"event_name":"betterMatch:BetterMatch","floor":2,"gold_loss":0,"cards_obtained":["betterMatch:UncommonCard","betterMatch:UncommonCard"]}],"is_beta":false,"boss_relics":[],"items_purged_floors":[],"is_endless":false,"potions_floor_spawned":[5],"killed_by":"Menagerie:VoidReaper","ascension_level":0}}