{"host":"x21cvmfdo17nyhii","time":1611299858,"event":{"mods":["AchievementEnabler","BaseMod","Block Reminder","Colored Map","Colored Powertips","DeckTracker","Highlight Path","Keyboard Shortcuts","Minty Spire (QoL Compilation)","Quick Restart","Rare Cards Sparkle","SuperFastMode"],"gold_per_floor":[109,109,124,144,155,181,195,195,195,214,225,190,254,254,254,356,406,417,342,42,60,60,93,93,108,132,132,132],"floor_reached":27,"language":"ENG","playtime":1131,"items_purged":[],"score":306,"play_id":"3673bd9b-8748-4797-9a8b-a6f094d09afa","local_time":"20210121231738","is_ascension_mode":true,"campfire_choices":[{"floor":8.0,"key":"REST"},{"data":"Phantasmal Killer","floor":15.0,"key":"SMITH"},{"floor":24,"key":"REST"}],"circlet_count":0,"master_deck":["Strike_G","Strike_G","Strike_G","Strike_G","Strike_G","Defend_G","Defend_G","Defend_G","Defend_G","Defend_G","Survivor","Neutralize","Dagger Spray","Footwork","Phantasmal Killer+1","Noxious Fumes","Backflip","Backflip","Dodge and Roll","Burst","Envenom+1","Dagger Throw","Cloak And Dagger+1","Slice","After Image"],"relics":["Ring of the Snake","NeowsBlessing","MealTicket","PreservedInsect","Orichalcum","Tiny Chest","Tiny House","HandDrill","Bronze Scales","Matryoshka","Pantograph","Bag of Marbles"],"acts_visited":["Exordium","TheCity"],"potions_floor_usage":[18,23],"damage_taken":[{"damage":0.0,"enemies":"Small Slimes","floor":1.0,"turns":1.0},{"damage":0.0,"enemies":"Cultist","floor":3.0,"turns":1.0},{"damage":0.0,"enemies":"Jaw Worm","floor":4.0,"turns":1.0},{"damage":0.0,"enemies":"2 Fungi Beasts","floor":5.0,"turns":4.0},{"damage":14.0,"enemies":"Lagavulin","floor":6.0,"turns":7.0},{"damage":5.0,"enemies":"Blue Slaver","floor":7.0,"turns":5.0},{"damage":9.0,"enemies":"Looter","floor":10.0,"turns":4.0},{"damage":20.0,"enemies":"Exordium Thugs","floor":11.0,"turns":4.0},{"damage":0.0,"enemies":"3 Sentries","floor":13.0,"turns":2.0},{"damage":41.0,"enemies":"Hexaghost","floor":16.0,"turns":12.0},{"damage":28,"enemies":"2 Thieves","floor":18,"turns":3},{"damage":8,"enemies":"Shell Parasite","floor":21,"turns":6},{"damage":16,"enemies":"Gremlin Leader","floor":23,"turns":4},{"damage":25,"enemies":"3 Cultists","floor":25,"turns":6},{"damage":22,"enemies":"Snecko","floor":27,"turns":6}],"seed_played":"6893184075177824164","potions_obtained":[{"floor":2.0,"key":"Energy Potion"},{"floor":2.0,"key":"LiquidBronze"},{"floor":2.0,"key":"AttackPotion"},{"floor":3.0,"key":"PowerPotion"},{"floor":10.0,"key":"SteroidPotion"},{"floor":11.0,"key":"Fire Potion"},{"floor":13.0,"key":"Poison Potion"},{"floor":17.0,"key":"DuplicationPotion"},{"floor":18,"key":"SteroidPotion"}],"is_trial":false,"path_per_floor":["M","?","M","M","M","E","M","R","T","M","M","?","?","T","R","B",null,"M","?","$","M","?","E","R","M","T","M"],"character_chosen":"THE_SILENT","items_purchased":["HandDrill","Bronze Scales"],"campfire_rested":2,"item_purchase_floors":[20,20],"current_hp_per_floor":[63,63,63,63,63,49,44,65,65,56,36,53,53,53,53,12,61,33,33,48,40,40,24,46,21,21,0,0],"gold":132,"neow_bonus":"THREE_ENEMY_KILL","is_daily":false,"chose_seed":false,"campfire_upgraded":1,"win_rate":0.0,"timestamp":1611299858,"path_taken":["M","?","M","?","M","E","M","R","T","M","M","?","?","?","R","BOSS","M","?","$","M","?","E","R","M","T","?"],"items_purchased_type":["Relic","Relic"],"build_version":"2020-12-22","purchased_purges":0,"victory":false,"max_hp_per_floor":[70,70,70,70,70,70,70,70,70,70,70,70,70,70,70,70,75,75,75,75,75,75,75,75,75,75,75,75],"card_choices":[{"not_picked":["Sucker Punch","Calculated Gamble"],"picked":"Flechettes","floor":1.0},{"not_picked":["Dagger Throw","Poisoned Stab"],"picked":"Dagger Spray","floor":3.0},{"not_picked":["PiercingWail","Outmaneuver"],"picked":"Footwork","floor":4.0},{"not_picked":["PiercingWail","Quick Slash"],"picked":"Phantasmal Killer","floor":5.0},{"not_picked":["Deadly Poison","Underhanded Strike"],"picked":"Noxious Fumes","floor":6.0},{"not_picked":["Well Laid Plans","Dagger Throw"],"picked":"Backflip","floor":7.0},{"not_picked":["Slice","Dodge and Roll"],"picked":"Backflip","floor":10.0},{"not_picked":["Sucker Punch","Acrobatics"],"picked":"Dodge and Roll","floor":11.0},{"not_picked":["Well Laid Plans","PiercingWail"],"picked":"Burst","floor":13.0},{"not_picked":["Night Terror","Die Die Die"],"picked":"Envenom","floor":16.0},{"not_picked":["Blade Dance","Acrobatics"],"picked":"Dagger Throw","floor":17.0},{"not_picked":["Backflip+1","Bouncing Flask"],"picked":"Cloak And Dagger+1","floor":18},{"not_picked":["Flying Knee","Cloak And Dagger"],"picked":"Slice","floor":21},{"not_picked":["Expertise","Endless Agony","After Image"],"picked":"SKIP","floor":23},{"not_picked":["Expertise","Endless Agony"],"picked":"After Image","floor":23},{"not_picked":["Endless Agony+1","Finisher","Outmaneuver"],"picked":"SKIP","floor":25}],"player_experience":456397,"relics_obtained":[{"floor":6.0,"key":"MealTicket"},{"floor":9.0,"key":"PreservedInsect"},{"floor":13.0,"key":"Orichalcum"},{"floor":14.0,"key":"Tiny Chest"},{"floor":23,"key":"Matryoshka"},{"floor":26,"key":"Pantograph"},{"floor":26,"key":"Bag of Marbles"}],"event_choices":[{"damage_healed":0.0,"max_hp_gain":0.0,"max_hp_loss":0.0,"gold_gain":0.0,"event_name":"Lab","player_choice":"Got Potions","floor":2.0,"gold_loss":0.0,"damage_taken":0.0},{"damage_healed":17.0,"max_hp_gain":0.0,"max_hp_loss":0.0,"gold_gain":0.0,"event_name":"The Cleric","player_choice":"Healed","floor":12.0,"gold_loss":35.0,"damage_taken":0.0},{"damage_healed":0.0,"max_hp_gain":0.0,"max_hp_loss":0.0,"gold_gain":0.0,"event_name":"Dead Adventurer","player_choice":"Searched \u00272\u0027 times","floor":13.0,"gold_loss":0.0,"damage_taken":0.0},{"cards_removed":["Flechettes"],"damage_healed":0,"gold_gain":0,"player_choice":"Gave Gold","damage_taken":0,"max_hp_gain":0,"max_hp_loss":0,"event_name":"Beggar","floor":19,"gold_loss":75},{"damage_healed":0,"gold_gain":0,"player_choice":"Ignored","damage_taken":0,"max_hp_gain":0,"max_hp_loss":0,"event_name":"The Mausoleum","floor":22,"gold_loss":0}],"is_beta":false,"boss_relics":[{"not_picked":["HoveringKite","Snecko Eye"],"picked":"Tiny House"}],"items_purged_floors":[],"is_endless":false,"potions_floor_spawned":[3,5,10,11,13,18],"killed_by":"Snecko","ascension_level":6}}