{"host":"a7n5dzefz0hsmd08","time":1611343917,"event":{"mods":["2.2 Compatiblity","AchievementEnabler","BaseMod","Minty Spire (QoL Compilation)","Relic Stats","StSLib"],"gold_per_floor":[117,192,192,202,166,166,200,212,224,253,292,304,348,371,383,495,507,534,546,508,531,543,580,410,410,410],"floor_reached":25,"language":"ENG","playtime":1086,"items_purged":[],"score":262,"play_id":"620134e5-f755-4024-afe5-5caaf7b75c09","local_time":"20210122203157","is_ascension_mode":false,"campfire_choices":[{"data":"Defragment","floor":6,"key":"SMITH"},{"data":"Zap","floor":8,"key":"SMITH"},{"floor":12,"key":"REST"},{"floor":15,"key":"REST"}],"circlet_count":0,"master_deck":["Strike_B+1","Strike_B+1","Strike_B+1","Strike_B+1","Defend_B+1","Defend_B+1","Defend_B+1","Defend_B+1","Zap+1","Dualcast","Sweeping Beam","Doom and Gloom","Defragment+1","Rip and Tear","Gash","Compile Driver","Loop","Consume","Multi-Cast","Ball Lightning","BootSequence","Genetic Algorithm","Lockon"],"relics":["Cracked Core","NeowsBlessing","MawBank","Kunai","Ginger","Pocketwatch","Nuclear Battery","InkBottle","Runic Capacitor"],"acts_visited":["Exordium","TheCity"],"potions_floor_usage":[16,16,23,25],"damage_taken":[{"damage":0,"enemies":"2 Louse","floor":1,"turns":1},{"damage":0,"enemies":"Jaw Worm","floor":4,"turns":1},{"damage":0,"enemies":"Lagavulin","floor":7,"turns":1},{"damage":6,"enemies":"Cultist","floor":10,"turns":3},{"damage":29,"enemies":"Gremlin Nob","floor":11,"turns":4},{"damage":27,"enemies":"3 Sentries","floor":13,"turns":4},{"damage":10,"enemies":"Looter","floor":14,"turns":3},{"damage":5,"enemies":"The Guardian","floor":16,"turns":8},{"damage":14,"enemies":"Shell Parasite","floor":18,"turns":3},{"damage":4,"enemies":"Chosen","floor":21,"turns":3},{"damage":18,"enemies":"Book of Stabbing","floor":23,"turns":3},{"damage":46,"enemies":"Slavers","floor":25,"turns":4}],"seed_played":"-6481671463479968026","potions_obtained":[{"floor":4,"key":"Dexterity Potion"},{"floor":10,"key":"AttackPotion"},{"floor":11,"key":"GamblersBrew"},{"floor":13,"key":"Explosive Potion"},{"floor":23,"key":"Fruit Juice"}],"is_trial":false,"path_per_floor":["M","?","?","M","$","R","E","R","T","M","E","R","E","M","R","B",null,"M","?","?","M","?","E","$","E"],"character_chosen":"DEFECT","items_purchased":["Defragment","Runic Capacitor","Lockon"],"campfire_rested":2,"item_purchase_floors":[5,24,24],"current_hp_per_floor":[75,64,64,64,64,64,64,64,64,58,29,51,24,14,36,31,75,61,61,61,57,57,44,44,0,0],"gold":410,"neow_bonus":"THREE_ENEMY_KILL","is_daily":false,"chose_seed":false,"campfire_upgraded":2,"win_rate":0.0,"timestamp":1611343917,"path_taken":["M","?","?","M","$","R","E","R","T","?","E","R","E","M","R","BOSS","M","?","?","?","?","E","$","E"],"items_purchased_type":["Card","Relic","Card"],"build_version":"2020-12-22","purchased_purges":0,"victory":false,"max_hp_per_floor":[75,75,75,75,75,75,75,75,75,75,75,75,75,75,75,75,75,75,75,75,75,75,80,80,80,80],"relic_stats":{"counters":[12,38],"Kunai":[10],"Ginger":[1],"MawBank":204,"obtain_stats":[{"NeowsBlessing":0,"Runic Capacitor":24,"Kunai":9,"Ginger":11,"Cracked Core":0,"MawBank":7,"InkBottle":23,"Pocketwatch":13,"Nuclear Battery":17},{"NeowsBlessing":0,"Runic Capacitor":11,"Kunai":3,"Ginger":5,"Cracked Core":0,"MawBank":3,"InkBottle":11,"Pocketwatch":6,"Nuclear Battery":8},{"NeowsBlessing":0,"Runic Capacitor":34,"Kunai":3,"Ginger":10,"Cracked Core":0,"MawBank":3,"InkBottle":34,"Pocketwatch":14,"Nuclear Battery":25}],"InkBottle":[1],"Pocketwatch":[24]},"card_choices":[{"not_picked":["Compile Driver","Cold Snap"],"picked":"Sweeping Beam","floor":1},{"not_picked":["Hologram","Blizzard"],"picked":"Doom and Gloom","floor":4},{"not_picked":["Cold Snap","Fusion"],"picked":"Rip and Tear","floor":7},{"not_picked":["Redo","Skim"],"picked":"Gash","floor":10},{"not_picked":["Steam","Leap"],"picked":"Compile Driver","floor":11},{"not_picked":["Go for the Eyes","Rip and Tear"],"picked":"Loop","floor":13},{"not_picked":["Streamline","Leap"],"picked":"Consume","floor":14},{"not_picked":["Reboot","Meteor Strike"],"picked":"Multi-Cast","floor":16},{"not_picked":["Rebound","Go for the Eyes"],"picked":"Ball Lightning","floor":18},{"not_picked":["Turbo","Sweeping Beam"],"picked":"BootSequence","floor":21},{"not_picked":["Leap","Sweeping Beam"],"picked":"Genetic Algorithm","floor":23}],"player_experience":179596,"relics_obtained":[{"floor":7,"key":"MawBank"},{"floor":9,"key":"Kunai"},{"floor":11,"key":"Ginger"},{"floor":13,"key":"Pocketwatch"},{"floor":23,"key":"InkBottle"}],"event_choices":[{"damage_healed":0,"gold_gain":75,"player_choice":"Gather Gold","damage_taken":11,"max_hp_gain":0,"max_hp_loss":0,"event_name":"World of Goop","floor":2,"gold_loss":0},{"damage_healed":0,"gold_gain":0,"player_choice":"Ignored","damage_taken":0,"max_hp_gain":0,"max_hp_loss":0,"event_name":"Purifier","floor":3,"gold_loss":0},{"damage_healed":0,"gold_gain":0,"player_choice":"Ignored","damage_taken":0,"max_hp_gain":0,"max_hp_loss":0,"event_name":"Vampires","floor":19,"gold_loss":0},{"damage_healed":0,"gold_gain":0,"player_choice":"Bet on Murderer","damage_taken":0,"max_hp_gain":0,"max_hp_loss":0,"event_name":"The Joust","floor":20,"gold_loss":50},{"damage_healed":0,"gold_gain":0,"player_choice":"Simplicity","damage_taken":0,"max_hp_gain":0,"max_hp_loss":0,"event_name":"Back to Basics","floor":22,"gold_loss":0,"cards_upgraded":["Strike_B","Strike_B","Strike_B","Strike_B","Defend_B","Defend_B","Defend_B","Defend_B"]}],"is_beta":false,"boss_relics":[{"not_picked":["Coffee Dripper","Cursed Key"],"picked":"Nuclear Battery"}],"items_purged_floors":[],"is_endless":false,"potions_floor_spawned":[4,10,11,13,23],"killed_by":"Slavers","ascension_level":0}}