{"host":"l85rtarfuh0ld3b1","time":1611326573,"event":{"mods":["Act Like it!","BaseMod","BetterRewards","CapriCore","Chen","Decade(王小明)","Gensokyo","KinomotoSakuraMod(木之本樱)","Koishi","Marisa（F雨　魔理沙）","Minty Spire (QoL Compilation)","Nova Terra(诺娃・泰拉)","Permanent Neow","Reimu（博丽灵梦）","Remilia（蕾米莉亚）","Shop Mod","StSLib","TestMod","The Administrix","The Immortal","The Servant 0.9.4","Yakumo Yukari mod"],"gold_per_floor":[109,4596,4663,4517,4916,4946,4946,4977,4977,5011,5057,5057,5057,5057,5057,5161,5161,5180,4930,5037,5054,5054,5085,5085,5334,5387,5406,5435,5435,5464,4372,4372,4470,4470,4482,4504,4633,4642,4642,4676,4594,4619,4694,4703,4703,4703,4716,4294,4294,4294,4294,4294,3789,3828,3828],"floor_reached":56,"language":"ZHS","playtime":4651,"items_purged":["Strike_Lin:ReiMu","Strike_Lin:ReiMu","Defend_Lin:ReiMu","Strike_Lin:ReiMu","Defend_Lin:ReiMu","Strike_Lin:ReiMu","Defend_Lin:ReiMu","Defend_Lin:ReiMu","NB:ReiMu","Stagnation:ReiMu","YinYang:ReiMu+1","TightArray:ReiMu+1","Free:ReiMu","Backflip+1","Writhe","Writhe","MysteriousBeam+1","EndlessAdversity+1","CleanRite:ReiMu+1","Flash of Steel+1","AdministrixMod:GuanyinBlessing"],"score":1887,"play_id":"6068df25-7322-4a5a-a14c-64e4ecbdae9a","local_time":"20210122224253","is_ascension_mode":true,"campfire_choices":[{"floor":7.0,"key":"DIG"},{"floor":15.0,"key":"DIG"},{"floor":24.0,"key":"RECALL"},{"data":"Panache","floor":29.0,"key":"SMITH"},{"floor":32.0,"key":"DIG"},{"data":"Finesse+1","floor":45,"key":"PURGE"},{"data":"Finesse+1","floor":49,"key":"PURGE"},{"data":"testmod-HeadAttack","floor":52,"key":"PURGE"}],"circlet_count":0,"master_deck":["Panache+1","Deep Breath+1","RainPray2:ReiMu+1","DoubleButterfly:ReiMu+1","Finesse+1","KamiRite:ReiMu+1","Contraction+1","ButterflyHabitatTemple_purple+1","Adrenaline+1","Manipulate+1","AdministrixMod:GuanyinBlessing+1","Parasite","Parasite","Adrenaline+1","ShootTheMoon+1","ManaConvection+1","Gensokyo:EverlastingLife+1","Gensokyo:CustomPotion","Sanctity+1"],"relics":["FlyPower:ReiMu","testmod-Prudence","MerchantsRug","Singing Bowl","Question Card","testmod-CyclicPeriapt","Membership Card","Peace Pipe","CeramicFish","Darkstone Periapt","Shovel","PrismaticShard","Prayer Wheel","Mastiff:ReiMu","CheatingSign:ReiMu","Tiny Chest","ClockworkSouvenir","Chemical X","testmod-Charity","testmod-Acrobat","Juzu Bracelet","Dream Catcher","testmod-HeartOfDaVinci","Incense Burner","FairyMaid","testmod-CrystalShield","testmod-DragonStarHat","FossilizedHelix","testmod-Laevatain","testmod-Alchemist","AdministrixMod:PrescriptionBottle","Koishi:LettersToReimu","ShroomBag","AntiCross","testmod-RainbowHikingShoes","White Beast Statue","SproutingBranch","BreadOfAWashokuLover","Red Skull","testmod-Muramasa","testmod-Maize","KSMOD_TouyasBicycle","Koishi:ImaginaryFriend","testmod-Temperance","Emotion Chip","testmod-Nyarlathotep","KSMOD_TomoyosHeart","KSMOD_YukitosBentoBox","Lizard Tail","Gremlin Horn","testmod-Justice","Cables","KSMOD_TaoistSuit","Bottled Lightning","ScarletEmblem","AdministrixMod:GoldenChickadee","AmplifyWand","HandmadeGrimoire","PureWhite:ReiMu","StoneCalendar","MokouMod:PhoenixFeather","MagicBroom","RomanBracelet","TypeBBloodRedTea","AdministrixMod:KeyOfKings","KaguraBell:ReiMu","Turnip"],"acts_visited":["Exordium","Gensokyo:Gensokyoer","Gensokyo:Gensokyoest","TheEnding"],"potions_floor_usage":[],"damage_taken":[{"damage":0.0,"enemies":"Cultist","floor":1.0,"turns":1.0},{"damage":0.0,"enemies":"Gremlin Nob","floor":6.0,"turns":1.0},{"damage":0.0,"enemies":"3 Sentries","floor":8.0,"turns":1.0},{"damage":0.0,"enemies":"Lagavulin","floor":10.0,"turns":1.0},{"damage":0.0,"enemies":"The Guardian","floor":16.0,"turns":1.0},{"damage":0.0,"enemies":"Gensokyo:CosmicMonolith","floor":18.0,"turns":1.0},{"damage":0.0,"enemies":"Gensokyo:CosmicMonolith","floor":20.0,"turns":1.0},{"damage":0.0,"enemies":"Gensokyo:3_Dogs","floor":21.0,"turns":1.0},{"damage":0.0,"enemies":"Gensokyo:Tenshi","floor":23.0,"turns":1.0},{"damage":0.0,"enemies":"Gensokyo:3_Gloops","floor":27.0,"turns":1.0},{"damage":0.0,"enemies":"Gensokyo:Reisen","floor":28.0,"turns":1.0},{"damage":0.0,"enemies":"Gensokyo:Koishi","floor":30.0,"turns":1.0},{"damage":0.0,"enemies":"Gensokyo:Eiki","floor":33.0,"turns":1.0},{"damage":0.0,"enemies":"Gensokyo:3_Bats","floor":35.0,"turns":1.0},{"damage":0,"enemies":"Gensokyo:AncientGuardian","floor":36,"turns":1},{"damage":0,"enemies":"Gensokyo:Rafflesia","floor":38,"turns":1},{"damage":0,"enemies":"Gensokyo:Kasen","floor":40,"turns":1},{"damage":0,"enemies":"Gensokyo:Doremy","floor":42,"turns":1},{"damage":0,"enemies":"Gensokyo:3_Boulders","floor":44,"turns":1},{"damage":0,"enemies":"Gensokyo:SeedOfUnknown","floor":47,"turns":1},{"damage":0,"enemies":"Gensokyo:Scarlet_Devils","floor":50,"turns":1},{"damage":0,"enemies":"Shield and Spear","floor":54,"turns":1},{"damage":0,"enemies":"The Heart","floor":55,"turns":3}],"seed_played":"6297882456729946862","potions_obtained":[{"floor":0.0,"key":"Dexterity Potion"},{"floor":0.0,"key":"SkillPotion"},{"floor":0.0,"key":"EntropicBrew"},{"floor":0.0,"key":"SneckoOil"},{"floor":0.0,"key":"Block Potion"},{"floor":1.0,"key":"ColorlessPotion"},{"floor":6.0,"key":"Fire Potion"},{"floor":8.0,"key":"ColorlessPotion"},{"floor":10.0,"key":"PinkPotion:ReiMu"},{"floor":16.0,"key":"SpeedPotion"},{"floor":18.0,"key":"ZuzhouPotion:ReiMu"},{"floor":20.0,"key":"Explosive Potion"},{"floor":21.0,"key":"Weak Potion"},{"floor":23.0,"key":"ColorlessPotion"},{"floor":27.0,"key":"LiquidFlight:ReiMu"},{"floor":28.0,"key":"SkillPotion"},{"floor":30.0,"key":"BlessingOfTheForge"},{"floor":33.0,"key":"Fire Potion"},{"floor":35.0,"key":"FairyPotion"},{"floor":36,"key":"BottledKami:ReiMu"},{"floor":38,"key":"Block Potion"},{"floor":40,"key":"EssenceOfSteel"},{"floor":42,"key":"BlessingOfTheForge"},{"floor":44,"key":"Swift Potion"},{"floor":47,"key":"SteroidPotion"},{"floor":54,"key":"Energy Potion"}],"is_trial":false,"path_per_floor":["M","$","?","$","?","E","R","E","T","E","$","T","?","?","R","B",null,"M","$","?","M","T","E","R","?","T","M","E","R","E","COS","R","B",null,"M","M","$","M","?","E","?","E","T","M","R","T","M","$","R","B",null,"R","$","E","B",null],"character_chosen":"REIMU","items_purchased":["MerchantsRug","testmod-FatalChain","testmod-CasingShield","Singing Bowl","testmod-IWantAll","Panache","Frozen Egg 2","Molten Egg 2","Toolbox","Mango","Calipers","HandDrill","Deep Breath","ScarletDevilRocket","testmod-SpacePotion","testmod-Antiphasic","Orrery","EntropicBrew","Question Card","Bottled Tornado","testmod-CyclicPeriapt","Boot","Membership Card","Bag of Marbles","Happy Flower","Toy Ornithopter","Peace Pipe","testmod-Register","RainPray2:ReiMu","testmod-LifeArmor","Oddly Smooth Stone","Frozen Eye","Strawberry","Lee\u0027s Waffle","War Paint","Blue Candle","Mercury Hourglass","Unceasing Top","Vajra","RuthlessExorcism:ReiMu","Art of War","testmod-Faith","testmod-OneHitWonder","Lantern","testmod-ObsoleteBoomerang","CeramicFish","Thread and Needle","Blood Vial","testmod-SpacePotion","EntropicBrew","CrazyTorch:ReiMu","Kunai","Sling","testmod-SpacePotion","Nunchaku","Centennial Puzzle","TheAbacus","Darkstone Periapt","Shovel","OrangePellets","testmod-SpacePotion","testmod-InfectionSource","testmod-RealStoneCalender","PrismaticShard","DoubleButterfly:ReiMu+1","Pen Nib","Bronze Scales","Prayer Wheel","PreservedInsect","Mummified Hand","TentaclePot:ReiMu","testmod-IndustrialRevolution","SkyOrb:ReiMu","Medical Kit","testmod-TurbochargingSystem","Mastiff:ReiMu","CheatingSign:ReiMu","testmod-SpacePotion","Akabeko","Tiny Chest","Gambling Chip","testmod-ConstraintPeriapt","testmod-EqualTreatment","ClockworkSouvenir","Regal Pillow","Bag of Preparation","Meat on the Bone","Strange Spoon","Anchor","Free:ReiMu","Matryoshka","MealTicket","testmod-MagicalMallet","Omamori","Chemical X","YinYang:ReiMu+1","testmod-Brilliant","CaptainsWheel","testmod-Charity","Ancient Tea Set","testmod-ArcanaOfDestiny","Toxic Egg 2","testmod-Acrobat","Cauldron","Juzu Bracelet","Ornamental Fan","TightArray:ReiMu+1","Bow_fan:ReiMu","TungstenRod","testmod-SpacePotion","Ice Cream","Dream Catcher","Orichalcum","Potion Belt","testmod-AssaultLearning","testmod-Déjàvu","BodyOfKamiR:ReiMu","Pantograph","Fruit Juice","Shuriken","testmod-HeartOfDaVinci","Finesse+1","DollysMirror","Eternal Feather","Incense Burner","FairyMaid","SimpleLauncher","TwistedFunnel","Paper Crane","KamiRite:ReiMu+1","Antimatter_spacedebris","Pan","Parasol_purpleEX","Ginger","testmod-CrystalShield","Snake Skull","Tingsha","testmod-ThousandKnives","Paper Frog","Broom","WingedGreaves","testmod-DragonStarHat","KneeBrace","Pear","Letter Opener","FossilizedHelix","CleanRite:ReiMu+1","DataDisk","Tea:ReiMu","Pocketwatch","testmod-Laevatain","testmod-Alchemist","AdministrixMod:PrescriptionBottle","Koishi:LettersToReimu","testmod-Hope","StrikeDummy","Dead Branch","Fruit Juice","Bird Faced Urn","testmod-BouquetWithThorns","HornCleat","Ninja Scroll","ShroomBag","testmod-HeartOfStrike","InkBottle","AntiCross","testmod-RainbowHikingShoes","Ring of the Snake","Salt:ReiMu","Tough Bandages","White Beast Statue","RedBat","Burning Blood","PaperSwan","Sundial","Flash of Steel+1","FadedRune:ReiMu","SproutingBranch","BreadOfAWashokuLover","Finesse+1","Red Skull","KSMOD_RollerSkates","AdministrixMod:GoldenChickadee","AmplifyWand","TypeBBloodRedTea","AdministrixMod:KeyOfKings","KaguraBell:ReiMu"],"campfire_rested":0,"item_purchase_floors":[0,0,0,0,0,0,0,0,0,0,0,0,0,0,0,0,0,0,0,0,0,0,0,0,0,0,0,0,0,0,0,0,0,0,0,0,0,0,0,0,0,0,0,0,0,0,0,0,0,0,0,0,0,0,0,0,0,0,0,0,0,0,0,0,0,0,0,0,0,0,0,0,0,0,0,0,0,0,0,0,0,0,0,0,0,0,0,0,0,0,0,0,0,0,0,0,0,0,0,0,0,0,0,0,0,0,0,0,0,0,0,0,0,0,0,0,0,0,0,0,0,0,0,0,0,0,0,0,0,0,0,0,0,0,0,0,0,0,0,0,0,0,0,0,0,0,0,0,0,0,0,0,0,0,0,0,0,0,0,0,0,0,0,0,0,0,0,0,0,0,0,0,0,0,0,0,0,0,0,2,4,4,37,37,48,53,53],"current_hp_per_floor":[206,328,329,329,330,342,342,358,358,374,377,377,382,389,389,413,413,421,421,467,481,481,515,515,516,517,542,562,562,587,589,589,622,622,640,653,673,695,591,638,639,683,684,705,705,705,733,733,733,798,849,849,855,873,910],"gold":3828,"neow_bonus":"","is_daily":false,"chose_seed":false,"campfire_upgraded":1,"win_rate":0.0,"timestamp":1611326573,"path_taken":["M","$","?","$","?","E","R","E","T","E","?","?","?","?","R","BOSS","M","$","?","M","?","E","R","?","T","M","E","R","E","COS","R","BOSS","M","M","$","M","?","E","?","E","T","M","R","?","M","$","R","BOSS","R","$","E","BOSS"],"items_purchased_type":["Relic","Relic","Relic","Relic","Relic","Card","Relic","Relic","Relic","Relic","Relic","Relic","Card","Relic","Potion","Relic","Relic","Potion","Relic","Relic","Relic","Relic","Relic","Relic","Relic","Relic","Relic","Relic","Card","Relic","Relic","Relic","Relic","Relic","Relic","Relic","Relic","Relic","Relic","Relic","Relic","Relic","Relic","Relic","Relic","Relic","Relic","Relic","Potion","Potion","Relic","Relic","Relic","Potion","Relic","Relic","Relic","Relic","Relic","Relic","Potion","Relic","Relic","Relic","Card","Relic","Relic","Relic","Relic","Relic","Relic","Relic","Relic","Relic","Relic","Relic","Relic","Potion","Relic","Relic","Relic","Relic","Relic","Relic","Relic","Relic","Relic","Relic","Relic","Card","Relic","Relic","Relic","Relic","Relic","Card","Relic","Relic","Relic","Relic","Relic","Relic","Relic","Relic","Relic","Relic","Card","Relic","Relic","Potion","Relic","Relic","Relic","Relic","Relic","Relic","Relic","Relic","Potion","Relic","Relic","Card","Relic","Relic","Relic","Relic","Relic","Relic","Relic","Card","Relic","Relic","Relic","Relic","Relic","Relic","Relic","Relic","Relic","Relic","Relic","Relic","Relic","Relic","Relic","Relic","Card","Relic","Relic","Relic","Relic","Relic","Relic","Relic","Relic","Relic","Relic","Potion","Relic","Relic","Relic","Relic","Relic","Relic","Relic","Relic","Relic","Relic","Relic","Relic","Relic","Relic","Relic","Relic","Relic","Card","Relic","Relic","Relic","Card","Relic","Relic","Relic","Relic","Relic","Relic","Relic"],"build_version":"2020-12-22","purchased_purges":21,"victory":true,"max_hp_per_floor":[206,328,329,329,330,342,342,358,358,374,377,377,382,389,389,413,413,421,421,467,481,481,515,515,516,517,542,562,562,587,589,589,622,622,640,653,673,695,695,734,735,769,770,785,785,785,803,803,803,849,849,849,855,873,910],"card_choices":[{"not_picked":["FoulBorder2:ReiMu+1","Intuition:ReiMu","RainPray2:ReiMu"],"picked":"Singing Bowl","floor":0.0},{"not_picked":["AirStrike:ReiMu+1","PrayRite:ReiMu","Intuition:ReiMu"],"picked":"Singing Bowl","floor":0.0},{"not_picked":["ManaGlint:ReiMu+1","Conquer:ReiMu+1","Meditation:ReiMu"],"picked":"Singing Bowl","floor":0.0},{"not_picked":["Revelation:ReiMu","ShadowOfCrow2:ReiMu","SpreadBorder2:ReiMu"],"picked":"Singing Bowl","floor":0.0},{"not_picked":["KamiSacrifice:ReiMu","Enchanting:ReiMu","SpringWay:ReiMu"],"picked":"Singing Bowl","floor":0.0},{"not_picked":["AirStrike:ReiMu+1","PrayRite:ReiMu","Intuition:ReiMu"],"picked":"Singing Bowl","floor":0.0},{"not_picked":["ManaGlint:ReiMu+1","Conquer:ReiMu+1","Meditation:ReiMu"],"picked":"Singing Bowl","floor":0.0},{"not_picked":["Revelation:ReiMu","ShadowOfCrow2:ReiMu","SpreadBorder2:ReiMu"],"picked":"Singing Bowl","floor":0.0},{"not_picked":["NovaMod:StimPack+1","Chen:Fadeout+1","Koishi:MindNumbingTerror+1","Koishi:SilentAndRestless+1"],"picked":"Singing Bowl","floor":0.0},{"not_picked":["NovaMod:SuperStimPack+1","NovaMod:WidowMine+1","ManaGlint:ReiMu+1","Sunder+1"],"picked":"Singing Bowl","floor":1.0},{"not_picked":["ScarletDevilSign+1","Evolve+1","AdministrixMod:ImmortalPurity+1","SubcavityInstant:ReiMu+1"],"picked":"Singing Bowl","floor":1.0},{"not_picked":["NovaMod:DefensiveDrone","Koishi:FidgetySnatcher","AdministrixMod:NoblePath","Mirror_FormAndEmptin_purple"],"picked":"Singing Bowl","floor":6.0},{"not_picked":["ClowCardTheSilent","Sweeping Beam","EighthInstrument_OneDividesIntoTwo_purple","DeepEcoloBomb"],"picked":"Singing Bowl","floor":8.0},{"not_picked":["DenO_Ax","MokouMod:IgnitionBarrier","Gash","MiserableFate"],"picked":"Singing Bowl","floor":10.0},{"not_picked":["BatForm","testmod-AssimilatedRune","ContainerChange_purple","Authority:ReiMu"],"picked":"Singing Bowl","floor":16.0},{"not_picked":["Sucker Punch","CrushJoints","SealNeedle:ReiMu+1","Acrobatics+1"],"picked":"Singing Bowl","floor":18.0},{"not_picked":["MokouMod:GuidingSmoke","Koishi:BloodcurdlingScream","ClowCardTheBubbles+1","Sever Soul+1"],"picked":"Singing Bowl","floor":18.0},{"not_picked":["FormRideTitan","AutoVajin","DeepEcoloBomb"],"picked":"testmod-HeadAttack","floor":20.0},{"not_picked":["Koishi:PhantomBarrier","LuminesStrike+1","OmniscientAndOmnipotent_Monster_purple","Outmaneuver"],"picked":"Singing Bowl","floor":21.0},{"not_picked":["Sweeping Beam+1","AutoVajin+1","MonsterNeedle_purple","DoubleEdge+1"],"picked":"Singing Bowl","floor":21.0},{"not_picked":["AdministrixMod:PassageOfAges+1","SfantasyHide_purple","PrepareRite:ReiMu+1","Koishi:PhantomStrike"],"picked":"Singing Bowl","floor":23.0},{"not_picked":["Twin Strike","Hyperbeam","MastersStateliness+1","AdministrixMod:SipOfSparks"],"picked":"Singing Bowl","floor":27.0},{"not_picked":["PurpleNeedle_purple+1","ClowCardTheBubbles","ManaGlint:ReiMu","Potential+1"],"picked":"Singing Bowl","floor":27.0},{"not_picked":["Seeing Red","Footwork","Chen:Barrier","Koishi:HeartfeltFancy"],"picked":"Singing Bowl","floor":28.0},{"not_picked":["Uppercut","Headbutt+1","DoubleButterfly:ReiMu+1","SealNeedle:ReiMu+1"],"picked":"Singing Bowl","floor":30.0},{"not_picked":["Brilliance","SilverMatrix","Chen:Stability","Chen:Kimontonkou"],"picked":"Singing Bowl","floor":33.0},{"not_picked":["Dash+1","Decade_Dash2","DragonMeteor+1","AdministrixMod:Katabasis"],"picked":"Singing Bowl","floor":35.0},{"not_picked":["ClowCardTheMove+1","Koishi:Prune+1","OmniscientAndOmnipotent_Monster_purple+1","FormRidePegasus"],"picked":"Singing Bowl","floor":35.0},{"not_picked":["FormRideDogga+1","Shallow_ocean_purpleEX","Potential+1"],"picked":"Gensokyo:EverlastingLife+1","floor":36},{"not_picked":["MeteoricShower","Well Laid Plans","FormRideGaruru+1","NovaMod:Barrier+1"],"picked":"Singing Bowl","floor":36},{"not_picked":["MokouMod:HeatCyclone","PassingAway:ReiMu","Koishi:ReflexRadar+1","WitchLeyline"],"picked":"Singing Bowl","floor":38},{"not_picked":["KamenRideHibiki","WreathOfFlame","Leap","WeekHit_purple+1"],"picked":"Singing Bowl","floor":38},{"not_picked":["StarChef","Chen:UpperHand","Koishi:GrowingPain","MokouMod:FujiyamaVolcano+1"],"picked":"Singing Bowl","floor":40},{"not_picked":["DenO_Rod","ClowCardTheBig+1","MokouMod:UncontrollableSolarReaction","Gash+1"],"picked":"Singing Bowl","floor":42},{"not_picked":["ClowCardTheWood","Cloak And Dagger","RideBooker+1","Defy+1"],"picked":"Singing Bowl","floor":44},{"not_picked":["Chen:Panic+1","FormRideTitan","Koishi:BloodcurdlingScream","Enchanting:ReiMu"],"picked":"Singing Bowl","floor":44},{"not_picked":["DoubleEdge","Undo","Tactician","RuptureOfTimeAndSpace_purple+1"],"picked":"Singing Bowl","floor":47},{"not_picked":["AirStrike:ReiMu","AdministrixMod:RebukeDesires+1","Turbo","MokouMod:RisingSunBarrier"],"picked":"Singing Bowl","floor":47},{"not_picked":["MokouMod:Overheat","SporeBomb+1","ClowCardTheTwin"],"picked":"Sanctity+1","floor":54}],"player_experience":615671,"relics_obtained":[{"floor":7.0,"key":"testmod-Muramasa"},{"floor":8.0,"key":"testmod-Maize"},{"floor":9.0,"key":"KSMOD_TouyasBicycle"},{"floor":10.0,"key":"Koishi:ImaginaryFriend"},{"floor":12.0,"key":"Whetstone"},{"floor":12.0,"key":"The Specimen"},{"floor":15.0,"key":"Koishi:AHoleWhereASisterShouldBe"},{"floor":20.0,"key":"Emotion Chip"},{"floor":20.0,"key":"testmod-Nyarlathotep"},{"floor":22.0,"key":"testmod-TheFather"},{"floor":23.0,"key":"KSMOD_TomoyosHeart"},{"floor":26.0,"key":"KSMOD_YukitosBentoBox"},{"floor":28.0,"key":"ThegodofHakurei_purpleEX"},{"floor":30.0,"key":"Lizard Tail"},{"floor":32.0,"key":"Bottled Lightning"},{"floor":40,"key":"StoneCalendar"},{"floor":42,"key":"MokouMod:PhoenixFeather"},{"floor":43,"key":"MagicBroom"},{"floor":46,"key":"RomanBracelet"},{"floor":54,"key":"Turnip"}],"event_choices":[{"damage_healed":0.0,"max_hp_gain":0.0,"max_hp_loss":0.0,"gold_gain":68.0,"event_name":"Golden Wing","player_choice":"Gained Gold","floor":3.0,"gold_loss":0.0,"damage_taken":0.0},{"damage_healed":0.0,"max_hp_gain":0.0,"max_hp_loss":0.0,"gold_gain":400.0,"event_name":"恩洛斯的盘子","player_choice":"Sell","floor":5.0,"relics_lost":["testmod-TestBox"],"gold_loss":0.0,"damage_taken":0.0},{"damage_healed":0.0,"max_hp_gain":5.0,"max_hp_loss":0.0,"gold_gain":0.0,"event_name":"Big Fish","player_choice":"Donut","floor":13.0,"gold_loss":0.0,"damage_taken":0.0},{"damage_healed":0.0,"max_hp_gain":0.0,"max_hp_loss":0.0,"gold_gain":0.0,"event_name":"给自己的盒子","player_choice":"Swap Relic","floor":14.0,"relics_lost":["Lee\u0027s Waffle"],"gold_loss":0.0,"damage_taken":0.0,"relics_obtained":["Lee\u0027s Waffle"]}],"is_beta":false,"boss_relics":[{"not_picked":["Fusion Hammer","Mark of Pain"],"picked":"testmod-Temperance"},{"not_picked":["Snecko Eye","Coffee Dripper"],"picked":"ScarletEmblem"}],"items_purged_floors":[0,0,0,0,0,0,0,0,0,0,0,0,0,0,0,0,2,19,37,48,53],"is_endless":false,"potions_floor_spawned":[1,6,8,10,16,18,20,21,23,27,28,30,33,35,36,38,40,42,44,47,54],"ascension_level":1}}