{"host":"27wa8ufp4ryspt1p","time":1611297938,"event":{"mods":["100% Spire Juice","2.2 Compatiblity","Abigail Mod","Act Like it!","Aspiration","BaseMod","Better Altar","Better Note","Better Skull","Better Third Choice","Colored Map","Conspire","Dota2Spire","Downfall-Rebalance","Elementarium","Energized Spire","Fox Events","Friendly Minions","Gensokyo","GifTheSpireLib","Gold Saver","Halation","Hallownest","HololiveMod","Hubris","Humility","Infinite Spire","Keyboard Shortcuts","Menagerie","Mimic Mod","Minty Spire (QoL Compilation)","Pale of the Ancients","Poor People Problems","Quarter Circle Forward PUNCH!","Reimu??????","Relic Sorter","Relic Stats","Replay The Spire","Reworked Bosses","Shop Mod","Spicy Shops","Spikes Relics","Spire Arcade","StSLib","Stuff the Spire","SuperFastMode","The Cursed","The Exalted","The Judge","The Necromancer","Trackpad","Waifu the Spire","Wandering Minibosses","[IsaacMod]????","??????REMEMod","????"],"gold_per_floor":[909,924,1004,1024,1037,911,953,953,1000,1031,1031,1064,951,982,982,987,987],"floor_reached":16,"language":"SPA","playtime":776,"items_purged":[],"score":466,"play_id":"fdf84911-23e7-40ef-8f42-dfba5cfa5e52","local_time":"20210122004538","daily_mods":["SealedDeck","Colorless Cards","Heirloom","Elite Swarm","Lethality"],"is_ascension_mode":true,"campfire_choices":[{"floor":8.0,"key":"RECALL"},{"data":"hubris:EnhanceAbility","floor":15,"key":"SMITH"}],"circlet_count":0,"master_deck":["AscendersBane","DoctorFetus+1","Hololive_CocoNews","Hololive_Rebound","ReplayTheSpireMod:Private Reserves","Hololive_CallNakiriAyame","Hololive_Breathe","Hololive_CocoNews","Hololive_Rebound","StuffTheSpire:FreeRealEstate","Hololive_CocoNews","Hololive_CallMurasakiShion","hubris:EnhanceAbility+1","Hololive_CallOmaruPolka","Hololive_CallMoonaHoshinova","Hololive_CallTokinoSora","REME_AllRoundStrike","wanderingMiniBosses:FinaleOfPromise","Moonworks:SinkOrSwim","expansioncontent:DashGenerateEvil","Hololive_DDD+1"],"relics":["Hololive_TheStar","HushsDoor","REME_ComplimentaryCards","Dota2Spire:ShivaGuard","TuHaoJin","MerchantsRug","infinitespire:ShieldingShard","wanderingMiniBosses:Blackblade","qcfpunch:Fighting_Gloves","Replay:Ringing Soul","Replay:PocketPolymizer"],"acts_visited":["Menagerie:Menagerie"],"potions_floor_usage":[],"damage_taken":[{"damage":0.0,"enemies":"Menagerie:MonstrousExperiment","floor":1.0,"turns":2.0},{"damage":0.0,"enemies":"Menagerie:StygianBoar","floor":2.0,"turns":2.0},{"damage":0.0,"enemies":"Menagerie:2_RABBITS","floor":4.0,"turns":3.0},{"damage":0.0,"enemies":"Menagerie:EntropyWarlock","floor":5.0,"turns":2.0},{"damage":0.0,"enemies":"Menagerie:MaskedSummoner","floor":7.0,"turns":6.0},{"damage":0.0,"enemies":"Menagerie:Hexasnake","floor":9.0,"turns":7.0},{"damage":0.0,"enemies":"Menagerie:Hydra","floor":10.0,"turns":3.0},{"damage":0,"enemies":"Menagerie:VoidReaper","floor":12,"turns":1},{"damage":0,"enemies":"Menagerie:Hydra","floor":14,"turns":2},{"damage":46,"enemies":"Menagerie:AVATARS","floor":16,"turns":3}],"seed_played":"-7469224014323389344","potions_obtained":[{"floor":4.0,"key":"Dota2Spire:HealingSalve"},{"floor":5.0,"key":"Explosive Potion"},{"floor":7.0,"key":"SkillPotion"},{"floor":10,"key":"Dota2Spire:Clarity"}],"is_trial":true,"path_per_floor":["M","M","?","M","M","R","E","R","MIM","E","?","E","R","E","R","B"],"character_chosen":"Hololive_HololiveCharacter","items_purchased":["MerchantsRug","expansioncontent:DashGenerateEvil"],"campfire_rested":0,"item_purchase_floors":[6,13],"current_hp_per_floor":[27,27,27,27,27,27,27,27,27,27,27,30,33,36,36,0,0],"gold":987,"neow_bonus":"","is_daily":false,"chose_seed":false,"campfire_upgraded":1,"win_rate":0.0,"timestamp":1611297938,"path_taken":["?","M","?","M","M","R","E","R","MIM","E","?","E","R","E","R","BOSS"],"items_purchased_type":["Relic","Card"],"build_version":"2020-12-22","purchased_purges":0,"victory":false,"max_hp_per_floor":[30,30,30,30,30,30,30,30,30,30,29,32,35,38,38,38,38],"relic_stats":{"counters":[10,31],"obtain_stats":[{"KeepersGift":0,"MerchantsRug":6,"Replay:PocketPolymizer":14,"Dota2Spire:ShivaGuard":0,"PrismaticShard":11,"Replay:Ringing Soul":12,"infinitespire:ShieldingShard":7,"wanderingMiniBosses:Blackblade":9,"Hololive_TheStar":0,"qcfpunch:Fighting_Gloves":10,"TuHaoJin":0,"HushsDoor":0,"REME_ComplimentaryCards":0},{"KeepersGift":0,"MerchantsRug":4,"Replay:PocketPolymizer":9,"Dota2Spire:ShivaGuard":0,"PrismaticShard":7,"Replay:Ringing Soul":8,"infinitespire:ShieldingShard":5,"wanderingMiniBosses:Blackblade":6,"Hololive_TheStar":0,"qcfpunch:Fighting_Gloves":7,"TuHaoJin":0,"HushsDoor":0,"REME_ComplimentaryCards":0},{"KeepersGift":0,"MerchantsRug":9,"Replay:PocketPolymizer":28,"Dota2Spire:ShivaGuard":0,"PrismaticShard":25,"Replay:Ringing Soul":26,"infinitespire:ShieldingShard":15,"wanderingMiniBosses:Blackblade":22,"Hololive_TheStar":0,"qcfpunch:Fighting_Gloves":25,"TuHaoJin":0,"HushsDoor":0,"REME_ComplimentaryCards":0}]},"card_choices":[{"not_picked":[],"picked":"DoctorFetus","floor":0.0},{"not_picked":["Deep Breath","Chrysalis","Hololive_LuckPotion"],"picked":"Hololive_CallOmaruPolka","floor":1.0},{"not_picked":["Hololive_Drill","Hololive_FlyingPonyTail","expansioncontent:SuperHexaguard"],"picked":"Hololive_CallMoonaHoshinova","floor":2.0},{"not_picked":["Hololive_CocoNews","Bomb","Midas Touch"],"picked":"Hololive_CallTokinoSora","floor":4.0},{"not_picked":["Hololive_Trident","Hololive_Sequa","Hololive_Drill","Hololive_CocoNews"],"picked":"SKIP","floor":5.0},{"not_picked":["Hololive_ScarfAndHalo","Feint","Hololive_Nanodesu"],"picked":"REME_AllRoundStrike","floor":7.0},{"not_picked":[],"picked":"wanderingMiniBosses:FinaleOfPromise","floor":9.0},{"not_picked":["DoctorFetus","REME_HeartOfCthun","Metamorphosis"],"picked":"ChaosCard","floor":10},{"not_picked":["hexamod:UnleashSpirits","AbbyMod:BadGirl","WordoMod:GreatSeal"],"picked":"Moonworks:SinkOrSwim","floor":12},{"not_picked":["REME_BuildACard","Hololive_StarCraft","Feint"],"picked":"Hololive_DDD","floor":14}],"player_experience":3932395,"relics_obtained":[{"floor":7.0,"key":"infinitespire:ShieldingShard"},{"floor":9.0,"key":"wanderingMiniBosses:Blackblade"},{"floor":10,"key":"qcfpunch:Fighting_Gloves"},{"floor":12,"key":"Replay:Ringing Soul"},{"floor":14,"key":"Replay:PocketPolymizer"}],"event_choices":[{"damage_healed":0,"gold_gain":0,"player_choice":"Enter","damage_taken":0,"relics_obtained":["PrismaticShard"],"max_hp_gain":0,"max_hp_loss":1,"event_name":"Menagerie:ShimmeringGrove","floor":11,"gold_loss":0}],"is_beta":false,"boss_relics":[],"items_purged_floors":[],"is_endless":false,"potions_floor_spawned":[4,5,7,10,12],"killed_by":"Menagerie:AVATARS","ascension_level":20}}