{"host":"c3lc60y5x60jlt1y","time":1611354728,"event":{"mods":["AchievementEnabler","BaseMod","Bestiary","Colored Map","Minty Spire (QoL Compilation)","Quick Restart","StSLib","ojb\u0027s Info Mod"],"gold_per_floor":[116,191,191,41,41,41,60,60,60,60,88,99,20,40,40,40,40],"floor_reached":16,"language":"ENG","playtime":338,"items_purged":["Defend_B"],"score":228,"play_id":"8a8ced97-bd91-42b5-b979-aac80ce4f566","local_time":"20210123003208","is_ascension_mode":true,"campfire_choices":[{"data":"Glacier","floor":6,"key":"SMITH"},{"data":"Undo","floor":8,"key":"SMITH"},{"data":"Zap","floor":10,"key":"SMITH"},{"data":"Sunder","floor":15,"key":"SMITH"}],"circlet_count":0,"master_deck":["AscendersBane","Strike_B","Strike_B+1","Strike_B","Defend_B+1","Defend_B","Defend_B","Zap+1","Dualcast","Undo+1","Glacier+1","Conserve Battery","Sunder+1","Capacitor"],"relics":["Cracked Core","NeowsBlessing","Oddly Smooth Stone","HornCleat"],"acts_visited":["Exordium"],"potions_floor_usage":[16],"damage_taken":[{"damage":0,"enemies":"Jaw Worm","floor":1,"turns":1},{"damage":0,"enemies":"Small Slimes","floor":7,"turns":1},{"damage":0,"enemies":"Lagavulin","floor":11,"turns":1},{"damage":0,"enemies":"Cultist","floor":12,"turns":3},{"damage":1,"enemies":"Exordium Thugs","floor":14,"turns":8},{"damage":16,"enemies":"Slime Boss","floor":16,"turns":7}],"seed_played":"-8059694170378665442","potions_obtained":[{"floor":11,"key":"Strength Potion"}],"is_trial":false,"path_per_floor":["M","?","?","$","?","R","M","R","T","R","E","M","$","M","R","B"],"character_chosen":"DEFECT","items_purchased":["Glacier","LiquidMemories"],"campfire_rested":0,"item_purchase_floors":[4,13],"current_hp_per_floor":[64,53,32,32,32,32,32,32,32,32,32,32,32,31,31,15,15],"gold":40,"neow_bonus":"THREE_ENEMY_KILL","is_daily":false,"chose_seed":false,"campfire_upgraded":4,"win_rate":0.0,"timestamp":1611354728,"path_taken":["M","?","?","$","?","R","?","R","T","R","E","M","?","?","R","BOSS"],"items_purchased_type":["Card","Potion"],"build_version":"2020-12-22","purchased_purges":1,"victory":false,"max_hp_per_floor":[71,71,71,71,71,71,71,71,71,71,71,71,71,71,71,71,71],"card_choices":[{"not_picked":["Go for the Eyes","Fusion"],"picked":"Undo","floor":1},{"not_picked":["Rebound","Fusion"],"picked":"Conserve Battery","floor":7},{"not_picked":["Double Energy","Gash","Stack"],"picked":"SKIP","floor":11},{"not_picked":["Darkness","Scrape"],"picked":"Sunder","floor":12},{"not_picked":["Heatsinks","Doom and Gloom"],"picked":"Capacitor","floor":14}],"player_experience":8376829,"relics_obtained":[{"floor":9,"key":"Oddly Smooth Stone"},{"floor":11,"key":"HornCleat"}],"event_choices":[{"damage_healed":0,"gold_gain":75,"player_choice":"Gather Gold","damage_taken":11,"max_hp_gain":0,"max_hp_loss":0,"event_name":"World of Goop","floor":2,"gold_loss":0},{"damage_healed":0,"gold_gain":0,"player_choice":"Entered Light","damage_taken":21,"max_hp_gain":0,"max_hp_loss":0,"event_name":"Shining Light","floor":3,"gold_loss":0,"cards_upgraded":["Strike_B","Defend_B"]},{"cards_removed":["Strike_B"],"damage_healed":0,"gold_gain":0,"player_choice":"Purged","damage_taken":0,"max_hp_gain":0,"max_hp_loss":0,"event_name":"Purifier","floor":5,"gold_loss":0}],"is_beta":false,"boss_relics":[],"items_purged_floors":[4],"is_endless":false,"potions_floor_spawned":[11],"killed_by":"Slime Boss","ascension_level":17}}