{"host":"ak97kadm4gobvh6l","time":1611342018,"event":{"mods":["BaseMod","Colored Map","Downfall","Minty Spire (QoL Compilation)","StSLib"],"gold_per_floor":[99,99,110,121,132,32,32,47,5,5,40,50,67,67,67,67],"floor_reached":14,"language":"ENG","playtime":1078,"items_purged":[],"score":101,"play_id":"8c294a9c-01ec-4970-8c12-1fbe2f76828a","local_time":"20210122200018","is_ascension_mode":true,"campfire_choices":[{"floor":1,"key":"RECALL"},{"data":"bronze:InfiniteBeams","floor":6,"key":"SMITH"},{"data":"bronze:OilSpill","floor":10,"key":"SMITH"}],"circlet_count":0,"master_deck":["bronze:Strike","bronze:Strike","bronze:Strike","bronze:Defend","bronze:Defend","bronze:Defend","bronze:Defend","bronze:Replicate","bronze:Goto","bronze:Deprecate","bronze:InfiniteBeams+1","bronze:Overheat","bronze:ForceShield","bronze:OilSpill+1","bronze:DigitalCarnage","bronze:FollowUp"],"relics":["bronze:BronzeCore","downfall:HeartBlessingRed","HornCleat"],"acts_visited":["Exordium"],"potions_floor_usage":[14,14],"damage_taken":[{"damage":6,"enemies":"Cultist","floor":3,"turns":4},{"damage":8,"enemies":"Jaw Worm","floor":4,"turns":6},{"damage":4,"enemies":"Small Slimes","floor":5,"turns":3},{"damage":10,"enemies":"Gremlin Gang","floor":8,"turns":6},{"damage":0,"enemies":"downfall:FleeingMerchant","floor":9,"turns":4},{"damage":18,"enemies":"3 Sentries","floor":11,"turns":7},{"damage":9,"enemies":"Red Slaver","floor":12,"turns":2},{"damage":7,"enemies":"2 Fungi Beasts","floor":13,"turns":2},{"damage":8,"enemies":"Lagavulin","floor":14,"turns":4}],"seed_played":"-7728311844397450783","potions_obtained":[{"floor":2,"key":"sneckomod:MuddlingPotion"},{"floor":2,"key":"bronze:CleanCodePotion"},{"floor":2,"key":"bronze:FreeFunctionsPotion"},{"floor":13,"key":"Energy Potion"}],"is_trial":false,"path_per_floor":["R","?","M","M","M","R","T","M","$","R","E","M","M","E"],"character_chosen":"THE_AUTOMATON","items_purchased":["bronze:OilSpill"],"campfire_rested":0,"item_purchase_floors":[9],"current_hp_per_floor":[70,70,64,56,52,52,52,42,42,42,24,15,8,0,0,0],"gold":67,"neow_bonus":"REMOVE_CARD","is_daily":false,"chose_seed":false,"campfire_upgraded":2,"win_rate":0.0,"timestamp":1611342018,"path_taken":["R","?","M","M","M","R","T","M","$","R","E","M","?","E"],"items_purchased_type":["Card"],"build_version":"2020-12-22","purchased_purges":0,"victory":false,"max_hp_per_floor":[70,70,70,70,70,70,70,70,70,70,70,70,70,70,70,70],"card_choices":[{"not_picked":["bronze:Turbo","bronze:DarkDash"],"picked":"bronze:Deprecate","floor":3},{"not_picked":["bronze:Frontload","bronze:NullPointer","bronze:Philosophize"],"picked":"SKIP","floor":4},{"not_picked":["bronze:WildBeam","bronze:Shield"],"picked":"bronze:InfiniteBeams","floor":5},{"not_picked":["bronze:DelayedGuard","bronze:Branch"],"picked":"bronze:Overheat","floor":8},{"not_picked":["bronze:Repair","bronze:WhirlingStrike"],"picked":"bronze:ForceShield","floor":9},{"not_picked":["bronze:Shell","bronze:Turbo"],"picked":"bronze:DigitalCarnage","floor":11},{"not_picked":["bronze:Frontload","bronze:Deprecate"],"picked":"bronze:FollowUp","floor":12},{"not_picked":["bronze:Refactor","bronze:BuggyMess","bronze:Philosophize"],"picked":"SKIP","floor":13}],"player_experience":1046855,"relics_obtained":[{"floor":11,"key":"HornCleat"}],"event_choices":[{"damage_healed":0,"gold_gain":0,"player_choice":"Got Potions","damage_taken":0,"max_hp_gain":0,"max_hp_loss":0,"event_name":"Lab","floor":2,"gold_loss":0}],"is_beta":false,"boss_relics":[],"items_purged_floors":[],"is_endless":false,"potions_floor_spawned":[8,13],"killed_by":"Lagavulin","ascension_level":2}}