{"host":"t7mx8yfj1no5p62f","time":1611297754,"event":{"mods":["BaseMod","Bestiary","Colored Map","Colored Powertips","Minty Spire (QoL Compilation)","Relic Stats","StSLib"],"gold_per_floor":[111,111,18,34,49,79,79,104,129,139,156,156,173,188,188,265,265,236,236,253,263,16,16,46,46,46],"floor_reached":25,"language":"ENG","playtime":797,"items_purged":["Strike_P"],"score":470,"play_id":"3dee9173-7b85-4a32-9962-9b63e08fdf0d","local_time":"20210122014234","is_ascension_mode":true,"campfire_choices":[{"data":"TalkToTheHand","floor":7.0,"key":"SMITH"},{"data":"ThirdEye","floor":12.0,"key":"SMITH"},{"data":"ConjureBlade","floor":15.0,"key":"SMITH"},{"floor":23.0,"key":"REST"}],"circlet_count":0,"master_deck":["AscendersBane","Strike_P","Strike_P","Strike_P","Defend_P","Defend_P+1","Defend_P+1","Defend_P","Eruption","Vigilance+1","EmptyFist","TalkToTheHand+1","FlurryOfBlows","FlurryOfBlows","ConjureBlade+1","ThirdEye+1","Evaluate+1","CutThroughFate","Sanctity","Weave","LessonLearned","Tantrum","EmptyMind","Wallop"],"relics":["PureWater","NeowsBlessing","Happy Flower","Akabeko","VioletLotus","Anchor","Lantern"],"acts_visited":["Exordium","TheCity"],"potions_floor_usage":[24],"damage_taken":[{"damage":0.0,"enemies":"2 Louse","floor":1.0,"turns":1.0},{"damage":0.0,"enemies":"Jaw Worm","floor":4.0,"turns":1.0},{"damage":0.0,"enemies":"Cultist","floor":5.0,"turns":1.0},{"damage":20.0,"enemies":"Gremlin Nob","floor":6.0,"turns":4.0},{"damage":30.0,"enemies":"3 Sentries","floor":8.0,"turns":7.0},{"damage":0.0,"enemies":"2 Fungi Beasts","floor":10.0,"turns":3.0},{"damage":7.0,"enemies":"Gremlin Gang","floor":11.0,"turns":4.0},{"damage":0.0,"enemies":"Exordium Wildlife","floor":13.0,"turns":2.0},{"damage":0.0,"enemies":"2 Fungi Beasts","floor":14.0,"turns":2.0},{"damage":4.0,"enemies":"The Guardian","floor":16.0,"turns":7.0},{"damage":20.0,"enemies":"2 Thieves","floor":18.0,"turns":4.0},{"damage":0.0,"enemies":"Chosen","floor":20.0,"turns":3.0},{"damage":18.0,"enemies":"Sentry and Sphere","floor":21.0,"turns":5.0},{"damage":35,"enemies":"Book of Stabbing","floor":24,"turns":5},{"damage":5,"enemies":"3 Cultists","floor":25,"turns":2}],"seed_played":"6297248406708788777","potions_obtained":[{"floor":4.0,"key":"StancePotion"},{"floor":10.0,"key":"FearPotion"},{"floor":13.0,"key":"Strength Potion"},{"floor":16.0,"key":"FearPotion"}],"is_trial":false,"path_per_floor":["M","?","$","M","M","E","R","E","T","M","M","R","M","M","R","B",null,"M","?","M","M","$","R","E","M"],"character_chosen":"WATCHER","items_purchased":["TalkToTheHand","Fire Potion","Anchor"],"campfire_rested":1,"item_purchase_floors":[3,3,22],"current_hp_per_floor":[61,66,66,66,66,46,46,16,16,16,9,9,9,9,9,5,56,36,36,36,18,18,39,4,0,0],"gold":46,"neow_bonus":"THREE_ENEMY_KILL","is_daily":false,"chose_seed":false,"campfire_upgraded":3,"win_rate":0.0,"timestamp":1611297754,"path_taken":["M","?","?","M","?","E","R","E","T","M","M","R","M","M","R","BOSS","M","?","?","M","$","R","E","M"],"items_purchased_type":["Card","Potion","Relic"],"build_version":"2020-12-22","purchased_purges":1,"victory":false,"max_hp_per_floor":[68,73,73,73,73,73,73,73,73,73,73,73,73,73,73,73,73,73,73,73,73,73,73,73,73,73],"relic_stats":{"Happy Flower":[14],"counters":[15,51],"VioletLotus":[5],"obtain_stats":[{"Anchor":22,"Lantern":24,"NeowsBlessing":0,"Happy Flower":6,"VioletLotus":17,"PureWater":0,"Akabeko":8},{"Anchor":13,"Lantern":14,"NeowsBlessing":0,"Happy Flower":4,"VioletLotus":10,"PureWater":0,"Akabeko":5},{"Anchor":44,"Lantern":49,"NeowsBlessing":0,"Happy Flower":7,"VioletLotus":32,"PureWater":0,"Akabeko":14}]},"card_choices":[{"not_picked":["Indignation","Evaluate"],"picked":"EmptyFist","floor":1.0},{"not_picked":["Sanctity","Crescendo"],"picked":"FlurryOfBlows","floor":4.0},{"not_picked":["Protect","SignatureMove"],"picked":"FlurryOfBlows","floor":5.0},{"not_picked":["Collect","EmptyFist"],"picked":"ConjureBlade","floor":6.0},{"not_picked":["Protect","Pray"],"picked":"ThirdEye","floor":8.0},{"not_picked":["Worship","EmptyBody"],"picked":"Evaluate","floor":10.0},{"not_picked":["MasterReality","Nirvana"],"picked":"CutThroughFate","floor":11.0},{"not_picked":["Evaluate","Consecrate"],"picked":"Sanctity","floor":13.0},{"not_picked":["Halt","Protect"],"picked":"Weave","floor":14.0},{"not_picked":["Omniscience","ConjureBlade"],"picked":"LessonLearned","floor":16.0},{"not_picked":["Consecrate+1","FollowUp","Sanctity"],"picked":"SKIP","floor":18.0},{"not_picked":["CutThroughFate","Consecrate"],"picked":"Tantrum","floor":20.0},{"not_picked":["EmptyBody","Wallop"],"picked":"EmptyMind","floor":21.0},{"not_picked":["ClearTheMind","Consecrate"],"picked":"Wallop","floor":24}],"player_experience":1811093,"relics_obtained":[{"floor":6.0,"key":"Happy Flower"},{"floor":8.0,"key":"Akabeko"},{"floor":24,"key":"Lantern"}],"event_choices":[{"damage_healed":0.0,"max_hp_gain":5.0,"max_hp_loss":0.0,"gold_gain":0.0,"event_name":"Big Fish","player_choice":"Donut","floor":2.0,"gold_loss":0.0,"damage_taken":0.0},{"damage_healed":0.0,"max_hp_gain":0.0,"max_hp_loss":0.0,"gold_gain":0.0,"event_name":"Upgrade Shrine","player_choice":"Upgraded","floor":19.0,"gold_loss":0.0,"damage_taken":0.0,"cards_upgraded":["Evaluate"]}],"is_beta":false,"boss_relics":[{"not_picked":["Calling Bell","Sozu"],"picked":"VioletLotus"}],"items_purged_floors":[22],"is_endless":false,"potions_floor_spawned":[4,10,13,16],"killed_by":"3 Cultists","ascension_level":20}}