{"host":"k7udt7atmcuzf6l0","time":1611313774,"event":{"mods":["AchievementEnabler","BaseMod","Colored Map","Colored Powertips","Highlight Path","Minty Spire (QoL Compilation)","Quick Restart","Rare Cards Sparkle","StSLib","UnlockEverythingMod"],"gold_per_floor":[211,63,82,95,95,129,129,5,32,45,45,59,59,72,72,177,177,196,196,196,208,220,220,251,263,563,563,351,361,5,5,5,109,109,123,170,186,32,32,32,63,81,81,81,116,66,76,101,101,101],"floor_reached":51,"language":"ZHT","playtime":1668,"items_purged":["Regret"],"score":955,"play_id":"dfe0ed1f-4613-4c1b-86fb-8b2205bd2891","local_time":"20210122190934","is_ascension_mode":false,"campfire_choices":[{"data":"Armaments","floor":7,"key":"SMITH"},{"data":"Rage","floor":11,"key":"SMITH"},{"data":"Warcry","floor":13,"key":"SMITH"},{"data":"Body Slam","floor":15,"key":"SMITH"},{"data":"Offering","floor":23,"key":"SMITH"},{"data":"Feed","floor":27,"key":"SMITH"},{"data":"Exhume","floor":32,"key":"SMITH"},{"floor":40,"key":"RECALL"},{"floor":44,"key":"REST"},{"floor":49,"key":"REST"}],"circlet_count":0,"master_deck":["Strike_R","Strike_R","Strike_R","Strike_R","Strike_R","Defend_R","Defend_R","Defend_R","Defend_R","Bash","Twin Strike","Feed+1","Headbutt","Clash","Cleave","Warcry+1","Armaments+1","Clash","Clash","Rage+1","Body Slam+1","Offering+1","Bloodletting","Thunderclap","Cleave+1","Anger+1","Offering+1","Exhume+1","Spot Weakness","Inflame","Whirlwind","Reaper","Warcry+1","Headbutt+1","Warcry+1","Sword Boomerang+1","Heavy Blade+1","Dual Wield+1"],"relics":["Burning Blood","Orrery","MealTicket","Pen Nib","Tiny Chest","Runic Cube","Oddly Smooth Stone","Ginger","Old Coin","DollysMirror","Question Card","Fusion Hammer","Bird Faced Urn","Sling","Pocketwatch","Darkstone Periapt","Pantograph","Bag of Marbles","Calipers"],"acts_visited":["Exordium","TheCity","TheBeyond"],"potions_floor_usage":[6,18,21,33,35,41,42,48,50,50],"damage_taken":[{"damage":5,"enemies":"Small Slimes","floor":1,"turns":3},{"damage":0,"enemies":"2 Louse","floor":3,"turns":3},{"damage":16,"enemies":"Jaw Worm","floor":4,"turns":4},{"damage":29,"enemies":"Lagavulin","floor":6,"turns":6},{"damage":12,"enemies":"Large Slime","floor":10,"turns":4},{"damage":12,"enemies":"Blue Slaver","floor":12,"turns":2},{"damage":2,"enemies":"3 Louse","floor":14,"turns":2},{"damage":26,"enemies":"Hexaghost","floor":16,"turns":8},{"damage":11,"enemies":"3 Byrds","floor":18,"turns":3},{"damage":8,"enemies":"2 Thieves","floor":21,"turns":3},{"damage":21,"enemies":"Shelled Parasite and Fungi","floor":22,"turns":3},{"damage":34,"enemies":"Gremlin Leader","floor":24,"turns":7},{"damage":9,"enemies":"Centurion and Healer","floor":25,"turns":3},{"damage":6,"enemies":"3 Cultists","floor":29,"turns":3},{"damage":81,"enemies":"Champ","floor":33,"turns":7},{"damage":6,"enemies":"3 Shapes","floor":35,"turns":2},{"damage":22,"enemies":"2 Orb Walkers","floor":36,"turns":2},{"damage":31,"enemies":"3 Darklings","floor":37,"turns":3},{"damage":12,"enemies":"Nemesis","floor":41,"turns":1},{"damage":21,"enemies":"Sphere and 2 Shapes","floor":42,"turns":2},{"damage":21,"enemies":"Reptomancer","floor":45,"turns":2},{"damage":68,"enemies":"Spire Growth","floor":47,"turns":4},{"damage":13,"enemies":"Giant Head","floor":48,"turns":2},{"damage":48,"enemies":"Donu and Deca","floor":50,"turns":5}],"seed_played":"-1517900752709178329","potions_obtained":[{"floor":1,"key":"Block Potion"},{"floor":10,"key":"BlessingOfTheForge"},{"floor":14,"key":"Explosive Potion"},{"floor":16,"key":"LiquidBronze"},{"floor":25,"key":"LiquidMemories"},{"floor":29,"key":"ColorlessPotion"},{"floor":33,"key":"PowerPotion"},{"floor":35,"key":"Block Potion"},{"floor":37,"key":"DistilledChaos"},{"floor":41,"key":"Swift Potion"},{"floor":47,"key":"PowerPotion"}],"is_trial":false,"path_per_floor":["M","$","M","M","?","E","R","$","T","M","R","M","R","M","R","B",null,"M","?","$","M","M","R","E","M","T","R","$","M","$","?","R","B",null,"M","?","M","$","T","R","E","M","T","R","E","$","M","E","R","B",null],"character_chosen":"IRONCLAD","items_purchased":["Orrery","Clash","DollysMirror","Exhume","Question Card","Inflame","Whirlwind","Sling","Strength Potion"],"campfire_rested":2,"item_purchase_floors":[2,8,28,28,30,30,30,38,46],"current_hp_per_floor":[80,80,83,76,76,53,53,68,68,66,66,60,60,64,64,44,90,88,88,93,91,76,76,52,53,53,53,68,72,87,87,87,12,105,105,89,105,109,109,109,107,98,98,117,108,121,78,73,110,107],"gold":101,"neow_bonus":"HUNDRED_GOLD","is_daily":false,"chose_seed":false,"campfire_upgraded":7,"win_rate":0.0,"timestamp":1611313774,"path_taken":["M","$","M","M","?","E","R","$","T","M","R","M","R","M","R","BOSS","M","?","$","M","M","R","E","M","T","R","$","M","$","?","R","BOSS","M","?","M","$","?","R","E","M","T","R","E","?","M","E","R","BOSS"],"items_purchased_type":["Relic","Card","Relic","Card","Relic","Card","Card","Relic","Potion"],"build_version":"2020-12-22","purchased_purges":1,"victory":true,"max_hp_per_floor":[80,80,83,86,86,86,86,86,86,90,90,90,90,90,90,90,90,93,93,93,93,93,93,97,101,101,101,101,105,105,105,105,105,105,105,105,109,109,109,109,113,117,117,117,121,121,125,125,125,125],"card_choices":[{"not_picked":["Sever Soul","Perfected Strike","Fire Breathing"],"picked":"SKIP","floor":1},{"not_picked":["Armaments","Shrug It Off"],"picked":"Twin Strike","floor":2},{"not_picked":["Flame Barrier","Wild Strike"],"picked":"Feed","floor":2},{"not_picked":["Warcry","Havoc"],"picked":"Headbutt","floor":2},{"not_picked":["Immolate","Dark Embrace"],"picked":"Clash","floor":2},{"not_picked":["Perfected Strike","Brutality"],"picked":"Cleave","floor":2},{"not_picked":["Disarm","Anger"],"picked":"Warcry","floor":3},{"not_picked":["Wild Strike","Blood for Blood"],"picked":"Armaments","floor":4},{"not_picked":["Dropkick","Hemokinesis"],"picked":"Clash","floor":6},{"not_picked":["Anger","Armaments"],"picked":"Rage","floor":10},{"not_picked":["Perfected Strike","Pummel","True Grit"],"picked":"SKIP","floor":12},{"not_picked":["Warcry","Searing Blow"],"picked":"Body Slam","floor":14},{"not_picked":["Limit Break","Fiend Fire"],"picked":"Offering","floor":16},{"not_picked":["Feel No Pain","Rupture"],"picked":"Bloodletting","floor":18},{"not_picked":["Perfected Strike","Pummel"],"picked":"Thunderclap","floor":21},{"not_picked":["Pommel Strike","Perfected Strike"],"picked":"Cleave+1","floor":22},{"not_picked":["Clothesline","Perfected Strike+1"],"picked":"Anger+1","floor":24},{"not_picked":["Burning Pact","Fire Breathing+1","Warcry"],"picked":"SKIP","floor":25},{"not_picked":["Clothesline","Inflame"],"picked":"Spot Weakness","floor":29},{"not_picked":["Barricade","Offering","Immolate"],"picked":"Reaper","floor":33},{"not_picked":["Disarm","Heavy Blade+1","Rage","Fire Breathing"],"picked":"SKIP","floor":35},{"not_picked":["Headbutt+1","Combust","Thunderclap"],"picked":"Warcry+1","floor":36},{"not_picked":["Havoc+1","Rampage+1","Wild Strike"],"picked":"Headbutt+1","floor":37},{"not_picked":["Flame Barrier+1","Sword Boomerang","Shrug It Off"],"picked":"Warcry+1","floor":41},{"not_picked":["Armaments","Bludgeon","Heavy Blade+1"],"picked":"Sword Boomerang+1","floor":42},{"not_picked":["Anger","Ghostly Armor","Perfected Strike+1","True Grit+1"],"picked":"SKIP","floor":45},{"not_picked":["Ghostly Armor","Wild Strike+1","Pommel Strike"],"picked":"Heavy Blade+1","floor":47},{"not_picked":["Perfected Strike+1","Reaper","Pommel Strike+1"],"picked":"Dual Wield+1","floor":48}],"player_experience":101817,"relics_obtained":[{"floor":6,"key":"Pen Nib"},{"floor":9,"key":"Tiny Chest"},{"floor":24,"key":"Ginger"},{"floor":26,"key":"Old Coin"},{"floor":36,"key":"Bird Faced Urn"},{"floor":39,"key":"Pocketwatch"},{"floor":41,"key":"Darkstone Periapt"},{"floor":43,"key":"Pantograph"},{"floor":45,"key":"Bag of Marbles"},{"floor":48,"key":"Calipers"}],"event_choices":[{"damage_healed":0,"gold_gain":0,"player_choice":"Box","damage_taken":0,"relics_obtained":["MealTicket"],"max_hp_gain":0,"max_hp_loss":0,"event_name":"Big Fish","floor":5,"gold_loss":0,"cards_obtained":["Regret"]},{"damage_healed":0,"gold_gain":0,"player_choice":"Opened","damage_taken":0,"relics_obtained":["Oddly Smooth Stone"],"max_hp_gain":0,"max_hp_loss":0,"event_name":"The Mausoleum","floor":19,"gold_loss":0},{"damage_healed":0,"gold_gain":0,"player_choice":"Ignored","damage_taken":0,"max_hp_gain":0,"max_hp_loss":0,"event_name":"Ghosts","floor":31,"gold_loss":0},{"damage_healed":0,"gold_gain":0,"player_choice":"Fight","damage_taken":0,"max_hp_gain":0,"max_hp_loss":0,"event_name":"Mysterious Sphere","floor":36,"gold_loss":0}],"is_beta":false,"boss_relics":[{"not_picked":["Calling Bell","Tiny House"],"picked":"Runic Cube"},{"not_picked":["Black Blood","Pandora\u0027s Box"],"picked":"Fusion Hammer"}],"items_purged_floors":[8],"is_endless":false,"potions_floor_spawned":[1,10,14,16,25,29,33,35,37,41,47],"ascension_level":0}}