{"host":"13o02hya6v6rzuva","time":1611321187,"event":{"mods":["BaseMod","Minty Spire (QoL Compilation)","Relic Stats"],"gold_per_floor":[115,6,21,35,47,66,91,91,117,133,10,13,13,33,33,135,135,154,79,79,89,89,89],"floor_reached":22,"language":"ENG","playtime":2139,"items_purged":["Doubt"],"score":285,"play_id":"667d6641-fc13-4b19-af60-05914d467b2c","local_time":"20210122141307","is_ascension_mode":true,"campfire_choices":[{"floor":15,"key":"REST"}],"circlet_count":0,"master_deck":["AscendersBane","Strike_G","Strike_G","Strike_G","Defend_G","Defend_G","Defend_G","Defend_G","Defend_G","Survivor","Neutralize","Burst","Quick Slash","Caltrops","Leg Sweep","Deflect","Dagger Spray","Deadly Poison","Footwork","Footwork","PiercingWail","Noxious Fumes+1","Calculated Gamble","After Image","CurseOfTheBell","Caltrops"],"relics":["Ring of the Snake","Pantograph","Calling Bell","Tiny Chest","Molten Egg 2","Unceasing Top"],"acts_visited":["Exordium","TheCity"],"potions_floor_usage":[6,7,10,18,21,22,22],"damage_taken":[{"damage":9.0,"enemies":"Cultist","floor":1.0,"turns":5.0},{"damage":1.0,"enemies":"Small Slimes","floor":3.0,"turns":5.0},{"damage":8.0,"enemies":"Jaw Worm","floor":4.0,"turns":7.0},{"damage":8.0,"enemies":"3 Louse","floor":5.0,"turns":4.0},{"damage":0,"enemies":"Lots of Slimes","floor":6,"turns":1},{"damage":25,"enemies":"Gremlin Nob","floor":7,"turns":4},{"damage":0,"enemies":"2 Fungi Beasts","floor":10,"turns":5},{"damage":0,"enemies":"Exordium Thugs","floor":12,"turns":4},{"damage":4,"enemies":"Looter","floor":14,"turns":5},{"damage":40,"enemies":"The Guardian","floor":16,"turns":11},{"damage":11,"enemies":"Chosen","floor":18,"turns":10},{"damage":20,"enemies":"3 Byrds","floor":21,"turns":5},{"damage":30,"enemies":"Sentry and Sphere","floor":22,"turns":4}],"seed_played":"-8808905111371989165","potions_obtained":[{"floor":3.0,"key":"Strength Potion"},{"floor":4.0,"key":"Energy Potion"},{"floor":6,"key":"Dexterity Potion"},{"floor":16,"key":"GhostInAJar"},{"floor":20,"key":"BlessingOfTheForge"},{"floor":20,"key":"SpeedPotion"},{"floor":20,"key":"SneckoOil"}],"is_trial":false,"path_per_floor":["M","$","M","M","M","M","E","?","T","M","$","M","?","M","R","B",null,"M","?","?","M","M"],"character_chosen":"THE_SILENT","items_purchased":["Caltrops","Footwork","PiercingWail"],"campfire_rested":1,"item_purchase_floors":[2,11,11],"current_hp_per_floor":[54,54,53,45,37,37,12,5,5,5,5,5,5,1,22,7,54,43,43,43,23,0,0],"gold":89,"neow_bonus":"THREE_RARE_CARDS","is_daily":false,"chose_seed":false,"campfire_upgraded":0,"win_rate":0.0,"timestamp":1611321187,"path_taken":["M","$","M","M","M","M","E","?","T","M","$","M","?","M","R","BOSS","M","?","?","M","?"],"items_purchased_type":["Card","Card","Card"],"build_version":"2020-12-22","purchased_purges":1,"victory":false,"max_hp_per_floor":[70,70,70,70,70,70,70,70,70,70,70,70,70,70,70,70,70,70,70,70,70,70,70],"relic_stats":{"counters":[13,70],"Pantograph":25,"Tiny Chest":0,"obtain_stats":[{"Calling Bell":17,"Pantograph":7,"Tiny Chest":17,"Molten Egg 2":17,"Unceasing Top":17,"Ring of the Snake":0},{"Calling Bell":10,"Pantograph":6,"Tiny Chest":10,"Molten Egg 2":10,"Unceasing Top":10,"Ring of the Snake":0},{"Calling Bell":51,"Pantograph":26,"Tiny Chest":51,"Molten Egg 2":51,"Unceasing Top":51,"Ring of the Snake":0}],"Unceasing Top":[1],"Ring of the Snake":[26]},"card_choices":[{"not_picked":["Venomology","Unload"],"picked":"Burst","floor":0.0},{"not_picked":["Dagger Throw","Reflex"],"picked":"Quick Slash","floor":1.0},{"not_picked":["Bane","Acrobatics"],"picked":"Leg Sweep","floor":3.0},{"not_picked":["Expertise","Blade Dance"],"picked":"Deflect","floor":4.0},{"not_picked":["Outmaneuver","Venomology"],"picked":"Dagger Spray","floor":5.0},{"not_picked":["Underhanded Strike","Choke"],"picked":"Deadly Poison","floor":6},{"not_picked":["Deadly Poison","Eviscerate"],"picked":"Footwork","floor":7},{"not_picked":["Deadly Poison","Quick Slash","Setup"],"picked":"SKIP","floor":10},{"not_picked":["Predator","Masterful Stab"],"picked":"Noxious Fumes","floor":12},{"not_picked":["Night Terror","Skewer"],"picked":"Calculated Gamble","floor":14},{"not_picked":["Malaise","Unload"],"picked":"After Image","floor":16},{"not_picked":["Quick Slash+1","Flying Knee+1","Blade Dance"],"picked":"SKIP","floor":18},{"not_picked":["Quick Slash+1","Slice+1"],"picked":"Caltrops","floor":21}],"player_experience":1147846,"relics_obtained":[{"floor":7,"key":"Pantograph"},{"floor":17,"key":"Tiny Chest"},{"floor":17,"key":"Molten Egg 2"},{"floor":17,"key":"Unceasing Top"}],"event_choices":[{"cards_removed":["Strike_G"],"damage_healed":0,"gold_gain":0,"player_choice":"Card Removal","damage_taken":7,"max_hp_gain":0,"max_hp_loss":0,"event_name":"Golden Wing","floor":8,"gold_loss":0},{"damage_healed":0,"gold_gain":0,"player_choice":"Grow","damage_taken":0,"max_hp_gain":0,"max_hp_loss":0,"event_name":"Living Wall","floor":13,"gold_loss":0,"cards_upgraded":["Noxious Fumes"]},{"cards_removed":["Strike_G"],"damage_healed":0,"gold_gain":0,"player_choice":"Gave Gold","damage_taken":0,"max_hp_gain":0,"max_hp_loss":0,"event_name":"Beggar","floor":19,"gold_loss":75},{"damage_healed":0,"gold_gain":0,"player_choice":"Got Potions","damage_taken":0,"max_hp_gain":0,"max_hp_loss":0,"event_name":"Lab","floor":20,"gold_loss":0}],"is_beta":false,"boss_relics":[{"not_picked":["Astrolabe","Snecko Eye"],"picked":"Calling Bell"}],"items_purged_floors":[2],"is_endless":false,"potions_floor_spawned":[3,4,6,16],"killed_by":"Sentry and Sphere","ascension_level":10}}