{"host":"opyh6vr790e42ffe","time":1611356315,"event":{"mods":["BaseMod","Bestiary","Colored Map","Highlight Path","Minty Spire (QoL Compilation)","Relic Stats","StSLib"],"gold_per_floor":[109,109,126,141,141,141,168,184,184,29,44,44,79,99,99,196,196,215,140,140,166,183,183,209,46,121,21,35,54,88,98,98,196,196,208,208,222,235,285,285,318,318,318,73,73,73,123,157,157,157],"floor_reached":51,"language":"ENG","playtime":2518,"items_purged":["Strike_R"],"score":969,"play_id":"97643527-39a1-4d39-8272-cdfd842c9230","local_time":"20210122145835","is_ascension_mode":true,"campfire_choices":[{"data":"Bash","floor":6.0,"key":"SMITH"},{"data":"Bloodletting","floor":12.0,"key":"SMITH"},{"data":"Rupture","floor":15.0,"key":"SMITH"},{"data":"Dark Embrace","floor":23.0,"key":"SMITH"},{"data":"Feel No Pain","floor":32.0,"key":"SMITH"},{"data":"Corruption","floor":40.0,"key":"SMITH"},{"data":"True Grit","floor":42.0,"key":"SMITH"},{"floor":45,"key":"REST"},{"data":"Disarm","floor":49,"key":"SMITH"}],"circlet_count":0,"master_deck":["Defend_R","Defend_R","Defend_R","Defend_R","Bash+1","Rupture","Heavy Blade+1","Iron Wave+1","Rampage+1","Flame Barrier","Bloodletting+1","Dark Embrace+1","Burning Pact","Rupture+1","Corruption+1","Body Slam+1","Bite+1","Bite+1","Bite+1","Bite+1","Bite+1","Armaments+1","Shockwave+1","Twin Strike+1","Feel No Pain+1","True Grit+1","Pummel+1","Bloodletting","Body Slam+1","Flex","Hemokinesis+1","Shrug It Off","Fiend Fire+1","Limit Break","Heavy Blade+1","Shrug It Off","Disarm+1","Body Slam+1","Offering"],"relics":["Runic Cube","Molten Egg 2","Red Skull","Pear","HornCleat","Runic Pyramid","Red Mask","Kunai","Pantograph","Juzu Bracelet","Busted Crown","Thread and Needle","Omamori","Bronze Scales","Charon\u0027s Ashes","Ancient Tea Set"],"acts_visited":["Exordium","TheCity","TheBeyond"],"potions_floor_usage":[47],"damage_taken":[{"damage":5.0,"enemies":"Jaw Worm","floor":1.0,"turns":5.0},{"damage":7.0,"enemies":"2 Louse","floor":3.0,"turns":3.0},{"damage":8.0,"enemies":"Small Slimes","floor":4.0,"turns":4.0},{"damage":20.0,"enemies":"Gremlin Nob","floor":7.0,"turns":4.0},{"damage":0.0,"enemies":"3 Louse","floor":8.0,"turns":2.0},{"damage":3.0,"enemies":"Looter","floor":11.0,"turns":2.0},{"damage":6.0,"enemies":"Lagavulin","floor":13.0,"turns":5.0},{"damage":3.0,"enemies":"Blue Slaver","floor":14.0,"turns":3.0},{"damage":6.0,"enemies":"Hexaghost","floor":16.0,"turns":7.0},{"damage":9.0,"enemies":"Shell Parasite","floor":18.0,"turns":4.0},{"damage":24.0,"enemies":"Masked Bandits","floor":21.0,"turns":5.0},{"damage":9.0,"enemies":"Chosen","floor":22.0,"turns":3.0},{"damage":56.0,"enemies":"Slavers","floor":24.0,"turns":5.0},{"damage":12.0,"enemies":"Snake Plant","floor":28.0,"turns":3.0},{"damage":11.0,"enemies":"Shelled Parasite and Fungi","floor":29.0,"turns":3.0},{"damage":9.0,"enemies":"Book of Stabbing","floor":30.0,"turns":4.0},{"damage":6.0,"enemies":"Chosen and Byrds","floor":31.0,"turns":3.0},{"damage":28.0,"enemies":"Champ","floor":33.0,"turns":9.0},{"damage":9.0,"enemies":"Orb Walker","floor":35.0,"turns":4.0},{"damage":12.0,"enemies":"3 Darklings","floor":37.0,"turns":5.0},{"damage":8.0,"enemies":"Transient","floor":38.0,"turns":5.0},{"damage":9.0,"enemies":"Mind Bloom Boss Battle","floor":39.0,"turns":6.0},{"damage":44.0,"enemies":"Reptomancer","floor":41.0,"turns":6.0},{"damage":16,"enemies":"2 Orb Walkers","floor":47,"turns":3},{"damage":30,"enemies":"Nemesis","floor":48,"turns":5},{"damage":50,"enemies":"Awakened One","floor":50,"turns":10}],"seed_played":"-4922477609136872595","potions_obtained":[{"floor":1.0,"key":"EssenceOfSteel"},{"floor":8.0,"key":"FairyPotion"},{"floor":14.0,"key":"Fire Potion"},{"floor":24.0,"key":"Swift Potion"},{"floor":41.0,"key":"AttackPotion"}],"is_trial":false,"path_per_floor":["M","?","M","M","?","R","E","M","T","$","M","R","E","M","R","B",null,"M","?","?","?","M","R","E","$","T","$","M","M","E","M","R","B",null,"M","?","M","M","?","R","E","R","T","$","R","?","?","E","R","B",null],"character_chosen":"IRONCLAD","items_purchased":["Bloodletting","Feel No Pain","True Grit","Pummel+1","Bloodletting","Body Slam+1","Bronze Scales","Disarm","Body Slam+1"],"campfire_rested":1,"item_purchase_floors":[10,25,25,25,27,27,44,44,44],"current_hp_per_floor":[75,63,56,48,53,53,33,33,43,43,40,40,34,31,31,25,95,86,86,66,59,62,62,24,24,24,24,24,28,31,37,37,52,66,59,59,62,66,66,66,37,37,37,37,56,56,58,43,43,39],"gold":157,"neow_bonus":"BOSS_RELIC","is_daily":false,"chose_seed":false,"campfire_upgraded":8,"win_rate":0.0,"timestamp":1611356315,"path_taken":["M","?","M","M","?","R","E","M","T","$","M","R","E","M","R","BOSS","M","?","?","?","M","R","E","$","T","$","?","M","E","M","R","BOSS","M","?","M","M","?","R","E","R","T","$","R","?","?","E","R","BOSS"],"items_purchased_type":["Card","Card","Card","Card","Card","Card","Relic","Card","Card"],"build_version":"2020-12-22","purchased_purges":1,"victory":true,"max_hp_per_floor":[80,80,80,80,85,85,85,85,95,95,95,95,95,95,95,95,95,95,95,66,66,66,66,66,66,66,66,66,66,66,66,66,66,66,66,66,66,66,66,66,66,66,66,66,66,66,66,66,66,66],"relic_stats":{"Busted Crown":14,"counters":[26,118],"Pantograph":48,"Bronze Scales":[73],"Charon\u0027s Ashes":[54],"Juzu Bracelet":1,"Kunai":[26],"obtain_stats":[{"Pear":9,"Thread and Needle":39,"Charon\u0027s Ashes":47,"Juzu Bracelet":30,"Omamori":41,"Ancient Tea Set":48,"Burning Blood":0,"HornCleat":13,"Busted Crown":34,"Pantograph":26,"Bronze Scales":44,"Molten Egg 2":2,"Red Mask":21,"Kunai":24,"Red Skull":7,"Runic Cube":0,"Runic Pyramid":17},{"Pear":5,"Thread and Needle":22,"Charon\u0027s Ashes":24,"Juzu Bracelet":16,"Omamori":23,"Ancient Tea Set":25,"Burning Blood":0,"HornCleat":7,"Busted Crown":18,"Pantograph":13,"Bronze Scales":23,"Molten Egg 2":1,"Red Mask":11,"Kunai":13,"Red Skull":4,"Runic Cube":0,"Runic Pyramid":9},{"Pear":18,"Thread and Needle":94,"Charon\u0027s Ashes":103,"Juzu Bracelet":62,"Omamori":100,"Ancient Tea Set":108,"Burning Blood":0,"HornCleat":25,"Busted Crown":74,"Pantograph":52,"Bronze Scales":100,"Molten Egg 2":5,"Red Mask":44,"Kunai":52,"Red Skull":16,"Runic Cube":0,"Runic Pyramid":35}],"Runic Cube":[85]},"card_choices":[{"not_picked":["Intimidate","Clothesline"],"picked":"Rupture","floor":1.0},{"not_picked":["Shockwave","Clash+1"],"picked":"Heavy Blade+1","floor":3.0},{"not_picked":["Intimidate","Wild Strike+1"],"picked":"Iron Wave+1","floor":4.0},{"not_picked":["Sentinel","Clash+1"],"picked":"Rampage+1","floor":7.0},{"not_picked":["Clash+1","Iron Wave+1"],"picked":"Flame Barrier","floor":8.0},{"not_picked":["Barricade","Heavy Blade+1"],"picked":"Dark Embrace","floor":11.0},{"not_picked":["Dual Wield","Battle Trance"],"picked":"Burning Pact","floor":13.0},{"not_picked":["Pommel Strike+1","Wild Strike+1"],"picked":"Rupture","floor":14.0},{"not_picked":["Bludgeon+1","Brutality"],"picked":"Corruption","floor":16.0},{"not_picked":["Pommel Strike+1","Fire Breathing"],"picked":"Body Slam+1","floor":18.0},{"not_picked":["Carnage+1","Rampage+1"],"picked":"Armaments+1","floor":21.0},{"not_picked":["Rupture","Anger+1"],"picked":"Shockwave+1","floor":22.0},{"not_picked":["Pommel Strike+1","Barricade"],"picked":"Twin Strike+1","floor":24.0},{"not_picked":["Warcry","Cleave+1"],"picked":"Flex","floor":28.0},{"not_picked":["Spot Weakness","Perfected Strike+1"],"picked":"Hemokinesis+1","floor":29.0},{"not_picked":["Perfected Strike+1","Intimidate"],"picked":"Shrug It Off","floor":30.0},{"not_picked":["Armaments","Havoc"],"picked":"Fiend Fire+1","floor":31.0},{"not_picked":["Impervious","Corruption"],"picked":"Limit Break","floor":33.0},{"not_picked":[],"picked":"Heavy Blade+1","floor":35.0},{"not_picked":["Heavy Blade+1"],"picked":"SKIP","floor":37.0},{"not_picked":[],"picked":"Shrug It Off","floor":38.0},{"not_picked":[],"picked":"Sword Boomerang+1","floor":41.0},{"not_picked":[],"picked":"Offering","floor":48}],"player_experience":2426837,"relics_obtained":[{"floor":7.0,"key":"Red Skull"},{"floor":9.0,"key":"Pear"},{"floor":13.0,"key":"HornCleat"},{"floor":21.0,"key":"Red Mask"},{"floor":24.0,"key":"Kunai"},{"floor":26.0,"key":"Pantograph"},{"floor":30.0,"key":"Juzu Bracelet"},{"floor":39.0,"key":"Thread and Needle"},{"floor":41.0,"key":"Omamori"},{"floor":47,"key":"Charon\u0027s Ashes"},{"floor":48,"key":"Ancient Tea Set"}],"event_choices":[{"damage_healed":0.0,"max_hp_gain":0.0,"max_hp_loss":0.0,"gold_gain":0.0,"event_name":"Scrap Ooze","player_choice":"Success","floor":2.0,"gold_loss":0.0,"damage_taken":12.0,"relics_obtained":["Molten Egg 2"]},{"damage_healed":0.0,"max_hp_gain":5.0,"max_hp_loss":0.0,"gold_gain":0.0,"event_name":"Big Fish","player_choice":"Donut","floor":5.0,"gold_loss":0.0,"damage_taken":0.0},{"cards_removed":["Strike_R"],"damage_healed":0.0,"max_hp_gain":0.0,"max_hp_loss":0.0,"gold_gain":0.0,"event_name":"Beggar","player_choice":"Gave Gold","floor":19.0,"gold_loss":75.0,"damage_taken":0.0},{"damage_healed":0.0,"max_hp_gain":0.0,"max_hp_loss":29.0,"gold_gain":0.0,"event_name":"Vampires","player_choice":"Became a vampire","floor":20.0,"gold_loss":0.0,"damage_taken":0.0,"cards_obtained":["Bite","Bite","Bite","Bite","Bite"]},{"damage_healed":0.0,"max_hp_gain":0.0,"max_hp_loss":0.0,"gold_gain":0.0,"event_name":"Masked Bandits","player_choice":"Fought Bandits","floor":21.0,"gold_loss":0.0,"damage_taken":0.0},{"damage_healed":0.0,"max_hp_gain":0.0,"max_hp_loss":0.0,"gold_gain":0.0,"event_name":"The Woman in Blue","player_choice":"Bought 0 Potions","floor":36.0,"gold_loss":0.0,"damage_taken":0.0},{"damage_healed":0.0,"max_hp_gain":0.0,"max_hp_loss":0.0,"gold_gain":0.0,"event_name":"MindBloom","player_choice":"Fight","floor":39.0,"gold_loss":0.0,"damage_taken":0.0},{"cards_removed":["Sword Boomerang"],"damage_healed":0,"gold_gain":0,"player_choice":"Removed Attack","damage_taken":0,"max_hp_gain":0,"max_hp_loss":0,"event_name":"Falling","floor":46,"gold_loss":0},{"damage_healed":0,"gold_gain":0,"player_choice":"Fight","damage_taken":0,"max_hp_gain":0,"max_hp_loss":0,"event_name":"Mysterious Sphere","floor":47,"gold_loss":0}],"is_beta":false,"boss_relics":[{"not_picked":["Calling Bell","SacredBark"],"picked":"Runic Pyramid"},{"not_picked":["Empty Cage","Runic Dome"],"picked":"Busted Crown"}],"items_purged_floors":[10],"is_endless":false,"potions_floor_spawned":[1,8,14,16,18,24,29,39,41],"ascension_level":1}}