{"host":"f0gpob8hq9vgebej","time":1611291738,"event":{"mods":["AchievementEnabler","BaseMod","Minty Spire (QoL Compilation)","Quick Restart","SuperFastMode"],"gold_per_floor":[117,129,142,92,92,92,105,105,154,154,165,215,232,61,61,61,61],"floor_reached":16,"language":"KOR","playtime":371,"items_purged":["Strike_G"],"score":129,"play_id":"6e238e00-635d-4d2b-8ac0-109c59273347","local_time":"20210122140218","is_ascension_mode":true,"campfire_choices":[{"data":"Bouncing Flask","floor":6,"key":"SMITH"},{"data":"Crippling Poison","floor":8,"key":"SMITH"},{"data":"After Image","floor":10,"key":"SMITH"},{"floor":15,"key":"REST"}],"circlet_count":0,"master_deck":["Strike_G","Strike_G","Strike_G","Strike_G","Defend_G","Defend_G","Defend_G","Defend_G","Defend_G","Survivor","Neutralize","After Image+1","Dagger Spray","Bouncing Flask+1","Crippling Poison+1","Deadly Poison","Prepared","Dodge and Roll"],"relics":["Ring of the Snake","MealTicket"],"acts_visited":["Exordium"],"potions_floor_usage":[13,16,16],"damage_taken":[{"damage":17,"enemies":"2 Louse","floor":1,"turns":6},{"damage":4,"enemies":"Jaw Worm","floor":2,"turns":6},{"damage":8,"enemies":"Cultist","floor":3,"turns":4},{"damage":12,"enemies":"Lots of Slimes","floor":7,"turns":4},{"damage":19,"enemies":"Exordium Wildlife","floor":11,"turns":5},{"damage":0,"enemies":"Blue Slaver","floor":13,"turns":4},{"damage":34,"enemies":"Slime Boss","floor":16,"turns":12}],"seed_played":"-2486693368958362724","potions_obtained":[{"floor":2,"key":"PowerPotion"},{"floor":7,"key":"BlessingOfTheForge"},{"floor":11,"key":"SkillPotion"}],"is_trial":false,"path_per_floor":["M","M","M","?","?","R","M","R","T","R","M","T","M","$","R","B"],"character_chosen":"THE_SILENT","items_purchased":["Prepared","Dodge and Roll"],"campfire_rested":1,"item_purchase_floors":[14,14],"current_hp_per_floor":[46,42,34,34,34,34,22,22,22,22,3,3,3,18,39,5,5],"gold":61,"neow_bonus":"THREE_RARE_CARDS","is_daily":false,"chose_seed":false,"campfire_upgraded":3,"win_rate":0.0,"timestamp":1611291738,"path_taken":["M","M","M","?","?","R","M","R","T","R","M","?","M","$","R","BOSS"],"items_purchased_type":["Card","Card"],"build_version":"2020-12-22","purchased_purges":1,"victory":false,"max_hp_per_floor":[70,70,70,70,70,70,70,70,70,70,70,70,70,70,70,70,70],"card_choices":[{"not_picked":["Unload","Burst"],"picked":"After Image","floor":0},{"not_picked":["Deflect","Noxious Fumes"],"picked":"Dagger Spray","floor":1},{"not_picked":["Dodge and Roll","Infinite Blades"],"picked":"Bouncing Flask","floor":2},{"not_picked":["Masterful Stab","Eviscerate","Dagger Spray"],"picked":"SKIP","floor":3},{"not_picked":["Endless Agony","Flying Knee"],"picked":"Crippling Poison","floor":7},{"not_picked":["Deflect","Finisher","Flying Knee"],"picked":"SKIP","floor":11},{"not_picked":["Leg Sweep","Bouncing Flask"],"picked":"Deadly Poison","floor":13}],"player_experience":203857,"relics_obtained":[{"floor":9,"key":"MealTicket"}],"event_choices":[{"cards_removed":["Regret"],"damage_healed":0,"gold_gain":0,"player_choice":"Card Removal","damage_taken":0,"max_hp_gain":0,"max_hp_loss":0,"event_name":"The Cleric","floor":4,"gold_loss":50},{"damage_healed":0,"gold_gain":0,"player_choice":"Ignored","damage_taken":0,"max_hp_gain":0,"max_hp_loss":0,"event_name":"Liars Game","floor":5,"gold_loss":0}],"is_beta":false,"boss_relics":[],"items_purged_floors":[14],"is_endless":false,"potions_floor_spawned":[2,7,11],"killed_by":"Slime Boss","ascension_level":8}}