{"host":"f7rb14kzcw8hx1r1","time":1611308482,"event":{"mods":["BaseMod","Better Note","Better Third Choice","Colored Map","Highlight Path","Hubris","Minty Spire (QoL Compilation)","Replay The Spire","StSLib","The Forsaken"],"gold_per_floor":[116,116,133,133,13,45,45,79,79,90,90,102,117,135,135,234,234,251,251,251,262,276,306,306,323,375,408,408,408,17,28,28,132,132,142,0,0,100,150,150,150,150,150,150,25,38,38,73,73,73,73],"floor_reached":50,"language":"ENG","playtime":1813,"items_purged":["Strike_G","Strike_G","Defend_G"],"score":566,"play_id":"3ec581a4-20c8-4b3d-b3ac-40f6d1dae345","local_time":"20210122104122","is_ascension_mode":false,"campfire_choices":[{"data":"Neutralize","floor":7,"key":"SMITH"},{"data":"Dagger Spray","floor":11,"key":"SMITH"},{"data":"Replay:Bag of Tricks","floor":15,"key":"SMITH"},{"data":"Envenom","floor":24,"key":"SMITH"},{"data":"Cloak And Dagger","floor":28,"key":"SMITH"},{"data":"Blade Dance","floor":32,"key":"SMITH"},{"data":"A Thousand Cuts","floor":41,"key":"SMITH"},{"floor":47,"key":"DIG"},{"data":"Hidden Blade","floor":49,"key":"SMITH"}],"circlet_count":0,"master_deck":["Defend_G","Defend_G","Defend_G","Survivor","Neutralize+1","Die Die Die","Blade Dance+1","Unload","Hidden Blade+1","Dagger Spray+1","Dagger Throw","PiercingWail","Cloak And Dagger+1","Replay:Bag of Tricks+1","Envenom+1","Bane","Acrobatics+1","Terror+1","Reaper","A Thousand Cuts+1","Blade Dance+1","Replay:Bootleg Shield Generator","Envenom+1"],"relics":["Ring of the Snake","ReplayTheSpireMod:Shallot","Replay:Kaleidoscope","Sozu","Nloth\u0027s Gift","hubris:64BitClover","Snake Skull","Juzu Bracelet","Replay:Wax Seal","Meat on the Bone","Empty Cage","Red Mask","Replay:Multitool","hubris:Icosahedron","ReplayTheSpireMod:Lightbulb","theForsaken:Gavel","Golden Egg"],"acts_visited":["Exordium","TheCity","TheBeyond"],"potions_floor_usage":[6,8,12,14,16,50,50,50],"damage_taken":[{"damage":2,"enemies":"Jaw Worm","floor":1,"turns":7},{"damage":1,"enemies":"Cultist","floor":3,"turns":3},{"damage":55,"enemies":"Lagavulin","floor":6,"turns":10},{"damage":4,"enemies":"Gremlin Nob","floor":8,"turns":4},{"damage":0,"enemies":"Small Slimes","floor":10,"turns":2},{"damage":0,"enemies":"Blue Slaver","floor":12,"turns":3},{"damage":13,"enemies":"Large Slime","floor":13,"turns":4},{"damage":0,"enemies":"Exordium Wildlife","floor":14,"turns":2},{"damage":2,"enemies":"The Guardian","floor":16,"turns":11},{"damage":0,"enemies":"Chosen","floor":18,"turns":3},{"damage":0,"enemies":"2 Thieves","floor":21,"turns":3},{"damage":3,"enemies":"Sentry and Sphere","floor":22,"turns":4},{"damage":11,"enemies":"Slavers","floor":23,"turns":5},{"damage":0,"enemies":"Snake Plant","floor":25,"turns":3},{"damage":0,"enemies":"Gremlin Leader","floor":27,"turns":4},{"damage":10,"enemies":"3 Cultists","floor":31,"turns":4},{"damage":19,"enemies":"Collector","floor":33,"turns":6},{"damage":2,"enemies":"3 Darklings","floor":35,"turns":2},{"damage":0,"enemies":"Mind Bloom Boss Battle","floor":39,"turns":4},{"damage":0,"enemies":"3 Shapes","floor":46,"turns":4},{"damage":10,"enemies":"R_Hoarder","floor":48,"turns":5},{"damage":57,"enemies":"Time Eater","floor":50,"turns":10}],"seed_played":"-4118288600042828305","potions_obtained":[{"floor":6,"key":"PowerPotion"},{"floor":8,"key":"Dexterity Potion"},{"floor":16,"key":"EntropicBrew"}],"is_trial":false,"path_per_floor":["M","?","M","?","$","E","R","E","T","M","R","M","M","M","R","B",null,"M","?","?","M","M","E","R","M","T","E","R","?","$","M","R","B",null,"M","?","?","?","?","?","R","?","T","?","$","M","R","E","R","B"],"character_chosen":"THE_SILENT","items_purchased":["Dagger Spray","Replay:Wax Seal","Meat on the Bone"],"campfire_rested":0,"item_purchase_floors":[5,30,30],"current_hp_per_floor":[61,61,60,60,60,5,5,1,1,1,1,1,18,18,18,16,63,63,63,63,63,60,49,49,49,49,49,49,49,49,49,49,42,63,61,61,61,61,63,63,63,63,63,63,63,63,63,53,53,0,0],"gold":73,"neow_bonus":"TRANSFORM_TWO_CARDS","is_daily":false,"chose_seed":false,"campfire_upgraded":8,"win_rate":0.0,"timestamp":1611308482,"path_taken":["M","?","?","?","$","E","R","E","T","M","R","M","?","M","R","BOSS","M","?","?","?","M","E","R","?","T","E","R","?","$","M","R","BOSS","M","?","?","?","?","?","R","?","T","?","$","M","R","E","R","BOSS"],"items_purchased_type":["Card","Relic","Relic"],"build_version":"2020-12-22","purchased_purges":3,"victory":false,"max_hp_per_floor":[63,63,63,63,63,63,63,63,63,63,63,63,63,63,63,63,63,63,63,63,63,63,63,63,63,63,63,63,63,63,63,63,63,63,63,63,63,63,63,63,63,63,63,63,63,63,63,63,63,63,63],"card_choices":[{"not_picked":["Expertise","Bane"],"picked":"Blade Dance","floor":1},{"not_picked":["Flechettes","Eviscerate"],"picked":"Hidden Blade","floor":3},{"not_picked":["hubris:Sniper","Unload"],"picked":"Sucker Punch","floor":6},{"not_picked":["Predator","Fluid Movement","Dagger Spray"],"picked":"SKIP","floor":8},{"not_picked":["Flying Knee","Deadly Poison"],"picked":"Dagger Throw","floor":10},{"not_picked":["Dagger Throw","Deadly Poison"],"picked":"PiercingWail","floor":12},{"not_picked":["Choke","Backflip"],"picked":"Cloak And Dagger","floor":13},{"not_picked":["PiercingWail","Riddle With Holes"],"picked":"Replay:Bag of Tricks","floor":14},{"not_picked":["Night Terror","Wraith Form v2"],"picked":"Envenom","floor":16},{"not_picked":["Underhanded Strike+1","ReplayTheSpireMod:Speed Training+1"],"picked":"Bane","floor":18},{"not_picked":["Tools of the Trade","Acrobatics+1","hubris:SlightOfHand"],"picked":"SKIP","floor":21},{"not_picked":["Tools of the Trade","hubris:SlightOfHand"],"picked":"Acrobatics+1","floor":21},{"not_picked":["Poisoned Stab","Reflex"],"picked":"Terror+1","floor":22},{"not_picked":["ReplayTheSpireMod:Shiv Toss+1","Acrobatics","Setup"],"picked":"SKIP","floor":23},{"not_picked":["Acrobatics","Endless Agony+1","Dodge and Roll"],"picked":"SKIP","floor":25},{"not_picked":["Doppelganger","Poison Darts","Toxin Wave"],"picked":"SKIP","floor":27},{"not_picked":["Riddle With Holes","Dash","Bane"],"picked":"SKIP","floor":31},{"not_picked":["ReplayTheSpireMod:From All Sides","Unload"],"picked":"A Thousand Cuts","floor":33},{"not_picked":["Skewer+1","Dagger Throw"],"picked":"Blade Dance+1","floor":35},{"not_picked":["Jack Of All Trades","ReplayTheSpireMod:Private Reserves"],"picked":"Replay:Bootleg Shield Generator","floor":42},{"not_picked":["Hidden Blade+1","Reflex","Dodge and Roll+1"],"picked":"SKIP","floor":46},{"not_picked":["Endless Agony+1","ReplayTheSpireMod:Shiv Toss+1"],"picked":"Envenom","floor":48}],"player_experience":930933,"relics_obtained":[{"floor":6,"key":"ReplayTheSpireMod:Shallot"},{"floor":8,"key":"hubris:TinFlute"},{"floor":9,"key":"Replay:Kaleidoscope"},{"floor":23,"key":"hubris:64BitClover"},{"floor":26,"key":"Snake Skull"},{"floor":27,"key":"Juzu Bracelet"},{"floor":39,"key":"Replay:Multitool"},{"floor":43,"key":"ReplayTheSpireMod:Lightbulb"},{"floor":47,"key":"theForsaken:Gavel"},{"floor":48,"key":"Golden Egg"}],"event_choices":[{"damage_healed":0,"gold_gain":0,"cards_transformed":["Strike_G"],"player_choice":"Transformed","damage_taken":0,"max_hp_gain":0,"max_hp_loss":0,"event_name":"Transmorgrifier","floor":2,"gold_loss":0,"cards_obtained":["Unload"]},{"damage_healed":0,"gold_gain":0,"player_choice":"0 cards matched","damage_taken":0,"max_hp_gain":0,"max_hp_loss":0,"event_name":"Match and Keep!","floor":4,"gold_loss":0,"cards_obtained":[]},{"cards_removed":["Venomology"],"damage_healed":0,"gold_gain":0,"player_choice":"Purged","damage_taken":0,"max_hp_gain":0,"max_hp_loss":0,"event_name":"Purifier","floor":19,"gold_loss":0},{"damage_healed":0,"gold_gain":0,"player_choice":"Traded Relic","damage_taken":0,"relics_obtained":["Nloth\u0027s Gift"],"max_hp_gain":0,"max_hp_loss":0,"event_name":"N\u0027loth","floor":20,"relics_lost":["hubris:TinFlute"],"gold_loss":0},{"cards_removed":["Replay:Bag of Tricks"],"damage_healed":0,"gold_gain":0,"player_choice":"Take \u0026 Give","damage_taken":0,"max_hp_gain":0,"max_hp_loss":0,"event_name":"betterNote:BetterNote","floor":29,"gold_loss":0,"cards_obtained":["Reaper"]},{"damage_healed":0,"gold_gain":0,"player_choice":"Paid","damage_taken":0,"relics_obtained":["Red Mask"],"max_hp_gain":0,"max_hp_loss":0,"event_name":"Tomb of Lord Red Mask","floor":36,"gold_loss":142},{"damage_healed":0,"gold_gain":100,"player_choice":"Pray","damage_taken":0,"max_hp_gain":0,"max_hp_loss":0,"event_name":"Golden Shrine","floor":38,"gold_loss":0},{"damage_healed":0,"gold_gain":0,"player_choice":"Fight","damage_taken":0,"max_hp_gain":0,"max_hp_loss":0,"event_name":"MindBloom","floor":39,"gold_loss":0},{"damage_healed":0,"gold_gain":0,"player_choice":"Memory 1","damage_taken":0,"max_hp_gain":0,"max_hp_loss":0,"event_name":"SensoryStone","floor":42,"gold_loss":0},{"damage_healed":0,"gold_gain":0,"player_choice":"Got Potions","damage_taken":0,"max_hp_gain":0,"max_hp_loss":0,"event_name":"Lab","floor":44,"gold_loss":0}],"is_beta":false,"boss_relics":[{"not_picked":["Velvet Choker","Fusion Hammer"],"picked":"Sozu"},{"not_picked":["Snecko Scales","Kintsugi"],"picked":"Empty Cage"}],"items_purged_floors":[5,30,45],"is_endless":false,"potions_floor_spawned":[6,8,10,16,18,22,27,46],"killed_by":"Time Eater","ascension_level":0}}