{"host":"g907ck67u7c3hrs6","time":1611286859,"event":{"mods":["BaseMod","Colored Map","DeckTracker","Highlight Path","Keyboard Shortcuts","Minty Spire (QoL Compilation)","Permanent Neow","Say the Spire","SuperFastMode"],"gold_per_floor":[114,129,144,64,79,79,109,109,109,124,139,154,171,186,186,286,286,301,226,241,166,265,265,265],"floor_reached":23,"language":"KOR","playtime":624,"items_purged":["Strike_G"],"score":220,"play_id":"85ceaf20-530c-468b-a80b-af591a7584c0","local_time":"20210122124059","daily_mods":["Heirloom","Uncertain Future","Night Terrors"],"is_ascension_mode":false,"campfire_choices":[{"data":"Noxious Fumes","floor":6.0,"key":"SMITH"},{"data":"Catalyst","floor":8.0,"key":"SMITH"},{"data":"Burst","floor":15.0,"key":"SMITH"}],"circlet_count":0,"master_deck":["Strike_G","Strike_G","Strike_G","Defend_G","Defend_G","Defend_G","Defend_G","Defend_G","Survivor","Neutralize","Deadly Poison","Noxious Fumes+1","Catalyst+1","Well Laid Plans","PiercingWail","Acrobatics","Blur","Burst+1","Malaise","Well Laid Plans+1","Acrobatics+1"],"relics":["Ring of the Snake","Pocketwatch","StrikeDummy","Frozen Egg 2","Odd Mushroom","SlaversCollar"],"acts_visited":["Exordium","TheCity"],"potions_floor_usage":[],"damage_taken":[{"damage":1.0,"enemies":"Cultist","floor":1.0,"turns":3.0},{"damage":0.0,"enemies":"Small Slimes","floor":2.0,"turns":4.0},{"damage":0.0,"enemies":"Jaw Worm","floor":3.0,"turns":4.0},{"damage":5.0,"enemies":"3 Louse","floor":5.0,"turns":5.0},{"damage":7.0,"enemies":"3 Sentries","floor":7.0,"turns":8.0},{"damage":2.0,"enemies":"Blue Slaver","floor":10.0,"turns":4.0},{"damage":40.0,"enemies":"Exordium Thugs","floor":11.0,"turns":6.0},{"damage":0.0,"enemies":"3 Louse","floor":12.0,"turns":3.0},{"damage":3.0,"enemies":"The Mushroom Lair","floor":13.0,"turns":4.0},{"damage":0.0,"enemies":"Exordium Wildlife","floor":14.0,"turns":3.0},{"damage":9.0,"enemies":"The Guardian","floor":16.0,"turns":7.0},{"damage":34,"enemies":"2 Thieves","floor":18,"turns":5},{"damage":0,"enemies":"Chosen","floor":20,"turns":3},{"damage":0,"enemies":"Slavers","floor":23,"turns":1}],"seed_played":"8945501730091475425","potions_obtained":[{"floor":1.0,"key":"Regen Potion"},{"floor":11.0,"key":"Weak Potion"},{"floor":12.0,"key":"Regen Potion"},{"floor":13.0,"key":"Dexterity Potion"},{"floor":20,"key":"Weak Potion"}],"is_trial":false,"path_per_floor":["M","M","M","$","M","R","E","R","T","M","M","M","?","M","R","B",null,"M","?","M","$","?","E"],"character_chosen":"THE_SILENT","items_purchased":["Well Laid Plans"],"campfire_rested":0,"item_purchase_floors":[4],"current_hp_per_floor":[69,69,69,69,64,64,57,57,57,55,27,27,38,38,38,29,70,36,36,36,36,36,36,36],"gold":265,"neow_bonus":"","is_daily":true,"chose_seed":false,"campfire_upgraded":3,"win_rate":0.0,"timestamp":1611286859,"path_taken":["M","M","M","$","M","R","E","R","T","?","?","M","?","M","R","BOSS","M","?","M","$","?","E"],"items_purchased_type":["Card"],"build_version":"2020-12-22","purchased_purges":1,"victory":false,"max_hp_per_floor":[70,70,70,70,70,70,70,70,70,70,70,70,70,70,70,70,70,70,70,70,70,70,70,70],"card_choices":[{"not_picked":["Terror","Quick Slash"],"picked":"Deadly Poison","floor":1.0},{"not_picked":["Expertise","Deflect"],"picked":"Noxious Fumes","floor":2.0},{"not_picked":["Expertise","Predator"],"picked":"Catalyst","floor":3.0},{"not_picked":["Poisoned Stab","Predator","Calculated Gamble"],"picked":"SKIP","floor":5.0},{"not_picked":["Flying Knee","Backstab","Flechettes"],"picked":"SKIP","floor":7.0},{"not_picked":["Outmaneuver","Quick Slash","Flying Knee"],"picked":"SKIP","floor":10.0},{"not_picked":["Bane","Cloak And Dagger"],"picked":"PiercingWail","floor":11.0},{"not_picked":["Storm of Steel","Dagger Spray"],"picked":"Acrobatics","floor":12.0},{"not_picked":["Dodge and Roll","Dagger Throw"],"picked":"Blur","floor":13.0},{"not_picked":["Skewer","Predator"],"picked":"Burst","floor":14.0},{"not_picked":["A Thousand Cuts+1","Night Terror"],"picked":"Malaise","floor":16.0},{"not_picked":["Deflect","Bane"],"picked":"Well Laid Plans+1","floor":18},{"not_picked":["PiercingWail","Dagger Throw"],"picked":"Acrobatics+1","floor":20}],"player_experience":223180,"relics_obtained":[{"floor":7.0,"key":"StrikeDummy"},{"floor":9.0,"key":"Frozen Egg 2"},{"floor":13.0,"key":"Odd Mushroom"}],"event_choices":[{"damage_healed":0.0,"max_hp_gain":0.0,"max_hp_loss":0.0,"gold_gain":0.0,"event_name":"Mushrooms","player_choice":"Fought Mushrooms","floor":13.0,"gold_loss":0.0,"damage_taken":0.0},{"cards_removed":["Strike_G"],"damage_healed":0,"gold_gain":0,"player_choice":"Gave Gold","damage_taken":0,"max_hp_gain":0,"max_hp_loss":0,"event_name":"Beggar","floor":19,"gold_loss":75},{"damage_healed":0,"gold_gain":99,"player_choice":"Stole From Cult","damage_taken":0,"max_hp_gain":0,"max_hp_loss":0,"event_name":"Nest","floor":22,"gold_loss":0}],"is_beta":false,"boss_relics":[{"not_picked":["Empty Cage","Astrolabe"],"picked":"SlaversCollar"}],"items_purged_floors":[21],"is_endless":false,"potions_floor_spawned":[1,11,12,13,20],"killed_by":"Slavers","ascension_level":0}}