{"host":"irrizrmw64do51k7","time":1611334782,"event":{"mods":["AchievementEnabler","BaseMod","Better Altar","Better Match","Better Note","Better Sensory Stone","Better Skull","Better Third Choice","BetterRewards","Card Forge","Colored Map","Colored Powertips","Curses Come First","DeckTracker","Good Game Mod","Infinite Spire","Minty Spire (QoL Compilation)","Quick Restart","Relic Stats","Shop Mod","StSLib"],"gold_per_floor":[116,126,146,158,172,187,213,233,233,264,282,295,330,243,243,320,320,336,350,350,362,378,378,410,460,760,795,804,830,869,878,878,962,962,973,994,1003,1023,1043,1087,1105,1105,1105],"floor_reached":42,"language":"ENG","playtime":5786,"items_purged":[],"score":1354,"play_id":"87b749fc-69bd-4550-ba93-1f8cd912e37d","local_time":"20210122085942","is_ascension_mode":true,"campfire_choices":[{"data":"Apotheosis","floor":15.0,"key":"SMITH"},{"floor":23.0,"key":"RECALL"},{"floor":32,"key":"REST"}],"circlet_count":0,"master_deck":["AscendersBane","Strike_B","Strike_B","Strike_B","Strike_B","Defend_B","Defend_B","Defend_B","Defend_B","Zap","Dualcast","Loop","Machine Learning","Glacier","Chill","Defragment","Sweeping Beam","Static Discharge","Stack","Storm","Stack","Apotheosis+1","Sweeping Beam","Defragment","Stack","Genetic Algorithm","Ball Lightning","Barrage","Glacier","Creative AI","Coolheaded","Creative AI","Loop+1","infinitespire:NeuralNetwork","Coolheaded","Conserve Battery+1","infinitespire:DeathsTouch","Electrodynamics","White Noise+1","infinitespire:Punishment","Coolheaded+1"],"relics":["Cracked Core","Hammer of Thor","Seething Fire","Anvil of the Gods","REME:ComplimentaryCards","Thread and Needle","Orrery","infinitespire:Lychee Nut","Orichalcum","PreservedInsect","OrangePellets","Shovel","HornCleat","Sundial","Singing Bowl","infinitespire:WardingShard","Nuclear Battery","Question Card","CeramicFish","Old Coin","Pocketwatch","Toxic Egg 2","Red Mask","Black Star","Centennial Puzzle","Art of War"],"acts_visited":["Exordium","TheCity","TheBeyond"],"potions_floor_usage":[40,41,42],"damage_taken":[{"damage":0.0,"enemies":"Cultist","floor":1.0,"turns":4.0},{"damage":0.0,"enemies":"Jaw Worm","floor":2.0,"turns":5.0},{"damage":0.0,"enemies":"Small Slimes","floor":3.0,"turns":3.0},{"damage":0.0,"enemies":"Exordium Wildlife","floor":4.0,"turns":4.0},{"damage":0.0,"enemies":"Blue Slaver","floor":5.0,"turns":4.0},{"damage":7.0,"enemies":"Large Slime","floor":6.0,"turns":6.0},{"damage":8.0,"enemies":"Lagavulin","floor":7.0,"turns":4.0},{"damage":2.0,"enemies":"Red Slaver","floor":8.0,"turns":4.0},{"damage":19.0,"enemies":"Gremlin Nob","floor":10.0,"turns":4.0},{"damage":5.0,"enemies":"Blue Slaver","floor":11.0,"turns":4.0},{"damage":0.0,"enemies":"Large Slime","floor":12.0,"turns":5.0},{"damage":8.0,"enemies":"Lagavulin","floor":13.0,"turns":5.0},{"damage":0.0,"enemies":"Hexaghost","floor":16.0,"turns":8.0},{"damage":8.0,"enemies":"3 Byrds","floor":18.0,"turns":2.0},{"damage":3.0,"enemies":"Spheric Guardian","floor":19.0,"turns":5.0},{"damage":0.0,"enemies":"Snake Plant","floor":21.0,"turns":5.0},{"damage":3.0,"enemies":"Sentry and Sphere","floor":22.0,"turns":7.0},{"damage":14.0,"enemies":"Nightmare","floor":24.0,"turns":7.0},{"damage":0.0,"enemies":"Book of Stabbing","floor":27.0,"turns":4.0},{"damage":12,"enemies":"Centurion and Healer","floor":29,"turns":8},{"damage":35,"enemies":"Gremlin Leader","floor":30,"turns":6},{"damage":0,"enemies":"Champ","floor":33,"turns":8},{"damage":10,"enemies":"3 Darklings","floor":35,"turns":4},{"damage":0,"enemies":"3 Shapes","floor":36,"turns":4},{"damage":15,"enemies":"Spire Growth","floor":38,"turns":5},{"damage":0,"enemies":"Sphere and 2 Shapes","floor":39,"turns":3},{"damage":32,"enemies":"Nightmare","floor":40,"turns":4},{"damage":9,"enemies":"Transient","floor":41,"turns":5},{"damage":27,"enemies":"Giant Head","floor":42,"turns":5}],"seed_played":"-6814093498864374562","potions_obtained":[{"floor":2.0,"key":"LiquidBronze"},{"floor":3.0,"key":"Dexterity Potion"},{"floor":19.0,"key":"Dexterity Potion"},{"floor":40,"key":"ColorlessPotion"}],"is_trial":false,"path_per_floor":["M","M","M","M","M","M","E","M","T","E","M","M","E","$","R","B",null,"M","M","T","M","M","R","NM","?","T","E","AVR","M","E","?","R","B",null,"M","M","?","M","M","NM","M","E"],"character_chosen":"DEFECT","items_purchased":["Loop","Gambling Chip","Machine Learning","Glacier","Orrery","Orichalcum","PreservedInsect","OrangePellets","Static Discharge","Stack","Storm","HornCleat","Glacier"],"campfire_rested":1,"item_purchase_floors":[0,0,0,0,0,0,0,0,0,0,0,0,14],"current_hp_per_floor":[53,53,53,53,53,46,44,48,48,36,39,47,45,45,45,51,57,55,60,60,63,60,60,51,51,51,57,57,51,22,22,41,47,61,58,64,48,41,46,22,21,0,0],"gold":1105,"neow_bonus":"","is_daily":false,"chose_seed":false,"campfire_upgraded":1,"win_rate":0.0,"timestamp":1611334782,"path_taken":["M","M","M","M","M","M","E","M","T","E","M","M","E","$","R","BOSS","M","?","?","?","M","R","NM","?","T","E","AVR","M","E","?","R","BOSS","M","M","?","M","M","NM","M","E"],"items_purchased_type":["Card","Relic","Card","Card","Relic","Relic","Relic","Relic","Card","Card","Card","Relic","Card"],"build_version":"2020-12-22","purchased_purges":0,"victory":false,"max_hp_per_floor":[53,53,53,53,53,53,53,53,53,55,57,59,59,59,59,59,59,61,63,63,63,63,63,65,65,65,65,65,65,65,65,65,65,65,67,67,67,69,69,71,73,73,73],"relic_stats":{"Singing Bowl":20,"counters":[153,606],"CeramicFish":90,"PreservedInsect":457,"Orichalcum":[192],"Question Card":19,"OrangePellets":[8],"Centennial Puzzle":[6],"Shovel":0,"Sundial":[6],"Black Star":1,"Art of War":[3],"obtain_stats":[{"Golden Egg":22,"Ginger":0,"Boot":6,"FrozenCore":17,"Old Coin":26,"Replay:Wanted Poster":17,"infinitespire:ShieldingShard":26,"Sundial":7,"Necronomicon":24,"Kunai":8,"Replay:Bottled Steam":28,"MerchantsRug":5,"Eternal Feather":43,"Pen Nib":27,"infinitespire:Magic Flask":0,"Cables":0,"infinitespire:Lychee Nut":0,"CultistMask":0,"Unceasing Top":9,"Solar Panel":0,"Torii":38,"Singing Bowl":0,"animator:TheMissingPiece":0,"Blue Doll":0,"Bag of Preparation":27,"Pet Ghost":49,"Matryoshka":9,"Shovel":43,"infinitespire:Bottled Soul":76,"Replay:Bottled Eggs":37,"Ring of Panic":22,"InkBottle":57,"NeowsBlessing":0,"Circlet":0,"Thread and Needle":0,"infinitespire:Joker Card":12,"PreservedInsect":9,"The Courier":22,"Geode":0,"Seething Fire":0,"infinitespire:CheckeredPen":0,"infinitespire:Lucky Rock":22,"Ring of Greed":22,"Frozen Egg 2":77,"Replay:Arrowhead":36,"Nuclear Battery":17,"Busted Crown":34,"betterThird:SlimedRelic":0,"Orrery":0,"animator:LivingPicture":0,"Turnip":0,"Art of War":74,"Bottled Lightning":56,"infinitespire:Freezer":38,"infinitespire:Midas Blood":9,"Ice Cream":0,"Calipers":0,"Tiny House":17,"CeramicFish":6,"Hammer of Thor":0,"Centennial Puzzle":8,"infinitespire:SolderingIron":40,"HornCleat":41,"Strawberry":10,"Prayer Wheel":37,"Philosopher\u0027s Stone":0,"Toxic Egg 2":30,"Happy Flower":0,"ReplayTheSpireMod:CursedCoin":0,"Oddly Smooth Stone":0,"infinitespire:Beetle Shell":10,"Letter Opener":26,"Question Card":20,"Du-Vu Doll":27,"OrangePellets":0,"Anvil of the Gods":0,"Bronze Scales":43,"Simple Rune":0,"infinitespire:EmpoweringShard":7,"Black Star":34,"Pocketwatch":27,"Incense Burner":0,"Juzu Bracelet":8,"Empty Cage":68,"Dream Catcher":26,"Nunchaku":44,"Gambling Chip":0,"Red Mask":21,"Cracked Core":21,"BargainBundle":0,"ReplayTheSpireMod:Ninjato":24,"infinitespire:CursedDice":31,"Quantum Egg":52,"Odd Mushroom":65,"Orichalcum":27,"White Beast Statue":26,"Peace Pipe":29,"Strange Spoon":36,"REME:ComplimentaryCards":0,"CaptainsWheel":0,"DataDisk":48,"Anchor":62,"infinitespire:WardingShard":13,"FossilizedHelix":27},{"Golden Egg":105,"Ginger":70,"Boot":28,"FrozenCore":101,"Old Coin":142,"Replay:Wanted Poster":80,"infinitespire:ShieldingShard":40,"Sundial":131,"Necronomicon":105,"Kunai":95,"Replay:Bottled Steam":107,"MerchantsRug":93,"Eternal Feather":50,"Pen Nib":85,"infinitespire:Magic Flask":70,"Cables":3,"infinitespire:Lychee Nut":91,"CultistMask":124,"Unceasing Top":10,"Solar Panel":70,"Torii":47,"Singing Bowl":124,"animator:TheMissingPiece":0,"Blue Doll":70,"Bag of Preparation":19,"Pet Ghost":116,"Matryoshka":29,"Shovel":113,"infinitespire:Bottled Soul":69,"Replay:Bottled Eggs":90,"Ring of Panic":105,"InkBottle":58,"NeowsBlessing":0,"Circlet":118,"Thread and Needle":124,"infinitespire:Joker Card":12,"PreservedInsect":76,"The Courier":105,"Geode":70,"Seething Fire":0,"infinitespire:CheckeredPen":3,"infinitespire:Lucky Rock":18,"Ring of Greed":105,"Frozen Egg 2":69,"Replay:Arrowhead":89,"Nuclear Battery":34,"Busted Crown":45,"betterThird:SlimedRelic":124,"Orrery":70,"animator:LivingPicture":0,"Turnip":3,"Art of War":68,"Bottled Lightning":57,"infinitespire:Freezer":47,"infinitespire:Midas Blood":76,"Ice Cream":3,"Calipers":3,"Tiny House":15,"CeramicFish":94,"Hammer of Thor":0,"Centennial Puzzle":10,"infinitespire:SolderingIron":48,"HornCleat":113,"Strawberry":77,"Prayer Wheel":90,"Philosopher\u0027s Stone":124,"Toxic Egg 2":145,"Happy Flower":124,"ReplayTheSpireMod:CursedCoin":91,"Oddly Smooth Stone":118,"infinitespire:Beetle Shell":30,"Letter Opener":106,"Question Card":139,"Du-Vu Doll":41,"OrangePellets":124,"Anvil of the Gods":0,"Bronze Scales":50,"Simple Rune":91,"infinitespire:EmpoweringShard":10,"Black Star":146,"Pocketwatch":143,"Incense Burner":70,"Juzu Bracelet":76,"Empty Cage":63,"Dream Catcher":84,"Nunchaku":114,"Gambling Chip":3,"Red Mask":18,"Cracked Core":18,"BargainBundle":70,"ReplayTheSpireMod:Ninjato":84,"infinitespire:CursedDice":88,"Quantum Egg":117,"Odd Mushroom":62,"Orichalcum":106,"White Beast Statue":84,"Peace Pipe":86,"Strange Spoon":89,"REME:ComplimentaryCards":0,"CaptainsWheel":3,"DataDisk":52,"Anchor":60,"infinitespire:WardingShard":136,"FossilizedHelix":106},{"Golden Egg":397,"Ginger":242,"Boot":104,"FrozenCore":383,"Old Coin":553,"Replay:Wanted Poster":293,"infinitespire:ShieldingShard":146,"Sundial":498,"Necronomicon":397,"Kunai":368,"Replay:Bottled Steam":404,"MerchantsRug":362,"Eternal Feather":188,"Pen Nib":313,"infinitespire:Magic Flask":242,"Cables":5,"infinitespire:Lychee Nut":357,"CultistMask":469,"Unceasing Top":25,"Solar Panel":242,"Torii":175,"Singing Bowl":469,"animator:TheMissingPiece":0,"Blue Doll":242,"Bag of Preparation":71,"Pet Ghost":440,"Matryoshka":108,"Shovel":426,"infinitespire:Bottled Soul":241,"Replay:Bottled Eggs":346,"Ring of Panic":397,"InkBottle":210,"NeowsBlessing":0,"Circlet":444,"Thread and Needle":469,"infinitespire:Joker Card":33,"PreservedInsect":266,"The Courier":397,"Geode":242,"Seething Fire":0,"infinitespire:CheckeredPen":5,"infinitespire:Lucky Rock":63,"Ring of Greed":397,"Frozen Egg 2":241,"Replay:Arrowhead":335,"Nuclear Battery":125,"Busted Crown":170,"betterThird:SlimedRelic":469,"Orrery":242,"animator:LivingPicture":0,"Turnip":5,"Art of War":236,"Bottled Lightning":208,"infinitespire:Freezer":175,"infinitespire:Midas Blood":266,"Ice Cream":5,"Calipers":5,"Tiny House":51,"CeramicFish":365,"Hammer of Thor":0,"Centennial Puzzle":25,"infinitespire:SolderingIron":180,"HornCleat":426,"Strawberry":273,"Prayer Wheel":339,"Philosopher\u0027s Stone":469,"Toxic Egg 2":569,"Happy Flower":469,"ReplayTheSpireMod:CursedCoin":357,"Oddly Smooth Stone":444,"infinitespire:Beetle Shell":111,"Letter Opener":401,"Question Card":534,"Du-Vu Doll":151,"OrangePellets":469,"Anvil of the Gods":0,"Bronze Scales":188,"Simple Rune":357,"infinitespire:EmpoweringShard":25,"Black Star":577,"Pocketwatch":556,"Incense Burner":242,"Juzu Bracelet":266,"Empty Cage":222,"Dream Catcher":308,"Nunchaku":431,"Gambling Chip":5,"Red Mask":63,"Cracked Core":63,"BargainBundle":242,"ReplayTheSpireMod:Ninjato":308,"infinitespire:CursedDice":326,"Quantum Egg":441,"Odd Mushroom":218,"Orichalcum":401,"White Beast Statue":308,"Peace Pipe":318,"Strange Spoon":335,"REME:ComplimentaryCards":0,"CaptainsWheel":5,"DataDisk":193,"Anchor":214,"infinitespire:WardingShard":519,"FossilizedHelix":401}],"Pocketwatch":[41]},"card_choices":[{"not_picked":["Barrage","Undo"],"picked":"Chill","floor":0.0},{"not_picked":["Tempest","Skim"],"picked":"Defragment","floor":0.0},{"not_picked":["Gash","Cold Snap"],"picked":"Sweeping Beam","floor":0.0},{"not_picked":["Rip and Tear","Beam Cell"],"picked":"Stack","floor":1.0},{"not_picked":["Fusion","Rip and Tear"],"picked":"Sweeping Beam","floor":2.0},{"not_picked":["Skim","Sweeping Beam","Reinforced Body"],"picked":"SKIP","floor":3.0},{"not_picked":["Cold Snap","Seek"],"picked":"Defragment","floor":4.0},{"not_picked":["Sweeping Beam","Undo"],"picked":"Stack","floor":5.0},{"not_picked":["Leap","Undo"],"picked":"Genetic Algorithm","floor":6.0},{"not_picked":["Cold Snap","Steam Power"],"picked":"Ball Lightning","floor":7.0},{"not_picked":["Tempest","Hello World","Darkness"],"picked":"SKIP","floor":8.0},{"not_picked":["Fusion","Recycle","Stack"],"picked":"Singing Bowl","floor":10.0},{"not_picked":["Sweeping Beam","Steam","Gash"],"picked":"Singing Bowl","floor":11.0},{"not_picked":["Redo","Darkness","Doom and Gloom"],"picked":"Singing Bowl","floor":12.0},{"not_picked":["Force Field","Cold Snap"],"picked":"Barrage","floor":13.0},{"not_picked":["Meteor Strike","Electrodynamics"],"picked":"Creative AI","floor":16.0},{"not_picked":["Hologram","Stack","Redo"],"picked":"Singing Bowl","floor":18.0},{"not_picked":["Beam Cell","Reprogram","Sunder"],"picked":"Singing Bowl","floor":19.0},{"not_picked":["Hologram","Sunder","Chaos"],"picked":"Coolheaded","floor":21.0},{"not_picked":["Static Discharge","Steam","Compile Driver"],"picked":"Creative AI","floor":22.0},{"not_picked":["Turbo+1","Sweeping Beam","Fission","Redo"],"picked":"Singing Bowl","floor":24.0},{"not_picked":["Blizzard","Rebound+1","Steam"],"picked":"Loop+1","floor":27.0},{"not_picked":["Hologram","Streamline","Genetic Algorithm+1"],"picked":"Coolheaded","floor":29},{"not_picked":["BootSequence+1","Stack+1","Beam Cell"],"picked":"Conserve Battery+1","floor":30},{"not_picked":["infinitespire:Menacing","infinitespire:Gouge"],"picked":"infinitespire:DeathsTouch","floor":31},{"not_picked":["Biased Cognition","Hyperbeam","All For One"],"picked":"Electrodynamics","floor":33},{"not_picked":["Compile Driver+1","Rebound","Genetic Algorithm+1","Consume+1"],"picked":"Singing Bowl","floor":35},{"not_picked":["Steam+1","Beam Cell","Ball Lightning"],"picked":"White Noise+1","floor":36},{"not_picked":["infinitespire:NeuralNetwork","infinitespire:Oblivion"],"picked":"infinitespire:Punishment","floor":37},{"not_picked":["Ball Lightning","Beam Cell+1","Blizzard","Skim+1"],"picked":"Singing Bowl","floor":38},{"not_picked":["Rebound","Stack+1","Compile Driver"],"picked":"Coolheaded+1","floor":39},{"not_picked":["Steam Power+1","Leap+1","Sweeping Beam","Streamline"],"picked":"Singing Bowl","floor":40},{"not_picked":["infinitespire:Oblivion","infinitespire:DeathsTouch"],"picked":"infinitespire:SealOfDarkness+","floor":40},{"not_picked":["Leap+1","Coolheaded+1","Scrape","Conserve Battery+1"],"picked":"Singing Bowl","floor":41}],"player_experience":501914,"relics_obtained":[{"floor":7.0,"key":"Sundial"},{"floor":10.0,"key":"Singing Bowl"},{"floor":13.0,"key":"infinitespire:WardingShard"},{"floor":20.0,"key":"Question Card"},{"floor":24.0,"key":"CeramicFish"},{"floor":26.0,"key":"Old Coin"},{"floor":27.0,"key":"Pocketwatch"},{"floor":30,"key":"Toxic Egg 2"},{"floor":31,"key":"Red Mask"},{"floor":40,"key":"Centennial Puzzle"},{"floor":40,"key":"Art of War"}],"event_choices":[{"damage_healed":0.0,"max_hp_gain":0.0,"max_hp_loss":0.0,"gold_gain":50.0,"event_name":"betterThird:BetterNest","player_choice":"Steal","floor":25.0,"gold_loss":0.0,"damage_taken":0.0}],"is_beta":false,"boss_relics":[{"not_picked":["Runic Pyramid","Fusion Hammer"],"picked":"Nuclear Battery"},{"not_picked":["Astrolabe","Philosopher\u0027s Stone"],"picked":"Black Star"}],"items_purged_floors":[],"is_endless":true,"potions_floor_spawned":[2,3,7,10,11,13,19,24,29,30,40],"killed_by":"Giant Head","ascension_level":19}}