{"host":"dn6kke80v5f7isus","time":1611287648,"event":{"mods":["AchievementEnabler","Act Like it!","BaseMod","Colored Powertips","Custom Start","Defuse TimeMaze Blight","Duelist Mod","Gremlin Skip","Highlight Path","Hubris","Infinite Spire","Minty Spire (QoL Compilation)","Rare Cards Sparkle","Replay The Spire","StSLib","Uncapped"],"gold_per_floor":[142,142,200,219,237,237,271,271,271,292,292,292,327,350,350,471,471,494,494,519,519,134,134,168,168,168,183,229,269,16,35,35,35,35],"floor_reached":33,"language":"ENG","playtime":1011,"items_purged":["theDuelist:Doomdog+1","theDuelist:ThousandEyesRestrict+1"],"score":360,"play_id":"6acfdd7b-4584-436a-813c-da778ec955cb","local_time":"20210121225408","is_ascension_mode":true,"campfire_choices":[{"floor":6,"key":"RECALL"},{"data":"Flash of Steel","floor":8,"key":"SMITH"},{"floor":15,"key":"REST"},{"floor":23,"key":"REST"},{"floor":32,"key":"DIG"}],"circlet_count":0,"master_deck":["theDuelist:InfernityDoomDragon+1","theDuelist:FluteKuriboh+1","theDuelist:GateBlocker+1","theDuelist:MiracleFertilizer+1","theDuelist:NaturiaForest+1","theDuelist:RoseArcher+2","theDuelist:ShiranuiSolitaire+1","theDuelist:WingedKuriboh+1","Flash of Steel+1","theDuelist:TriWight"],"relics":["theDuelist:MillenniumPuzzle","theDuelist:CardPoolRelic","theDuelist:CardPoolBasicRelic","theDuelist:BoosterPackPoolRelic","theDuelist:CardPoolAddRelic","theDuelist:CardPoolMinusRelic","theDuelist:CardPoolSaveRelic","theDuelist:CardPoolOptionsRelic","Replay:Mystery Machine","Golden Idol","ReplayTheSpireMod:Shallot","Nunchaku","theDuelist:DuelistLetterOpener","Champion Belt","hubris:HollowSoul","Potion Belt","infinitespire:Beetle Shell","StrikeDummy","hubris:Towel","Kunai","ReplayTheSpireMod:Lightbulb","Replay:Wax Seal","hubris:EmptyBottle","Pen Nib"],"acts_visited":["Exordium","TheCity"],"potions_floor_usage":[7,7,20,27,29,31,31],"damage_taken":[{"damage":0,"enemies":"Jaw Worm","floor":1,"turns":2},{"damage":0,"enemies":"2 Louse","floor":4,"turns":3},{"damage":0,"enemies":"Small Slimes","floor":5,"turns":3},{"damage":3,"enemies":"Gremlin Nob","floor":7,"turns":4},{"damage":2,"enemies":"Looter","floor":10,"turns":2},{"damage":31,"enemies":"3 Sentries","floor":13,"turns":7},{"damage":0,"enemies":"2 Fungi Beasts","floor":14,"turns":2},{"damage":23,"enemies":"Hexaghost","floor":16,"turns":6},{"damage":0,"enemies":"Chosen","floor":18,"turns":4},{"damage":12,"enemies":"3 Byrds","floor":20,"turns":4},{"damage":0,"enemies":"theDuelist:KaibaA2","floor":24,"turns":6},{"damage":16,"enemies":"Snake Plant","floor":27,"turns":4},{"damage":0,"enemies":"Book of Stabbing","floor":29,"turns":6},{"damage":0,"enemies":"Cultist and Chosen","floor":31,"turns":6},{"damage":0,"enemies":"Collector","floor":33,"turns":1}],"seed_played":"8006704603541874134","potions_obtained":[{"floor":1,"key":"theDuelist:VoidBottle"},{"floor":5,"key":"Strength Potion"},{"floor":16,"key":"theDuelist:VoidBottle"},{"floor":24,"key":"theDuelist:SealedPack"},{"floor":27,"key":"theDuelist:FusionPotion"},{"floor":29,"key":"Explosive Potion"}],"is_trial":false,"path_per_floor":["M","?","?","M","M","R","E","R","T","M","?","?","E","M","R","B",null,"M","?","M","?","$","R","E","?","T","M","T","E","$","M","R","B"],"character_chosen":"THE_DUELIST","items_purchased":["Potion Belt","infinitespire:Beetle Shell","hubris:EmptyBottle"],"campfire_rested":2,"item_purchase_floors":[22,22,30],"current_hp_per_floor":[80,60,60,60,60,60,57,57,57,55,55,55,24,24,48,25,80,80,80,68,68,68,80,80,80,80,64,64,64,64,64,64,16,16],"gold":35,"neow_bonus":"RANDOM_COMMON_RELIC","is_daily":false,"chose_seed":false,"campfire_upgraded":1,"win_rate":0.0,"timestamp":1611287648,"path_taken":["M","?","?","M","M","R","E","R","T","M","?","?","E","M","R","BOSS","M","?","M","?","$","R","E","?","T","M","?","E","$","?","R","BOSS"],"items_purchased_type":["Relic","Relic","Relic"],"build_version":"2020-12-22","purchased_purges":2,"victory":false,"max_hp_per_floor":[80,80,80,80,80,80,80,80,80,80,80,80,80,80,80,80,80,80,80,80,80,80,80,80,80,80,80,80,80,80,80,80,16,16],"card_choices":[{"not_picked":["theDuelist:Skullgios","theDuelist:EarthquakeGiant","theDuelist:GemElephant","theDuelist:GiantSoldierSteel","theDuelist:GolemSentry"],"picked":"SKIP","floor":1},{"not_picked":["Blind","Metamorphosis","Mind Blast"],"picked":"Flash of Steel","floor":3},{"not_picked":["theDuelist:ZombieWarrior","theDuelist:ManEaterBug","theDuelist:AncientGearChimera","theDuelist:CoreBlaster","theDuelist:HammerShot"],"picked":"SKIP","floor":4},{"not_picked":["theDuelist:Skullgios","theDuelist:NaturiaStinkbug","theDuelist:AncientGearChimera","theDuelist:SpireMetronome","theDuelist:GraydleDragon"],"picked":"SKIP","floor":5},{"not_picked":["theDuelist:BloodSucker","theDuelist:VampireKingdom","theDuelist:MachineFactory","theDuelist:ToadallyAwesome"],"picked":"SKIP","floor":7},{"not_picked":["theDuelist:ZombieWarrior","theDuelist:OjamaYellow","theDuelist:Skullgios","theDuelist:LegendBlueEyesMetronome","theDuelist:ToonAncientGear"],"picked":"SKIP","floor":10},{"not_picked":["theDuelist:FluteKuriboh","theDuelist:MiracleFertilizer+1"],"picked":"SKIP","floor":13},{"not_picked":["theDuelist:ZombieWarrior","theDuelist:ManEaterBug","theDuelist:AncientGearChimera","theDuelist:CoreBlaster","theDuelist:HammerShot"],"picked":"SKIP","floor":14},{"not_picked":["theDuelist:DarklordSuperbia+1","theDuelist:LightningRodLord","theDuelist:HaneHane","theDuelist:DarkCreator+1","theDuelist:FeatherPho"],"picked":"SKIP","floor":18},{"not_picked":["theDuelist:Zombyra","theDuelist:BullBlader","theDuelist:AngelTrumpeter","theDuelist:ToonDarkMagician+1","theDuelist:GishkiShadow"],"picked":"SKIP","floor":20},{"not_picked":["theDuelist:Zombyra+1","theDuelist:ShiranuiSunsaga","theDuelist:BullBlader","theDuelist:FossilExcavation"],"picked":"theDuelist:TriWight","floor":24},{"not_picked":["theDuelist:DestroyerGolem","theDuelist:Mudora","theDuelist:WormWarlord","theDuelist:BigFire","theDuelist:EarthquakeGiant"],"picked":"SKIP","floor":27},{"not_picked":["theDuelist:DemiseLand","theDuelist:BlackVeloci","theDuelist:BlizzardPrincess","theDuelist:Aztekipede","theDuelist:Denglong"],"picked":"SKIP","floor":29},{"not_picked":["theDuelist:LeviairSeaDragon","theDuelist:ColossalFighter","theDuelist:DarkHorus","theDuelist:BullBlader","theDuelist:GenexNeutron"],"picked":"SKIP","floor":31}],"player_experience":591119,"relics_obtained":[{"floor":3,"key":"ReplayTheSpireMod:Shallot"},{"floor":7,"key":"Nunchaku"},{"floor":9,"key":"theDuelist:DuelistLetterOpener"},{"floor":13,"key":"Champion Belt"},{"floor":24,"key":"StrikeDummy"},{"floor":26,"key":"Kunai"},{"floor":28,"key":"ReplayTheSpireMod:Lightbulb"},{"floor":29,"key":"Replay:Wax Seal"},{"floor":32,"key":"Pen Nib"}],"event_choices":[{"damage_healed":0,"gold_gain":0,"player_choice":"Take Damage","damage_taken":20,"relics_obtained":["Golden Idol"],"max_hp_gain":0,"max_hp_loss":0,"event_name":"Golden Idol","floor":2,"gold_loss":0},{"damage_healed":0,"gold_gain":0,"player_choice":"Leave","duelist":true,"damage_taken":0,"max_hp_gain":0,"max_hp_loss":0,"event_name":"Tomb of the Nameless","floor":11,"gold_loss":0},{"damage_healed":0,"gold_gain":0,"player_choice":"Leave","duelist":true,"damage_taken":0,"max_hp_gain":0,"max_hp_loss":0,"event_name":"Egyptian Village","floor":12,"gold_loss":0},{"damage_healed":0,"gold_gain":0,"player_choice":"Ignored","damage_taken":0,"max_hp_gain":0,"max_hp_loss":0,"event_name":"Cursed Tome","floor":21,"gold_loss":0}],"is_beta":false,"boss_relics":[{"not_picked":["Replay:Ancient Bell","hubris:GrandSneckoEye"],"picked":"hubris:HollowSoul"}],"items_purged_floors":[22,30],"is_endless":false,"potions_floor_spawned":[1,5,16,24,27,29],"killed_by":"Collector","ascension_level":1}}