{"host":"bxd97rc2ofc6op20","time":1611304632,"event":{"mods":["BaseMod","Colored Map","Colored Powertips","Googly Eyes","Highlight Path","Minty Spire (QoL Compilation)","Quick Restart","Rare Cards Sparkle"],"gold_per_floor":[367,379,395,20,20,52,68,68,68,68,139,139,139],"floor_reached":12,"language":"ENG","playtime":700,"items_purged":["Strike_R"],"score":94,"play_id":"a29e97ab-86ee-4b62-a72b-95c652352f7a","local_time":"20210122003712","is_ascension_mode":true,"campfire_choices":[{"data":"Uppercut","floor":8,"key":"SMITH"},{"data":"Flame Barrier","floor":10,"key":"SMITH"}],"circlet_count":0,"master_deck":["Strike_R","Strike_R","Strike_R","Strike_R","Defend_R","Defend_R","Defend_R","Defend_R","Bash","Regret","Uppercut+1","Flame Barrier+1","Second Wind"],"relics":["Burning Blood","CaptainsWheel","MealTicket","Sundial","Potion Belt","InkBottle"],"acts_visited":["Exordium"],"potions_floor_usage":[7],"damage_taken":[{"damage":11,"enemies":"Jaw Worm","floor":1,"turns":4},{"damage":9,"enemies":"2 Louse","floor":2,"turns":2},{"damage":3,"enemies":"Cultist","floor":3,"turns":3},{"damage":22,"enemies":"Gremlin Nob","floor":6,"turns":5},{"damage":31,"enemies":"Exordium Thugs","floor":7,"turns":8},{"damage":33,"enemies":"3 Sentries","floor":12,"turns":12}],"seed_played":"5834432961761116402","potions_obtained":[{"floor":2,"key":"Regen Potion"}],"is_trial":false,"path_per_floor":["M","M","M","$","?","E","M","R","T","R","T","E"],"character_chosen":"IRONCLAD","items_purchased":["CaptainsWheel"],"campfire_rested":0,"item_purchase_floors":[4],"current_hp_per_floor":[75,72,75,75,57,41,31,31,31,31,31,0,0],"gold":139,"neow_bonus":"TWO_FIFTY_GOLD","is_daily":false,"chose_seed":false,"campfire_upgraded":2,"win_rate":0.0,"timestamp":1611304632,"path_taken":["M","M","M","$","?","E","M","R","T","R","?","E"],"items_purchased_type":["Relic"],"build_version":"2020-12-22","purchased_purges":1,"victory":false,"max_hp_per_floor":[80,80,80,80,80,80,80,80,80,80,80,80,80],"card_choices":[{"not_picked":["Thunderclap","Clash"],"picked":"Uppercut","floor":1},{"not_picked":["Body Slam","Headbutt"],"picked":"Flame Barrier","floor":2},{"not_picked":["Anger","Rupture"],"picked":"Second Wind","floor":3},{"not_picked":["Perfected Strike","Twin Strike","Flame Barrier"],"picked":"SKIP","floor":6},{"not_picked":["Flex","Heavy Blade","Headbutt"],"picked":"SKIP","floor":7}],"player_experience":354317,"relics_obtained":[{"floor":6,"key":"Sundial"},{"floor":9,"key":"Potion Belt"},{"floor":11,"key":"InkBottle"}],"event_choices":[{"damage_healed":0,"gold_gain":0,"player_choice":"Success","damage_taken":18,"relics_obtained":["MealTicket"],"max_hp_gain":0,"max_hp_loss":0,"event_name":"Scrap Ooze","floor":5,"gold_loss":0}],"is_beta":false,"boss_relics":[],"items_purged_floors":[4],"is_endless":false,"potions_floor_spawned":[2],"killed_by":"3 Sentries","ascension_level":4}}