{"host":"qsusua7l529r8z9k","time":1611318074,"event":{"mods":["BaseMod","Minty Spire (QoL Compilation)","Spicy Shops","StSLib"],"gold_per_floor":[119,132,57,57,68,96,96,121,169,169,193,222,42,42,42,124,124,124,84,84,84,84,84,84,84,84,84,84,84,84,84,84,84,84,84,84,84,84,84,84,84,84,84,84,4,4,4,4,4,4,4],"floor_reached":52,"language":"ZHS","playtime":1605,"items_purged":["Pain"],"score":2270,"play_id":"dafb03fa-341c-4a47-9ad8-c7d9c71a7f1f","local_time":"20210122202114","is_ascension_mode":true,"campfire_choices":[{"data":"Brilliance","floor":7.0,"key":"SMITH"},{"floor":10.0,"key":"REST"},{"data":"TalkToTheHand","floor":15.0,"key":"SMITH"},{"floor":24.0,"key":"REST"},{"data":"Blasphemy","floor":27.0,"key":"SMITH"},{"floor":29.0,"key":"REST"},{"data":"Ragnarok","floor":32.0,"key":"SMITH"},{"floor":41.0,"key":"REST"},{"floor":49.0,"key":"RECALL"}],"circlet_count":0,"master_deck":["AscendersBane","Strike_P+1","Strike_P+1","Strike_P+1","Defend_P+1","Defend_P+1","Defend_P+1","Defend_P+1","Eruption+1","Vigilance+1","Brilliance+1","EmptyMind+1","InnerPeace+1","FlurryOfBlows+1","Prostrate+1","TalkToTheHand+1","Conclude+1","BowlingBash+1","Blasphemy+1","Sanctity+1","DeusExMachina+1","Ragnarok+1","Prostrate+1","DevaForm+1","LikeWater+1","Evaluate+1","FearNoEvil+1","Wallop+1","Pray+1"],"relics":["PureWater","Shuriken","Centennial Puzzle","CeramicFish","ClockworkSouvenir","Ectoplasm","MutagenicStrength","PreservedInsect","Gambling Chip","Dream Catcher","Bird Faced Urn","VioletLotus","MawBank","Happy Flower","Sundial","Juzu Bracelet","Bag of Preparation","Mark of the Bloom"],"acts_visited":["Exordium","TheCity","TheBeyond"],"potions_floor_usage":[51],"damage_taken":[{"damage":5.0,"enemies":"Jaw Worm","floor":1.0,"turns":3.0},{"damage":4.0,"enemies":"Cultist","floor":2.0,"turns":3.0},{"damage":5.0,"enemies":"2 Louse","floor":5.0,"turns":4.0},{"damage":17.0,"enemies":"3 Sentries","floor":6.0,"turns":8.0},{"damage":22.0,"enemies":"Lagavulin","floor":8.0,"turns":5.0},{"damage":0.0,"enemies":"Exordium Wildlife","floor":11.0,"turns":3.0},{"damage":15.0,"enemies":"Gremlin Gang","floor":12.0,"turns":5.0},{"damage":0.0,"enemies":"Slime Boss","floor":16.0,"turns":5.0},{"damage":11.0,"enemies":"Spheric Guardian","floor":18.0,"turns":3.0},{"damage":22.0,"enemies":"2 Thieves","floor":19.0,"turns":2.0},{"damage":10.0,"enemies":"Snecko","floor":20.0,"turns":5.0},{"damage":0.0,"enemies":"Shelled Parasite and Fungi","floor":22.0,"turns":1.0},{"damage":5.0,"enemies":"Slavers","floor":23.0,"turns":3.0},{"damage":4.0,"enemies":"Book of Stabbing","floor":25.0,"turns":3.0},{"damage":16.0,"enemies":"Slavers","floor":28.0,"turns":2.0},{"damage":0.0,"enemies":"Centurion and Healer","floor":31.0,"turns":2.0},{"damage":21.0,"enemies":"Automaton","floor":33.0,"turns":5.0},{"damage":15.0,"enemies":"3 Shapes","floor":35.0,"turns":3.0},{"damage":0.0,"enemies":"Orb Walker","floor":37.0,"turns":1.0},{"damage":19.0,"enemies":"Maw","floor":39.0,"turns":5.0},{"damage":0.0,"enemies":"Nemesis","floor":40.0,"turns":1.0},{"damage":2.0,"enemies":"Giant Head","floor":42.0,"turns":4.0},{"damage":24.0,"enemies":"Spire Growth","floor":44.0,"turns":4.0},{"damage":0.0,"enemies":"Jaw Worm Horde","floor":46.0,"turns":2.0},{"damage":5.0,"enemies":"Reptomancer","floor":47.0,"turns":2.0},{"damage":0.0,"enemies":"Donu and Deca","floor":50.0,"turns":3.0},{"damage":7,"enemies":"Time Eater","floor":51,"turns":5}],"seed_played":"3833696890359173349","potions_obtained":[{"floor":2.0,"key":"GamblersBrew"},{"floor":5.0,"key":"DuplicationPotion"},{"floor":8.0,"key":"Ancient Potion"},{"floor":11.0,"key":"EntropicBrew"},{"floor":19.0,"key":"Energy Potion"},{"floor":23.0,"key":"LiquidMemories"},{"floor":25.0,"key":"Energy Potion"},{"floor":28.0,"key":"DistilledChaos"},{"floor":33.0,"key":"Explosive Potion"},{"floor":35.0,"key":"SteroidPotion"},{"floor":40.0,"key":"PowerPotion"},{"floor":46.0,"key":"Block Potion"},{"floor":47.0,"key":"CultistPotion"}],"is_trial":false,"path_per_floor":["M","M","$","?","M","E","R","E","T","R","M","M","$","?","R","B",null,"M","M","M","?","M","E","R","E","T","R","E","R","?","M","R","B",null,"M","?","M","?","M","E","R","E","T","M","$","M","E","?","R","B","B",null],"character_chosen":"WATCHER","items_purchased":["ClockworkSouvenir","BowlingBash","Juzu Bracelet"],"campfire_rested":4,"item_purchase_floors":[13,13,45],"current_hp_per_floor":[56,52,52,52,47,30,30,8,8,28,28,13,13,18,18,18,59,48,26,16,16,16,11,32,28,28,28,12,33,33,33,33,12,58,45,45,45,45,30,30,50,52,52,32,32,34,29,29,29,29,22],"gold":4,"neow_bonus":"THREE_RARE_CARDS","is_daily":false,"chose_seed":false,"campfire_upgraded":4,"win_rate":0.0,"timestamp":1611318074,"path_taken":["M","M","$","?","M","E","R","E","T","R","M","M","?","?","R","BOSS","M","M","M","?","M","E","R","E","T","R","E","R","?","?","R","BOSS","M","?","M","?","?","E","R","E","T","M","?","M","E","?","R","BOSS","BOSS"],"items_purchased_type":["Relic","Card","Relic"],"build_version":"2020-12-22","purchased_purges":1,"victory":true,"max_hp_per_floor":[68,68,68,68,68,68,68,68,68,68,68,68,68,73,73,73,73,73,73,73,73,73,73,73,73,73,73,73,73,73,73,73,73,73,73,69,69,69,69,69,69,69,69,69,69,69,69,69,69,69,69],"card_choices":[{"not_picked":["Judgement","MasterReality"],"picked":"Brilliance","floor":0.0},{"not_picked":["CarveReality","Halt"],"picked":"EmptyMind","floor":1.0},{"not_picked":["Conclude","Worship"],"picked":"InnerPeace","floor":2.0},{"not_picked":["Meditate","WaveOfTheHand"],"picked":"FlurryOfBlows","floor":5.0},{"not_picked":["JustLucky","EmptyBody","MentalFortress"],"picked":"SKIP","floor":6.0},{"not_picked":["Halt","Consecrate"],"picked":"Prostrate","floor":8.0},{"not_picked":["Vengeance","Evaluate"],"picked":"TalkToTheHand","floor":11.0},{"not_picked":["Crescendo","FollowUp"],"picked":"Conclude","floor":12.0},{"not_picked":["Judgement","Establishment"],"picked":"Blasphemy","floor":16.0},{"not_picked":["ClearTheMind","BowlingBash","PathToVictory"],"picked":"SKIP","floor":18.0},{"not_picked":["Crescendo","Halt+1","EmptyBody+1"],"picked":"SKIP","floor":19.0},{"not_picked":["EmptyFist","EmptyBody","BowlingBash"],"picked":"SKIP","floor":20.0},{"not_picked":["ClearTheMind","EmptyBody"],"picked":"Sanctity","floor":22.0},{"not_picked":["Conclude","JustLucky","EmptyMind"],"picked":"SKIP","floor":23.0},{"not_picked":["SandsOfTime","Sanctity"],"picked":"DeusExMachina","floor":25.0},{"not_picked":["FlurryOfBlows","Vengeance","WindmillStrike"],"picked":"SKIP","floor":28.0},{"not_picked":["PathToVictory","JustLucky","Prostrate"],"picked":"SKIP","floor":31.0},{"not_picked":["PathToVictory","JustLucky"],"picked":"Prostrate","floor":31.0},{"not_picked":["Vault","DeusExMachina"],"picked":"DevaForm","floor":33.0},{"not_picked":["FlyingSleeves+1","JustLucky+1","ThirdEye+1"],"picked":"SKIP","floor":35.0},{"not_picked":["PathToVictory","DevaForm","Vengeance"],"picked":"SKIP","floor":37.0},{"not_picked":["Prostrate","Nirvana","EmptyFist+1"],"picked":"SKIP","floor":39.0},{"not_picked":["EmptyMind+1","FlyingSleeves","MasterReality"],"picked":"SKIP","floor":40.0},{"not_picked":["WaveOfTheHand+1","Halt"],"picked":"Evaluate+1","floor":41.0},{"not_picked":["EmptyMind","Pray"],"picked":"FearNoEvil","floor":42.0},{"not_picked":["ThirdEye","JustLucky","Meditate"],"picked":"SKIP","floor":44.0},{"not_picked":["CutThroughFate+1","EmptyBody"],"picked":"Wallop","floor":46.0},{"not_picked":["WheelKick+1","DeceiveReality"],"picked":"Pray","floor":47.0}],"player_experience":458090,"relics_obtained":[{"floor":6.0,"key":"Shuriken"},{"floor":8.0,"key":"Centennial Puzzle"},{"floor":9.0,"key":"CeramicFish"},{"floor":23.0,"key":"PreservedInsect"},{"floor":25.0,"key":"Gambling Chip"},{"floor":26.0,"key":"Dream Catcher"},{"floor":28.0,"key":"Bird Faced Urn"},{"floor":40.0,"key":"MawBank"},{"floor":42.0,"key":"Happy Flower"},{"floor":43.0,"key":"Sundial"},{"floor":47.0,"key":"Bag of Preparation"}],"event_choices":[{"damage_healed":0.0,"max_hp_gain":0.0,"max_hp_loss":0.0,"gold_gain":0.0,"event_name":"Accursed Blacksmith","player_choice":"Forge","floor":4.0,"gold_loss":0.0,"damage_taken":0.0,"cards_upgraded":["Eruption"]},{"damage_healed":0.0,"max_hp_gain":5.0,"max_hp_loss":0.0,"gold_gain":0.0,"event_name":"Big Fish","player_choice":"Donut","floor":14.0,"gold_loss":0.0,"damage_taken":0.0},{"damage_healed":0.0,"max_hp_gain":0.0,"max_hp_loss":0.0,"gold_gain":0.0,"event_name":"Drug Dealer","player_choice":"Inject Mutagens","floor":21.0,"gold_loss":0.0,"damage_taken":0.0,"relics_obtained":["MutagenicStrength"]},{"damage_healed":0.0,"max_hp_gain":0.0,"max_hp_loss":0.0,"gold_gain":0.0,"event_name":"Match and Keep!","player_choice":"1 cards matched","floor":30.0,"gold_loss":0.0,"damage_taken":0.0,"cards_obtained":["Ragnarok"]},{"damage_healed":0.0,"max_hp_gain":0.0,"max_hp_loss":4.0,"gold_gain":0.0,"event_name":"Winding Halls","player_choice":"Max HP","floor":36.0,"gold_loss":0.0,"damage_taken":0.0},{"damage_healed":0.0,"max_hp_gain":0.0,"max_hp_loss":0.0,"gold_gain":0.0,"cards_transformed":["Strike_P"],"event_name":"Transmorgrifier","player_choice":"Transformed","floor":38.0,"gold_loss":0.0,"damage_taken":0.0,"cards_obtained":["LikeWater"]},{"damage_healed":0.0,"max_hp_gain":0.0,"max_hp_loss":0.0,"gold_gain":0.0,"event_name":"MindBloom","player_choice":"Upgrade","floor":48.0,"gold_loss":0.0,"damage_taken":0.0,"cards_upgraded":["Strike_P","Strike_P","Strike_P","Defend_P","Defend_P","Defend_P","Defend_P","Vigilance","EmptyMind","InnerPeace","FlurryOfBlows","Prostrate","Conclude","BowlingBash","Sanctity","DeusExMachina","Prostrate","DevaForm","LikeWater","FearNoEvil","Wallop","Pray"],"relics_obtained":["Mark of the Bloom"]}],"is_beta":false,"boss_relics":[{"not_picked":["Fusion Hammer","Snecko Eye"],"picked":"Ectoplasm"},{"not_picked":["SlaversCollar","Runic Dome"],"picked":"VioletLotus"}],"items_purged_floors":[3],"is_endless":false,"potions_floor_spawned":[2,5,8,11,19,23,25,28,33,35,40,44,46,47],"ascension_level":20}}