{"host":"bf9sa99gaumonoeu","time":1611288952,"event":{"mods":["AchievementEnabler","Act Like it!","Aspiration","BaseMod","Bestiary","Better Note","Block Reminder","Colored Map","Colored Powertips","Fox Events","Friendly Minions","Gensokyo","GifTheSpireLib","Googly Eyes","Hallownest","Hermit","Highlight Path","Jorbs\u0027s Wanderer Trilogy","KinomotoSakuraMod(????)","Koishi","Marisa????????","Minty Spire (QoL Compilation)","Rare Cards Sparkle","Relic Stats","Spire Arcade","StSLib","The Administrix","The Animator","The Bug Knight","The Construct","The Cursed","The Hierophant","The Mystic","The Necromancer","The Poker Player","The Runesmith","The Senshi","The Servant 0.9.4","ojb\u0027s Info Mod"],"gold_per_floor":[113,127,139,151,166,166,166,166,211,242,242,0,27,60,60,154,231,262,275,275,313,77,77,130,130,207,233,233,49,68,0,0,0,0],"floor_reached":33,"language":"ENG","playtime":3102,"items_purged":["Strike_G","Pain"],"score":636,"play_id":"68f014c5-1e81-4bcf-801c-4feecab31047","local_time":"20210122021552","is_ascension_mode":true,"campfire_choices":[{"floor":6.0,"key":"REST"},{"floor":8.0,"key":"REST"},{"floor":11.0,"key":"REST"},{"data":"Wraith Form v2","floor":15.0,"key":"SMITH"},{"floor":23,"key":"REST"},{"floor":25,"key":"REST"}],"circlet_count":0,"master_deck":["AscendersBane","Strike_G","Strike_G","Strike_G","Defend_G","Defend_G","Defend_G","Defend_G","Defend_G","Survivor","Neutralize","Flash of Steel","Quick Slash","Finisher","Slice","Masterful Stab","Dagger Throw","Crippling Poison","HandOfGreed","Deadly Poison","Well Laid Plans","Wraith Form v2+1","Die Die Die","CurseOfTheBell","Dagger Spray","Dodge and Roll+1","Die Die Die","Phantasmal Killer","Malaise","Backflip"],"relics":["Ring of the Snake","Runesmith:AutoHammer","construct:FoamFinger","Juzu Bracelet","foxEvents:LuckyCharm","Calling Bell","Oddly Smooth Stone","HollowMod:LifeEnderRelic","Pocketwatch","Cauldron","Pen Nib","Art of War","Ornamental Fan","WarpedTongs","CaptainsWheel"],"acts_visited":["Exordium","TheCity"],"potions_floor_usage":[16,18,18,21,22,24,33],"damage_taken":[{"damage":3.0,"enemies":"Small Slimes","floor":1.0,"turns":6.0},{"damage":2.0,"enemies":"2 Louse","floor":2.0,"turns":4.0},{"damage":4.0,"enemies":"Jaw Worm","floor":3.0,"turns":4.0},{"damage":17.0,"enemies":"Large Slime","floor":4.0,"turns":9.0},{"damage":29.0,"enemies":"Exordium Thugs","floor":5.0,"turns":4.0},{"damage":20.0,"enemies":"Lagavulin","floor":10.0,"turns":5.0},{"damage":11.0,"enemies":"Gremlin Nob","floor":13.0,"turns":3.0},{"damage":7.0,"enemies":"Colosseum Slavers","floor":14.0,"turns":4.0},{"damage":19,"enemies":"Slime Boss","floor":16,"turns":12},{"damage":9,"enemies":"Shell Parasite","floor":18,"turns":3},{"damage":0,"enemies":"Spheric Guardian","floor":19,"turns":1},{"damage":38,"enemies":"Cultist and Chosen","floor":21,"turns":7},{"damage":6,"enemies":"Slavers","floor":24,"turns":4},{"damage":0,"enemies":"Gremlin Leader","floor":27,"turns":4},{"damage":5,"enemies":"Shelled Parasite and Fungi","floor":30,"turns":3},{"damage":53,"enemies":"Automaton","floor":33,"turns":10}],"seed_played":"-8654536026528665413","potions_obtained":[{"floor":1.0,"key":"SkillPotion"},{"floor":5.0,"key":"DuplicationPotion"},{"floor":7.0,"key":"PowerPotion"},{"floor":14.0,"key":"CultistPotion"},{"floor":16,"key":"Weak Potion"},{"floor":18,"key":"ColorlessPotion"},{"floor":22,"key":"Fruit Juice"},{"floor":22,"key":"BlessingOfTheForge"},{"floor":22,"key":"LiquidBronze"}],"is_trial":false,"path_per_floor":["M","M","M","M","M","R","?","R","T","E","R","$","E","?","R","B",null,"M","M","?","M","$","R","E","R","T","E","?","$","M","?","R","B"],"character_chosen":"THE_SILENT","items_purchased":["HandOfGreed","Deadly Poison","Cauldron","Malaise"],"campfire_rested":5,"item_purchase_floors":[12,12,22,29],"current_hp_per_floor":[56,54,50,33,4,23,23,42,42,22,41,41,30,23,23,4,51,42,42,42,4,9,30,24,45,45,45,45,45,40,40,40,0,0],"gold":0,"neow_bonus":"RANDOM_COLORLESS","is_daily":false,"chose_seed":false,"campfire_upgraded":1,"win_rate":0.0,"timestamp":1611288952,"path_taken":["M","M","M","M","M","R","?","R","T","E","R","$","E","?","R","BOSS","M","M","?","M","?","R","E","R","T","E","?","$","M","?","R","BOSS"],"items_purchased_type":["Card","Card","Relic","Card"],"build_version":"2020-12-22","purchased_purges":2,"victory":false,"max_hp_per_floor":[66,66,66,66,66,66,66,66,66,66,66,66,66,66,66,66,66,66,66,66,66,71,71,71,71,71,71,71,71,71,71,71,71,71],"relic_stats":{"counters":[16,83],"Ornamental Fan":[20],"Pen Nib":[4],"Juzu Bracelet":1,"Art of War":[2],"obtain_stats":[{"construct:FoamFinger":10,"HollowMod:LifeEnderRelic":17,"Oddly Smooth Stone":17,"Pen Nib":24,"Juzu Bracelet":13,"WarpedTongs":28,"Calling Bell":17,"Cauldron":22,"CaptainsWheel":31,"Ornamental Fan":27,"foxEvents:LuckyCharm":14,"Art of War":26,"Runesmith:AutoHammer":9,"Ring of the Snake":0,"Pocketwatch":17},{"construct:FoamFinger":6,"HollowMod:LifeEnderRelic":9,"Oddly Smooth Stone":9,"Pen Nib":13,"Juzu Bracelet":7,"WarpedTongs":14,"Calling Bell":9,"Cauldron":12,"CaptainsWheel":15,"Ornamental Fan":14,"foxEvents:LuckyCharm":8,"Art of War":13,"Runesmith:AutoHammer":5,"Ring of the Snake":0,"Pocketwatch":9},{"construct:FoamFinger":32,"HollowMod:LifeEnderRelic":51,"Oddly Smooth Stone":51,"Pen Nib":66,"Juzu Bracelet":35,"WarpedTongs":70,"Calling Bell":51,"Cauldron":62,"CaptainsWheel":73,"Ornamental Fan":70,"foxEvents:LuckyCharm":39,"Art of War":66,"Runesmith:AutoHammer":27,"Ring of the Snake":0,"Pocketwatch":51}],"Ring of the Snake":[32],"Pocketwatch":[39],"WarpedTongs":[13]},"card_choices":[{"not_picked":["Dramatic Entrance","Trip"],"picked":"Flash of Steel","floor":0.0},{"not_picked":["Deflect","Backflip"],"picked":"Quick Slash","floor":1.0},{"not_picked":["PiercingWail","Caltrops"],"picked":"Finisher","floor":2.0},{"not_picked":["Backflip","Flying Knee"],"picked":"Slice","floor":3.0},{"not_picked":["Blur","Choke"],"picked":"Masterful Stab","floor":4.0},{"not_picked":["Caltrops","Poisoned Stab"],"picked":"Dagger Throw","floor":5.0},{"not_picked":["Caltrops","Dagger Throw"],"picked":"Crippling Poison","floor":10.0},{"not_picked":["Expertise","Deflect"],"picked":"Well Laid Plans","floor":13.0},{"not_picked":["Backflip","Dodge and Roll"],"picked":"Wraith Form v2","floor":14.0},{"not_picked":["Phantasmal Killer","Bullet Time"],"picked":"Die Die Die","floor":16},{"not_picked":["Prepared","Accuracy"],"picked":"Dagger Spray","floor":18},{"not_picked":["All Out Attack","Bane"],"picked":"Dodge and Roll+1","floor":19},{"not_picked":["Bane","Backflip"],"picked":"Die Die Die","floor":21},{"not_picked":["Choke","Crippling Poison","Poisoned Stab"],"picked":"SKIP","floor":24},{"not_picked":["Dagger Throw","Cloak And Dagger"],"picked":"Phantasmal Killer","floor":27},{"not_picked":["Cloak And Dagger","Blur"],"picked":"Backflip","floor":30}],"player_experience":1096406,"relics_obtained":[{"floor":9.0,"key":"Runesmith:AutoHammer"},{"floor":10.0,"key":"construct:FoamFinger"},{"floor":13.0,"key":"Juzu Bracelet"},{"floor":14.0,"key":"foxEvents:LuckyCharm"},{"floor":17,"key":"Oddly Smooth Stone"},{"floor":17,"key":"HollowMod:LifeEnderRelic"},{"floor":17,"key":"Pocketwatch"},{"floor":24,"key":"Pen Nib"},{"floor":26,"key":"Art of War"},{"floor":27,"key":"Ornamental Fan"}],"event_choices":[{"cards_removed":["Strike_G"],"damage_healed":0,"gold_gain":0,"player_choice":"Purged","damage_taken":0,"max_hp_gain":0,"max_hp_loss":0,"event_name":"Purifier","floor":20,"gold_loss":0},{"damage_healed":0,"gold_gain":0,"player_choice":"Rummage","damage_taken":0,"relics_obtained":["WarpedTongs"],"max_hp_gain":0,"max_hp_loss":0,"event_name":"Accursed Blacksmith","floor":28,"gold_loss":0,"cards_obtained":["Pain"]},{"damage_healed":0,"gold_gain":0,"player_choice":"Paid Gold","damage_taken":0,"relics_obtained":["CaptainsWheel"],"max_hp_gain":0,"max_hp_loss":0,"event_name":"WeMeetAgain","floor":31,"gold_loss":68}],"is_beta":false,"boss_relics":[{"not_picked":["Empty Cage","Snecko Eye"],"picked":"Calling Bell"}],"items_purged_floors":[22,29],"is_endless":false,"potions_floor_spawned":[1,5,14,16,18],"killed_by":"Automaton","ascension_level":20}}