{"host":"nbmmy2ys5j9alw05","time":1611282862,"event":{"mods":["AchievementEnabler","BaseMod","Bestiary","Better Vampires","Colored Map","Colored Powertips","Googly Eyes","Minty Spire (QoL Compilation)","Quick Restart","StSLib","The Hierophant","The IronCluck","everything is the same but u backflip on backflip"],"gold_per_floor":[118,10,10,10,10,35,35,65,65,65,77,77,94,18,18,119,169,179,179,195,294,294,294,209,209,209],"floor_reached":25,"language":"ENG","playtime":911,"items_purged":[],"score":319,"play_id":"5328c1ef-031f-4dd2-8eef-5e37ec3a07f1","local_time":"20210121183422","is_ascension_mode":true,"campfire_choices":[{"data":"Eruption","floor":7,"key":"SMITH"},{"data":"PathToVictory","floor":12,"key":"SMITH"},{"data":"LikeWater","floor":15,"key":"SMITH"},{"data":"Vault","floor":23,"key":"SMITH"}],"circlet_count":0,"master_deck":["Strike_P","Strike_P","Defend_P","Defend_P","Defend_P","Defend_P","Eruption+1","Vigilance","EmptyMind","Sanctity","ClearTheMind+1","Worship","Perseverance","PathToVictory+1","FlurryOfBlows","LikeWater+1","Vault+1","ReachHeaven","ThirdEye+1","FlurryOfBlows"],"relics":["PureWater","NeowsBlessing","Potion Belt","Torii","White Beast Statue","Tiny House","MutagenicStrength","Dream Catcher"],"acts_visited":["Exordium","TheCity"],"potions_floor_usage":[13,16,16,16,18,20,25],"damage_taken":[{"damage":0,"enemies":"Jaw Worm","floor":1,"turns":1},{"damage":0,"enemies":"3 Sentries","floor":6,"turns":2},{"damage":0,"enemies":"Lagavulin","floor":8,"turns":2},{"damage":0,"enemies":"Small Slimes","floor":11,"turns":3},{"damage":0,"enemies":"2 Louse","floor":13,"turns":1},{"damage":15,"enemies":"Slime Boss","floor":16,"turns":8},{"damage":11,"enemies":"2 Thieves","floor":18,"turns":4},{"damage":0,"enemies":"Shell Parasite","floor":20,"turns":8},{"damage":35,"enemies":"Cultist and Chosen","floor":25,"turns":8}],"seed_played":"3319345538732460331","potions_obtained":[{"floor":1,"key":"Explosive Potion"},{"floor":6,"key":"Swift Potion"},{"floor":8,"key":"Fire Potion"},{"floor":11,"key":"FearPotion"},{"floor":13,"key":"BottledMiracle"},{"floor":16,"key":"AttackPotion"},{"floor":17,"key":"SkillPotion"},{"floor":18,"key":"PowerPotion"},{"floor":20,"key":"LiquidBronze"}],"is_trial":false,"path_per_floor":["M","$","?","$","?","E","R","E","T","?","M","R","M","$","R","B",null,"M","?","M","?","?","R","?","M"],"character_chosen":"WATCHER","items_purchased":["Sanctity","ClearTheMind","LikeWater"],"campfire_rested":0,"item_purchase_floors":[2,2,14],"current_hp_per_floor":[72,72,65,65,65,65,65,65,65,70,70,70,70,70,70,55,77,66,66,66,66,66,66,66,31,31],"gold":209,"neow_bonus":"THREE_ENEMY_KILL","is_daily":false,"chose_seed":false,"campfire_upgraded":4,"win_rate":0.0,"timestamp":1611282862,"path_taken":["M","$","?","$","?","E","R","E","T","?","M","R","M","$","R","BOSS","M","?","M","?","?","R","?","?"],"items_purchased_type":["Card","Card","Card"],"build_version":"2020-12-22","purchased_purges":0,"victory":false,"max_hp_per_floor":[72,72,72,72,72,72,72,72,72,77,77,77,77,77,77,77,82,82,82,82,82,82,82,82,82,82],"card_choices":[{"not_picked":["WreathOfFlame","Halt"],"picked":"EmptyMind","floor":1},{"not_picked":["ThirdEye","Meditate"],"picked":"Worship","floor":6},{"not_picked":["EmptyBody","FollowUp"],"picked":"Perseverance","floor":8},{"not_picked":["Prostrate","JustLucky"],"picked":"PathToVictory","floor":11},{"not_picked":["EmptyFist","Pray"],"picked":"FlurryOfBlows","floor":13},{"not_picked":["Establishment","DeusExMachina"],"picked":"Vault","floor":16},{"not_picked":["BowlingBash","Prostrate"],"picked":"ReachHeaven","floor":17},{"not_picked":["Conclude","ReachHeaven"],"picked":"ThirdEye+1","floor":18},{"not_picked":["SashWhip+1","Prostrate+1"],"picked":"FlurryOfBlows","floor":20}],"player_experience":527144,"relics_obtained":[{"floor":6,"key":"Potion Belt"},{"floor":8,"key":"Torii"},{"floor":9,"key":"White Beast Statue"}],"event_choices":[{"cards_removed":["Strike_P"],"damage_healed":0,"gold_gain":0,"player_choice":"Card Removal","damage_taken":7,"max_hp_gain":0,"max_hp_loss":0,"event_name":"Golden Wing","floor":3,"gold_loss":0},{"cards_removed":["Strike_P"],"damage_healed":0,"gold_gain":0,"player_choice":"Forget","damage_taken":0,"max_hp_gain":0,"max_hp_loss":0,"event_name":"Living Wall","floor":5,"gold_loss":0},{"damage_healed":0,"gold_gain":0,"player_choice":"Donut","damage_taken":0,"max_hp_gain":5,"max_hp_loss":0,"event_name":"Big Fish","floor":10,"gold_loss":0},{"damage_healed":0,"gold_gain":0,"player_choice":"Inject Mutagens","damage_taken":0,"relics_obtained":["MutagenicStrength"],"max_hp_gain":0,"max_hp_loss":0,"event_name":"Drug Dealer","floor":19,"gold_loss":0},{"damage_healed":0,"gold_gain":99,"player_choice":"Stole From Cult","damage_taken":0,"max_hp_gain":0,"max_hp_loss":0,"event_name":"Nest","floor":21,"gold_loss":0},{"damage_healed":0,"gold_gain":0,"player_choice":"Ignored","damage_taken":0,"max_hp_gain":0,"max_hp_loss":0,"event_name":"The Mausoleum","floor":22,"gold_loss":0},{"damage_healed":0,"gold_gain":0,"player_choice":"Obtained Relic","damage_taken":0,"relics_obtained":["Dream Catcher"],"max_hp_gain":0,"max_hp_loss":0,"event_name":"Addict","floor":24,"gold_loss":85}],"is_beta":false,"boss_relics":[{"not_picked":["Sozu","Pandora\u0027s Box"],"picked":"Tiny House"}],"items_purged_floors":[],"is_endless":false,"potions_floor_spawned":[1,6,8,11,13,16,18,20],"killed_by":"Cultist and Chosen","ascension_level":5}}