{"host":"qu92w1zb2ytiyjno","time":1611338376,"event":{"mods":["Bard","BaseMod","Beaked The Cultist","Colored Map","Colored Powertips","Conspire","Curses Come First","Downfall","Friendly Minions","Googly Eyes","Hermit","Highlight Path","Hubris","Infinite Spire","KinomotoSakuraMod(木之本樱)","Marisa（F雨　魔理沙）","Minty Spire (QoL Compilation)","Relic Sorter","Remilia（蕾米莉亚）","Replay The Spire","StSLib","The Administrix","The Construct","The Cursed","The Disciple","The Hierophant","The Marked","The Mystic","The Senshi","The Servant 0.9.4"],"gold_per_floor":[109,109,129,79,4,62,62,79,79,79,121,138,168,216,216,340,340,380,71,116,164,196,196,267,267,318,28,88,109,109,135,135,230,230,278,278,303,303,316,380,380,380,380,434,504,225,247,275,275,400,400,400],"floor_reached":51,"language":"ENG","playtime":7680,"items_purged":["hermit:Defend_Hermit","hermit:Defend_Hermit","Wraith"],"score":942,"play_id":"4ddd66f3-e51f-4d60-9535-1e7ca4e34a8f","local_time":"20210123015936","is_ascension_mode":false,"campfire_choices":[{"data":"hermit:WideOpen","floor":7.0,"key":"SMITH"},{"data":"hermit:Snapshot","floor":10.0,"key":"SMITH"},{"floor":15.0,"key":"DIG"},{"data":"hermit:TakeCover","floor":23,"key":"SMITH"},{"data":"hermit:Magnum","floor":25,"key":"SMITH"},{"data":"hermit:FlashPowder","floor":32,"key":"SMITH"},{"data":"hermit:CalledShot","floor":41,"key":"SMITH"},{"floor":49,"key":"RECALL"}],"circlet_count":0,"master_deck":["hermit:Strike_Hermit","hermit:Strike_Hermit","hermit:Strike_Hermit","hermit:Defend_Hermit","hermit:Defend_Hermit","hermit:Snapshot+1","hermit:Covet","hermit:WideOpen+1","hermit:BodyArmor","conspire:SpireCoStock","hermit:Vantage","hermit:Vantage","hermit:CalledShot+1","hermit:TrackingShot","hermit:Enervate","hermit:Magnum+1","hermit:Reprieve","hermit:Spite","hermit:DeadOrAlive","hermit:DeadOrAlive","hermit:Glare","hermit:Dive","hermit:TakeCover+1","hermit:Maintenance+1","hermit:Gambit","hermit:HighCaliber+1","hermit:FlashPowder+1","hermit:FromBeyond","hermit:Misfire+1","Panache","infinitespire:Collect","hermit:Adapt"],"relics":["hermit:Momento","NeowsBlessing","PreservedInsect","Onion Ring","Vajra","infinitespire:Broken Mirror","Potion Belt","ChewingGum","TheAbacus","Red Mask","hubris:Spice","infinitespire:PuzzleCube","Lantern","ReplayTheSpireMod:TigerMarble","hubris:BottledHeart","Thread and Needle","Eternal Feather","hubris:Backtick","Pet Ghost"],"acts_visited":["Exordium","TheCity","TheBeyond","Exordium"],"potions_floor_usage":[16,33,33,40,47,50,50,50],"damage_taken":[{"damage":0.0,"enemies":"Cultist","floor":1.0,"turns":1.0},{"damage":0.0,"enemies":"2 Louse","floor":3.0,"turns":1.0},{"damage":0.0,"enemies":"3 Sentries","floor":6.0,"turns":2.0},{"damage":11.0,"enemies":"Jaw Worm","floor":8.0,"turns":3.0},{"damage":21.0,"enemies":"Lagavulin","floor":11.0,"turns":8.0},{"damage":10.0,"enemies":"Looter","floor":12.0,"turns":2.0},{"damage":8.0,"enemies":"3 Louse","floor":13.0,"turns":3.0},{"damage":0.0,"enemies":"3 Sentries","floor":14.0,"turns":3.0},{"damage":18,"enemies":"Hexaghost","floor":16,"turns":5},{"damage":3,"enemies":"Shell Parasite","floor":18,"turns":3},{"damage":1,"enemies":"Masked Bandits","floor":20,"turns":4},{"damage":0,"enemies":"Chosen","floor":21,"turns":3},{"damage":11,"enemies":"Sentry and Sphere","floor":22,"turns":7},{"damage":17,"enemies":"Book of Stabbing","floor":24,"turns":4},{"damage":18,"enemies":"Nightmare","floor":28,"turns":5},{"damage":0,"enemies":"conspire:HollyBat","floor":29,"turns":7},{"damage":0,"enemies":"3 Cultists","floor":31,"turns":3},{"damage":0,"enemies":"hubris:MusketHawk","floor":33,"turns":8},{"damage":0,"enemies":"3 Darklings","floor":35,"turns":10},{"damage":0,"enemies":"Orb Walker","floor":37,"turns":2},{"damage":0,"enemies":"3 Darklings","floor":39,"turns":3},{"damage":0,"enemies":"Nemesis","floor":40,"turns":3},{"damage":0,"enemies":"4 Shapes","floor":44,"turns":4},{"damage":0,"enemies":"Giant Head","floor":45,"turns":6},{"damage":0,"enemies":"Maw","floor":47,"turns":6},{"damage":0,"enemies":"Sphere and 2 Shapes","floor":48,"turns":2},{"damage":0,"enemies":"Awakened One","floor":50,"turns":11}],"seed_played":"5770825685863740394","potions_obtained":[{"floor":3.0,"key":"Strength Potion"},{"floor":11.0,"key":"Explosive Potion"},{"floor":16,"key":"BlessingOfTheForge"},{"floor":20,"key":"Swift Potion"},{"floor":24,"key":"sneckomod:MuddlingPotion"},{"floor":29,"key":"Energy Potion"},{"floor":33,"key":"construct:ShiftPotion"},{"floor":35,"key":"construct:ShiftPotion"},{"floor":39,"key":"Toxic Potion"},{"floor":48,"key":"Venom Potion"}],"is_trial":false,"path_per_floor":["M","?","M","?","$","E","R","M","T","R","E","M","M","E","R_BF","B",null,"M","$","?","M","M","R","E","R","T","$","NM","M","?","M","R","B",null,"M","?","M","?","M","E","R","?","T","M","E","$","M","M","R","B",null],"character_chosen":"HERMIT","items_purchased":["hermit:DeadOrAlive","hermit:Glare","TheAbacus","hermit:HighCaliber+1","Lantern","infinitespire:BlackPotion"],"campfire_rested":0,"item_purchase_floors":[19,19,19,27,27,46],"current_hp_per_floor":[75,75,75,75,75,75,75,64,64,64,43,33,25,25,25,7,75,75,75,74,74,63,63,54,54,54,54,36,40,1,1,1,1,1,1,1,1,1,1,1,1,1,1,1,1,1,1,1,1,1,1,1],"gold":400,"neow_bonus":"THREE_ENEMY_KILL","is_daily":false,"chose_seed":false,"campfire_upgraded":6,"win_rate":0.0,"timestamp":1611338376,"path_taken":["M","?","?","?","?","E","R","M","T","R","E","M","M","E","R_BF","BOSS","M","$","?","M","M","R","E","R","T","$","NM","M","?","M","R","BOSS","M","?","M","?","?","E","R","?","T","M","E","$","M","M","R","BOSS"],"items_purchased_type":["Card","Card","Relic","Card","Relic","Potion"],"build_version":"2020-12-22","purchased_purges":3,"victory":false,"max_hp_per_floor":[75,75,75,75,75,75,75,75,75,75,75,75,75,75,75,75,75,75,75,75,75,75,75,83,83,83,83,83,83,1,1,1,1,1,1,1,1,1,1,1,1,1,1,1,1,1,1,1,1,1,1,1],"card_choices":[{"not_picked":["hermit:Coalescence","hermit:BodyArmor"],"picked":"hermit:WideOpen","floor":1.0},{"not_picked":["hermit:FullyLoaded","hermit:Feint"],"picked":"hermit:BodyArmor","floor":3.0},{"not_picked":["hermit:Maintenance","hermit:Feint"],"picked":"hermit:Vantage","floor":6.0},{"not_picked":["hermit:Feint","hermit:WideOpen"],"picked":"hermit:Vantage","floor":8.0},{"not_picked":["hermit:Cheat","hermit:OverwhelmingPower"],"picked":"hermit:CalledShot","floor":11.0},{"not_picked":["hermit:Spite","hermit:HighCaliber"],"picked":"hermit:TrackingShot","floor":12.0},{"not_picked":["hermit:Midnight","hermit:Roulette"],"picked":"hermit:Enervate","floor":13.0},{"not_picked":["hermit:CalledShot","hermit:Coalescence"],"picked":"hermit:Magnum","floor":14.0},{"not_picked":["hermit:EternalForm","hermit:Dissolve"],"picked":"hermit:Reprieve","floor":16},{"not_picked":["hermit:Snipe+1","hermit:HoleUp+1"],"picked":"hermit:Spite","floor":18},{"not_picked":["hermit:PistolWhip","hermit:Brawl"],"picked":"hermit:Dive","floor":20},{"not_picked":["hermit:HighCaliber","hermit:WideOpen+1"],"picked":"hermit:TakeCover","floor":21},{"not_picked":["hermit:Ricochet","hermit:CalledShot"],"picked":"hermit:Maintenance+1","floor":22},{"not_picked":["hermit:WideOpen","hermit:Manifest"],"picked":"hermit:Gambit","floor":24},{"not_picked":["hermit:Cheat","hermit:CursedWeapon+1"],"picked":"hermit:FlashPowder","floor":28},{"not_picked":["hermit:Snipe","hermit:CalledShot+1","hermit:Feint"],"picked":"SKIP","floor":29},{"not_picked":["hermit:Desperado","hermit:Misfire","hermit:LowProfile"],"picked":"SKIP","floor":31},{"not_picked":["hermit:Adapt","hermit:DeadOrAlive"],"picked":"hermit:FromBeyond","floor":33},{"not_picked":["hermit:HighCaliber","hermit:Vantage"],"picked":"hermit:Misfire+1","floor":35},{"not_picked":["hermit:HoleUp+1","hermit:LowProfile+1","hermit:Enervate"],"picked":"SKIP","floor":37},{"not_picked":["Enlightenment","Replay:Bootleg Shield Generator"],"picked":"Panache","floor":38},{"not_picked":["hermit:SprayPray","hermit:LowProfile","hermit:ItchyTrigger+1"],"picked":"SKIP","floor":39},{"not_picked":["hermit:SprayPray","hermit:TakeAim+1","hubris:SpiceAddiction"],"picked":"SKIP","floor":40},{"not_picked":["ReplayTheSpireMod:Chaos Vortex","hubris:InfiniteBlow"],"picked":"infinitespire:Collect","floor":42},{"not_picked":["hermit:Roulette+1","hermit:HighCaliber+1"],"picked":"hermit:Adapt","floor":44},{"not_picked":["hermit:Quickdraw","hermit:Midnight+1","hermit:Misfire"],"picked":"SKIP","floor":45},{"not_picked":["hermit:CalledShot+1","hermit:DeadMansHand","hermit:TrackingShot+1"],"picked":"SKIP","floor":47},{"not_picked":["hermit:DeadOrAlive","hermit:WideOpen+1","hermit:HoleUp"],"picked":"SKIP","floor":48}],"player_experience":134861,"relics_obtained":[{"floor":6.0,"key":"PreservedInsect"},{"floor":9.0,"key":"Onion Ring"},{"floor":11.0,"key":"Vajra"},{"floor":14.0,"key":"infinitespire:Broken Mirror"},{"floor":15.0,"key":"Potion Belt"},{"floor":20,"key":"Red Mask"},{"floor":24,"key":"hubris:Spice"},{"floor":26,"key":"infinitespire:PuzzleCube"},{"floor":28,"key":"ReplayTheSpireMod:TigerMarble"},{"floor":40,"key":"Thread and Needle"},{"floor":45,"key":"Eternal Feather"}],"event_choices":[{"cards_removed":["hermit:Strike_Hermit"],"damage_healed":0.0,"max_hp_gain":0.0,"max_hp_loss":0.0,"gold_gain":0.0,"event_name":"Purifier","player_choice":"Purged","floor":2.0,"gold_loss":0.0,"damage_taken":0.0},{"damage_healed":0.0,"max_hp_gain":0.0,"max_hp_loss":0.0,"gold_gain":0.0,"event_name":"conspire:Investor","player_choice":"Invest 1","floor":4.0,"gold_loss":0.0,"damage_taken":0.0},{"damage_healed":0,"gold_gain":0,"player_choice":"Fought Bandits","damage_taken":0,"max_hp_gain":0,"max_hp_loss":0,"event_name":"Masked Bandits","floor":20,"gold_loss":0},{"damage_healed":0,"gold_gain":0,"player_choice":"Ignored","damage_taken":0,"max_hp_gain":0,"max_hp_loss":0,"event_name":"OrinTheCat","floor":36,"gold_loss":0},{"damage_healed":0,"gold_gain":0,"player_choice":"Memory 1","damage_taken":0,"max_hp_gain":0,"max_hp_loss":0,"event_name":"SensoryStone","floor":38,"gold_loss":0}],"is_beta":false,"boss_relics":[{"not_picked":["Tiny House","Runic Dome"],"picked":"ChewingGum"},{"not_picked":["Ring of Chaos","Empty Cage"],"picked":"hubris:Spice"},{"not_picked":["hubris:Spice","Fusion Hammer"],"picked":"hubris:Backtick"}],"items_purged_floors":[5,27,46],"is_endless":true,"potions_floor_spawned":[3,11,16,20,24,29,33,35,39,48],"ascension_level":0}}