{"host":"jmumkimrafwvkspb","time":1611343954,"event":{"mods":["AchievementEnabler","BaseMod","Colored Map","Minty Spire (QoL Compilation)","Replay The Spire","StSLib"],"gold_per_floor":[111,111,123,123,141,167,167,242,242,274,274,61,73,100,100,174,174,192,192,209,23,41,69,69,69,139,139,139,170,187,213,213,213,213],"floor_reached":33,"language":"ENG","playtime":1146,"items_purged":["Pain","Normality"],"score":642,"play_id":"7d1e4f60-a0b3-4607-8365-4b26a6a4141c","local_time":"20210122203234","is_ascension_mode":true,"campfire_choices":[{"data":"Loop","floor":7.0,"key":"SMITH"},{"floor":11.0,"key":"REST"},{"data":"Streamline","floor":15.0,"key":"SMITH"},{"floor":25.0,"key":"REST"},{"floor":28.0,"key":"REST"},{"floor":32.0,"key":"DIG"}],"circlet_count":0,"master_deck":["AscendersBane","Strike_B","Strike_B","Defend_B","Defend_B","Defend_B","Defend_B","Zap","Dualcast","Go for the Eyes","Beam Cell","Coolheaded","Loop+1","Rip and Tear","Swift Strike","Hologram","Streamline+1","Electrodynamics","Cold Snap","Defragment","Seek","Necronomicurse","BasicCrystalCard+1","Capacitor","Creative AI","Reinforced Body","Blizzard"],"relics":["Cracked Core","NeowsBlessing","WarpedTongs","Ancient Tea Set","Snack Pack","Kunai","Gremlin Horn","Carrot","Inserter","TungstenRod","Dream Catcher","Necronomicon","Divine Protection","Iron Hammer","Orichalcum","Garlic"],"acts_visited":["Exordium","TheCity"],"potions_floor_usage":[33],"damage_taken":[{"damage":0.0,"enemies":"Small Slimes","floor":1.0,"turns":1.0},{"damage":0.0,"enemies":"Cultist","floor":3.0,"turns":1.0},{"damage":0.0,"enemies":"Jaw Worm","floor":5.0,"turns":1.0},{"damage":24.0,"enemies":"3 Sentries","floor":6.0,"turns":9.0},{"damage":27.0,"enemies":"Lagavulin","floor":10.0,"turns":8.0},{"damage":2.0,"enemies":"Exordium Thugs","floor":13.0,"turns":4.0},{"damage":8.0,"enemies":"Gremlin Nob","floor":14.0,"turns":3.0},{"damage":30.0,"enemies":"Hexaghost","floor":16.0,"turns":8.0},{"damage":0.0,"enemies":"Chosen","floor":18.0,"turns":3.0},{"damage":21.0,"enemies":"2 Thieves","floor":20.0,"turns":4.0},{"damage":8.0,"enemies":"3 Cultists","floor":22.0,"turns":4.0},{"damage":19.0,"enemies":"Gremlin Leader","floor":23.0,"turns":8.0},{"damage":12.0,"enemies":"Book of Stabbing","floor":29.0,"turns":4.0},{"damage":0.0,"enemies":"Chosen and Byrds","floor":30.0,"turns":2.0},{"damage":35.0,"enemies":"Slavers","floor":31.0,"turns":6.0},{"damage":9,"enemies":"Pondfish","floor":33,"turns":7}],"seed_played":"-4133316538174084468","potions_obtained":[{"floor":3.0,"key":"Adrenaline Potion"},{"floor":13.0,"key":"LiquidBronze"},{"floor":16.0,"key":"Dexterity Potion"},{"floor":18.0,"key":"EssenceOfSteel"},{"floor":20.0,"key":"Fire Potion"},{"floor":30.0,"key":"LiquidBronze"}],"is_trial":false,"path_per_floor":["M","?","M","T","M","E","R","?","T","E","R","$","M","E","R","B",null,"M","?","M","$","M","E","?","R","T","?","R","E","M","E","R_BF","B"],"character_chosen":"DEFECT","items_purchased":["Rip and Tear","Swift Strike","Defragment"],"campfire_rested":3,"item_purchase_floors":[12,12,21],"current_hp_per_floor":[64,64,64,64,64,40,40,29,29,8,29,29,33,29,29,5,55,55,55,36,36,32,21,4,25,25,25,46,38,40,7,7,0,0],"gold":213,"neow_bonus":"THREE_ENEMY_KILL","is_daily":false,"chose_seed":false,"campfire_upgraded":2,"win_rate":0.0,"timestamp":1611343954,"path_taken":["M","?","?","?","M","E","R","?","T","E","R","?","M","E","R","BOSS","M","?","?","$","M","E","?","R","T","?","R","E","M","E","R_BF","BOSS"],"items_purchased_type":["Card","Card","Card"],"build_version":"2020-12-22","purchased_purges":2,"victory":false,"max_hp_per_floor":[71,71,71,71,71,71,71,71,71,71,71,71,71,71,71,71,71,71,71,71,71,71,71,71,71,71,71,71,71,71,71,71,71,71],"card_choices":[{"not_picked":["Leap","ReplayTheSpireMod:Calculation Training"],"picked":"Go for the Eyes","floor":1.0},{"not_picked":["Turbo","Gash"],"picked":"Beam Cell","floor":3.0},{"not_picked":["BasicCrystalCard","Static Discharge"],"picked":"Coolheaded","floor":5.0},{"not_picked":["Coolheaded","Reboot"],"picked":"Loop","floor":6.0},{"not_picked":["ReplaySort","Turbo","Rebound"],"picked":"SKIP","floor":10.0},{"not_picked":["ReplayTheSpireMod:GoodbyeWorld","Reprogram"],"picked":"Hologram","floor":13.0},{"not_picked":["Crystallizer","Double Energy"],"picked":"Streamline","floor":14.0},{"not_picked":["Thunder Strike","Buffer"],"picked":"Electrodynamics","floor":16.0},{"not_picked":["ReplaySolidLightProjector","Streamline+1","Tempest"],"picked":"SKIP","floor":18.0},{"not_picked":["Loop","Capacitor"],"picked":"Cold Snap","floor":20.0},{"not_picked":["Rebound+1","Stack"],"picked":"Seek","floor":22.0},{"not_picked":["Leap","Crystallizer","Hologram"],"picked":"SKIP","floor":23.0},{"not_picked":["Aggregate+1","Reinforced Body"],"picked":"BasicCrystalCard+1","floor":25.0},{"not_picked":["Beam Cell+1","Rebound+1"],"picked":"Reinforced Body","floor":29.0},{"not_picked":["Streamline","ReplayTheSpireMod:GoodbyeWorld","Ball Lightning"],"picked":"SKIP","floor":30.0},{"not_picked":["Streamline","Sweeping Beam"],"picked":"Blizzard","floor":31.0}],"player_experience":1582120,"relics_obtained":[{"floor":4.0,"key":"Ancient Tea Set"},{"floor":6.0,"key":"Snack Pack"},{"floor":9.0,"key":"Kunai"},{"floor":10.0,"key":"Gremlin Horn"},{"floor":14.0,"key":"Carrot"},{"floor":23.0,"key":"Dream Catcher"},{"floor":24.0,"key":"Necronomicon"},{"floor":26.0,"key":"Divine Protection"},{"floor":29.0,"key":"Iron Hammer"},{"floor":31.0,"key":"Orichalcum"},{"floor":32.0,"key":"Garlic"}],"event_choices":[{"damage_healed":0.0,"max_hp_gain":0.0,"max_hp_loss":0.0,"gold_gain":0.0,"event_name":"Accursed Blacksmith","player_choice":"Rummage","floor":2.0,"gold_loss":0.0,"damage_taken":0.0,"relics_obtained":["WarpedTongs"],"cards_obtained":["Pain"]},{"damage_healed":0.0,"max_hp_gain":0.0,"max_hp_loss":0.0,"gold_gain":75.0,"event_name":"World of Goop","player_choice":"Gather Gold","floor":8.0,"gold_loss":0.0,"damage_taken":11.0},{"damage_healed":0.0,"max_hp_gain":0.0,"max_hp_loss":0.0,"gold_gain":0.0,"event_name":"Cursed Tome","player_choice":"Obtained Book","floor":24.0,"gold_loss":0.0,"damage_taken":21.0},{"damage_healed":0.0,"max_hp_gain":0.0,"max_hp_loss":0.0,"gold_gain":0.0,"cards_transformed":["Strike_B","Strike_B"],"event_name":"Drug Dealer","player_choice":"Became Test Subject","floor":27.0,"gold_loss":0.0,"damage_taken":0.0,"cards_obtained":["Capacitor","Creative AI"]}],"is_beta":false,"boss_relics":[{"not_picked":["Sozu","Runic Dome"],"picked":"Inserter"}],"items_purged_floors":[12,21],"is_endless":false,"potions_floor_spawned":[3,13,16,18,20,30],"killed_by":"Pondfish","ascension_level":20}}