{"host":"dx8mnueonnkh60qu","time":1611299258,"event":{"mods":["AchievementEnabler","Act Like it!","Aspiration","BaseMod","Better Silent Start","Better Third Choice","CCEM","Conspire","Defuse TimeMaze Blight","Dota2Spire","Downfall","Evolution","Hubris","Infinite Spire","Marked Mod","Minty Spire (QoL Compilation)","Quarter Circle Forward PUNCH!","Rare Cards Sparkle","Relic Stats","Robot Space Explorer","Spicy Shops","Spikes Relics","StSLib","SuperFastMode","The Blue Laboratory","The Caster"],"gold_per_floor":[99,117,134,144,158,171,171,271,271,271,271,287,303,317,334,336,336,336],"floor_reached":16,"language":"ENG","playtime":1076,"items_purged":[],"score":98,"play_id":"6914d4cf-3788-4ee8-a423-a92eb13fa8a3","local_time":"20210122020738","is_ascension_mode":false,"campfire_choices":[{"data":"bronze:Goto","floor":1,"key":"SMITH"},{"floor":11,"key":"REST"}],"circlet_count":0,"master_deck":["bronze:WildBeam","bronze:Strike","bronze:Strike","bronze:Defend","bronze:Defend","bronze:Defend","bronze:Defend","bronze:Replicate+1","bronze:Goto+1","bronze:BronzeOrb","bronze:Flail+1","bronze:Optimize","bronze:Allocate","bronze:AlphaBuild","bronze:DelayedGuard","bronze:Shell","bronze:BronzeOrb","bronze:Fortify","bronze:Overheat"],"relics":["bronze:BronzeCore","EVO:Axolotl","bronze:SilverBullet","downfall:ShatteredFragment"],"acts_visited":["Exordium"],"potions_floor_usage":[12,12,16],"damage_taken":[{"damage":2,"enemies":"conspire:RoseBush","floor":2,"turns":3},{"damage":0,"enemies":"2 Louse","floor":3,"turns":2},{"damage":0,"enemies":"Cultist","floor":4,"turns":2},{"damage":1,"enemies":"Exordium Wildlife","floor":5,"turns":3},{"damage":7,"enemies":"Blue Slaver","floor":6,"turns":3},{"damage":29,"enemies":"downfall:Heads","floor":8,"turns":4},{"damage":7,"enemies":"3 Louse","floor":12,"turns":2},{"damage":0,"enemies":"Exordium Wildlife","floor":13,"turns":2},{"damage":0,"enemies":"2 Fungi Beasts","floor":14,"turns":1},{"damage":0,"enemies":"Blue Slaver","floor":15,"turns":2},{"damage":35,"enemies":"SI_SHIV_ARCHETYPE","floor":16,"turns":3}],"seed_played":"3183496306021008338","potions_obtained":[{"floor":5,"key":"LiquidMemories"},{"floor":8,"key":"blueLaboratory:LouseDecoction"},{"floor":10,"key":"Fruit Juice"},{"floor":10,"key":"blueLaboratory:FruitPunch"},{"floor":12,"key":"Dota2Spire:Clarity"},{"floor":13,"key":"blueLaboratory:NullPotion"}],"is_trial":false,"path_per_floor":["R","M","M","M","M","M","T","?","?","?","R","M","M","M","M","B"],"character_chosen":"THE_AUTOMATON","items_purchased":[],"campfire_rested":1,"item_purchase_floors":[],"current_hp_per_floor":[70,68,68,68,67,60,60,31,10,10,31,31,31,31,31,0,0,0],"gold":336,"neow_bonus":"UPGRADE_CARD","is_daily":false,"chose_seed":false,"campfire_upgraded":1,"win_rate":0.0,"timestamp":1611299258,"path_taken":["R","M","M","M","M","M","T","?","?","?","R","M","M","?","M","BOSS"],"items_purchased_type":[],"build_version":"2020-12-22","purchased_purges":0,"victory":false,"max_hp_per_floor":[70,70,70,70,70,70,70,70,70,70,70,77,77,77,77,77,77,77],"relic_stats":{"counters":[11,27],"obtain_stats":[{"bronze:BronzeCore":0,"downfall:ShatteredFragment":9,"EVO:Axolotl":0,"bronze:SilverBullet":7},{"bronze:BronzeCore":0,"downfall:ShatteredFragment":6,"EVO:Axolotl":0,"bronze:SilverBullet":5},{"bronze:BronzeCore":0,"downfall:ShatteredFragment":17,"EVO:Axolotl":0,"bronze:SilverBullet":13}]},"card_choices":[{"not_picked":["bronze:Overheat","bronze:Branch"],"picked":"bronze:BronzeOrb","floor":2},{"not_picked":["bronze:Deprecate","bronze:DelayedSlice"],"picked":"bronze:Flail","floor":3},{"not_picked":["bronze:Fortify","bronze:NullPointer"],"picked":"bronze:Optimize","floor":4},{"not_picked":["bronze:WildBeam","bronze:MaxOutput"],"picked":"bronze:BugBarrage","floor":5},{"not_picked":["bronze:Philosophize","bronze:Shield"],"picked":"bronze:Allocate","floor":6},{"not_picked":["bronze:Shield","bronze:Deprecate"],"picked":"bronze:DelayedGuard","floor":8},{"not_picked":["bronze:Iterate","bronze:Shield"],"picked":"bronze:Shell","floor":12},{"not_picked":["bronze:Return","bronze:FineTuning"],"picked":"bronze:BronzeOrb","floor":13},{"not_picked":["bronze:DelayedGuard","bronze:BurnOut"],"picked":"bronze:Fortify","floor":14},{"not_picked":["bronze:Turbo","bronze:BugBarrage"],"picked":"bronze:Overheat","floor":15}],"player_experience":601780,"relics_obtained":[{"floor":7,"key":"bronze:SilverBullet"}],"event_choices":[{"damage_healed":0,"gold_gain":0,"player_choice":"Got Potions","damage_taken":0,"max_hp_gain":0,"max_hp_loss":0,"event_name":"Lab","floor":10,"gold_loss":0}],"is_beta":false,"boss_relics":[],"items_purged_floors":[],"is_endless":false,"potions_floor_spawned":[5,8,12,13],"killed_by":"SI_SHIV_ARCHETYPE","ascension_level":0}}