{"host":"0ulgfg5uyx5zlmwg","time":1611319915,"event":{"mods":["Act Like it!","BaseMod","BetterRewards","Challenge The Spire","Grow up Mod","Marked Mod","Minty Spire (QoL Compilation)","RumiaBox-露米娅的神秘盒子","Shop Mod","Spicy Shops","StSLib","TestMod","Transform Curses","vexMod","【功能Mod】混沌之环修复补丁","【遗物卡牌】REMEMod","篝火指南"],"gold_per_floor":[216,1215,1228,1228,1228,1261,537,571,571,12,37,99,99,99,99,251,251,326,326,286,339,339,377,377],"floor_reached":23,"language":"ZHS","playtime":1511,"items_purged":[],"score":309,"play_id":"b40c8d53-7611-449a-bba9-bd18059e4add","local_time":"20210122205155","is_ascension_mode":true,"campfire_choices":[{"data":"HandOfGreed","floor":13,"key":"SMITH"},{"data":"LessonLearned","floor":15,"key":"SMITH"}],"circlet_count":0,"master_deck":["Strike_P","Strike_P","Strike_P","Strike_P","Defend_P","Defend_P","Defend_P","Defend_P","Eruption","Vigilance+1","testmod-FightingIntention+1","FollowUp","TalkToTheHand","DeceiveReality","HandOfGreed+1","FlyingSleeves+1","MarkedMod:GracefulMovements","LessonLearned+1","CrushJoints","TalkToTheHand+1","MarkedMod:Acupuncture+1","SashWhip+1","Eruption+1","Halt","Judgement","FlyingSleeves+1","J.A.X.","Consecrate+1"],"relics":["PureWater","testmod-TestBox","REME_ComplimentaryCards","testmod-RealStoneCalender","SecretRecord","Golden Idol","Gremlin Horn","Bronze Scales","testmod-MagicalMallet","vexMod:FocusSash","Molten Egg 2","vexMod:TimeEaterHat","Potion Belt","Omamori","testmod-SaigiyounoYou","WingedGreaves"],"acts_visited":["Exordium","TheCity"],"potions_floor_usage":[3,16,21,23,23,23],"damage_taken":[{"damage":6,"enemies":"2 Louse","floor":1,"turns":3},{"damage":0,"enemies":"Jaw Worm","floor":3,"turns":1},{"damage":23,"enemies":"Lagavulin","floor":6,"turns":4},{"damage":8,"enemies":"Gremlin Nob","floor":8,"turns":3},{"damage":16,"enemies":"Lagavulin","floor":12,"turns":4},{"damage":21,"enemies":"The Guardian","floor":16,"turns":5},{"damage":8,"enemies":"3 Byrds","floor":18,"turns":4},{"damage":0,"enemies":"Chosen","floor":21,"turns":1},{"damage":10,"enemies":"Slavers","floor":23,"turns":4}],"seed_played":"-7179445092852060589","potions_obtained":[{"floor":1,"key":"Explosive Potion"},{"floor":12,"key":"Weak Potion"},{"floor":18,"key":"BottledMiracle"},{"floor":20,"key":"Ancient Potion"},{"floor":20,"key":"Explosive Potion"},{"floor":20,"key":"testmod-EscapePotion"},{"floor":22,"key":"Dexterity Potion"}],"is_trial":false,"path_per_floor":["M","?","M","?","?","E","R","E","T","R","T","E","R","?","R","B",null,"M","?","?","M","?","E"],"character_chosen":"WATCHER","items_purchased":["Bronze Scales","HandOfGreed","FlyingSleeves","MarkedMod:GracefulMovements","LessonLearned","testmod-MagicalMallet","Molten Egg 2","TalkToTheHand+1","vexMod:TimeEaterHat","MarkedMod:Acupuncture+1"],"campfire_rested":0,"item_purchase_floors":[7,7,7,7,7,7,10,10,10,10],"current_hp_per_floor":[86,96,106,114,124,111,121,123,133,143,153,147,157,167,177,166,244,251,261,271,284,294,292,292],"gold":377,"neow_bonus":"HUNDRED_GOLD","is_daily":false,"chose_seed":false,"campfire_upgraded":2,"win_rate":0.0,"timestamp":1611319915,"path_taken":["M","?","M","?","?","E","R","E","T","R","?","E","R","?","R","BOSS","M","?","?","?","?","E"],"items_purchased_type":["Relic","Card","Card","Card","Card","Relic","Relic","Card","Relic","Card"],"build_version":"2020-12-22","purchased_purges":0,"victory":false,"max_hp_per_floor":[92,102,112,114,124,134,144,154,164,174,184,194,204,214,224,234,244,254,264,274,284,294,294,294],"card_choices":[{"not_picked":["Halt","BowlingBash"],"picked":"FollowUp","floor":1},{"not_picked":["Protect","Swivel"],"picked":"TalkToTheHand","floor":3},{"not_picked":["EmptyFist","FearNoEvil"],"picked":"DeceiveReality","floor":6},{"not_picked":["CutThroughFate","Halt"],"picked":"CrushJoints","floor":8},{"not_picked":["ThirdEye","Evaluate"],"picked":"SashWhip+1","floor":12},{"not_picked":["Establishment","MarkedMod:SlowDance"],"picked":"Judgement","floor":16},{"not_picked":["JustLucky+1","Protect+1"],"picked":"FlyingSleeves+1","floor":18},{"not_picked":["ThirdEye","InnerPeace+1"],"picked":"Consecrate+1","floor":21},{"not_picked":["BowlingBash+1","Meditate","ClearTheMind+1"],"picked":"SKIP","floor":23}],"player_experience":501098,"relics_obtained":[{"floor":1,"key":"AddBug"},{"floor":6,"key":"Gremlin Horn"},{"floor":8,"key":"vexMod:FocusSash"},{"floor":11,"key":"Potion Belt"},{"floor":12,"key":"Omamori"},{"floor":23,"key":"WingedGreaves"}],"event_choices":[{"damage_healed":0,"gold_gain":999,"player_choice":"Sell","damage_taken":0,"max_hp_gain":0,"max_hp_loss":0,"event_name":"恩洛斯的盘子","floor":2,"relics_lost":["AddBug"],"gold_loss":0},{"damage_healed":0,"gold_gain":0,"player_choice":"Lose Max HP","damage_taken":0,"relics_obtained":["Golden Idol"],"max_hp_gain":0,"max_hp_loss":8,"event_name":"Golden Idol","floor":4,"gold_loss":0},{"damage_healed":0,"gold_gain":0,"player_choice":"Grow","damage_taken":0,"max_hp_gain":0,"max_hp_loss":0,"event_name":"Living Wall","floor":5,"gold_loss":0,"cards_upgraded":["testmod-FightingIntention"]},{"damage_healed":0,"gold_gain":0,"player_choice":"2 cards matched","damage_taken":0,"max_hp_gain":0,"max_hp_loss":0,"event_name":"Match and Keep!","floor":14,"gold_loss":0,"cards_obtained":["Eruption","Halt"]},{"damage_healed":0,"gold_gain":0,"player_choice":"Obtain J.A.X.","damage_taken":0,"max_hp_gain":0,"max_hp_loss":0,"event_name":"Drug Dealer","floor":19,"gold_loss":0,"cards_obtained":["J.A.X."]},{"damage_healed":0,"gold_gain":0,"player_choice":"Bought 3 Potions","damage_taken":0,"max_hp_gain":0,"max_hp_loss":0,"event_name":"The Woman in Blue","floor":20,"gold_loss":0}],"is_beta":false,"boss_relics":[{"not_picked":["testmod-Temperance","testmod-Recursion"],"picked":"testmod-SaigiyounoYou"}],"items_purged_floors":[],"is_endless":false,"potions_floor_spawned":[1,12,18],"killed_by":"Slavers","ascension_level":1}}