{"host":"Baz","time":1611289027,"event":{"mods":["BaseMod","Colored Map","Filter the Spire","Googly Eyes","Highlight Path","Minty Spire (QoL Compilation)","Quick Restart","Rare Cards Sparkle","Relic Stats","StSLib","The Hierophant"],"gold_per_floor":[111,91,108,127,146,146,180,180,180,180,209,220,220,253,253,327,327,343,357,357,307,322,322,352,352,375,395,127,143,143,170,170,247,247,261,261,271,5,5,5,33,33,82,7,32,44,75,91,91,91,91,91,2,30,30],"floor_reached":56,"language":"ENG","playtime":4064,"items_purged":["Eviscerate"],"score":2430,"play_id":"e12aa8d6-a617-4aec-8a59-81de031945dd","local_time":"20210121221707","is_ascension_mode":true,"campfire_choices":[{"data":"Blade Dance","floor":6,"key":"SMITH"},{"data":"Tools of the Trade","floor":8,"key":"SMITH"},{"data":"Neutralize","floor":10,"key":"SMITH"},{"floor":13,"key":"REST"},{"data":"Catalyst","floor":15,"key":"SMITH"},{"floor":23,"key":"REST"},{"data":"Wraith Form v2","floor":25,"key":"SMITH"},{"data":"Catalyst","floor":30,"key":"SMITH"},{"data":"Footwork","floor":32,"key":"SMITH"},{"data":"After Image","floor":40,"key":"SMITH"},{"data":"Blade Dance","floor":42,"key":"SMITH"},{"floor":49,"key":"RECALL"},{"data":"Leg Sweep","floor":52,"key":"SMITH"}],"circlet_count":0,"master_deck":["AscendersBane","Survivor","Neutralize+1","Blade Dance+1","Catalyst+1","Dagger Throw","Tools of the Trade+1","Corpse Explosion","Backstab","Wraith Form v2+1","Flying Knee","Footwork+1","Footwork","After Image+1","Setup","Leg Sweep+1","Phantasmal Killer","Catalyst+1","Blur","RitualDagger","Flechettes+1","Dash+1","Storm of Steel","Backflip","Blade Dance+1","Accuracy+1","PiercingWail+1","Crippling Poison","Noxious Fumes+1"],"relics":["Ring of the Snake","NeowsBlessing","Shuriken","Dead Branch","Ginger","Lizard Tail","Pandora\u0027s Box","PreservedInsect","Strawberry","Eternal Feather","Lantern","Runic Dome","Kunai","Frozen Egg 2","White Beast Statue","The Specimen","Ice Cream","Oddly Smooth Stone"],"acts_visited":["Exordium","TheCity","TheBeyond","TheEnding"],"potions_floor_usage":[7,11,14,22,24,33,54,55,55],"damage_taken":[{"damage":0,"enemies":"Small Slimes","floor":1,"turns":1},{"damage":0,"enemies":"Cultist","floor":3,"turns":1},{"damage":0,"enemies":"Jaw Worm","floor":4,"turns":1},{"damage":8,"enemies":"2 Fungi Beasts","floor":5,"turns":5},{"damage":15,"enemies":"Lagavulin","floor":7,"turns":7},{"damage":4,"enemies":"3 Sentries","floor":11,"turns":7},{"damage":16,"enemies":"Exordium Thugs","floor":12,"turns":3},{"damage":5,"enemies":"Gremlin Nob","floor":14,"turns":3},{"damage":11,"enemies":"The Guardian","floor":16,"turns":8},{"damage":19,"enemies":"2 Thieves","floor":18,"turns":5},{"damage":9,"enemies":"Spheric Guardian","floor":19,"turns":4},{"damage":27,"enemies":"Snecko","floor":22,"turns":5},{"damage":0,"enemies":"Slavers","floor":24,"turns":1},{"damage":4,"enemies":"3 Cultists","floor":27,"turns":4},{"damage":3,"enemies":"Cultist and Chosen","floor":29,"turns":6},{"damage":0,"enemies":"Gremlin Leader","floor":31,"turns":8},{"damage":15,"enemies":"Champ","floor":33,"turns":7},{"damage":0,"enemies":"3 Shapes","floor":35,"turns":7},{"damage":1,"enemies":"Orb Walker","floor":37,"turns":3},{"damage":0,"enemies":"Reptomancer","floor":41,"turns":2},{"damage":0,"enemies":"Nemesis","floor":45,"turns":3},{"damage":0,"enemies":"Transient","floor":46,"turns":6},{"damage":0,"enemies":"Reptomancer","floor":47,"turns":6},{"damage":3,"enemies":"Maw","floor":48,"turns":7},{"damage":20,"enemies":"Awakened One","floor":50,"turns":10},{"damage":25,"enemies":"Shield and Spear","floor":54,"turns":5},{"damage":104,"enemies":"The Heart","floor":55,"turns":12}],"seed_played":"1557487135432889912","potions_obtained":[{"floor":1,"key":"CultistPotion"},{"floor":2,"key":"Ancient Potion"},{"floor":5,"key":"DuplicationPotion"},{"floor":7,"key":"EssenceOfSteel"},{"floor":16,"key":"Regen Potion"},{"floor":22,"key":"CunningPotion"},{"floor":24,"key":"SkillPotion"},{"floor":27,"key":"EssenceOfSteel"},{"floor":41,"key":"EssenceOfSteel"},{"floor":48,"key":"SteroidPotion"},{"floor":54,"key":"Block Potion"}],"is_trial":false,"path_per_floor":["M","?","M","M","M","R","E","R","T","R","E","M","R","E","R","B",null,"M","M","?","?","M","R","E","R","T","M","$","M","R","E","R","B",null,"M","?","M","$","T","R","E","R","T","$","E","M","E","M","R","B",null,"R","$","E","B",null],"character_chosen":"THE_SILENT","items_purchased":["Eternal Feather","Kunai","Noxious Fumes+1"],"campfire_rested":2,"item_purchase_floors":[28,38,53],"current_hp_per_floor":[59,59,59,59,51,51,36,36,36,36,32,16,35,30,30,19,54,35,26,20,20,7,26,26,26,33,29,29,26,38,38,50,35,64,64,83,82,82,82,83,83,83,83,83,83,83,83,80,83,63,78,83,83,58,17],"gold":30,"neow_bonus":"THREE_ENEMY_KILL","is_daily":false,"chose_seed":false,"campfire_upgraded":10,"win_rate":0.0,"timestamp":1611289027,"path_taken":["M","?","?","M","M","R","E","R","T","R","E","M","R","E","R","BOSS","M","M","?","?","M","R","E","R","T","M","$","M","R","E","R","BOSS","M","?","?","$","?","R","E","R","T","?","E","?","E","M","R","BOSS","R","$","E","BOSS"],"items_purchased_type":["Relic","Relic","Card"],"build_version":"2020-12-18","purchased_purges":1,"victory":true,"max_hp_per_floor":[66,66,66,66,66,66,66,66,66,66,66,66,66,66,66,66,66,66,66,66,66,66,66,66,66,73,73,73,73,73,73,73,73,73,73,83,83,83,83,83,83,83,83,83,83,83,83,83,83,83,83,83,83,83,83],"relic_stats":{"Lizard Tail":41,"counters":[27,137],"Shuriken":[99],"Dead Branch":[309],"Pandora\u0027s Box":["Flying Knee","Footwork","Footwork","After Image","Eviscerate","Setup","Glass Knife","Leg Sweep","Phantasmal Killer","Catalyst"],"Eternal Feather":33,"PreservedInsect":300,"Ginger":[13],"Kunai":[52],"obtain_stats":[{"Ice Cream":47,"Lantern":31,"NeowsBlessing":0,"The Specimen":45,"Dead Branch":9,"Oddly Smooth Stone":54,"Eternal Feather":28,"PreservedInsect":24,"Ginger":11,"Frozen Egg 2":39,"White Beast Statue":41,"Runic Dome":34,"Lizard Tail":14,"Shuriken":7,"Strawberry":26,"Pandora\u0027s Box":17,"Kunai":38,"Ring of the Snake":0},{"Ice Cream":23,"Lantern":16,"NeowsBlessing":0,"The Specimen":21,"Dead Branch":5,"Oddly Smooth Stone":26,"Eternal Feather":14,"PreservedInsect":13,"Ginger":6,"Frozen Egg 2":19,"White Beast Statue":20,"Runic Dome":17,"Lizard Tail":8,"Shuriken":5,"Strawberry":13,"Pandora\u0027s Box":9,"Kunai":19,"Ring of the Snake":0},{"Ice Cream":103,"Lantern":69,"NeowsBlessing":0,"The Specimen":91,"Dead Branch":15,"Oddly Smooth Stone":125,"Eternal Feather":55,"PreservedInsect":51,"Ginger":22,"Frozen Egg 2":86,"White Beast Statue":88,"Runic Dome":76,"Lizard Tail":28,"Shuriken":15,"Strawberry":51,"Pandora\u0027s Box":36,"Kunai":86,"Ring of the Snake":0}],"Ring of the Snake":[54]},"card_choices":[{"not_picked":["Expertise","Distraction"],"picked":"Blade Dance","floor":1},{"not_picked":["Tactician","Dodge and Roll","Setup"],"picked":"SKIP","floor":3},{"not_picked":["PiercingWail","Quick Slash"],"picked":"Catalyst","floor":4},{"not_picked":["PiercingWail","Endless Agony"],"picked":"Dagger Throw","floor":5},{"not_picked":["Dagger Throw","Escape Plan"],"picked":"Tools of the Trade","floor":7},{"not_picked":["Predator","PiercingWail"],"picked":"Corpse Explosion","floor":11},{"not_picked":["Tactician","Concentrate"],"picked":"Backstab","floor":12},{"not_picked":["Quick Slash","Poisoned Stab","Eviscerate"],"picked":"SKIP","floor":14},{"not_picked":["Die Die Die","Phantasmal Killer"],"picked":"Wraith Form v2","floor":16},{"not_picked":["Backflip","Poisoned Stab"],"picked":"Blur","floor":18},{"not_picked":["Infinite Blades","Dagger Throw","Slice"],"picked":"SKIP","floor":19},{"not_picked":["Flying Knee","Backflip","Slice"],"picked":"SKIP","floor":22},{"not_picked":["Eviscerate","Dagger Throw","Corpse Explosion"],"picked":"SKIP","floor":24},{"not_picked":["Eviscerate","Dagger Throw","Corpse Explosion"],"picked":"SKIP","floor":24},{"not_picked":["Calculated Gamble","Prepared"],"picked":"Flechettes+1","floor":27},{"not_picked":["Outmaneuver","Escape Plan"],"picked":"Dash+1","floor":29},{"not_picked":["Expertise","Predator","Poisoned Stab"],"picked":"SKIP","floor":31},{"not_picked":["A Thousand Cuts","Corpse Explosion"],"picked":"Storm of Steel","floor":33},{"not_picked":["Skewer","Dagger Throw+1"],"picked":"Backflip","floor":35},{"not_picked":["Bane","Sucker Punch"],"picked":"Blade Dance","floor":37},{"not_picked":["Eviscerate+1","Bane"],"picked":"Accuracy+1","floor":41},{"not_picked":["Deadly Poison","Venomology","Infinite Blades+1"],"picked":"SKIP","floor":45},{"not_picked":["Poisoned Stab+1","Slice+1"],"picked":"PiercingWail+1","floor":46},{"not_picked":["Flying Knee+1","Flechettes","Glass Knife"],"picked":"SKIP","floor":47},{"not_picked":["Deflect+1","Flying Knee+1"],"picked":"Crippling Poison","floor":48},{"not_picked":["Backflip","Quick Slash","Deflect"],"picked":"SKIP","floor":54}],"player_experience":1287116,"relics_obtained":[{"floor":7,"key":"Shuriken"},{"floor":9,"key":"Dead Branch"},{"floor":11,"key":"Ginger"},{"floor":14,"key":"Lizard Tail"},{"floor":24,"key":"PreservedInsect"},{"floor":26,"key":"Strawberry"},{"floor":31,"key":"Lantern"},{"floor":39,"key":"Frozen Egg 2"},{"floor":41,"key":"White Beast Statue"},{"floor":45,"key":"The Specimen"},{"floor":47,"key":"Ice Cream"},{"floor":54,"key":"Oddly Smooth Stone"}],"event_choices":[{"damage_healed":0,"gold_gain":0,"player_choice":"Bought 1 Potion","damage_taken":0,"max_hp_gain":0,"max_hp_loss":0,"event_name":"The Woman in Blue","floor":2,"gold_loss":0},{"damage_healed":0,"gold_gain":0,"player_choice":"Joined the Cult","damage_taken":6,"max_hp_gain":0,"max_hp_loss":0,"event_name":"Nest","floor":20,"gold_loss":0,"cards_obtained":["RitualDagger"]},{"damage_healed":0,"gold_gain":0,"player_choice":"Bet on Owner","damage_taken":0,"max_hp_gain":0,"max_hp_loss":0,"event_name":"The Joust","floor":21,"gold_loss":50},{"cards_removed":["Glass Knife"],"damage_healed":9,"gold_gain":0,"player_choice":"Offered Rare","damage_taken":0,"max_hp_gain":10,"max_hp_loss":0,"event_name":"Bonfire Elementals","floor":36,"gold_loss":0}],"is_beta":true,"boss_relics":[{"not_picked":["Ectoplasm","Busted Crown"],"picked":"Pandora\u0027s Box"},{"not_picked":["Black Star","Snecko Eye"],"picked":"Runic Dome"}],"items_purged_floors":[44],"is_endless":false,"potions_floor_spawned":[1,5,7,16,22,24,27,41,45,46,47,48,54],"ascension_level":19}}