{"host":"j4g6ia6asvpyu2b0","time":1611314133,"event":{"mods":["BaseMod","Colored Map","Minty Spire (QoL Compilation)","Permanent Neow","Quick Restart","Relic Stats","StSLib","Unceasing Turn Reminder"],"gold_per_floor":[211,224,399,419,437,437,469,469,496,496,496,531,542,572,572,644,644,654,24,39,58,58,90,104,104,150,180,180,208,208,225,225,225,225],"floor_reached":33,"language":"ENG","playtime":1271,"items_purged":[],"score":628,"play_id":"097af82f-9e3b-46e3-a732-cf39e8775bdd","local_time":"20210122041533","is_ascension_mode":true,"campfire_choices":[{"data":"Phantasmal Killer","floor":6.0,"key":"SMITH"},{"data":"Riddle With Holes","floor":11.0,"key":"SMITH"},{"data":"Crippling Poison","floor":15.0,"key":"SMITH"},{"floor":25,"key":"REST"},{"floor":28,"key":"REST"},{"data":"Adrenaline","floor":32,"key":"SMITH"}],"circlet_count":0,"master_deck":["AscendersBane","Survivor","Neutralize","Infinite Blades","Phantasmal Killer+1","Riddle With Holes+1","Dagger Throw","Crippling Poison+1","Poisoned Stab","Quick Slash","Footwork","Corpse Explosion","Adrenaline+1","Dash","Skewer","Predator","Blade Dance","Night Terror","Noxious Fumes","Bouncing Flask","Predator","Skewer","Footwork+1","Sadistic Nature","Footwork","Deflect+1","Enlightenment+1","PiercingWail+1","Cloak And Dagger+1","Outmaneuver+1","Footwork","Corpse Explosion+1","Poisoned Stab","Ghostly+1","Ghostly+1","Ghostly+1","Ghostly+1","Ghostly+1","Crippling Poison+1"],"relics":["Ring of the Snake","Smiling Mask","Anchor","Du-Vu Doll","Snake Skull","Orichalcum","Pandora\u0027s Box","Toxic Egg 2","Shovel","CaptainsWheel","Gremlin Horn"],"acts_visited":["Exordium","TheCity"],"potions_floor_usage":[23,27,33],"damage_taken":[{"damage":1.0,"enemies":"Jaw Worm","floor":1.0,"turns":5.0},{"damage":0.0,"enemies":"2 Louse","floor":2.0,"turns":3.0},{"damage":1.0,"enemies":"Cultist","floor":4.0,"turns":4.0},{"damage":10.0,"enemies":"Red Slaver","floor":5.0,"turns":4.0},{"damage":7.0,"enemies":"3 Sentries","floor":7.0,"turns":5.0},{"damage":6.0,"enemies":"Gremlin Nob","floor":12.0,"turns":3.0},{"damage":0.0,"enemies":"Large Slime","floor":13.0,"turns":3.0},{"damage":7.0,"enemies":"3 Sentries","floor":14.0,"turns":6.0},{"damage":17.0,"enemies":"The Guardian","floor":16.0,"turns":12.0},{"damage":19.0,"enemies":"2 Thieves","floor":18.0,"turns":3.0},{"damage":0.0,"enemies":"3 Byrds","floor":20.0,"turns":2.0},{"damage":11.0,"enemies":"Snake Plant","floor":21.0,"turns":4.0},{"damage":7,"enemies":"Slavers","floor":23,"turns":2},{"damage":0,"enemies":"Centurion and Healer","floor":24,"turns":2},{"damage":22,"enemies":"Gremlin Leader","floor":27,"turns":5},{"damage":14,"enemies":"Slavers","floor":29,"turns":3},{"damage":5,"enemies":"Snecko","floor":31,"turns":5},{"damage":7,"enemies":"Collector","floor":33,"turns":2}],"seed_played":"-6041218499391230143","potions_obtained":[{"floor":4.0,"key":"Fire Potion"},{"floor":5.0,"key":"Fire Potion"},{"floor":12.0,"key":"Ancient Potion"},{"floor":14.0,"key":"PowerPotion"},{"floor":24,"key":"LiquidMemories"},{"floor":31,"key":"Explosive Potion"}],"is_trial":false,"path_per_floor":["M","M","?","M","M","R","E","?","T","T","R","E","M","E","R","B",null,"M","$","M","M","?","E","M","R","T","E","R","E","?","M","R","B"],"character_chosen":"THE_SILENT","items_purchased":["Sadistic Nature","Toxic Egg 2","Footwork","Deflect+1","Enlightenment+1"],"campfire_rested":2,"item_purchase_floors":[19,19,19,19,19],"current_hp_per_floor":[58,58,58,57,47,47,40,40,40,40,40,34,34,27,27,10,52,33,33,33,22,10,3,3,24,24,2,23,9,9,4,4,0,0],"gold":225,"neow_bonus":"HUNDRED_GOLD","is_daily":false,"chose_seed":false,"campfire_upgraded":4,"win_rate":0.0,"timestamp":1611314133,"path_taken":["M","M","?","M","M","R","E","?","T","?","R","E","?","E","R","BOSS","M","?","M","M","?","E","M","R","T","E","R","E","?","M","R","BOSS"],"items_purchased_type":["Card","Relic","Card","Card","Card"],"build_version":"2020-12-22","purchased_purges":0,"victory":false,"max_hp_per_floor":[66,66,66,66,66,66,66,66,66,66,66,66,66,66,66,66,66,66,66,66,66,71,71,71,71,71,71,71,71,35,35,35,35,35],"relic_stats":{"Shovel":0,"Gremlin Horn":[2,2],"counters":[18,73],"Pandora\u0027s Box":["Adrenaline","Dash","Skewer","Predator","Blade Dance","Night Terror","Noxious Fumes","Bouncing Flask","Predator","Skewer"],"Snake Skull":[27],"Orichalcum":[42],"Smiling Mask":0,"obtain_stats":[{"Du-Vu Doll":10,"Anchor":9,"CaptainsWheel":27,"Shovel":23,"Gremlin Horn":29,"Pandora\u0027s Box":17,"Snake Skull":12,"Orichalcum":14,"Toxic Egg 2":19,"Smiling Mask":7,"Ring of the Snake":0},{"Du-Vu Doll":5,"Anchor":5,"CaptainsWheel":15,"Shovel":13,"Gremlin Horn":16,"Pandora\u0027s Box":9,"Snake Skull":6,"Orichalcum":8,"Toxic Egg 2":10,"Smiling Mask":5,"Ring of the Snake":0},{"Du-Vu Doll":21,"Anchor":21,"CaptainsWheel":63,"Shovel":56,"Gremlin Horn":66,"Pandora\u0027s Box":45,"Snake Skull":24,"Orichalcum":33,"Toxic Egg 2":48,"Smiling Mask":21,"Ring of the Snake":0}],"Ring of the Snake":[36]},"card_choices":[{"not_picked":["Outmaneuver","Dagger Spray"],"picked":"Infinite Blades","floor":1.0},{"not_picked":["Acrobatics","Choke"],"picked":"Phantasmal Killer","floor":2.0},{"not_picked":["Tactician","PiercingWail"],"picked":"Riddle With Holes","floor":4.0},{"not_picked":["Cloak And Dagger","Masterful Stab"],"picked":"Dagger Throw","floor":5.0},{"not_picked":["Cloak And Dagger","Backstab"],"picked":"Crippling Poison","floor":7.0},{"not_picked":["Prepared","Sucker Punch"],"picked":"Poisoned Stab","floor":12.0},{"not_picked":["All Out Attack","Distraction"],"picked":"Quick Slash","floor":13.0},{"not_picked":["Deadly Poison","Sucker Punch"],"picked":"Footwork","floor":14.0},{"not_picked":["Night Terror","After Image"],"picked":"Corpse Explosion","floor":16.0},{"not_picked":["Deflect","PiercingWail"],"picked":"Footwork+1","floor":18.0},{"not_picked":["Dagger Throw","Masterful Stab"],"picked":"PiercingWail+1","floor":20.0},{"not_picked":["Bane+1","Outmaneuver+1"],"picked":"Cloak And Dagger+1","floor":21.0},{"not_picked":["Sucker Punch","Choke"],"picked":"Outmaneuver+1","floor":23},{"not_picked":["Prepared+1","All Out Attack"],"picked":"Footwork","floor":24},{"not_picked":["Reflex+1","Prepared+1"],"picked":"Corpse Explosion+1","floor":27},{"not_picked":["Endless Agony","Underhanded Strike"],"picked":"Poisoned Stab","floor":29},{"not_picked":["Backstab","PiercingWail+1"],"picked":"Crippling Poison+1","floor":31}],"player_experience":925303,"relics_obtained":[{"floor":7.0,"key":"Smiling Mask"},{"floor":9.0,"key":"Anchor"},{"floor":10.0,"key":"Du-Vu Doll"},{"floor":12.0,"key":"Snake Skull"},{"floor":14.0,"key":"Orichalcum"},{"floor":23,"key":"Shovel"},{"floor":27,"key":"CaptainsWheel"},{"floor":29,"key":"Gremlin Horn"}],"event_choices":[{"damage_healed":0.0,"max_hp_gain":0.0,"max_hp_loss":0.0,"gold_gain":175.0,"event_name":"Liars Game","player_choice":"AGREE","floor":3.0,"gold_loss":0.0,"damage_taken":0.0,"cards_obtained":["Doubt"]},{"cards_removed":["Doubt"],"damage_healed":0.0,"max_hp_gain":0.0,"max_hp_loss":0.0,"gold_gain":0.0,"event_name":"Living Wall","player_choice":"Forget","floor":8.0,"gold_loss":0.0,"damage_taken":0.0},{"damage_healed":0.0,"max_hp_gain":5.0,"max_hp_loss":0.0,"gold_gain":0.0,"event_name":"Forgotten Altar","player_choice":"Shed Blood","floor":22.0,"gold_loss":0.0,"damage_taken":17.0},{"damage_healed":0,"gold_gain":0,"player_choice":"Became a Ghost","damage_taken":0,"max_hp_gain":0,"max_hp_loss":36,"event_name":"Ghosts","floor":30,"gold_loss":0,"cards_obtained":["Ghostly","Ghostly","Ghostly","Ghostly","Ghostly"]}],"is_beta":false,"boss_relics":[{"not_picked":["Velvet Choker","Fusion Hammer"],"picked":"Pandora\u0027s Box"}],"items_purged_floors":[],"is_endless":false,"potions_floor_spawned":[4,5,12,14,16,18,20,24,31],"killed_by":"Collector","ascension_level":14}}