{"host":"foq4mrde4mssg7vt","time":1611295145,"event":{"mods":["AchievementEnabler","BaseMod","Colored Map","Colored Powertips","Highlight Path","Minty Spire (QoL Compilation)","Relic Stats","everything is the same but u backflip on backflip"],"gold_per_floor":[118,137,151,151,162,162,192,211,211,226,60,60,60,60,60,153,153,167,180,180,180],"floor_reached":20,"language":"ENG","playtime":550,"items_purged":[],"score":352,"play_id":"7cc2fbdb-4fc0-46c1-ae49-a72f4232c588","local_time":"20210122135905","is_ascension_mode":true,"campfire_choices":[{"floor":6.0,"key":"REST"},{"floor":12,"key":"REST"},{"data":"Loop","floor":15,"key":"SMITH"}],"circlet_count":0,"master_deck":["AscendersBane","Strike_B","Strike_B","Strike_B","Strike_B","Defend_B","Defend_B","Defend_B","Defend_B","Zap","Dualcast","Biased Cognition+1","Go for the Eyes","Loop+1","Ball Lightning","Gash","Sweeping Beam","Cold Snap","Fission","Leap"],"relics":["Cracked Core","Gremlin Horn","OrangePellets","Golden Idol","Busted Crown"],"acts_visited":["Exordium","TheCity"],"potions_floor_usage":[],"damage_taken":[{"damage":7.0,"enemies":"Jaw Worm","floor":1.0,"turns":2.0},{"damage":10.0,"enemies":"Small Slimes","floor":2.0,"turns":4.0},{"damage":3.0,"enemies":"2 Louse","floor":3.0,"turns":3.0},{"damage":21.0,"enemies":"Exordium Thugs","floor":5.0,"turns":4.0},{"damage":20.0,"enemies":"Lagavulin","floor":7.0,"turns":4.0},{"damage":8.0,"enemies":"Blue Slaver","floor":8.0,"turns":3.0},{"damage":0,"enemies":"3 Louse","floor":10,"turns":2},{"damage":17,"enemies":"The Guardian","floor":16,"turns":8},{"damage":28,"enemies":"Shell Parasite","floor":18,"turns":5},{"damage":12,"enemies":"Chosen","floor":19,"turns":4},{"damage":9,"enemies":"Centurion and Healer","floor":20,"turns":3}],"seed_played":"-8357925013695092053","potions_obtained":[{"floor":2.0,"key":"PotionOfCapacity"},{"floor":5.0,"key":"Fire Potion"}],"is_trial":false,"path_per_floor":["M","M","M","?","M","R","E","M","T","M","$","R","?","?","R","B",null,"M","M","M"],"character_chosen":"DEFECT","items_purchased":["OrangePellets"],"campfire_rested":2,"item_purchase_floors":[11],"current_hp_per_floor":[57,47,44,44,23,42,22,14,14,14,14,33,33,33,33,16,48,20,8,0,0],"gold":180,"neow_bonus":"THREE_RARE_CARDS","is_daily":false,"chose_seed":false,"campfire_upgraded":1,"win_rate":0.0,"timestamp":1611295145,"path_taken":["M","M","M","?","M","R","E","M","T","M","$","R","?","?","R","BOSS","M","M","M"],"items_purchased_type":["Relic"],"build_version":"2020-12-22","purchased_purges":0,"victory":false,"max_hp_per_floor":[64,64,64,64,64,64,64,64,64,64,64,64,58,58,58,58,58,58,58,58,58],"relic_stats":{"OrangePellets":[7],"Busted Crown":4,"Gremlin Horn":[2,2],"counters":[11,41],"Golden Idol":25,"obtain_stats":[{"OrangePellets":11,"Busted Crown":17,"Gremlin Horn":9,"Golden Idol":13,"Cracked Core":0},{"OrangePellets":7,"Busted Crown":8,"Gremlin Horn":6,"Golden Idol":7,"Cracked Core":0},{"OrangePellets":22,"Busted Crown":30,"Gremlin Horn":20,"Golden Idol":22,"Cracked Core":0}]},"card_choices":[{"not_picked":["Machine Learning","Multi-Cast"],"picked":"Biased Cognition","floor":0.0},{"not_picked":["Leap","Blizzard"],"picked":"Go for the Eyes","floor":1.0},{"not_picked":["Go for the Eyes","Stack"],"picked":"Loop","floor":2.0},{"not_picked":["Recycle","Hello World"],"picked":"Ball Lightning","floor":3.0},{"not_picked":["Steam Power","White Noise","Redo"],"picked":"SKIP","floor":5.0},{"not_picked":["Reprogram","Loop"],"picked":"Gash","floor":7.0},{"not_picked":["Conserve Battery","Chaos"],"picked":"Sweeping Beam","floor":8.0},{"not_picked":["Barrage","Coolheaded"],"picked":"Cold Snap","floor":10},{"not_picked":["Machine Learning","Thunder Strike"],"picked":"Fission","floor":16},{"not_picked":[],"picked":"Leap","floor":18},{"not_picked":["Ball Lightning"],"picked":"SKIP","floor":19}],"player_experience":535458,"relics_obtained":[{"floor":9.0,"key":"Gremlin Horn"}],"event_choices":[{"damage_healed":0.0,"max_hp_gain":0.0,"max_hp_loss":0.0,"gold_gain":0.0,"event_name":"Living Wall","player_choice":"Grow","floor":4.0,"gold_loss":0.0,"damage_taken":0.0,"cards_upgraded":["Biased Cognition"]},{"damage_healed":0,"gold_gain":0,"player_choice":"Lose Max HP","damage_taken":0,"relics_obtained":["Golden Idol"],"max_hp_gain":0,"max_hp_loss":6,"event_name":"Golden Idol","floor":13,"gold_loss":0},{"damage_healed":0,"gold_gain":0,"player_choice":"Ignored","damage_taken":0,"max_hp_gain":0,"max_hp_loss":0,"event_name":"Shining Light","floor":14,"gold_loss":0}],"is_beta":false,"boss_relics":[{"not_picked":["SacredBark","Ectoplasm"],"picked":"Busted Crown"}],"items_purged_floors":[],"is_endless":false,"potions_floor_spawned":[2,5,7,8],"killed_by":"Centurion and Healer","ascension_level":20}}