{"host":"otf1z5955ddlv5pq","time":1611287131,"event":{"mods":["BaseMod","Better Altar","Better Match","Better Note","Better Sensory Stone","Better Skull","Better Third Choice","Colored Map","Colored Powertips","Downfall","Minty Spire (QoL Compilation)","Rare Cards Sparkle","StSLib","Synergy Search"],"gold_per_floor":[110,124,23,23,38,70,90,90,115,115,134,34,49,49,49,149,199,218,238,238,87,133,165,194,241,253,265,377,399,437,449,461,473,473],"floor_reached":33,"language":"ENG","playtime":3011,"items_purged":["Strike_G","Defend_G"],"score":320,"play_id":"3f893b97-2894-40a9-ba5c-250ee6dd44f6","local_time":"20210121194531","is_ascension_mode":true,"campfire_choices":[{"floor":10,"key":"REST"},{"data":"Cloak And Dagger","floor":15,"key":"SMITH"},{"floor":27,"key":"REST"},{"floor":32,"key":"REST"}],"circlet_count":0,"master_deck":["Defend_G+1","Defend_G+1","Defend_G+1","Defend_G+1","Survivor","Neutralize","Cloak And Dagger+1","Cloak And Dagger","Blur+1","Envenom","All Out Attack","Slimebound:Tackle+1","Slimebound:Tackle+1","Slimebound:Tackle+1","Accuracy","Leg Sweep","Caltrops","Blade Dance"],"relics":["Ring of the Snake","Pen Nib","Anchor","Tiny Chest","Tiny House","PreservedInsect","Bronze Scales","MawBank","Snake Skull","Blue Candle","FossilizedHelix","White Beast Statue","Prayer Wheel"],"acts_visited":["Exordium","TheCity"],"potions_floor_usage":[16,16,16,19,19,23,29,33,33],"damage_taken":[{"damage":6,"enemies":"Cultist","floor":1,"turns":3},{"damage":0,"enemies":"2 Louse","floor":2,"turns":3},{"damage":0,"enemies":"Jaw Worm","floor":5,"turns":6},{"damage":59,"enemies":"Gremlin Nob","floor":6,"turns":8},{"damage":0,"enemies":"Looter","floor":7,"turns":3},{"damage":0,"enemies":"Blue Slaver","floor":11,"turns":6},{"damage":0,"enemies":"3 Louse","floor":13,"turns":4},{"damage":80,"enemies":"Hexaghost","floor":16,"turns":18},{"damage":14,"enemies":"Chosen","floor":18,"turns":7},{"damage":0,"enemies":"2 Thieves","floor":19,"turns":5},{"damage":9,"enemies":"Book of Stabbing","floor":23,"turns":3},{"damage":12,"enemies":"Snake Plant","floor":24,"turns":4},{"damage":18,"enemies":"Slavers","floor":25,"turns":4},{"damage":4,"enemies":"Colosseum Slavers","floor":28,"turns":5},{"damage":21,"enemies":"Colosseum Nobs","floor":28,"turns":5},{"damage":0,"enemies":"Snecko","floor":29,"turns":5},{"damage":8,"enemies":"Gremlin Leader","floor":30,"turns":7},{"damage":52,"enemies":"Champ","floor":33,"turns":11}],"seed_played":"2066995895280063325","potions_obtained":[{"floor":5,"key":"hexamod:SoulburnPotion"},{"floor":7,"key":"Regen Potion"},{"floor":11,"key":"CunningPotion"},{"floor":16,"key":"Poison Potion"},{"floor":17,"key":"DistilledChaos"},{"floor":19,"key":"champ:CounterPotion"},{"floor":28,"key":"Energy Potion"},{"floor":29,"key":"Weak Potion"},{"floor":30,"key":"AttackPotion"}],"is_trial":false,"path_per_floor":["M","M","$","?","M","E","M","$","T","R","M","$","M","?","R","B",null,"M","M","?","$","T","E","M","E","T","R","?","M","E","?","R","B"],"character_chosen":"THE_SILENT","items_purchased":["Cloak And Dagger","PreservedInsect"],"campfire_rested":3,"item_purchase_floors":[3,21],"current_hp_per_floor":[64,64,64,64,64,5,5,5,5,26,26,26,26,70,70,5,75,61,61,61,61,61,52,40,22,22,44,19,19,11,11,33,0,0],"gold":473,"neow_bonus":"RANDOM_COMMON_RELIC","is_daily":false,"chose_seed":false,"campfire_upgraded":1,"win_rate":0.0,"timestamp":1611287131,"path_taken":["M","?","$","?","M","E","M","?","T","R","M","$","M","?","R","BOSS","M","?","?","$","?","E","M","E","T","R","?","M","E","?","R","BOSS"],"items_purchased_type":["Card","Relic"],"build_version":"2020-12-22","purchased_purges":2,"victory":false,"max_hp_per_floor":[70,70,70,70,70,70,70,70,70,70,70,70,70,70,70,70,75,75,75,75,75,75,75,75,75,75,75,75,75,75,75,75,75,75],"card_choices":[{"not_picked":["Slice","Deflect"],"picked":"Cloak And Dagger","floor":1},{"not_picked":["Prepared","Acrobatics","Catalyst"],"picked":"SKIP","floor":2},{"not_picked":["Underhanded Strike","Bane","Dagger Spray"],"picked":"SKIP","floor":5},{"not_picked":["Riddle With Holes","Unload","Catalyst"],"picked":"SKIP","floor":6},{"not_picked":["Cloak And Dagger","Tactician","Bane"],"picked":"SKIP","floor":7},{"not_picked":["Dagger Spray","PiercingWail","Acrobatics"],"picked":"SKIP","floor":11},{"not_picked":["PiercingWail","Heel Hook","Dodge and Roll"],"picked":"SKIP","floor":13},{"not_picked":["Bullet Time","A Thousand Cuts"],"picked":"Envenom","floor":16},{"not_picked":["Cloak And Dagger","Endless Agony","Bane+1"],"picked":"SKIP","floor":18},{"not_picked":["Outmaneuver","Quick Slash"],"picked":"All Out Attack","floor":19},{"not_picked":["Leg Sweep","Slice"],"picked":"Accuracy","floor":23},{"not_picked":["Acrobatics","PiercingWail","Predator"],"picked":"SKIP","floor":24},{"not_picked":["Backflip","Acrobatics+1"],"picked":"Leg Sweep","floor":25},{"not_picked":["Slice","All Out Attack"],"picked":"Caltrops","floor":28},{"not_picked":["Night Terror","Backflip","Deadly Poison"],"picked":"SKIP","floor":29},{"not_picked":["PiercingWail","Prepared+1"],"picked":"Blade Dance","floor":30}],"player_experience":1161416,"relics_obtained":[{"floor":6,"key":"Anchor"},{"floor":9,"key":"Tiny Chest"},{"floor":22,"key":"Bronze Scales"},{"floor":23,"key":"MawBank"},{"floor":25,"key":"Snake Skull"},{"floor":26,"key":"Blue Candle"},{"floor":28,"key":"FossilizedHelix"},{"floor":28,"key":"White Beast Statue"},{"floor":30,"key":"Prayer Wheel"}],"event_choices":[{"cards_removed":["Neutralize"],"damage_healed":0,"gold_gain":0,"player_choice":"Take \u0026 Give","damage_taken":0,"max_hp_gain":0,"max_hp_loss":0,"event_name":"betterNote:BetterNote","floor":4,"gold_loss":0,"cards_obtained":["Blur"]},{"damage_healed":44,"gold_gain":0,"player_choice":"Full Heal","damage_taken":0,"max_hp_gain":0,"max_hp_loss":0,"event_name":"Wheel of Change","floor":14,"gold_loss":0},{"damage_healed":0,"gold_gain":0,"player_choice":"Fight","damage_taken":0,"max_hp_gain":0,"max_hp_loss":0,"event_name":"Colosseum","floor":28,"gold_loss":0},{"damage_healed":0,"gold_gain":0,"player_choice":"Fought Nobs","damage_taken":0,"max_hp_gain":0,"max_hp_loss":0,"event_name":"Colosseum","floor":28,"gold_loss":0},{"damage_healed":0,"gold_gain":0,"player_choice":"Simplicity","damage_taken":0,"max_hp_gain":0,"max_hp_loss":4,"event_name":"betterThird:BetterWriting","floor":31,"gold_loss":0}],"is_beta":false,"boss_relics":[{"not_picked":["SacredBark","Black Star"],"picked":"Tiny House"}],"items_purged_floors":[3,12],"is_endless":false,"potions_floor_spawned":[5,7,11,16,19,28,28,29,30],"killed_by":"Champ","ascension_level":1}}