{"host":"v67gr4iepfhi0qby","time":1611288535,"event":{"mods":["BaseMod","Hermit","Minty Spire (QoL Compilation)","StSLib","The Hierophant"],"gold_per_floor":[111,111,129,129,37,37,51,51,51,98,106,106,104,104,104,195,195,246,82,82,82,82,82,79,79,79,144,174,174,192,204,204,299,299,321,140,171,171,203,203,11,36,36,336,388,663,174,172,172,134],"floor_reached":51,"language":"ENG","playtime":2723,"items_purged":["hierophant:Defend_Hierophant","Regret"],"score":732,"play_id":"c672be8e-4480-4fc1-9e66-0b2930947098","local_time":"20210121210855","is_ascension_mode":false,"campfire_choices":[{"data":"hierophant:Repentance","floor":6,"key":"SMITH"},{"data":"hierophant:Remorse","floor":12,"key":"SMITH"},{"data":"hierophant:HolyVerse","floor":15,"key":"SMITH"},{"data":"hierophant:DivineIntervention","floor":25,"key":"SMITH"},{"data":"hierophant:Community","floor":32,"key":"SMITH"},{"data":"hierophant:HolyVerse","floor":40,"key":"SMITH"},{"floor":49,"key":"REST"}],"circlet_count":0,"master_deck":["hierophant:Strike_Hierophant","hierophant:Strike_Hierophant","hierophant:Strike_Hierophant","hierophant:Strike_Hierophant","hierophant:Punish","hierophant:Defend_Hierophant","hierophant:Defend_Hierophant","hierophant:Defend_Hierophant","hierophant:ChurchCoffers","hierophant:HolyVerse+1","hierophant:SealAway","hierophant:Repentance+1","hierophant:RustyCrate","hierophant:Doubloon","hierophant:Doubloon","hierophant:Doubloon","hierophant:Doubloon","hierophant:Doubloon","hierophant:Remorse+1","hierophant:Smite+1","hierophant:DivineIntervention+1","hierophant:Doubloon","hierophant:Batter","hierophant:ThreeLashes","hierophant:Community+1","hierophant:MirrorShield+1","hierophant:HammerAndAnvil+1","hierophant:Embezzle+1","hierophant:Anathema","hierophant:Bribe","hierophant:Charity","hierophant:Doubloon","hierophant:HolyVerse+1","hierophant:Doubloon","hierophant:AuricForm","hierophant:Mercenaries"],"relics":["hierophant:PropheticMaskRelic","Anchor","Potion Belt","Cursed Key","Letter Opener","Red Mask","MutagenicStrength","Sozu","ClockworkSouvenir","Pen Nib","Toy Ornithopter"],"acts_visited":["Exordium","TheCity","TheBeyond"],"potions_floor_usage":[39,42,50,50],"damage_taken":[{"damage":0,"enemies":"Small Slimes","floor":1,"turns":3},{"damage":0,"enemies":"2 Louse","floor":3,"turns":2},{"damage":7,"enemies":"Jaw Worm","floor":7,"turns":3},{"damage":0,"enemies":"Lots of Slimes","floor":10,"turns":1},{"damage":5,"enemies":"Large Slime","floor":11,"turns":6},{"damage":0,"enemies":"Red Slaver","floor":13,"turns":3},{"damage":30,"enemies":"Slime Boss","floor":16,"turns":5},{"damage":0,"enemies":"2 Thieves","floor":18,"turns":1},{"damage":0,"enemies":"Chosen","floor":24,"turns":3},{"damage":2,"enemies":"Gremlin Leader","floor":27,"turns":3},{"damage":0,"enemies":"Masked Bandits","floor":28,"turns":3},{"damage":2,"enemies":"Shelled Parasite and Fungi","floor":30,"turns":3},{"damage":10,"enemies":"Snake Plant","floor":31,"turns":3},{"damage":22,"enemies":"Collector","floor":33,"turns":6},{"damage":0,"enemies":"3 Shapes","floor":35,"turns":3},{"damage":8,"enemies":"Orb Walker","floor":37,"turns":3},{"damage":9,"enemies":"Writhing Mass","floor":39,"turns":5},{"damage":25,"enemies":"Transient","floor":42,"turns":5},{"damage":32,"enemies":"Spire Growth","floor":45,"turns":3},{"damage":6,"enemies":"Maw","floor":48,"turns":5},{"damage":48,"enemies":"Time Eater","floor":50,"turns":5}],"seed_played":"-3246446357659040463","potions_obtained":[{"floor":7,"key":"CultistPotion"},{"floor":10,"key":"FairyPotion"},{"floor":11,"key":"SpeedPotion"},{"floor":13,"key":"ColorlessPotion"},{"floor":16,"key":"Swift Potion"},{"floor":18,"key":"FearPotion"}],"is_trial":false,"path_per_floor":["M","?","M","?","$","R","M","$","T","M","M","R","M","?","R","B",null,"M","$","?","?","$","?","M","R","T","E","?","?","M","M","R","B",null,"M","$","M","?","M","R","$","M","T","?","M","?","$","M","R","B",null],"character_chosen":"HIEROPHANT","items_purchased":["hierophant:Repentance","hierophant:RustyCrate","hierophant:Batter","hierophant:Bribe","hierophant:Charity","hierophant:Doubloon","ClockworkSouvenir","Pen Nib","Toy Ornithopter","hierophant:Mercenaries"],"campfire_rested":1,"item_purchase_floors":[5,5,19,36,36,41,41,47,47,47],"current_hp_per_floor":[75,75,75,75,75,75,68,68,68,68,63,63,63,63,63,33,75,75,75,75,75,75,75,75,75,75,73,73,73,71,61,61,39,75,75,75,67,67,58,58,58,33,33,33,1,1,1,18,40,2],"gold":134,"neow_bonus":"RANDOM_COMMON_RELIC","is_daily":false,"chose_seed":false,"campfire_upgraded":6,"win_rate":0.0,"timestamp":1611288535,"path_taken":["M","?","M","?","?","R","M","$","T","M","M","R","?","?","R","BOSS","M","$","?","?","$","?","M","R","T","E","?","?","M","M","R","BOSS","M","$","M","?","M","R","$","M","T","?","?","?","$","M","R","BOSS"],"items_purchased_type":["Card","Card","Card","Card","Card","Card","Relic","Relic","Relic","Card"],"build_version":"2020-12-22","purchased_purges":2,"victory":true,"max_hp_per_floor":[75,75,75,75,75,75,75,75,75,75,75,75,75,75,75,75,75,75,75,75,75,75,75,75,75,75,75,75,75,75,75,75,75,75,75,75,75,75,75,75,75,75,75,75,75,75,75,75,75,75],"card_choices":[{"not_picked":["hierophant:PassingBell","hierophant:ThreeLashes"],"picked":"hierophant:HolyVerse","floor":1},{"not_picked":["hierophant:FlamingChariot","hierophant:Shelter"],"picked":"hierophant:SealAway","floor":3},{"not_picked":["hierophant:ThreeLashes","hierophant:SealAway"],"picked":"hierophant:Doubloon","floor":7},{"not_picked":["hierophant:OrnateBuckler","hierophant:HammerAndAnvil"],"picked":"hierophant:Doubloon","floor":10},{"not_picked":["hierophant:FaithHealing","hierophant:FlamingChariot"],"picked":"hierophant:Remorse","floor":11},{"not_picked":["hierophant:MorningPrayer","hierophant:Purify"],"picked":"hierophant:Smite","floor":13},{"not_picked":["hierophant:Generosity","hierophant:MintersHammer"],"picked":"hierophant:DivineIntervention","floor":16},{"not_picked":["hierophant:Prophecy","hierophant:RustyCrate"],"picked":"hierophant:Doubloon","floor":18},{"not_picked":["hierophant:Remorse","hierophant:OrnateBuckler"],"picked":"hierophant:ThreeLashes","floor":24},{"not_picked":["hierophant:PristineSoul","hierophant:Levitation"],"picked":"hierophant:Community","floor":27},{"not_picked":["hierophant:EyeForCoin","hierophant:FieryStrike"],"picked":"hierophant:MirrorShield+1","floor":28},{"not_picked":["hierophant:FaithHealing","hierophant:Empathy+1"],"picked":"hierophant:HammerAndAnvil+1","floor":30},{"not_picked":["hierophant:FaithHealing","hierophant:SecretStash"],"picked":"hierophant:Embezzle+1","floor":31},{"not_picked":["hierophant:Levitation","hierophant:AuricForm"],"picked":"hierophant:Anathema","floor":33},{"not_picked":["hierophant:Remorse","hierophant:OrnateBuckler+1","hierophant:Encroach"],"picked":"SKIP","floor":35},{"not_picked":["hierophant:MirrorShield+1","hierophant:FieryStrike+1","hierophant:PassingBell"],"picked":"SKIP","floor":37},{"not_picked":["hierophant:AuricBeam+1","hierophant:RepressedViolence"],"picked":"hierophant:HolyVerse","floor":39},{"not_picked":["hierophant:DisplayOfPower+1","hierophant:Sermon"],"picked":"hierophant:AuricForm","floor":42},{"not_picked":["hierophant:Purify+1","hierophant:OrnateBuckler","hierophant:EyeForCoin"],"picked":"SKIP","floor":45},{"not_picked":["hierophant:ThreeLashes","hierophant:MorningPrayer","hierophant:CoinFling+1"],"picked":"SKIP","floor":48}],"player_experience":3873,"relics_obtained":[{"floor":9,"key":"Potion Belt"},{"floor":27,"key":"Letter Opener"},{"floor":28,"key":"Red Mask"}],"event_choices":[{"damage_healed":0,"gold_gain":0,"player_choice":"Ignored","damage_taken":0,"max_hp_gain":0,"max_hp_loss":0,"event_name":"Golden Wing","floor":2,"gold_loss":0},{"damage_healed":0,"gold_gain":0,"player_choice":"Ignored","damage_taken":0,"max_hp_gain":0,"max_hp_loss":0,"event_name":"Liars Game","floor":4,"gold_loss":0},{"damage_healed":0,"gold_gain":0,"player_choice":"Upgraded","damage_taken":0,"max_hp_gain":0,"max_hp_loss":0,"event_name":"Upgrade Shrine","floor":14,"gold_loss":0,"cards_upgraded":["hierophant:Smite"]},{"damage_healed":0,"gold_gain":0,"player_choice":"Ignored","damage_taken":0,"max_hp_gain":0,"max_hp_loss":0,"event_name":"Ghosts","floor":21,"gold_loss":0},{"damage_healed":0,"gold_gain":0,"player_choice":"Ignored","damage_taken":0,"max_hp_gain":0,"max_hp_loss":0,"event_name":"The Mausoleum","floor":23,"gold_loss":0},{"damage_healed":0,"gold_gain":0,"player_choice":"Fought Bandits","damage_taken":0,"max_hp_gain":0,"max_hp_loss":0,"event_name":"Masked Bandits","floor":28,"gold_loss":0},{"damage_healed":0,"gold_gain":0,"player_choice":"Inject Mutagens","damage_taken":0,"relics_obtained":["MutagenicStrength"],"max_hp_gain":0,"max_hp_loss":0,"event_name":"Drug Dealer","floor":29,"gold_loss":0},{"damage_healed":0,"gold_gain":0,"player_choice":"Ignored","damage_taken":0,"max_hp_gain":0,"max_hp_loss":0,"event_name":"Mysterious Sphere","floor":38,"gold_loss":0},{"damage_healed":0,"gold_gain":300,"player_choice":"Gold","damage_taken":0,"max_hp_gain":0,"max_hp_loss":0,"event_name":"Wheel of Change","floor":44,"gold_loss":0},{"damage_healed":0,"gold_gain":275,"player_choice":"Desecrate","damage_taken":0,"max_hp_gain":0,"max_hp_loss":0,"event_name":"Golden Shrine","floor":46,"gold_loss":0,"cards_obtained":["Regret"]}],"is_beta":false,"boss_relics":[{"not_picked":["Coffee Dripper","Snecko Eye"],"picked":"Cursed Key"},{"not_picked":["Calling Bell","Empty Cage"],"picked":"Sozu"}],"items_purged_floors":[36,47],"is_endless":false,"potions_floor_spawned":[7,10,11,13,16,18,28,31,42,45,48],"ascension_level":0}}