{"host":"1ewlj51w384ajcbv","time":1611307727,"event":{"mods":["BaseMod","Better Third Choice","Downfall","Minty Spire (QoL Compilation)","StSLib"],"gold_per_floor":[115,115,130,148,171,171,206,219,219,219,230,259,259,271,271,374,374,393,343,363,12,29,60,77,77,100,100,113,113,133,147,147,147,147],"floor_reached":33,"language":"ENG","playtime":2236,"items_purged":[],"score":281,"play_id":"fb3b3538-0fca-4887-9c30-9f28595f036b","local_time":"20210122012847","is_ascension_mode":false,"campfire_choices":[{"data":"Deadly Poison","floor":6,"key":"SMITH"},{"floor":10,"key":"REST"},{"data":"Cloak And Dagger","floor":13,"key":"SMITH"},{"floor":15,"key":"REST"},{"floor":27,"key":"REST"},{"floor":29,"key":"REST"},{"floor":32,"key":"REST"}],"circlet_count":0,"master_deck":["Strike_G","Strike_G+1","Strike_G+1","Strike_G","Defend_G","Defend_G","Defend_G","Defend_G","Defend_G","Survivor","Neutralize","Blade Dance","Choke","Deadly Poison+1","Deflect","Cloak And Dagger+1","Dagger Spray","Endless Agony","Outmaneuver","Cloak And Dagger","Burst","Slice+1","Deflect","Slice","Reprogram","sneckomod:SnakeSap","downfall:Haunted","sneckomod:UnknownBlock","Deadly Poison","Panacea"],"relics":["Ring of the Snake","Bag of Marbles","Happy Flower","TungstenRod","Bottled Lightning","Whetstone","Cursed Key","Boot","PrismaticShard","Frozen Egg 2","Potion Belt"],"acts_visited":["Exordium","TheCity"],"potions_floor_usage":[16,23,24,28,31],"damage_taken":[{"damage":0,"enemies":"Small Slimes","floor":1,"turns":3},{"damage":0,"enemies":"Cultist","floor":3,"turns":3},{"damage":5,"enemies":"2 Louse","floor":4,"turns":2},{"damage":4,"enemies":"Gremlin Nob","floor":7,"turns":3},{"damage":2,"enemies":"Lots of Slimes","floor":8,"turns":4},{"damage":0,"enemies":"2 Fungi Beasts","floor":11,"turns":2},{"damage":11,"enemies":"3 Sentries","floor":12,"turns":7},{"damage":3,"enemies":"Exordium Wildlife","floor":14,"turns":3},{"damage":40,"enemies":"The Guardian","floor":16,"turns":10},{"damage":0,"enemies":"3 Byrds","floor":18,"turns":5},{"damage":6,"enemies":"Shell Parasite","floor":20,"turns":5},{"damage":11,"enemies":"Centurion and Healer","floor":22,"turns":6},{"damage":30,"enemies":"Slavers","floor":23,"turns":4},{"damage":21,"enemies":"Snake Plant","floor":24,"turns":3},{"damage":0,"enemies":"Snecko","floor":28,"turns":3},{"damage":4,"enemies":"Centurion and Healer","floor":30,"turns":8},{"damage":16,"enemies":"Cultist and Chosen","floor":31,"turns":6},{"damage":80,"enemies":"Collector","floor":33,"turns":5}],"seed_played":"-8437037046131774730","potions_obtained":[{"floor":3,"key":"sneckomod:MuddlingPotion"},{"floor":4,"key":"DuplicationPotion"},{"floor":8,"key":"DuplicationPotion"},{"floor":12,"key":"Regen Potion"},{"floor":16,"key":"Block Potion"},{"floor":24,"key":"AttackPotion"},{"floor":30,"key":"Fruit Juice"},{"floor":31,"key":"bronze:BurnAndBuffPotion"}],"is_trial":false,"path_per_floor":["M","?","M","M","T","R","E","M","T","R","M","E","R","M","R","B",null,"M","?","M","$","M","E","M","?","T","R","M","R","M","M","R","B"],"character_chosen":"THE_SILENT","items_purchased":["Boot","PrismaticShard","Slice"],"campfire_rested":5,"item_purchase_floors":[21,21,21],"current_hp_per_floor":[70,70,70,65,65,65,61,59,59,70,70,59,59,56,70,30,70,70,70,64,64,53,23,11,11,11,32,32,53,49,38,60,0,0],"gold":147,"neow_bonus":"RANDOM_COMMON_RELIC","is_daily":false,"chose_seed":false,"campfire_upgraded":2,"win_rate":0.0,"timestamp":1611307727,"path_taken":["M","?","M","?","?","R","E","M","T","R","M","E","R","?","R","BOSS","M","?","?","$","M","E","M","?","T","R","M","R","M","M","R","BOSS"],"items_purchased_type":["Relic","Relic","Card"],"build_version":"2020-12-22","purchased_purges":0,"victory":false,"max_hp_per_floor":[70,70,70,70,70,70,70,70,70,70,70,70,70,70,70,70,70,70,70,70,70,70,70,70,70,70,70,70,70,70,75,75,75,75],"card_choices":[{"not_picked":["Accuracy","Backflip"],"picked":"Blade Dance","floor":1},{"not_picked":["Backflip","Sucker Punch"],"picked":"Deadly Poison","floor":3},{"not_picked":["Riddle With Holes","PiercingWail"],"picked":"Deflect","floor":4},{"not_picked":["Deflect","Acrobatics"],"picked":"Cloak And Dagger","floor":7},{"not_picked":["Escape Plan","Quick Slash"],"picked":"Dagger Spray","floor":8},{"not_picked":["Dagger Spray","Skewer"],"picked":"Endless Agony","floor":11},{"not_picked":["Tactician","Dash"],"picked":"Outmaneuver","floor":12},{"not_picked":["Acrobatics","Doppelganger"],"picked":"Cloak And Dagger","floor":14},{"not_picked":["Glass Knife","Malaise"],"picked":"Burst","floor":16},{"not_picked":["Predator","Backflip"],"picked":"Slice+1","floor":18},{"not_picked":["Underhanded Strike","Dagger Throw"],"picked":"Deflect","floor":20},{"not_picked":["bronze:Repulsor+1","Streamline"],"picked":"Reprogram","floor":22},{"not_picked":["hexamod:InspiringFlames","expansioncontent:GuardianWhirl","hexamod:NightmareGuise+1"],"picked":"SKIP","floor":23},{"not_picked":["bronze:BuggyMess","Clothesline"],"picked":"sneckomod:SnakeSap","floor":24},{"not_picked":["champ:Haymaker","champ:Backstep+1"],"picked":"sneckomod:UnknownBlock","floor":28},{"not_picked":["bronze:Frontload","Guardian:MultiBeam"],"picked":"Deadly Poison","floor":30},{"not_picked":["Blade Dance","champ:PreemptiveStrike+1"],"picked":"Panacea","floor":31}],"player_experience":123817,"relics_obtained":[{"floor":5,"key":"Happy Flower"},{"floor":7,"key":"TungstenRod"},{"floor":9,"key":"Bottled Lightning"},{"floor":12,"key":"Whetstone"},{"floor":23,"key":"Frozen Egg 2"},{"floor":26,"key":"Potion Belt"}],"event_choices":[{"damage_healed":0,"gold_gain":0,"cards_transformed":["Strike_G"],"player_choice":"Transformed","damage_taken":0,"max_hp_gain":0,"max_hp_loss":0,"event_name":"Transmorgrifier","floor":2,"gold_loss":0,"cards_obtained":["Choke"]},{"damage_healed":0,"gold_gain":0,"player_choice":"Bet on Murderer","damage_taken":0,"max_hp_gain":0,"max_hp_loss":0,"event_name":"The Joust","floor":19,"gold_loss":50},{"damage_healed":0,"gold_gain":0,"player_choice":"Ignored","damage_taken":0,"max_hp_gain":0,"max_hp_loss":0,"event_name":"NoteForYourself","floor":25,"gold_loss":0}],"is_beta":false,"boss_relics":[{"not_picked":["HoveringKite","Sozu"],"picked":"Cursed Key"}],"items_purged_floors":[],"is_endless":false,"potions_floor_spawned":[3,4,8,12,16,20,24,30,31],"killed_by":"Collector","ascension_level":0}}