{"host":"1ecbliur7lfoj0sl","time":1611279817,"event":{"mods":["100% Spire Juice","BaseMod","Minty Spire (QoL Compilation)","StSLib","Waifu the Spire"],"gold_per_floor":[116,191,83,8,27,27,44,44,44,74,74,92,92,105,105,201,251,26,26,26,125,125,150,50,50,101,101,127,147,40,69,69,164,164,182,232,232,248,248,279,279,279,347,357,105,105,118,118,118,118,118,118,35,62,62],"floor_reached":56,"language":"ZHS","playtime":2112,"items_purged":["Moonworks:Strike","Moonworks:Defend"],"score":1356,"play_id":"4c528261-e5e2-4300-8695-c995052ca4d2","local_time":"20210122094337","is_ascension_mode":true,"campfire_choices":[{"data":"Moonworks:AwakeningOfTalent","floor":6.0,"key":"SMITH"},{"data":"Moonworks:Ambush","floor":8.0,"key":"SMITH"},{"data":"1","floor":11.0,"key":"LIFT"},{"data":"2","floor":15.0,"key":"LIFT"},{"data":"3","floor":25,"key":"LIFT"},{"data":"Moonworks:EvilSpyWorkPreparation","floor":27,"key":"SMITH"},{"data":"Moonworks:OutOfAmmo","floor":32,"key":"SMITH"},{"data":"Moonworks:Defend","floor":41,"key":"PURGE"},{"data":"Moonworks:Defend","floor":46,"key":"PURGE"},{"floor":49,"key":"RECALL"},{"data":"Moonworks:CookingTime","floor":52,"key":"PURGE"}],"circlet_count":0,"master_deck":["Moonworks:Strike","Moonworks:Strike+1","Moonworks:Ambush+1","Moonworks:LongDistanceShot","Moonworks:EvilSpyWorkPreparation+1","Moonworks:AwakeningOfTalent+1","Moonworks:ForcedRevival","Moonworks:NicePresent","Moonworks:ShieldCounter","Moonworks:BigMagnum","Moonworks:NicePresent","Moonworks:RedAndBlue","Moonworks:OutOfAmmo+1","Moonworks:AnotherUltimateWeapon","Moonworks:JonathanRush+1","Good Instincts","Swift Strike","Mayhem","Moonworks:Bloodlust","Moonworks:JonathanRush+1","Moonworks:SakisCookie+1","Moonworks:SakisCookie+1","Purity"],"relics":["Moonworks:BrokenBomb","Moonworks:Homemark","Lizard Tail","White Beast Statue","Girya","Tiny House","Dream Catcher","Darkstone Periapt","PreservedInsect","Empty Cage","TungstenRod","StoneCalendar","Peace Pipe","InkBottle","Lee\u0027s Waffle","Mercury Hourglass"],"acts_visited":["Exordium","TheCity","TheBeyond","TheEnding"],"potions_floor_usage":[23,28,55],"damage_taken":[{"damage":3.0,"enemies":"Jaw Worm","floor":1.0,"turns":4.0},{"damage":0.0,"enemies":"Small Slimes","floor":3.0,"turns":2.0},{"damage":1.0,"enemies":"2 Louse","floor":5.0,"turns":2.0},{"damage":2.0,"enemies":"Blue Slaver","floor":7.0,"turns":3.0},{"damage":15.0,"enemies":"3 Sentries","floor":10.0,"turns":8.0},{"damage":2.0,"enemies":"3 Louse","floor":12.0,"turns":3.0},{"damage":6.0,"enemies":"Exordium Wildlife","floor":14.0,"turns":4.0},{"damage":6.0,"enemies":"Hexaghost","floor":16.0,"turns":6.0},{"damage":5.0,"enemies":"Chosen","floor":18.0,"turns":3.0},{"damage":28,"enemies":"Gremlin Leader","floor":23,"turns":4},{"damage":3,"enemies":"2 Thieves","floor":24,"turns":3},{"damage":10,"enemies":"Slavers","floor":28,"turns":2},{"damage":0,"enemies":"Chosen and Byrds","floor":29,"turns":2},{"damage":5,"enemies":"Snecko","floor":30,"turns":2},{"damage":5,"enemies":"Book of Stabbing","floor":31,"turns":3},{"damage":20,"enemies":"Champ","floor":33,"turns":6},{"damage":16,"enemies":"3 Shapes","floor":35,"turns":4},{"damage":22,"enemies":"Mind Bloom Boss Battle","floor":36,"turns":3},{"damage":11,"enemies":"3 Darklings","floor":38,"turns":3},{"damage":13,"enemies":"Giant Head","floor":40,"turns":5},{"damage":17,"enemies":"Jaw Worm Horde","floor":44,"turns":3},{"damage":31,"enemies":"Sphere and 2 Shapes","floor":47,"turns":4},{"damage":64,"enemies":"Time Eater","floor":50,"turns":7},{"damage":38,"enemies":"Shield and Spear","floor":54,"turns":3},{"damage":117,"enemies":"The Heart","floor":55,"turns":7}],"seed_played":"-3777519108179629740","potions_obtained":[{"floor":3.0,"key":"FairyPotion"},{"floor":5.0,"key":"Strength Potion"},{"floor":10.0,"key":"CultistPotion"},{"floor":12.0,"key":"CultistPotion"},{"floor":16.0,"key":"AttackPotion"},{"floor":18.0,"key":"DuplicationPotion"},{"floor":23,"key":"Dexterity Potion"},{"floor":24,"key":"LiquidMemories"},{"floor":28,"key":"AttackPotion"},{"floor":36,"key":"FairyPotion"}],"is_trial":false,"path_per_floor":["M","?","M","$","M","R","M","R","T","E","R","M","?","M","R","B",null,"M","$","?","?","?","E","M","R","T","R","E","M","M","E","R","B",null,"M","?","?","M","T","E","R","?","T","M","$","R","M","$","R","B",null,"R","$","E","B",null],"character_chosen":"THE_STARBREAKER","items_purchased":["Lee\u0027s Waffle","Purity"],"campfire_rested":0,"item_purchase_floors":[45,53],"current_hp_per_floor":[39,28,28,28,27,27,25,25,25,10,10,8,13,12,12,11,70,65,65,65,65,65,42,44,44,44,44,39,44,45,46,46,31,70,54,43,34,34,34,46,46,46,46,45,77,77,63,63,63,24,77,77,77,61,14],"gold":62,"neow_bonus":"ONE_RARE_RELIC","is_daily":false,"chose_seed":false,"campfire_upgraded":4,"win_rate":0.0,"timestamp":1611279817,"path_taken":["M","?","M","?","M","R","M","R","T","E","R","M","?","M","R","BOSS","M","$","?","?","?","E","?","R","T","R","E","?","M","E","R","BOSS","M","?","?","M","?","E","R","?","T","M","$","R","?","$","R","BOSS","R","$","E","BOSS"],"items_purchased_type":["Relic","Card"],"build_version":"2020-12-22","purchased_purges":2,"victory":true,"max_hp_per_floor":[60,60,60,60,60,60,60,60,60,60,60,60,65,65,65,65,70,70,70,70,70,70,70,70,70,70,70,70,70,70,70,70,70,70,70,70,70,70,70,70,70,70,70,70,77,77,77,77,77,77,77,77,77,77,77],"card_choices":[{"not_picked":["Moonworks:NicePresent","Moonworks:Bloodlust"],"picked":"Moonworks:EvilSpyWorkPreparation","floor":1.0},{"not_picked":["Moonworks:DeployBits","Moonworks:MixPhenomenon","Moonworks:Heat300Percent"],"picked":"SKIP","floor":3.0},{"not_picked":["Moonworks:SakisCookie","Moonworks:IndiscriminateFireSupport"],"picked":"Moonworks:AwakeningOfTalent","floor":5.0},{"not_picked":["Moonworks:CloudOfSeagulls","Moonworks:BigMagnum","Moonworks:UnluckyCharm"],"picked":"SKIP","floor":7.0},{"not_picked":["Moonworks:MixPhenomenon","Moonworks:SakisCookie","Moonworks:Gamble"],"picked":"SKIP","floor":10.0},{"not_picked":["Moonworks:SakisCookie","Moonworks:CloudOfSeagulls"],"picked":"Moonworks:ForcedRevival","floor":12.0},{"not_picked":["Moonworks:LulusLuckyEgg","Moonworks:SakisCookie"],"picked":"Moonworks:NicePresent","floor":14.0},{"not_picked":["Moonworks:RocketCannon","Moonworks:SubspaceTunnel"],"picked":"Moonworks:ShieldCounter","floor":16.0},{"not_picked":["Moonworks:LulusLuckyEgg","Moonworks:EvilSpyWorkPreparation"],"picked":"Moonworks:BigMagnum","floor":17.0},{"not_picked":["Moonworks:SakisCookie","Moonworks:JonathanRush"],"picked":"Moonworks:NicePresent","floor":18.0},{"not_picked":["Moonworks:EvilSpyWorkPreparation","Moonworks:Bloodlust+1"],"picked":"Moonworks:RedAndBlue","floor":23},{"not_picked":["Moonworks:LulusLuckyEgg","Moonworks:Dinner","Moonworks:FinalSurgery"],"picked":"SKIP","floor":24},{"not_picked":["Moonworks:SealedMemories","Moonworks:CastOff","Moonworks:BindingChains+1"],"picked":"SKIP","floor":28},{"not_picked":["Moonworks:SweetBattle+1","Moonworks:EvilSpyWorkPreparation"],"picked":"Moonworks:CookingTime","floor":29},{"not_picked":["Moonworks:SakisCookie","Moonworks:Bloodlust"],"picked":"Moonworks:OutOfAmmo","floor":30},{"not_picked":["Moonworks:CrystalBarrier","Moonworks:MiracleWalker","Moonworks:RocketCannon"],"picked":"SKIP","floor":31},{"not_picked":["Moonworks:MeltingMemories","Moonworks:Blazing"],"picked":"Moonworks:AnotherUltimateWeapon","floor":33},{"not_picked":["Moonworks:CloudOfSeagulls","Moonworks:IntelligenceOfficer+1","Moonworks:DeployBits"],"picked":"SKIP","floor":35},{"not_picked":["Moonworks:NicePresent","Moonworks:ImOnFire+1"],"picked":"Moonworks:JonathanRush+1","floor":36},{"not_picked":["Discovery","Dramatic Entrance"],"picked":"Good Instincts","floor":37},{"not_picked":["Mind Blast","Apotheosis"],"picked":"Swift Strike","floor":37},{"not_picked":["Violence","Jack Of All Trades"],"picked":"Mayhem","floor":37},{"not_picked":["Moonworks:Assault+1","Moonworks:LulusLuckyEgg+1"],"picked":"Moonworks:Bloodlust","floor":38},{"not_picked":["Moonworks:WindyEnchantment+1","Moonworks:Assault+1"],"picked":"Moonworks:JonathanRush+1","floor":40},{"not_picked":["Moonworks:BigMagnum+1","Moonworks:IndiscriminateFireSupport"],"picked":"Moonworks:SakisCookie+1","floor":44},{"not_picked":["Moonworks:MiracleWalker+1","Moonworks:ImOnFire"],"picked":"Moonworks:SakisCookie+1","floor":47},{"not_picked":["Moonworks:DeployBits","Moonworks:Dinner","Moonworks:Assault"],"picked":"SKIP","floor":54}],"player_experience":5077,"relics_obtained":[{"floor":9.0,"key":"White Beast Statue"},{"floor":10.0,"key":"Girya"},{"floor":23,"key":"Dream Catcher"},{"floor":28,"key":"Darkstone Periapt"},{"floor":31,"key":"PreservedInsect"},{"floor":36,"key":"TungstenRod"},{"floor":39,"key":"StoneCalendar"},{"floor":40,"key":"Peace Pipe"},{"floor":43,"key":"InkBottle"},{"floor":54,"key":"Mercury Hourglass"}],"event_choices":[{"damage_healed":0.0,"max_hp_gain":0.0,"max_hp_loss":0.0,"gold_gain":75.0,"event_name":"World of Goop","player_choice":"Gather Gold","floor":2.0,"gold_loss":0.0,"damage_taken":11.0},{"damage_healed":0.0,"max_hp_gain":5.0,"max_hp_loss":0.0,"gold_gain":0.0,"event_name":"Big Fish","player_choice":"Donut","floor":13.0,"gold_loss":0.0,"damage_taken":0.0},{"damage_healed":0.0,"max_hp_gain":0.0,"max_hp_loss":0.0,"gold_gain":0.0,"event_name":"Ghosts","player_choice":"Ignored","floor":20.0,"gold_loss":0.0,"damage_taken":0.0},{"damage_healed":0.0,"max_hp_gain":0.0,"max_hp_loss":0.0,"gold_gain":99.0,"event_name":"Nest","player_choice":"Stole From Cult","floor":21.0,"gold_loss":0.0,"damage_taken":0.0},{"damage_healed":0,"gold_gain":0,"player_choice":"Ignored","damage_taken":0,"max_hp_gain":0,"max_hp_loss":0,"event_name":"Cursed Tome","floor":22,"gold_loss":0},{"damage_healed":0,"gold_gain":0,"player_choice":"Fight","damage_taken":0,"max_hp_gain":0,"max_hp_loss":0,"event_name":"MindBloom","floor":36,"gold_loss":0},{"damage_healed":0,"gold_gain":0,"player_choice":"Memory 3","damage_taken":10,"max_hp_gain":0,"max_hp_loss":0,"event_name":"SensoryStone","floor":37,"gold_loss":0},{"damage_healed":0,"gold_gain":0,"player_choice":"Got Potions","damage_taken":0,"max_hp_gain":0,"max_hp_loss":0,"event_name":"Lab","floor":42,"gold_loss":0}],"is_beta":false,"boss_relics":[{"not_picked":["Sozu","Runic Dome"],"picked":"Tiny House"},{"not_picked":["Fusion Hammer","Velvet Choker"],"picked":"Empty Cage"}],"items_purged_floors":[4,45],"is_endless":false,"potions_floor_spawned":[3,5,10,12,14,16,18,23,24,28,29,30,31,33,35,36,38,40,44,47,54],"ascension_level":1}}