{"host":"y24pqu7jih1n8m3t","time":1611284517,"event":{"mods":["AchievementEnabler","BaseMod","Bestiary","Block Reminder","Colored Map","Colored Powertips","DeckTracker","Highlight Path","Minty Spire (QoL Compilation)","Permanent Neow","Quick Restart","Rare Cards Sparkle","Relic Stats"],"gold_per_floor":[119,136,151,168,168,202,228,251,263,287,299,330,342,372,384,491,503,530,553,152,152,171,206,206,237,237,268,268,283,295,309,309,309,309],"floor_reached":33,"language":"ENG","playtime":2330,"items_purged":["Strike_R"],"score":374,"play_id":"51935a7b-0872-493a-ada7-82ad4a6913ba","local_time":"20210121220157","is_ascension_mode":true,"campfire_choices":[{"floor":13,"key":"REST"},{"data":"Armaments","floor":15,"key":"SMITH"},{"floor":24,"key":"RECALL"},{"data":"Berserk","floor":28,"key":"SMITH"},{"floor":32,"key":"REST"}],"circlet_count":0,"master_deck":["Strike_R","Defend_R","Defend_R","Defend_R","Defend_R","Bash","Spot Weakness","Flex","Pommel Strike","Dual Wield","Sword Boomerang","Twin Strike","True Grit","Armaments+1","Dropkick","Uppercut","Immolate","Spot Weakness","Flex+1","Berserk+1","Panache","Juggernaut","Flex+1","Juggernaut","Heavy Blade","Uppercut","True Grit","Rage","Sentinel"],"relics":["Burning Blood","FossilizedHelix","MawBank","Runic Pyramid","Membership Card","Vajra","PreservedInsect","Gremlin Horn","Paper Frog","Bottled Tornado"],"acts_visited":["Exordium","TheCity"],"potions_floor_usage":[8],"damage_taken":[{"damage":7,"enemies":"Jaw Worm","floor":1,"turns":5},{"damage":0,"enemies":"Small Slimes","floor":2,"turns":3},{"damage":0,"enemies":"Cultist","floor":3,"turns":3},{"damage":3,"enemies":"Blue Slaver","floor":4,"turns":3},{"damage":40,"enemies":"Lagavulin","floor":6,"turns":7},{"damage":28,"enemies":"Lots of Slimes","floor":7,"turns":3},{"damage":0,"enemies":"Exordium Thugs","floor":8,"turns":3},{"damage":0,"enemies":"Looter","floor":10,"turns":3},{"damage":6,"enemies":"3 Louse","floor":12,"turns":3},{"damage":8,"enemies":"Blue Slaver","floor":14,"turns":3},{"damage":19,"enemies":"Slime Boss","floor":16,"turns":8},{"damage":17,"enemies":"2 Thieves","floor":18,"turns":3},{"damage":6,"enemies":"Chosen","floor":19,"turns":4},{"damage":31,"enemies":"Centurion and Healer","floor":22,"turns":7},{"damage":0,"enemies":"Book of Stabbing","floor":23,"turns":3},{"damage":12,"enemies":"Gremlin Leader","floor":25,"turns":4},{"damage":21,"enemies":"Slavers","floor":27,"turns":3},{"damage":0,"enemies":"Snecko","floor":29,"turns":2},{"damage":9,"enemies":"Cultist and Chosen","floor":30,"turns":4},{"damage":44,"enemies":"Centurion and Healer","floor":31,"turns":5},{"damage":59,"enemies":"Automaton","floor":33,"turns":6}],"seed_played":"600674663932394709","potions_obtained":[{"floor":1,"key":"ColorlessPotion"},{"floor":6,"key":"Strength Potion"},{"floor":10,"key":"ColorlessPotion"},{"floor":12,"key":"SmokeBomb"},{"floor":16,"key":"FearPotion"},{"floor":19,"key":"FairyPotion"},{"floor":22,"key":"SmokeBomb"}],"is_trial":false,"path_per_floor":["M","M","M","M","?","E","M","M","T","M","?","M","R","M","R","B",null,"M","M","$","?","M","E","R","E","T","E","R","M","M","M","R","B"],"character_chosen":"IRONCLAD","items_purchased":["Membership Card","Vajra","Berserk","Panache"],"campfire_rested":2,"item_purchase_floors":[20,20,20,20],"current_hp_per_floor":[55,61,67,70,63,29,7,13,13,19,19,19,43,41,41,28,80,69,69,69,69,44,50,50,44,44,29,29,35,32,23,47,0,0],"gold":309,"neow_bonus":"ONE_RARE_RELIC","is_daily":false,"chose_seed":false,"campfire_upgraded":2,"win_rate":0.0,"timestamp":1611284517,"path_taken":["M","M","M","M","?","E","M","M","T","M","?","?","R","M","R","BOSS","M","M","$","?","M","E","R","E","T","E","R","M","M","M","R","BOSS"],"items_purchased_type":["Relic","Relic","Card","Card"],"build_version":"2020-12-22","purchased_purges":1,"victory":false,"max_hp_per_floor":[80,80,80,80,80,80,80,80,80,80,80,80,80,80,80,80,80,80,80,80,80,80,80,80,80,80,80,80,80,80,80,80,80,80],"relic_stats":{"Gremlin Horn":[6,6],"counters":[21,85],"PreservedInsect":83,"MawBank":168,"obtain_stats":[{"Gremlin Horn":25,"Vajra":20,"PreservedInsect":23,"Membership Card":20,"Bottled Tornado":27,"MawBank":6,"Burning Blood":0,"FossilizedHelix":0,"Runic Pyramid":17,"Paper Frog":26},{"Gremlin Horn":16,"Vajra":13,"PreservedInsect":15,"Membership Card":13,"Bottled Tornado":17,"MawBank":5,"Burning Blood":0,"FossilizedHelix":0,"Runic Pyramid":11,"Paper Frog":16},{"Gremlin Horn":65,"Vajra":51,"PreservedInsect":61,"Membership Card":51,"Bottled Tornado":68,"MawBank":21,"Burning Blood":0,"FossilizedHelix":0,"Runic Pyramid":44,"Paper Frog":65}],"Burning Blood":120},"card_choices":[{"not_picked":["True Grit","Iron Wave"],"picked":"Spot Weakness","floor":1},{"not_picked":["Feel No Pain","Clash"],"picked":"Flex","floor":2},{"not_picked":["Iron Wave","Twin Strike"],"picked":"Pommel Strike","floor":3},{"not_picked":["Havoc","Entrench"],"picked":"Dual Wield","floor":4},{"not_picked":["Warcry","Body Slam"],"picked":"Sword Boomerang","floor":6},{"not_picked":["Disarm","Hemokinesis"],"picked":"Twin Strike","floor":7},{"not_picked":["Impervious","Shockwave"],"picked":"True Grit","floor":8},{"not_picked":["Flex","Rage"],"picked":"Armaments","floor":10},{"not_picked":["Warcry","Bloodletting","Thunderclap"],"picked":"SKIP","floor":12},{"not_picked":["Rupture","Cleave"],"picked":"Uppercut","floor":14},{"not_picked":["Juggernaut","Corruption"],"picked":"Immolate","floor":16},{"not_picked":["Thunderclap","Metallicize"],"picked":"Spot Weakness","floor":18},{"not_picked":["Reckless Charge","Headbutt"],"picked":"Flex+1","floor":19},{"not_picked":["Clothesline+1","Blood for Blood"],"picked":"Flex+1","floor":22},{"not_picked":["Cleave","Carnage"],"picked":"Juggernaut","floor":23},{"not_picked":["Thunderclap+1","Sever Soul"],"picked":"Heavy Blade","floor":25},{"not_picked":["Second Wind","Fire Breathing"],"picked":"Uppercut","floor":27},{"not_picked":["Pommel Strike","Wild Strike"],"picked":"True Grit","floor":29},{"not_picked":["Dual Wield","Metallicize+1"],"picked":"Rage","floor":30},{"not_picked":["Clash","Carnage"],"picked":"Sentinel","floor":31}],"player_experience":117877,"relics_obtained":[{"floor":6,"key":"MawBank"},{"floor":23,"key":"PreservedInsect"},{"floor":25,"key":"Gremlin Horn"},{"floor":26,"key":"Paper Frog"},{"floor":27,"key":"Bottled Tornado"}],"event_choices":[{"cards_removed":["Strike_R"],"damage_healed":0,"gold_gain":0,"player_choice":"Card Removal","damage_taken":7,"max_hp_gain":0,"max_hp_loss":0,"event_name":"Golden Wing","floor":5,"gold_loss":0},{"damage_healed":0,"gold_gain":0,"cards_transformed":["Strike_R"],"player_choice":"Transformed","damage_taken":0,"max_hp_gain":0,"max_hp_loss":0,"event_name":"Transmorgrifier","floor":11,"gold_loss":0,"cards_obtained":["Dropkick"]},{"damage_healed":0,"gold_gain":0,"cards_transformed":["Strike_R"],"player_choice":"Transformed","damage_taken":0,"max_hp_gain":0,"max_hp_loss":0,"event_name":"Transmorgrifier","floor":21,"gold_loss":0,"cards_obtained":["Juggernaut"]}],"is_beta":false,"boss_relics":[{"not_picked":["Black Blood","Velvet Choker"],"picked":"Runic Pyramid"}],"items_purged_floors":[20],"is_endless":false,"potions_floor_spawned":[1,6,10,12,16,19,22,23,27,30],"killed_by":"Automaton","ascension_level":2}}