{"host":"j4g6ia6asvpyu2b0","time":1611346717,"event":{"mods":["BaseMod","Colored Map","Minty Spire (QoL Compilation)","Permanent Neow","Quick Restart","Relic Stats","StSLib","Unceasing Turn Reminder"],"gold_per_floor":[118,128,128,56,80,116,116,136,136,136,180,180,180,194,194,290,290,303,318,341,341,341,341,379,379,379],"floor_reached":25,"language":"ENG","playtime":716,"items_purged":[],"score":435,"play_id":"0eb46552-4a61-450e-9a83-8db4156f6eb1","local_time":"20210122131837","is_ascension_mode":true,"campfire_choices":[{"data":"Capacitor","floor":7,"key":"SMITH"},{"data":"Chaos","floor":10,"key":"SMITH"},{"data":"Consume","floor":12,"key":"SMITH"},{"floor":15,"key":"DIG"},{"data":"Fission","floor":23,"key":"SMITH"}],"circlet_count":0,"master_deck":["AscendersBane","Dualcast","CurseOfTheBell","Capacitor+1","Chaos+1","Cold Snap","Barrage+1","Ball Lightning","Melter","Undo","Consume+1","Buffer","Fission+1","Compile Driver","Double Energy","Heatsinks","Buffer","Turbo","Ball Lightning","Tempest","Tempest","Multi-Cast","Barrage","Doom and Gloom+1"],"relics":["Calling Bell","Toy Ornithopter","Symbiotic Virus","Bird Faced Urn","Golden Idol","Mummified Hand","Pantograph","Shovel","Mercury Hourglass","Pandora\u0027s Box","Bottled Flame"],"acts_visited":["Exordium","TheCity"],"potions_floor_usage":[11],"damage_taken":[{"damage":1,"enemies":"Cultist","floor":1,"turns":3},{"damage":0,"enemies":"2 Louse","floor":2,"turns":2},{"damage":7,"enemies":"Small Slimes","floor":5,"turns":3},{"damage":22,"enemies":"3 Sentries","floor":6,"turns":5},{"damage":9,"enemies":"Red Slaver","floor":8,"turns":3},{"damage":0,"enemies":"Gremlin Nob","floor":11,"turns":2},{"damage":21,"enemies":"Lots of Slimes","floor":14,"turns":4},{"damage":40,"enemies":"Hexaghost","floor":16,"turns":8},{"damage":12,"enemies":"Shell Parasite","floor":18,"turns":3},{"damage":11,"enemies":"2 Thieves","floor":19,"turns":3},{"damage":0,"enemies":"Sentry and Sphere","floor":20,"turns":4},{"damage":46,"enemies":"Slavers","floor":24,"turns":5},{"damage":16,"enemies":"Snake Plant","floor":25,"turns":1}],"seed_played":"869838386027757480","potions_obtained":[{"floor":2,"key":"EssenceOfDarkness"},{"floor":6,"key":"Ancient Potion"},{"floor":18,"key":"EssenceOfSteel"}],"is_trial":false,"path_per_floor":["M","M","?","$","M","E","R","M","T","R","E","R","?","M","R","B",null,"M","M","M","?","T","R","E","M"],"character_chosen":"DEFECT","items_purchased":["Cold Snap","Barrage"],"campfire_rested":0,"item_purchase_floors":[4,4],"current_hp_per_floor":[63,63,63,63,58,38,38,29,29,29,36,36,36,17,17,6,51,45,42,50,50,50,50,10,0,0],"gold":379,"neow_bonus":"BOSS_RELIC","is_daily":false,"chose_seed":false,"campfire_upgraded":4,"win_rate":0.0,"timestamp":1611346717,"path_taken":["M","?","?","$","M","E","R","M","T","R","E","R","?","?","R","BOSS","M","M","?","?","?","R","E","M"],"items_purchased_type":["Card","Card"],"build_version":"2020-12-22","purchased_purges":0,"victory":false,"max_hp_per_floor":[71,71,66,66,66,66,66,66,66,66,66,66,66,66,66,66,66,66,66,66,66,66,66,66,66,66],"relic_stats":{"Shovel":1,"counters":[13,45],"Golden Idol":66,"Mummified Hand":[21],"Bird Faced Urn":[44],"Pantograph":25,"Pandora\u0027s Box":["Compile Driver","Rebound","Double Energy","Heatsinks","Buffer","Turbo","Ball Lightning","Tempest"],"obtain_stats":[{"Calling Bell":0,"Bottled Flame":24,"Shovel":11,"Golden Idol":3,"Mummified Hand":6,"Bird Faced Urn":0,"Pantograph":9,"Pandora\u0027s Box":17,"Cracked Core":0,"Symbiotic Virus":0,"Toy Ornithopter":0,"Mercury Hourglass":15},{"Calling Bell":0,"Bottled Flame":12,"Shovel":6,"Golden Idol":2,"Mummified Hand":4,"Bird Faced Urn":0,"Pantograph":5,"Pandora\u0027s Box":8,"Cracked Core":0,"Symbiotic Virus":0,"Toy Ornithopter":0,"Mercury Hourglass":7},{"Calling Bell":0,"Bottled Flame":44,"Shovel":18,"Golden Idol":5,"Mummified Hand":13,"Bird Faced Urn":0,"Pantograph":16,"Pandora\u0027s Box":30,"Cracked Core":0,"Symbiotic Virus":0,"Toy Ornithopter":0,"Mercury Hourglass":22}],"Toy Ornithopter":5,"Mercury Hourglass":[86]},"card_choices":[{"not_picked":["Barrage","Stack"],"picked":"Capacitor","floor":1},{"not_picked":["Steam","Stack"],"picked":"Chaos","floor":2},{"not_picked":["Auto Shields","Hyperbeam"],"picked":"Ball Lightning","floor":5},{"not_picked":["Cold Snap","FTL"],"picked":"Melter","floor":6},{"not_picked":["Redo","Melter"],"picked":"Undo","floor":8},{"not_picked":["Gash","Force Field"],"picked":"Consume","floor":11},{"not_picked":["Chaos","Steam"],"picked":"Buffer","floor":14},{"not_picked":["Meteor Strike","Machine Learning"],"picked":"Fission","floor":16},{"not_picked":["Beam Cell","Go for the Eyes","Gash"],"picked":"SKIP","floor":18},{"not_picked":["Doom and Gloom","Beam Cell","Lockon"],"picked":"SKIP","floor":19},{"not_picked":["Gash+1","Doom and Gloom"],"picked":"Tempest","floor":20},{"not_picked":["Recycle","Doom and Gloom+1","Cold Snap"],"picked":"SKIP","floor":24},{"not_picked":["Recycle","Cold Snap"],"picked":"Doom and Gloom+1","floor":24}],"player_experience":932937,"relics_obtained":[{"floor":0,"key":"Toy Ornithopter"},{"floor":0,"key":"Symbiotic Virus"},{"floor":0,"key":"Bird Faced Urn"},{"floor":6,"key":"Mummified Hand"},{"floor":9,"key":"Pantograph"},{"floor":11,"key":"Shovel"},{"floor":15,"key":"Mercury Hourglass"},{"floor":24,"key":"Bottled Flame"}],"event_choices":[{"damage_healed":0,"gold_gain":0,"player_choice":"Lose Max HP","damage_taken":0,"relics_obtained":["Golden Idol"],"max_hp_gain":0,"max_hp_loss":5,"event_name":"Golden Idol","floor":3,"gold_loss":0},{"damage_healed":0,"gold_gain":0,"player_choice":"Upgraded","damage_taken":0,"max_hp_gain":0,"max_hp_loss":0,"event_name":"Upgrade Shrine","floor":13,"gold_loss":0,"cards_upgraded":["Barrage"]},{"damage_healed":0,"gold_gain":0,"cards_transformed":["Zap","Rebound"],"player_choice":"Became Test Subject","damage_taken":0,"max_hp_gain":0,"max_hp_loss":0,"event_name":"Drug Dealer","floor":21,"gold_loss":0,"cards_obtained":["Multi-Cast","Barrage"]}],"is_beta":false,"boss_relics":[{"not_picked":["Sozu","Astrolabe"],"picked":"Pandora\u0027s Box"}],"items_purged_floors":[],"is_endless":false,"potions_floor_spawned":[2,6,18],"killed_by":"Snake Plant","ascension_level":14}}