{"host":"ml80p9p157c7xd90","time":1611318437,"event":{"mods":["Ascension Unlocker","Aspiration","BaseMod","Bestiary","Better Altar","Better Match","Better Note","Better Sensory Stone","Better Skull","Better Third Choice","Colored Map","Conspire","Dark Map","Downfall","Friendly Minions","Halation","Hubris","Minty Spire (QoL Compilation)","Relic Stats","StSLib","Wandering Minibosses"],"gold_per_floor":[416,136,148,162,179,213,213,240,240,267,277,310,382,42,42,119,119,135,135,147,73,73,106,106,136,160,176,202,77,77,112,112,190,190,190,190],"floor_reached":34,"language":"ENG","playtime":1656,"items_purged":["Slimebound:SlimeSpikes","Slimebound:SlimeSpikes","Slimebound:SlimeSpikes"],"score":1167,"play_id":"eaaf4e69-55f0-40f1-b848-43a73f234729","local_time":"20210122052717","daily_mods":["SealedDeck","Heirloom","DeadlyEvents","Night Terrors","Terminal","downfall:WorldOfGoo"],"is_ascension_mode":true,"campfire_choices":[{"data":"Apotheosis","floor":7,"key":"SMITH"},{"data":"Slimebound:DouseInSlime","floor":15,"key":"SMITH"},{"data":"Slimebound:MassFeed","floor":24,"key":"SMITH"},{"data":"Slimebound:MegaLick","floor":30,"key":"SMITH"},{"data":"Slimebound:SplitMire","floor":32,"key":"SMITH"}],"circlet_count":0,"master_deck":["AscendersBane","hubris:Hubris","Slimebound:MegaLick+1","Slimebound:Recollect","Slimebound:LeechingTouch+1","Slimebound:DisruptingSlam+1","Slimebound:SlimeSpikes","Slimebound:SplitMire+1","Slimebound:SplitMire","Slimebound:GoopSpray","Apotheosis+1","Slimebound:SplitMire","Slimebound:SplitMire","Slimebound:GoopSpray","Slimebound:DouseInSlime+1","Slimebound:FormOfPuddle","Slimebound:Recollect","Slimebound:Recycling","Slimebound:Prepare","Slimebound:Teamwork","Slimebound:MassFeed+1","Slimebound:SamplingLick+1","Slimebound:SplitMire","Slimebound:OozeBath"],"relics":["Slimebound:AbsorbEndCombat","Old Coin","Slimebound:StickyStick","hubris:SphereOfDissonance","Meat on the Bone","Art of War","hubris:Teleporter","Darkstone Periapt","Oddly Smooth Stone","Philosopher\u0027s Stone","hubris:Icosahedron","halation:SelfBoilingWater","conspire:Boomerang","Whetstone","Lizard Tail","Tiny Chest"],"acts_visited":["Exordium","TheCity"],"potions_floor_usage":[31,33],"damage_taken":[{"damage":0,"enemies":"Jaw Worm","floor":1,"turns":4},{"damage":0,"enemies":"Small Slimes","floor":3,"turns":3},{"damage":0,"enemies":"Cultist","floor":4,"turns":6},{"damage":1,"enemies":"3 Louse","floor":5,"turns":3},{"damage":0,"enemies":"Lagavulin","floor":6,"turns":6},{"damage":13,"enemies":"conspire:MimicChest","floor":8,"turns":5},{"damage":2,"enemies":"3 Sentries","floor":10,"turns":5},{"damage":0,"enemies":"Large Slime","floor":11,"turns":3},{"damage":0,"enemies":"Lagavulin","floor":12,"turns":4},{"damage":1,"enemies":"Hexaghost","floor":16,"turns":6},{"damage":0,"enemies":"3 Byrds","floor":18,"turns":4},{"damage":23,"enemies":"Chosen","floor":20,"turns":5},{"damage":3,"enemies":"Book of Stabbing","floor":23,"turns":4},{"damage":8,"enemies":"Slavers","floor":25,"turns":4},{"damage":9,"enemies":"Snake Plant","floor":27,"turns":6},{"damage":7,"enemies":"Book of Stabbing","floor":28,"turns":4},{"damage":1,"enemies":"Slavers","floor":31,"turns":6},{"damage":0,"enemies":"Champ","floor":33,"turns":12}],"seed_played":"2014965094745803978","potions_obtained":[{"floor":4,"key":"champ:CounterPotion"},{"floor":8,"key":"LiquidBronze"},{"floor":11,"key":"champ:CounterPotion"},{"floor":12,"key":"EntropicBrew"},{"floor":25,"key":"Slimebound:SlimyTonguePotion"}],"is_trial":true,"path_per_floor":["M","$","M","M","M","E","R","?","T","E","M","E","T","$","R","B",null,"M","?","M","$","?","E","R","E","T","M","E","$","R","E","R","B",null],"character_chosen":"SLIMEBOUND","items_purchased":["Apotheosis","Slimebound:Recollect","Oddly Smooth Stone","Slimebound:Teamwork"],"campfire_rested":0,"item_purchase_floors":[2,14,14,21],"current_hp_per_floor":[57,56,55,54,53,52,51,40,40,46,47,46,45,44,43,42,41,40,39,30,30,30,31,31,35,35,32,33,33,33,50,50,57,57,57,57],"gold":190,"neow_bonus":"","is_daily":false,"chose_seed":false,"campfire_upgraded":5,"win_rate":0.0,"timestamp":1611318437,"path_taken":["M","$","M","M","M","E","R","?","T","E","M","E","?","$","R","BOSS","M","?","M","$","?","E","R","E","T","?","E","$","R","E","R","BOSS"],"items_purchased_type":["Card","Card","Relic","Card"],"build_version":"2020-12-22","purchased_purges":3,"victory":false,"max_hp_per_floor":[57,56,55,54,53,52,51,50,49,48,47,46,45,44,43,42,41,40,39,38,37,36,35,34,41,40,43,46,45,44,55,54,57,57,57,57],"relic_stats":{"Darkstone Periapt":0,"Lizard Tail":0,"counters":[18,88],"Tiny Chest":0,"Art of War":[42],"Whetstone":["Slimebound:DisruptingSlam","Slimebound:LeechingTouch"],"obtain_stats":[{"Darkstone Periapt":13,"hubris:Teleporter":12,"hubris:SphereOfDissonance":8,"Oddly Smooth Stone":14,"conspire:Boomerang":25,"Whetstone":26,"halation:SelfBoilingWater":23,"Old Coin":0,"Lizard Tail":28,"hubris:Icosahedron":22,"Slimebound:StickyStick":6,"Philosopher\u0027s Stone":17,"Tiny Chest":31,"Slimebound:AbsorbEndCombat":0,"Art of War":10,"Meat on the Bone":9},{"Darkstone Periapt":9,"hubris:Teleporter":9,"hubris:SphereOfDissonance":6,"Oddly Smooth Stone":9,"conspire:Boomerang":14,"Whetstone":14,"halation:SelfBoilingWater":13,"Old Coin":0,"Lizard Tail":16,"hubris:Icosahedron":12,"Slimebound:StickyStick":5,"Philosopher\u0027s Stone":10,"Tiny Chest":17,"Slimebound:AbsorbEndCombat":0,"Art of War":7,"Meat on the Bone":6},{"Darkstone Periapt":39,"hubris:Teleporter":39,"hubris:SphereOfDissonance":27,"Oddly Smooth Stone":39,"conspire:Boomerang":60,"Whetstone":60,"halation:SelfBoilingWater":57,"Old Coin":0,"Lizard Tail":70,"hubris:Icosahedron":53,"Slimebound:StickyStick":22,"Philosopher\u0027s Stone":45,"Tiny Chest":76,"Slimebound:AbsorbEndCombat":0,"Art of War":32,"Meat on the Bone":27}],"Meat on the Bone":12},"card_choices":[{"not_picked":["Slimebound:Schlurp","Slimebound:RollThrough"],"picked":"Slimebound:GoopSpray","floor":1},{"not_picked":["Slimebound:LeechingTouch","Slimebound:Prepare"],"picked":"Slimebound:SplitMire","floor":3},{"not_picked":["Slimebound:LivingWall","Slimebound:PressTheAttack"],"picked":"Slimebound:SplitMire","floor":4},{"not_picked":["Slimebound:ComboTackle","Slimebound:DuplicatedForm","Slimebound:SamplingLick"],"picked":"SKIP","floor":5},{"not_picked":["Slimebound:RallyTheTroops","Slimebound:Gluttony"],"picked":"Slimebound:GoopSpray","floor":6},{"not_picked":["Slimebound:SplitBruiser","Slimebound:ComboTackle"],"picked":"Slimebound:DouseInSlime","floor":8},{"not_picked":["Slimebound:HungryTackle","Slimebound:PrepareCrush","Slimebound:RollThrough"],"picked":"SKIP","floor":10},{"not_picked":["Slimebound:Replication","Slimebound:Schlurp","Slimebound:SlimeSpikes"],"picked":"SKIP","floor":11},{"not_picked":["Slimebound:LeechingTouch","Slimebound:GoopSpray"],"picked":"Slimebound:FormOfPuddle","floor":12},{"not_picked":["Slimebound:CheckThePlaybook","Slimebound:Darklings"],"picked":"Slimebound:Recycling","floor":16},{"not_picked":["Slimebound:SlimeSpikes","Slimebound:LeechingTouch","Slimebound:ItLooksTasty"],"picked":"SKIP","floor":18},{"not_picked":["Slimebound:Schlurp","Slimebound:SplitAcid","Slimebound:ViciousTackle"],"picked":"SKIP","floor":20},{"not_picked":["Slimebound:ComboTackle","Slimebound:ForwardTackle"],"picked":"Slimebound:MassFeed","floor":23},{"not_picked":["Slimebound:Grow","Slimebound:Schlurp","Slimebound:Gluttony"],"picked":"SKIP","floor":25},{"not_picked":["Slimebound:SlimeSpikes","Slimebound:SplitAcid"],"picked":"Slimebound:SamplingLick+1","floor":27},{"not_picked":["Slimebound:SplitBruiser","Slimebound:RollThrough","Slimebound:Gluttony"],"picked":"SKIP","floor":28},{"not_picked":["Slimebound:RejuvenatingLick","Slimebound:Darklings"],"picked":"Slimebound:SplitMire","floor":31},{"not_picked":["Slimebound:WasteNot","Slimebound:RallyTheTroops"],"picked":"Slimebound:OozeBath","floor":33}],"player_experience":454389,"relics_obtained":[{"floor":6,"key":"Slimebound:StickyStick"},{"floor":8,"key":"hubris:SphereOfDissonance"},{"floor":9,"key":"Meat on the Bone"},{"floor":10,"key":"Art of War"},{"floor":12,"key":"hubris:Teleporter"},{"floor":13,"key":"Darkstone Periapt"},{"floor":23,"key":"halation:SelfBoilingWater"},{"floor":25,"key":"conspire:Boomerang"},{"floor":26,"key":"Whetstone"},{"floor":28,"key":"Lizard Tail"},{"floor":31,"key":"Tiny Chest"}],"event_choices":[{"cards_removed":["Apotheosis"],"damage_healed":0,"gold_gain":0,"player_choice":"Take \u0026 Give","damage_taken":0,"max_hp_gain":0,"max_hp_loss":0,"event_name":"betterNote:BetterNote","floor":19,"gold_loss":0,"cards_obtained":["Slimebound:Prepare"]}],"is_beta":false,"boss_relics":[{"not_picked":["halation:Yufonium","halation:PinkAlligatorPlush"],"picked":"Philosopher\u0027s Stone"}],"items_purged_floors":[2,14,29],"is_endless":false,"potions_floor_spawned":[4,8,11,12,16,20,23,25],"ascension_level":20}}