{"host":"ujnw6e0uhhe703dz","time":1611325572,"event":{"mods":["Act Like it!","BaseMod","Beaked The Cultist","Block Reminder","Colored Powertips","Conspire","Friendly Minions","Hubris","Marked Mod","Minty Spire (QoL Compilation)","Relic Stats","SacredBarkPlus","Shop Mod","Spicy Shops","StSLib","The Cursed","The Death Knight","The Necromancer","Transform Curses","Uncapped"],"gold_per_floor":[18,32,49,324,84,84,94,94,117,117,17,17,37,70,70,70,70],"floor_reached":16,"language":"ENG","playtime":1094,"items_purged":["Regret","DeathKnight:Strike_DeathKnight"],"score":100,"play_id":"b31f0982-3370-47ce-ba06-f2b810f3fd47","local_time":"20210122142612","is_ascension_mode":false,"campfire_choices":[{"data":"Apotheosis","floor":6,"key":"SMITH"},{"data":"DeathKnight:RuneTap","floor":8,"key":"SMITH"},{"data":"DeathKnight:FoulBulwark","floor":10,"key":"SMITH"},{"floor":15,"key":"REST"}],"circlet_count":0,"master_deck":["DeathKnight:Strike_DeathKnight","DeathKnight:Strike_DeathKnight","DeathKnight:Strike_DeathKnight","DeathKnight:Defend_DeathKnight","DeathKnight:Defend_DeathKnight","DeathKnight:Defend_DeathKnight","DeathKnight:Defend_DeathKnight","DeathKnight:Defend_DeathKnight","DeathKnight:RuneTap+1","DeathKnight:RuneStrike","DeathKnight:VampiricBlood","DeathKnight:FoulBulwark+1","Apotheosis+1","DeathKnight:DeathStrike","DeathKnight:MindFreeze"],"relics":["DeathKnight:BrokenRuneblade","Centennial Puzzle","Lantern"],"acts_visited":["Exordium"],"potions_floor_usage":[14],"damage_taken":[{"damage":2,"enemies":"2 Louse","floor":1,"turns":3},{"damage":6,"enemies":"Jaw Worm","floor":2,"turns":4},{"damage":0,"enemies":"Small Slimes","floor":3,"turns":4},{"damage":28,"enemies":"Exordium Thugs","floor":7,"turns":8},{"damage":0,"enemies":"Blue Slaver","floor":13,"turns":4},{"damage":56,"enemies":"Gremlin Nob","floor":14,"turns":6},{"damage":53,"enemies":"Slime Boss","floor":16,"turns":12}],"seed_played":"7060636589287366803","potions_obtained":[{"floor":3,"key":"SteroidPotion"},{"floor":7,"key":"Dexterity Potion"},{"floor":14,"key":"FearPotion"}],"is_trial":false,"path_per_floor":["M","M","M","?","$","R","M","R","T","R","$","?","M","E","R","B"],"character_chosen":"DEATH_KNIGHT","items_purchased":["Apotheosis"],"campfire_rested":1,"item_purchase_floors":[5],"current_hp_per_floor":[73,67,67,67,67,67,39,39,39,39,39,39,50,5,27,0,0],"gold":70,"neow_bonus":"THREE_RARE_CARDS","is_daily":false,"chose_seed":false,"campfire_upgraded":3,"win_rate":0.0,"timestamp":1611325572,"path_taken":["M","M","M","?","?","R","?","R","T","R","$","?","M","E","R","BOSS"],"items_purchased_type":["Card"],"build_version":"2020-12-22","purchased_purges":2,"victory":false,"max_hp_per_floor":[75,75,75,75,75,75,75,75,75,75,75,75,75,75,75,75,75],"relic_stats":{"Centennial Puzzle":[6],"counters":[7,41],"obtain_stats":[{"Centennial Puzzle":9,"Lantern":14,"DeathKnight:BrokenRuneblade":0},{"Centennial Puzzle":4,"Lantern":6,"DeathKnight:BrokenRuneblade":0},{"Centennial Puzzle":19,"Lantern":29,"DeathKnight:BrokenRuneblade":0}]},"card_choices":[{"not_picked":["DeathKnight:MarkOfBlood","DeathKnight:Simulacrum"],"picked":"DeathKnight:VampiricBlood","floor":0},{"not_picked":["DeathKnight:DeathGrip","DeathKnight:HornOfWinter","DeathKnight:DeathsAdvance"],"picked":"SKIP","floor":1},{"not_picked":["DeathKnight:Rot","DeathKnight:HornOfWinter","DeathKnight:DeathGrip"],"picked":"SKIP","floor":2},{"not_picked":["DeathKnight:DeathCoil","DeathKnight:WraithWalk"],"picked":"DeathKnight:FoulBulwark","floor":3},{"not_picked":["DeathKnight:FrosPresence","DeathKnight:GargoyleSkin"],"picked":"DeathKnight:DeathStrike","floor":7},{"not_picked":["DeathKnight:UnholyPresence","DeathKnight:FrosPresence","DeathKnight:UnholyFrenzy"],"picked":"SKIP","floor":13},{"not_picked":["DeathKnight:Outbreak","DeathKnight:IcyTouch"],"picked":"DeathKnight:MindFreeze","floor":14}],"player_experience":525699,"relics_obtained":[{"floor":9,"key":"Centennial Puzzle"},{"floor":14,"key":"Lantern"}],"event_choices":[{"damage_healed":0,"gold_gain":275,"player_choice":"Desecrate","damage_taken":0,"max_hp_gain":0,"max_hp_loss":0,"event_name":"Golden Shrine","floor":4,"gold_loss":0,"cards_obtained":["Regret"]},{"cards_removed":["DeathKnight:Strike_DeathKnight"],"damage_healed":0,"gold_gain":0,"player_choice":"Purged","damage_taken":0,"max_hp_gain":0,"max_hp_loss":0,"event_name":"Purifier","floor":12,"gold_loss":0}],"is_beta":false,"boss_relics":[],"items_purged_floors":[5,11],"is_endless":false,"potions_floor_spawned":[3,7,14],"killed_by":"Slime Boss","ascension_level":0}}