{"host":"3imo7wsdyu7efakj","time":1611305304,"event":{"mods":["BaseMod","Downfall","Minty Spire (QoL Compilation)","StSLib"],"gold_per_floor":[99,111,130,147,161,261,315,240,254,204,204,219,50,77,89,185,185,135,150,170,270,281,281,307,323,337,99,174,188,188,202,218,317,317,67,85,96,147,165,165,191,191,191,191,218,68,99,117,130,130,130,165,115,65,65,65,65,65],"floor_reached":56,"language":"ZHS","playtime":5901,"items_purged":["Slimebound:Defend_Slimebound","Slimebound:Defend_Slimebound","Slimebound:Strike_Slimebound"],"score":865,"play_id":"853ba83c-fc23-44d6-98b7-9e07b4a57bc5","local_time":"20210122164824","is_ascension_mode":false,"campfire_choices":[{"data":"Slimebound:CorrosiveSpit","floor":1,"key":"SMITH"},{"data":"Slimebound:Schlurp","floor":10,"key":"SMITH"},{"data":"Slimebound:LeechEnergy","floor":18,"key":"SMITH"},{"floor":35,"key":"RECALL"},{"data":"Slimebound:TongueLash","floor":46,"key":"SMITH"},{"data":"Slimebound:Replication","floor":54,"key":"SMITH"}],"circlet_count":0,"master_deck":["Slimebound:Strike_Slimebound","Slimebound:Strike_Slimebound","Slimebound:Tackle","Slimebound:Defend_Slimebound","Slimebound:Split","Slimebound:CorrosiveSpit+1","Slimebound:Schlurp+1","Slimebound:LeechEnergy+1","Slimebound:SplitSpecialist","Slimebound:Dissolve","Slimebound:Schlurp+1","Slimebound:LeadByExample","Slimebound:ServeAndProtect","Slimebound:SamplingLick","Slimebound:SelfFormingGoo","Slimebound:Recollect","Slimebound:Repurpose","Slimebound:TongueLash+1","Slimebound:Recycling+1","Slimebound:SplitMire+1","Slimebound:LeechEnergy+1","Slimebound:Recycling+1","Slimebound:Replication+1","Slimebound:Dissolve+1"],"relics":["Slimebound:AbsorbEndCombat","Slimebound:GreedOozeRelic","Slimebound:AggressiveSlimeRelic","Guardian:PocketSentry","bronze:MakeshiftBattery","Mango","Frozen Egg 2","Slimebound:StickyStick","Art of War","Medical Kit","Busted Crown","downfall:HeartBlessingGreen","downfall:HeartBlessingBlue","hexamod:Sixitude","Smiling Mask","Singing Bowl","Vajra","Potion Belt","downfall:HeartBlessingRed","Incense Burner","Bird Faced Urn"],"acts_visited":["Exordium","TheCity","TheBeyond","TheEnding"],"potions_floor_usage":[13,14,22,27,27,33,38,50,50,55],"damage_taken":[{"damage":3,"enemies":"2 Louse","floor":2,"turns":3},{"damage":2,"enemies":"Jaw Worm","floor":3,"turns":3},{"damage":0,"enemies":"Cultist","floor":4,"turns":3},{"damage":19,"enemies":"Exordium Thugs","floor":5,"turns":4},{"damage":3,"enemies":"2 Fungi Beasts","floor":9,"turns":3},{"damage":9,"enemies":"Exordium Wildlife","floor":12,"turns":3},{"damage":10,"enemies":"downfall:FleeingMerchant","floor":13,"turns":4},{"damage":22,"enemies":"Gremlin Nob","floor":14,"turns":4},{"damage":18,"enemies":"Gremlin Gang","floor":15,"turns":3},{"damage":21,"enemies":"SI_SHIV_ARCHETYPE","floor":16,"turns":7},{"damage":14,"enemies":"Shell Parasite","floor":19,"turns":4},{"damage":0,"enemies":"Chosen","floor":20,"turns":3},{"damage":4,"enemies":"DF_ARCHETYPE_STREAMLINE","floor":21,"turns":7},{"damage":0,"enemies":"Snake Plant","floor":22,"turns":4},{"damage":0,"enemies":"Cultist and Chosen","floor":25,"turns":5},{"damage":4,"enemies":"Centurion and Healer","floor":26,"turns":5},{"damage":9,"enemies":"downfall:FleeingMerchant","floor":27,"turns":4},{"damage":12,"enemies":"downfall:FleeingMerchant","floor":28,"turns":3},{"damage":7,"enemies":"Snake Plant","floor":29,"turns":2},{"damage":0,"enemies":"Snecko","floor":31,"turns":3},{"damage":5,"enemies":"Cultist and Chosen","floor":32,"turns":4},{"damage":11,"enemies":"IC_MUSHROOM_ARCHETYPE","floor":33,"turns":6},{"damage":3,"enemies":"3 Darklings","floor":36,"turns":4},{"damage":1,"enemies":"Orb Walker","floor":37,"turns":3},{"damage":0,"enemies":"2 Orb Walkers","floor":38,"turns":4},{"damage":11,"enemies":"Sphere and 2 Shapes","floor":39,"turns":4},{"damage":18,"enemies":"Nemesis","floor":45,"turns":5},{"damage":0,"enemies":"Giant Head","floor":47,"turns":6},{"damage":0,"enemies":"Maw","floor":48,"turns":5},{"damage":11,"enemies":"3 Darklings","floor":49,"turns":4},{"damage":54,"enemies":"DF_ARCHETYPE_ORBS","floor":50,"turns":5},{"damage":30,"enemies":"downfall:CharBossMerchant","floor":52,"turns":6},{"damage":38,"enemies":"downfall:NeowBoss","floor":55,"turns":6},{"damage":102,"enemies":"downfall:NeowBossFinal","floor":56,"turns":3}],"seed_played":"-8276045607448625308","potions_obtained":[{"floor":3,"key":"EssenceOfSteel"},{"floor":4,"key":"SneckoOil"},{"floor":16,"key":"SpeedPotion"},{"floor":20,"key":"Guardian:BlockOnCardUsePotion"},{"floor":21,"key":"Dexterity Potion"},{"floor":22,"key":"Fire Potion"},{"floor":23,"key":"CultistPotion"},{"floor":26,"key":"AttackPotion"},{"floor":32,"key":"Guardian:BlockOnCardUsePotion"},{"floor":37,"key":"GamblersBrew"},{"floor":39,"key":"Fire Potion"},{"floor":49,"key":"AttackPotion"},{"floor":52,"key":"LiquidMemories"}],"is_trial":false,"path_per_floor":["R","M","M","M","M","?","T","?","M","R","?","M","$","E","M","B",null,"R","M","M","?","M","?","T","M","M","$","$","M","?","M","M","B",null,"R","M","M","?","M","?","T","?","T","?","E","R","E","M","M","B",null,"E","$","R","B","B"],"character_chosen":"SLIMEBOUND","items_purchased":["Slimebound:AggressiveSlimeRelic","Art of War","Medical Kit"],"campfire_rested":0,"item_purchase_floors":[13,27,28],"current_hp_per_floor":[71,70,71,71,58,58,58,58,59,59,59,58,56,40,28,15,71,71,59,65,81,85,85,85,85,85,80,74,69,95,95,94,91,95,105,105,105,105,98,98,98,98,98,98,90,90,100,110,106,59,111,91,91,91,69,0,0,0],"gold":65,"neow_bonus":"TEN_PERCENT_HP_BONUS","is_daily":false,"chose_seed":false,"campfire_upgraded":5,"win_rate":0.0,"timestamp":1611305304,"path_taken":["R","M","M","M","M","?","T","?","?","R","?","?","?","E","M","BOSS","R","M","M","?","M","?","T","M","M","?","$","?","?","?","M","BOSS","R","M","M","?","M","?","T","?","?","?","E","R","E","?","M","BOSS","E","$","R","BOSS","BOSS"],"items_purchased_type":["Relic","Relic","Relic"],"build_version":"2020-12-22","purchased_purges":3,"victory":false,"max_hp_per_floor":[71,71,71,71,71,71,71,71,71,71,71,71,71,71,71,71,71,71,71,71,85,85,85,85,85,85,85,85,85,95,95,95,95,95,105,105,105,105,105,105,105,105,105,105,107,107,109,111,111,111,111,113,113,113,113,113,113,113],"card_choices":[{"not_picked":["Slimebound:Prepare","Slimebound:SplitMire"],"picked":"Slimebound:Schlurp","floor":2},{"not_picked":["Slimebound:LeechingTouch","Slimebound:RollThrough","Slimebound:FinishingTackle"],"picked":"SKIP","floor":3},{"not_picked":["Slimebound:ItLooksTasty","Slimebound:GrowthPunch"],"picked":"Slimebound:LeechEnergy","floor":4},{"not_picked":["Slimebound:GoopTackle","Slimebound:ItLooksTasty"],"picked":"Slimebound:SplitSpecialist","floor":5},{"not_picked":["Slimebound:BestDefense","Slimebound:Recollect"],"picked":"Slimebound:Dissolve","floor":9},{"not_picked":["Slimebound:LivingWall","Slimebound:Chomp"],"picked":"Slimebound:Darklings","floor":12},{"not_picked":["Slimebound:Recollect","Slimebound:Equalize"],"picked":"Slimebound:LeadByExample","floor":13},{"not_picked":["Slimebound:HauntingLick","Slimebound:Chomp"],"picked":"Slimebound:ServeAndProtect","floor":14},{"not_picked":["Slimebound:SplitAcid","Slimebound:LivingWall"],"picked":"Slimebound:SamplingLick","floor":15},{"not_picked":["Slimebound:DuplicatedForm","Slimebound:PrepareCrush"],"picked":"Slimebound:SelfFormingGoo","floor":16},{"not_picked":["Slimebound:LeechingTouch","Slimebound:Replication"],"picked":"Slimebound:Recollect","floor":19},{"not_picked":["Slimebound:LevelUp","Slimebound:Chomp","Slimebound:TongueLash"],"picked":"SKIP","floor":20},{"not_picked":["Slimebound:TongueLash+1","Slimebound:GoopSpray+1"],"picked":"Slimebound:Repurpose","floor":21},{"not_picked":["Slimebound:FormOfPuddle","Slimebound:LivingWall"],"picked":"Slimebound:TongueLash","floor":22},{"not_picked":["Slimebound:SlimeSpikes","Slimebound:Grow+1","Slimebound:ItLooksTasty+1"],"picked":"SKIP","floor":25},{"not_picked":["Slimebound:ItLooksTasty","Slimebound:PressTheAttack","Slimebound:LeechEnergy"],"picked":"SKIP","floor":26},{"not_picked":["Slimebound:SplitBruiser","Slimebound:DivideAndConquer+1"],"picked":"Slimebound:Recycling+1","floor":27},{"not_picked":["Slimebound:SlimeBarrage","Slimebound:MegaLick"],"picked":"Slimebound:SplitMire+1","floor":28},{"not_picked":["Slimebound:DisruptingSlam","Slimebound:LeechEnergy","Slimebound:TongueLash"],"picked":"SKIP","floor":29},{"not_picked":["Slimebound:Schlurp+1","Slimebound:ComboTackle+1"],"picked":"Slimebound:LeechEnergy+1","floor":31},{"not_picked":["Slimebound:SplitAcid","Slimebound:LivingWall","Slimebound:ComboTackle"],"picked":"SKIP","floor":32},{"not_picked":["Slimebound:LeechLife","Slimebound:MinionMaster+1"],"picked":"Slimebound:Recycling+1","floor":33},{"not_picked":["Slimebound:LivingWall+1"],"picked":"SKIP","floor":36},{"not_picked":["Slimebound:LivingWall+1"],"picked":"SKIP","floor":37},{"not_picked":[],"picked":"Slimebound:Replication","floor":39},{"not_picked":["Slimebound:GoopSpray"],"picked":"Singing Bowl","floor":45},{"not_picked":["Slimebound:FormOfPuddle+1"],"picked":"Singing Bowl","floor":47},{"not_picked":["Slimebound:GoopTackle"],"picked":"Singing Bowl","floor":48},{"not_picked":[],"picked":"Slimebound:Dissolve+1","floor":49},{"not_picked":["Slimebound:RainOfGoop"],"picked":"Singing Bowl","floor":52}],"player_experience":278739,"relics_obtained":[{"floor":14,"key":"Guardian:PocketSentry"},{"floor":21,"key":"Mango"},{"floor":21,"key":"Frozen Egg 2"},{"floor":24,"key":"Slimebound:StickyStick"},{"floor":38,"key":"hexamod:Sixitude"},{"floor":41,"key":"Smiling Mask"},{"floor":43,"key":"Singing Bowl"},{"floor":44,"key":"Vajra"},{"floor":45,"key":"Potion Belt"},{"floor":47,"key":"Incense Burner"},{"floor":52,"key":"Bird Faced Urn"}],"event_choices":[{"cards_removed":["Slimebound:Darklings"],"damage_healed":16,"gold_gain":0,"player_choice":"Offered Rare","damage_taken":0,"max_hp_gain":10,"max_hp_loss":0,"event_name":"Bonfire Elementals","floor":30,"gold_loss":0},{"damage_healed":0,"gold_gain":0,"player_choice":"Fight","damage_taken":0,"max_hp_gain":0,"max_hp_loss":0,"event_name":"Mysterious Sphere","floor":38,"gold_loss":0},{"cards_removed":["Slimebound:Defend_Slimebound"],"damage_healed":0,"gold_gain":0,"player_choice":"Removed Skill","damage_taken":0,"max_hp_gain":0,"max_hp_loss":0,"event_name":"Falling","floor":40,"gold_loss":0}],"is_beta":false,"boss_relics":[{"not_picked":["SacredBark","Sozu"],"picked":"bronze:MakeshiftBattery"},{"not_picked":["Fusion Hammer","Runic Dome"],"picked":"Busted Crown"}],"items_purged_floors":[27,28,53],"is_endless":false,"potions_floor_spawned":[3,4,16,20,21,22,26,32,37,39,49,52],"killed_by":"downfall:NeowBossFinal","ascension_level":0}}