{"host":"njruw0b0uprlitpx","time":1611296811,"event":{"mods":["2.2 Compatiblity","Bartender","BaseMod","Better Altar","Better Match","Better Note","Better Sensory Stone","Better Skull","Better Third Choice","BetterRewards","Block Reminder","Colored Map","Colored Powertips","Energized Spire","Hermit","Jedi Mod","Keyboard Shortcuts","Minty Spire (QoL Compilation)","Quick Restart","Rare Cards Sparkle","Relic Stats","Replay The Spire","SacredBarkPlus","Spicy Shops","StSLib","SuperFastMode","The Blackbeard","The Bug Knight","The Construct","The Dragon Tamer","The Forsaken","The Mystic"],"gold_per_floor":[118,193,193,0,10,42,42,69,93,111,111,122,122,156,156,256,206,222,132,145,161,177,177,204,222,222,251,261,9,35,50,50,153,153,168,168,218,218,38,38,56,73,147,138,21,21,21,22,22,22],"floor_reached":51,"language":"ENG","playtime":5113,"items_purged":["construct:Defend_Gold","construct:Strike_Gold","construct:Strike_Gold","Pain"],"score":1875,"play_id":"8ced0830-5b7e-490e-927a-575c794b0816","local_time":"20210122002651","is_ascension_mode":true,"campfire_choices":[{"data":"construct:ShieldGenerator","floor":7.0,"key":"SMITH"},{"data":"construct:ShieldGenerator+1","floor":11,"key":"SMITH"},{"data":"construct:Backfire","floor":13,"key":"SMITH"},{"data":"construct:Backfire+1","floor":15,"key":"SMITH"},{"data":"construct:GoldenBullet","floor":23,"key":"SMITH"},{"floor":32,"key":"REST"},{"data":"construct:SiegeForm","floor":36,"key":"SMITH"},{"data":"construct:SiegeForm+1","floor":40,"key":"SMITH"},{"data":"construct:Zapper","floor":46,"key":"SMITH"},{"data":"construct:Zapper+1","floor":49,"key":"SMITH"}],"circlet_count":0,"master_deck":["AscendersBane","construct:Strike_Gold","construct:Strike_Gold","construct:Strike_Gold","construct:Defend_Gold","construct:Defend_Gold","construct:Defend_Gold","construct:AttackMode","construct:DefenseMode","construct:Missile","construct:Impenetrable","Master of Strategy","construct:Accumulate","construct:SuppressiveFire+1","construct:Hazardproof+1","construct:SaveState","construct:FocusedBeam","construct:HeavyBolt","construct:ClusterMines","construct:Backfire+2","construct:BatteryCore","construct:GatlingGun","construct:Strike_Gold","construct:VentSteam","construct:Zapper+2","construct:ScrapCannon","construct:MetalShell+1","Voices","construct:GoldenBullet+1","construct:Impenetrable+1","construct:ChargeShot+1","construct:OmegaCannon+1","construct:FierceBash","construct:MemoryTap","construct:Multistage","construct:SyphonStrike+1","construct:BatteryCore+1","construct:HastyRepair","Regret","construct:QuickAttack","construct:ClusterMines+2","construct:SiegeForm+2","construct:Forcefield+1","construct:Isolate+1","ReplayTheSpireMod:Doomed","construct:OneWayMirror+1","construct:GoldenBullet","Replay:BasicMightCard+1"],"relics":["construct:ClockworkPhoenix","Membership Card","BargainBundle","Prayer Wheel","ReplayTheSpireMod:Ninjato","White Beast Statue","TungstenRod","theForsaken:Lifeblossom","jedi:archwizardhat","jedi:arcanewood","Happy Flower","HollowMod:JonisBlessing","HollowMod:StagPassRelic","Pen Nib","HollowMod:PaleOreRelic","Oddly Smooth Stone","Replay:Grab Bag","energizedSpire:CursedPentagram","energizedSpire:HugeHouse","construct:ClawGrip","Ice Cream","Question Card","Pantograph","DollysMirror","Anchor","jedi:matchstick","ReplayTheSpireMod:DimensionalGlitch","StoneCalendar","Chemical X","Whetstone","Turnip","Golden Egg","Replay:Bottled Flurry","jedi:crownofsimplicity","ReplayTheSpireMod:CursedCoin"],"acts_visited":["Exordium","TheCity","TheBeyond"],"potions_floor_usage":[16,16,33,33,37,50,50,50,50,50,50],"damage_taken":[{"damage":0.0,"enemies":"2 Louse","floor":1.0,"turns":2.0},{"damage":0.0,"enemies":"Jaw Worm","floor":5.0,"turns":3.0},{"damage":0.0,"enemies":"3 Sentries","floor":6.0,"turns":4.0},{"damage":0.0,"enemies":"Lagavulin","floor":8.0,"turns":4.0},{"damage":0.0,"enemies":"Cultist","floor":10.0,"turns":3.0},{"damage":0,"enemies":"Looter","floor":12,"turns":2},{"damage":0,"enemies":"Gremlin Nob","floor":14,"turns":3},{"damage":7,"enemies":"The Guardian","floor":16,"turns":6},{"damage":0,"enemies":"Spheric Guardian","floor":18,"turns":2},{"damage":0,"enemies":"Shell Parasite","floor":20,"turns":2},{"damage":0,"enemies":"Chosen and Byrds","floor":21,"turns":4},{"damage":0,"enemies":"Shelled Parasite and Fungi","floor":22,"turns":3},{"damage":9,"enemies":"Slavers","floor":24,"turns":4},{"damage":0,"enemies":"Snake Plant","floor":25,"turns":4},{"damage":0,"enemies":"Book of Stabbing","floor":27,"turns":4},{"damage":0,"enemies":"Snecko","floor":28,"turns":3},{"damage":6,"enemies":"Slavers","floor":30,"turns":3},{"damage":4,"enemies":"Centurion and Healer","floor":31,"turns":3},{"damage":0,"enemies":"Automaton","floor":33,"turns":8},{"damage":0,"enemies":"Orb Walker","floor":35,"turns":2},{"damage":0,"enemies":"2 Orb Walkers","floor":37,"turns":2},{"damage":0,"enemies":"R_Hoarder","floor":41,"turns":2},{"damage":0,"enemies":"3 Darklings","floor":42,"turns":3},{"damage":2,"enemies":"Giant Head","floor":44,"turns":5},{"damage":0,"enemies":"Writhing Mass","floor":48,"turns":3},{"damage":0,"enemies":"Donu and Deca","floor":50,"turns":4}],"seed_played":"978234087931345707","potions_obtained":[{"floor":1.0,"key":"PowerPotion"},{"floor":6.0,"key":"Energy Potion"},{"floor":8.0,"key":"GamblersBrew"},{"floor":10,"key":"Strength Potion"},{"floor":12,"key":"ColorlessPotion"},{"floor":16,"key":"Block Potion"},{"floor":18,"key":"Swift Potion"},{"floor":20,"key":"LiquidMemories"},{"floor":21,"key":"jedi:hoardpotion"},{"floor":27,"key":"SteroidPotion"},{"floor":28,"key":"CultistPotion"},{"floor":33,"key":"DistilledChaos"},{"floor":35,"key":"Energy Potion"},{"floor":37,"key":"Energy Potion"},{"floor":44,"key":"EntropicBrew"}],"is_trial":false,"path_per_floor":["M","?","T","$","M","E","R","E","T","M","R","M","R","E","R","B",null,"M","?","M","M","M","R","E","M","T","E","M","$","E","M","R","B",null,"M","R","?","?","$","R","E","M","T","E","$","R","?","M","R","B",null],"character_chosen":"THE_CONSTRUCT_MOD","items_purchased":["Membership Card","BargainBundle","ReplayTheSpireMod:Ninjato","White Beast Statue","construct:Missile","construct:Impenetrable","TungstenRod","theForsaken:Lifeblossom","Master of Strategy","AttackPotion","Regen Potion","jedi:StrikingPotion","construct:Accumulate","construct:SuppressiveFire+1","jedi:arcanewood","Happy Flower","HollowMod:JonisBlessing","construct:SyphonStrike","DollysMirror","Anchor","Chemical X","Whetstone","Elixir","Replay:BasicMightCard","jedi:crownofsimplicity","ReplayTheSpireMod:CursedCoin","construct:VentSteam"],"campfire_rested":1,"item_purchase_floors":[0,0,0,0,0,0,0,0,0,0,0,0,0,0,4,4,4,29,29,29,39,39,39,45,45,45,45],"current_hp_per_floor":[80,70,70,70,70,70,70,70,70,70,70,70,70,70,70,63,76,76,76,76,76,76,76,67,67,67,67,67,67,61,57,80,80,80,80,80,80,80,80,80,80,80,80,78,78,78,78,78,78,78],"gold":22,"neow_bonus":"","is_daily":false,"chose_seed":false,"campfire_upgraded":9,"win_rate":0.0,"timestamp":1611296811,"path_taken":["M","?","?","?","M","E","R","E","T","M","R","?","?","E","R","BOSS","M","?","?","M","M","R","E","M","T","E","M","$","E","?","R","BOSS","M","?","?","?","$","R","E","?","T","E","$","R","?","M","R","BOSS"],"items_purchased_type":["Relic","Relic","Relic","Relic","Card","Card","Relic","Relic","Card","Potion","Potion","Potion","Card","Card","Relic","Relic","Relic","Card","Relic","Relic","Relic","Relic","Potion","Card","Relic","Relic","Card"],"build_version":"2020-12-22","purchased_purges":4,"victory":true,"max_hp_per_floor":[85,85,85,85,85,85,85,85,85,85,85,85,85,85,85,85,80,80,80,80,80,80,80,80,80,80,80,80,80,80,80,80,80,80,80,80,80,80,80,80,80,80,80,80,80,80,80,80,80,80],"relic_stats":{"Happy Flower":[45],"counters":[43,138],"Pantograph":0,"Prayer Wheel":15,"StoneCalendar":[0],"Pen Nib":[20],"Turnip":[0],"Chemical X":[11],"Whetstone":["construct:ChargeShot","construct:ClusterMines"],"Question Card":16,"obtain_stats":[{"Ice Cream":24,"Golden Egg":43,"Whetstone":39,"construct:ClockworkPhoenix":0,"HollowMod:StagPassRelic":6,"Ring of Searing":31,"DollysMirror":29,"Prayer Wheel":0,"Replay:Bottled Flurry":44,"Kunai":7,"HollowMod:PaleOreRelic":9,"Replay:Wax Seal":48,"Happy Flower":4,"ReplayTheSpireMod:CursedCoin":45,"Replay:Grab Bag":17,"HollowMod:JonisBlessing":4,"Oddly Smooth Stone":14,"Pen Nib":8,"Question Card":26,"Replay:Baseball":26,"energizedSpire:NeverEndingSparkler":34,"Pandora\u0027s Box":17,"ReplayTheSpireMod:DimensionalGlitch":34,"Meat on the Bone":3,"Mango":39,"theForsaken:Lifeblossom":0,"StoneCalendar":37,"jedi:Pinwheel":43,"jedi:archwizardhat":3,"ClockworkSouvenir":5,"Replay:Rubber Ducky":9,"energizedSpire:CursedPentagram":17,"Pantograph":27,"Genji_Glove":11,"jedi:matchstick":30,"energizedSpire:HugeHouse":17,"Chemical X":37,"Ring of Panic":31,"BargainBundle":0,"construct:ClawGrip":17,"ReplayTheSpireMod:Ninjato":0,"The Courier":10,"jedi:crownofsimplicity":45,"Medical Kit":37,"White Beast Statue":0,"Anchor":29,"Turnip":41,"Membership Card":0,"jedi:arcanewood":4,"FossilizedHelix":38,"TungstenRod":0},{"Ice Cream":30,"Golden Egg":40,"Whetstone":38,"construct:ClockworkPhoenix":0,"HollowMod:StagPassRelic":20,"Ring of Searing":9,"DollysMirror":33,"Prayer Wheel":17,"Replay:Bottled Flurry":41,"Kunai":3,"HollowMod:PaleOreRelic":21,"Replay:Wax Seal":16,"Happy Flower":18,"ReplayTheSpireMod:CursedCoin":41,"Replay:Grab Bag":25,"HollowMod:JonisBlessing":18,"Oddly Smooth Stone":24,"Pen Nib":21,"Question Card":31,"Replay:Baseball":9,"energizedSpire:NeverEndingSparkler":10,"Pandora\u0027s Box":5,"ReplayTheSpireMod:DimensionalGlitch":36,"Meat on the Bone":1,"Mango":13,"theForsaken:Lifeblossom":17,"StoneCalendar":38,"jedi:Pinwheel":13,"jedi:archwizardhat":18,"ClockworkSouvenir":2,"Replay:Rubber Ducky":3,"energizedSpire:CursedPentagram":25,"Pantograph":32,"Genji_Glove":4,"jedi:matchstick":34,"energizedSpire:HugeHouse":25,"Chemical X":11,"Ring of Panic":9,"BargainBundle":17,"construct:ClawGrip":25,"ReplayTheSpireMod:Ninjato":17,"The Courier":4,"jedi:crownofsimplicity":41,"Medical Kit":11,"White Beast Statue":17,"Anchor":33,"Turnip":39,"Membership Card":17,"jedi:arcanewood":18,"FossilizedHelix":12,"TungstenRod":17},{"Ice Cream":92,"Golden Egg":126,"Whetstone":121,"construct:ClockworkPhoenix":0,"HollowMod:StagPassRelic":59,"Ring of Searing":29,"DollysMirror":103,"Prayer Wheel":50,"Replay:Bottled Flurry":131,"Kunai":8,"HollowMod:PaleOreRelic":63,"Replay:Wax Seal":45,"Happy Flower":52,"ReplayTheSpireMod:CursedCoin":131,"Replay:Grab Bag":77,"HollowMod:JonisBlessing":52,"Oddly Smooth Stone":71,"Pen Nib":63,"Question Card":96,"Replay:Baseball":29,"energizedSpire:NeverEndingSparkler":34,"Pandora\u0027s Box":18,"ReplayTheSpireMod:DimensionalGlitch":117,"Meat on the Bone":2,"Mango":40,"theForsaken:Lifeblossom":50,"StoneCalendar":121,"jedi:Pinwheel":40,"jedi:archwizardhat":52,"ClockworkSouvenir":4,"Replay:Rubber Ducky":8,"energizedSpire:CursedPentagram":77,"Pantograph":100,"Genji_Glove":12,"jedi:matchstick":106,"energizedSpire:HugeHouse":77,"Chemical X":36,"Ring of Panic":29,"BargainBundle":50,"construct:ClawGrip":77,"ReplayTheSpireMod:Ninjato":50,"The Courier":12,"jedi:crownofsimplicity":131,"Medical Kit":36,"White Beast Statue":50,"Anchor":103,"Turnip":123,"Membership Card":50,"jedi:arcanewood":52,"FossilizedHelix":38,"TungstenRod":50}],"TungstenRod":11},"card_choices":[{"not_picked":["construct:SaveState","construct:Reinforce"],"picked":"construct:Hazardproof","floor":1.0},{"not_picked":["construct:Forcefield","construct:Backup","construct:Reinforce"],"picked":"SKIP","floor":1.0},{"not_picked":["construct:FocusedBeam","construct:ShiftGuard"],"picked":"construct:SaveState","floor":5.0},{"not_picked":["construct:Anticipate","construct:Versatility"],"picked":"construct:FocusedBeam","floor":5.0},{"not_picked":["construct:MetalShell","construct:Failsafe"],"picked":"construct:ShieldGenerator","floor":6.0},{"not_picked":["construct:Anticipate","construct:ShiftStrike"],"picked":"construct:HeavyBolt","floor":8.0},{"not_picked":["construct:UnbalancingBlast","construct:Boost"],"picked":"construct:ClusterMines","floor":10},{"not_picked":["construct:Accumulate","construct:ShiftStrike","construct:ModeShift"],"picked":"SKIP","floor":10},{"not_picked":["construct:Accumulate","construct:Analyze"],"picked":"construct:Backfire","floor":12},{"not_picked":["construct:Backup","construct:ShiftGuard","construct:Forcefield"],"picked":"SKIP","floor":12},{"not_picked":["construct:ModeShift","construct:Stasis"],"picked":"construct:BatteryCore","floor":14},{"not_picked":["construct:ShieldBurst","construct:ShieldGenerator"],"picked":"construct:GatlingGun","floor":16},{"not_picked":["construct:Autoturret","construct:Anticipate"],"picked":"construct:Zapper","floor":18},{"not_picked":["construct:Accumulate","construct:Backfire+1"],"picked":"construct:ScrapCannon","floor":18},{"not_picked":["construct:Overcharge","construct:Analyze","construct:SaveState"],"picked":"SKIP","floor":20},{"not_picked":["construct:Anticipate","construct:Backfire","construct:Versatility"],"picked":"SKIP","floor":20},{"not_picked":["construct:SaveState+1","construct:Missile"],"picked":"construct:MetalShell+1","floor":21},{"not_picked":["construct:Backfire","construct:Electrocute"],"picked":"construct:GoldenBullet","floor":21},{"not_picked":["construct:VentSteam","construct:Antimatter"],"picked":"construct:Impenetrable+1","floor":22},{"not_picked":["construct:Antimatter","construct:Backfire"],"picked":"construct:ChargeShot","floor":22},{"not_picked":["construct:ClusterMines","construct:ElectricArmor"],"picked":"construct:OmegaCannon+1","floor":24},{"not_picked":["construct:BatteryAcid+1","construct:SuppressiveFire"],"picked":"construct:FierceBash","floor":25},{"not_picked":["construct:ModeShift+1","construct:Accumulate","construct:SuppressiveFire"],"picked":"SKIP","floor":25},{"not_picked":["construct:VentSteam+1","construct:ClusterMines","construct:Stasis+1"],"picked":"construct:MemoryTap","floor":27},{"not_picked":["construct:VentSteam","construct:ElectricArmor","construct:FocusedBeam"],"picked":"construct:Multistage","floor":28},{"not_picked":["construct:Versatility","construct:ScrapCannon+1","construct:Construct_Overclock+1","construct:GuardCore"],"picked":"SKIP","floor":28},{"not_picked":["construct:Autoturret+1","construct:VentSteam","construct:Chainstrike+1"],"picked":"construct:HastyRepair","floor":30},{"not_picked":["construct:Electrocute","construct:SaveState","construct:Failsafe"],"picked":"construct:QuickAttack","floor":31},{"not_picked":["construct:Accumulate","construct:Forcefield","construct:PowerUp+1"],"picked":"construct:ClusterMines+1","floor":31},{"not_picked":["construct:ShieldGenerator","construct:MemoryTap","construct:MassProduction"],"picked":"construct:SiegeForm","floor":33},{"not_picked":["construct:Analyze","construct:ClusterMines","construct:Accumulate"],"picked":"construct:Forcefield+1","floor":35},{"not_picked":["construct:Analyze","construct:Autoturret+1","construct:OneWayMirror"],"picked":"construct:Isolate+1","floor":35},{"not_picked":["construct:SweepLaser+1","construct:Boost","construct:Reinforce+1"],"picked":"construct:OneWayMirror+1","floor":41},{"not_picked":["construct:PowerUp","construct:FierceBash+1","construct:GuardCore+1"],"picked":"construct:GoldenBullet","floor":42},{"not_picked":["construct:Reinforce","construct:Autoturret+1","construct:Backfire+1","construct:FlameCore+1"],"picked":"SKIP","floor":42},{"not_picked":["construct:Reinforce","construct:Autoturret+1","construct:Backfire+1","construct:FlameCore+1"],"picked":"SKIP","floor":42},{"not_picked":["construct:Backfire+1","construct:Synchronize","construct:Forcefield+1","construct:LaserCore"],"picked":"SKIP","floor":44},{"not_picked":["construct:Reinforce","construct:GoldenBullet","construct:HeavyBolt","construct:ModeShift+1"],"picked":"SKIP","floor":48},{"not_picked":["construct:HeavyBolt+1","construct:SyphonStrike","construct:FocusedBeam","construct:LaserCore"],"picked":"SKIP","floor":48}],"player_experience":1768838,"relics_obtained":[{"floor":3.0,"key":"jedi:archwizardhat"},{"floor":6.0,"key":"HollowMod:StagPassRelic"},{"floor":8.0,"key":"Pen Nib"},{"floor":9.0,"key":"HollowMod:PaleOreRelic"},{"floor":14,"key":"Oddly Smooth Stone"},{"floor":24,"key":"Ice Cream"},{"floor":26,"key":"Question Card"},{"floor":27,"key":"Pantograph"},{"floor":30,"key":"jedi:matchstick"},{"floor":37,"key":"StoneCalendar"},{"floor":41,"key":"Turnip"},{"floor":43,"key":"Golden Egg"},{"floor":44,"key":"Replay:Bottled Flurry"}],"event_choices":[{"damage_healed":0.0,"max_hp_gain":0.0,"max_hp_loss":0.0,"gold_gain":75.0,"event_name":"betterThird:BetterGoop","player_choice":"Gold","floor":2.0,"gold_loss":0.0,"damage_taken":11.0},{"cards_removed":["construct:Defend_Gold"],"damage_healed":0,"gold_gain":0,"player_choice":"Upgrade and Remove","damage_taken":0,"max_hp_gain":0,"max_hp_loss":0,"event_name":"Designer","floor":19,"gold_loss":90,"cards_upgraded":["construct:Hazardproof"]},{"damage_healed":0,"gold_gain":0,"player_choice":"Fight","damage_taken":0,"max_hp_gain":0,"max_hp_loss":0,"event_name":"Mysterious Sphere","floor":37,"gold_loss":0},{"cards_removed":["construct:VentSteam"],"damage_healed":0,"gold_gain":0,"player_choice":"Removed Skill","damage_taken":0,"max_hp_gain":0,"max_hp_loss":0,"event_name":"Falling","floor":47,"gold_loss":0}],"is_beta":false,"boss_relics":[{"not_picked":["Tiny House","Snecko Eye"],"picked":"Replay:Grab Bag"},{"not_picked":["energizedSpire:OgreHead","Ectoplasm"],"picked":"energizedSpire:CursedPentagram"},{"not_picked":["energizedSpire:EnergizedDie","energizedSpire:StickyHand"],"picked":"energizedSpire:HugeHouse"},{"not_picked":["SlaversCollar","Snecko Heart"],"picked":"construct:ClawGrip"},{"not_picked":["Replay:Ancient Bell","energizedSpire:DeadBattery"],"picked":"ReplayTheSpireMod:DimensionalGlitch"}],"items_purged_floors":[0,0,29,45],"is_endless":false,"potions_floor_spawned":[1,5,6,8,10,12,14,16,18,20,21,22,24,25,27,28,30,31,33,35,37,41,42,44,48],"ascension_level":10}}