{"host":"8c7ixdz8x9d2d2wv","time":1611340267,"event":{"mods":["AYAYA","BaseMod","Better Altar","Better Sensory Stone","Better Third Choice","Better-Laid Plans","BetterRewards","Colored Map","Colored Powertips","Curses Come First","Dark Map","Defuse TimeMaze Blight","Emptier Cage","Good Game Mod","Highlight Path","Minty Spire (QoL Compilation)","Quick Restart","Rare Cards Sparkle","Relic Sorter","Remove Card Discount Mod","Reorder Act Four","Shop Mod","StSLib","Transform Curses","Uncapped","everything is the same but u backflip on backflip"],"gold_per_floor":[111,129,147,147,159,190,190,209,209,223,233,233,233,233],"floor_reached":13,"language":"ENG","playtime":750,"items_purged":["Strike_G","Defend_G","Strike_G","Strike_G"],"score":89,"play_id":"d5d7b8a0-0b00-4d4f-9ba2-d541c943dc09","local_time":"20210122193107","is_ascension_mode":false,"campfire_choices":[{"data":"Catalyst","floor":7,"key":"SMITH"},{"floor":12,"key":"REST"}],"circlet_count":0,"master_deck":["Strike_G","Strike_G","Defend_G","Defend_G","Defend_G","Defend_G+1","Survivor","Neutralize","Caltrops","Catalyst+1","Good Instincts+1","Phantasmal Killer","Deflect"],"relics":["Ring of the Snake","REME:ComplimentaryCards","MerchantsRug","War Paint"],"acts_visited":["Exordium"],"potions_floor_usage":[6],"damage_taken":[{"damage":0,"enemies":"Jaw Worm","floor":1,"turns":8},{"damage":0,"enemies":"Cultist","floor":2,"turns":5},{"damage":0,"enemies":"2 Louse","floor":3,"turns":2},{"damage":2,"enemies":"Looter","floor":5,"turns":3},{"damage":53,"enemies":"Lagavulin","floor":6,"turns":17},{"damage":0,"enemies":"2 Fungi Beasts","floor":8,"turns":5},{"damage":0,"enemies":"Exordium Wildlife","floor":10,"turns":3},{"damage":9,"enemies":"3 Louse","floor":11,"turns":7},{"damage":61,"enemies":"Gremlin Nob","floor":13,"turns":6}],"seed_played":"-1235393600792078729","potions_obtained":[{"floor":1,"key":"Regen Potion"},{"floor":3,"key":"SmokeBomb"},{"floor":6,"key":"FearPotion"}],"is_trial":false,"path_per_floor":["M","M","M","?","M","E","R","M","T","M","M","R","E"],"character_chosen":"THE_SILENT","items_purchased":["MerchantsRug","Caltrops","Catalyst"],"campfire_rested":1,"item_purchase_floors":[0,0,0],"current_hp_per_floor":[61,61,61,61,59,21,21,21,21,21,12,33,0,0],"gold":233,"neow_bonus":"","is_daily":false,"chose_seed":false,"campfire_upgraded":1,"win_rate":0.0,"timestamp":1611340267,"path_taken":["M","M","M","?","M","E","R","M","T","M","M","R","E"],"items_purchased_type":["Relic","Card","Card"],"build_version":"2020-12-22","purchased_purges":4,"victory":false,"max_hp_per_floor":[70,70,70,70,70,70,70,70,70,70,70,70,70,70],"card_choices":[{"not_picked":["Tactician","Eviscerate"],"picked":"Crippling Poison","floor":1},{"not_picked":["Quick Slash","Underhanded Strike","Deadly Poison"],"picked":"SKIP","floor":2},{"not_picked":["Infinite Blades","Bane","Crippling Poison"],"picked":"SKIP","floor":3},{"not_picked":["Heel Hook","Footwork"],"picked":"Deflect","floor":5},{"not_picked":["Concentrate","Blade Dance","Flying Knee"],"picked":"SKIP","floor":6},{"not_picked":["Dagger Spray","Tactician","PiercingWail"],"picked":"SKIP","floor":8},{"not_picked":["Deadly Poison","Blade Dance","Dagger Throw"],"picked":"SKIP","floor":10},{"not_picked":["Prepared","Venomology","Deadly Poison"],"picked":"SKIP","floor":11}],"player_experience":662950,"relics_obtained":[{"floor":6,"key":"War Paint"}],"event_choices":[{"damage_healed":0,"gold_gain":0,"cards_transformed":["Crippling Poison"],"player_choice":"Transformed","damage_taken":0,"max_hp_gain":0,"max_hp_loss":0,"event_name":"Transmorgrifier","floor":4,"gold_loss":0,"cards_obtained":["Phantasmal Killer"]}],"is_beta":false,"boss_relics":[],"items_purged_floors":[0,0,0,0],"is_endless":false,"potions_floor_spawned":[1,3,6],"killed_by":"Gremlin Nob","ascension_level":0}}