{"host":"x7xd4wkamhrqrrvw","time":1611294697,"event":{"mods":["AchievementEnabler","BaseMod","Minty Spire (QoL Compilation)","StSLib"],"gold_per_floor":[359,359,380,380,30,69,69,100,100,115,134,178,178,222,222,318,318,337,337,351,99,122,122,163,163,163,163,187,222,222,247,247,336,336,356,406,419,294,313,351,351,152,175,175,215,40,60,79,79,79,79,79,28,61,61],"floor_reached":56,"language":"ENG","playtime":3091,"items_purged":["Defend_R","Strike_R","Rupture","Wild Strike","Bash"],"score":2403,"play_id":"788f0ca9-358d-4304-8d40-3f672f7b2789","local_time":"20210122035137","is_ascension_mode":true,"campfire_choices":[{"data":"Rage","floor":7,"key":"SMITH"},{"data":"Barricade","floor":13,"key":"SMITH"},{"data":"Entrench","floor":15,"key":"SMITH"},{"data":"Shrug It Off","floor":23,"key":"SMITH"},{"data":"Shrug It Off","floor":25,"key":"SMITH"},{"data":"Shrug It Off","floor":27,"key":"SMITH"},{"data":"Flame Barrier","floor":32,"key":"SMITH"},{"data":"Shrug It Off","floor":41,"key":"SMITH"},{"floor":44,"key":"RECALL"},{"data":"Uppercut","floor":49,"key":"SMITH"},{"data":"Burning Pact","floor":52,"key":"SMITH"}],"circlet_count":0,"master_deck":["AscendersBane","Rage+1","Cleave","Swift Strike","Shrug It Off+1","Shrug It Off+1","Burning Pact+1","Barricade+1","Entrench+1","Shrug It Off+1","Battle Trance","Flame Barrier+1","Offering","Shrug It Off+1","Metallicize","Uppercut+1","Body Slam","Seeing Red+1"],"relics":["Burning Blood","Golden Idol","Singing Bowl","PreservedInsect","Du-Vu Doll","Letter Opener","Kunai","Akabeko","HornCleat","Runic Dome","Bronze Scales","Regal Pillow","Pantograph","Boot","Pandora\u0027s Box","Bottled Tornado","Potion Belt","MealTicket","Blood Vial"],"acts_visited":["Exordium","TheCity","TheBeyond","TheEnding"],"potions_floor_usage":[12,16,29,39,40,40,50,55],"damage_taken":[{"damage":3,"enemies":"2 Louse","floor":1,"turns":4},{"damage":1,"enemies":"Jaw Worm","floor":3,"turns":5},{"damage":10,"enemies":"3 Sentries","floor":6,"turns":6},{"damage":0,"enemies":"Gremlin Nob","floor":8,"turns":3},{"damage":0,"enemies":"Cultist","floor":10,"turns":3},{"damage":10,"enemies":"Lots of Slimes","floor":11,"turns":3},{"damage":9,"enemies":"Lagavulin","floor":12,"turns":7},{"damage":19,"enemies":"3 Sentries","floor":14,"turns":6},{"damage":4,"enemies":"The Guardian","floor":16,"turns":17},{"damage":0,"enemies":"Spheric Guardian","floor":18,"turns":6},{"damage":0,"enemies":"Chosen","floor":20,"turns":6},{"damage":10,"enemies":"Centurion and Healer","floor":22,"turns":14},{"damage":23,"enemies":"Gremlin Leader","floor":24,"turns":5},{"damage":0,"enemies":"Snecko","floor":28,"turns":7},{"damage":0,"enemies":"Slavers","floor":29,"turns":4},{"damage":0,"enemies":"3 Cultists","floor":31,"turns":5},{"damage":0,"enemies":"Collector","floor":33,"turns":16},{"damage":6,"enemies":"3 Shapes","floor":35,"turns":4},{"damage":18,"enemies":"3 Darklings","floor":37,"turns":6},{"damage":6,"enemies":"Transient","floor":39,"turns":5},{"damage":6,"enemies":"Reptomancer","floor":40,"turns":9},{"damage":16,"enemies":"Giant Head","floor":45,"turns":6},{"damage":6,"enemies":"Spire Growth","floor":47,"turns":4},{"damage":19,"enemies":"Writhing Mass","floor":48,"turns":3},{"damage":6,"enemies":"Donu and Deca","floor":50,"turns":6},{"damage":6,"enemies":"Shield and Spear","floor":54,"turns":6},{"damage":13,"enemies":"The Heart","floor":55,"turns":9}],"seed_played":"-534565876654832972","potions_obtained":[{"floor":3,"key":"Strength Potion"},{"floor":10,"key":"SmokeBomb"},{"floor":11,"key":"BloodPotion"},{"floor":12,"key":"SpeedPotion"},{"floor":14,"key":"FairyPotion"},{"floor":18,"key":"Fire Potion"},{"floor":31,"key":"BloodPotion"},{"floor":39,"key":"EntropicBrew"},{"floor":47,"key":"SneckoOil"}],"is_trial":false,"path_per_floor":["M","?","M","?","$","E","R","E","T","M","M","E","R","E","R","B",null,"M","?","M","$","M","R","E","R","T","R","M","E","?","M","R","B",null,"M","T","M","$","M","E","R","$","T","R","E","$","M","M","R","B",null,"R","$","E","B",null],"character_chosen":"IRONCLAD","items_purchased":["PreservedInsect","Swift Strike","Shrug It Off","Bronze Scales","Body Slam","Energy Potion"],"campfire_rested":0,"item_purchase_floors":[5,5,5,21,42,53],"current_hp_per_floor":[53,27,32,32,32,30,30,36,36,42,40,52,52,39,39,43,72,80,80,83,83,79,79,64,64,64,64,70,78,78,86,86,91,91,93,93,83,83,97,99,99,99,99,99,91,101,103,92,92,105,105,105,105,105,98],"gold":61,"neow_bonus":"TWO_FIFTY_GOLD","is_daily":false,"chose_seed":false,"campfire_upgraded":10,"win_rate":0.0,"timestamp":1611294697,"path_taken":["M","?","M","?","$","E","R","E","T","M","M","E","R","E","R","BOSS","M","?","M","$","?","R","E","R","T","R","M","E","?","M","R","BOSS","M","?","M","$","M","E","R","$","T","R","E","$","M","M","R","BOSS","R","$","E","BOSS"],"items_purchased_type":["Relic","Card","Card","Relic","Card","Potion"],"build_version":"2020-12-22","purchased_purges":5,"victory":true,"max_hp_per_floor":[75,75,75,75,75,77,77,77,77,77,79,79,79,79,79,81,81,83,83,83,83,83,83,85,85,85,85,85,87,87,89,89,91,91,93,93,95,95,97,99,99,99,99,99,101,101,103,105,105,105,105,105,105,105,105],"card_choices":[{"not_picked":["Twin Strike","Armaments"],"picked":"Rage","floor":1},{"not_picked":["Warcry","Clash"],"picked":"Cleave","floor":3},{"not_picked":["Dropkick","Sword Boomerang","Body Slam"],"picked":"Singing Bowl","floor":6},{"not_picked":["Corruption","Flex"],"picked":"Shrug It Off","floor":8},{"not_picked":["Clash","Body Slam"],"picked":"Burning Pact","floor":10},{"not_picked":["Twin Strike","Body Slam","Flex"],"picked":"Singing Bowl","floor":11},{"not_picked":["Clash","Spot Weakness"],"picked":"Barricade","floor":12},{"not_picked":["Rampage","Headbutt"],"picked":"Entrench","floor":14},{"not_picked":["Limit Break","Bludgeon","Demon Form"],"picked":"Singing Bowl","floor":16},{"not_picked":["Headbutt","Iron Wave","True Grit"],"picked":"Singing Bowl","floor":18},{"not_picked":["Clash","Flex"],"picked":"Shrug It Off","floor":20},{"not_picked":["Heavy Blade","Evolve"],"picked":"Battle Trance","floor":22},{"not_picked":["Warcry","Flex","Pummel"],"picked":"Singing Bowl","floor":24},{"not_picked":["Twin Strike","Pummel"],"picked":"Flame Barrier","floor":28},{"not_picked":["Iron Wave","Entrench","Heavy Blade"],"picked":"Singing Bowl","floor":29},{"not_picked":["Searing Blow","Brutality","Feel No Pain"],"picked":"Singing Bowl","floor":31},{"not_picked":["Barricade","Exhume","Limit Break"],"picked":"Singing Bowl","floor":33},{"not_picked":["Thunderclap","Havoc","Fire Breathing"],"picked":"Singing Bowl","floor":35},{"not_picked":["Warcry+1","Sever Soul","Wild Strike"],"picked":"Singing Bowl","floor":37},{"not_picked":["Dark Embrace","Battle Trance","Sword Boomerang"],"picked":"Singing Bowl","floor":39},{"not_picked":["Flame Barrier","Perfected Strike","Warcry+1"],"picked":"Singing Bowl","floor":40},{"not_picked":["True Grit","Dual Wield+1","Clothesline"],"picked":"Singing Bowl","floor":45},{"not_picked":["Rupture+1","Spot Weakness","Pommel Strike"],"picked":"Singing Bowl","floor":47},{"not_picked":["Cleave","Sever Soul","Perfected Strike"],"picked":"Singing Bowl","floor":48},{"not_picked":["Heavy Blade","Havoc+1"],"picked":"Seeing Red+1","floor":54}],"player_experience":384241,"relics_obtained":[{"floor":6,"key":"Du-Vu Doll"},{"floor":8,"key":"Letter Opener"},{"floor":9,"key":"Kunai"},{"floor":12,"key":"Akabeko"},{"floor":14,"key":"HornCleat"},{"floor":24,"key":"Regal Pillow"},{"floor":26,"key":"Pantograph"},{"floor":29,"key":"Boot"},{"floor":40,"key":"Bottled Tornado"},{"floor":43,"key":"Potion Belt"},{"floor":45,"key":"MealTicket"},{"floor":54,"key":"Blood Vial"}],"event_choices":[{"damage_healed":0,"gold_gain":0,"player_choice":"Take Damage","damage_taken":26,"relics_obtained":["Golden Idol"],"max_hp_gain":0,"max_hp_loss":0,"event_name":"Golden Idol","floor":2,"gold_loss":0},{"damage_healed":0,"gold_gain":0,"player_choice":"Gave Potion","damage_taken":0,"relics_obtained":["Singing Bowl"],"max_hp_gain":0,"max_hp_loss":0,"event_name":"WeMeetAgain","floor":4,"gold_loss":0},{"damage_healed":0,"gold_gain":0,"player_choice":"Ignored","damage_taken":0,"max_hp_gain":0,"max_hp_loss":0,"event_name":"N\u0027loth","floor":19,"gold_loss":0},{"cards_removed":["Strike_R"],"damage_healed":0,"gold_gain":0,"player_choice":"Card Removal","damage_taken":0,"max_hp_gain":0,"max_hp_loss":0,"event_name":"Wheel of Change","floor":30,"gold_loss":0}],"is_beta":false,"boss_relics":[{"not_picked":["Runic Cube","Philosopher\u0027s Stone"],"picked":"Runic Dome"},{"not_picked":["Astrolabe","Black Blood"],"picked":"Pandora\u0027s Box"}],"items_purged_floors":[5,21,38,42,46],"is_endless":false,"potions_floor_spawned":[3,10,11,12,14,18,28,31,35,39,47],"ascension_level":15}}