{"host":"xrdu44lqyrrw1kvr","time":1611359051,"event":{"mods":["Aspiration","BaseMod","Colored Powertips","Minty Spire (QoL Compilation)","Relic Stats","Replay The Spire","StSLib","The Mystic"],"gold_per_floor":[112,112,128,6,6,40,60,120,165,176,193,221,121,148,221,221,221],"floor_reached":16,"language":"RUS","playtime":1597,"items_purged":["mysticmod:Strike_Mystic","mysticmod:Strike_Mystic"],"score":145,"play_id":"9388acba-f330-4952-81f4-49374d890129","local_time":"20210123024411","is_ascension_mode":false,"campfire_choices":[],"circlet_count":0,"master_deck":["mysticmod:Strike_Mystic+1","mysticmod:Defend_Mystic","mysticmod:Defend_Mystic","mysticmod:Defend_Mystic","mysticmod:Defend_Mystic","mysticmod:ArcaneDodge","mysticmod:ShockingGrasp","mysticmod:Feint","mysticmod:Probe","mysticmod:PowerSlash","mysticmod:HeavyStrike+1","mysticmod:PureInstinct","mysticmod:SuddenClarity","mysticmod:PureInstinct","mysticmod:TomeOfSpells","mysticmod:Daze","mysticmod:SpellCombat","mysticmod:RapidCaster"],"relics":["mysticmod:SpellBook","NeowsBlessing","Potion Belt","Replay:Mystery Machine","ReplayTheSpireMod:TigerMarble","Durian","Garlic"],"acts_visited":["Exordium"],"potions_floor_usage":[14,16],"damage_taken":[{"damage":0,"enemies":"Small Slimes","floor":1,"turns":1},{"damage":0,"enemies":"Cultist","floor":3,"turns":1},{"damage":0,"enemies":"Gremlin Nob","floor":6,"turns":2},{"damage":0,"enemies":"2 Louse","floor":7,"turns":2},{"damage":8,"enemies":"3 Sentries","floor":8,"turns":10},{"damage":0,"enemies":"2 Fungi Beasts","floor":10,"turns":7},{"damage":0,"enemies":"Exordium Thugs","floor":11,"turns":6},{"damage":20,"enemies":"Replay:BlueRogue","floor":12,"turns":4},{"damage":6,"enemies":"Lagavulin","floor":14,"turns":4},{"damage":45,"enemies":"The Guardian","floor":16,"turns":9}],"seed_played":"-881923419690309016","potions_obtained":[{"floor":1,"key":"Cursed Concoction"},{"floor":10,"key":"Elixir"},{"floor":11,"key":"BlessingOfTheForge"},{"floor":14,"key":"SkillPotion"}],"is_trial":false,"path_per_floor":["M","?","M","$","?","E","M","?","T","M","M","E","$","E","R","B"],"character_chosen":"MYSTIC_CLASS","items_purchased":["mysticmod:HeavyStrike"],"campfire_rested":0,"item_purchase_floors":[4],"current_hp_per_floor":[77,77,77,77,62,62,62,54,54,54,57,42,42,36,36,0,0],"gold":221,"neow_bonus":"THREE_ENEMY_KILL","is_daily":false,"chose_seed":false,"campfire_upgraded":0,"win_rate":0.0,"timestamp":1611359051,"path_taken":["M","?","M","?","?","E","M","?","T","?","M","E","$","E","R","BOSS"],"items_purchased_type":["Card"],"build_version":"2020-12-22","purchased_purges":2,"victory":false,"max_hp_per_floor":[77,77,77,77,77,77,77,77,77,77,77,82,82,82,82,82,82],"relic_stats":{"counters":[10,46],"obtain_stats":[{"Potion Belt":6,"NeowsBlessing":0,"mysticmod:SpellBook":0,"ReplayTheSpireMod:TigerMarble":9,"Durian":12,"Garlic":14,"Replay:Mystery Machine":8},{"Potion Belt":3,"NeowsBlessing":0,"mysticmod:SpellBook":0,"ReplayTheSpireMod:TigerMarble":5,"Durian":8,"Garlic":9,"Replay:Mystery Machine":5},{"Potion Belt":4,"NeowsBlessing":0,"mysticmod:SpellBook":0,"ReplayTheSpireMod:TigerMarble":16,"Durian":33,"Garlic":37,"Replay:Mystery Machine":16}]},"card_choices":[{"not_picked":["mysticmod:Grease","mysticmod:Daze"],"picked":"mysticmod:Feint","floor":1},{"not_picked":["mysticmod:ComboCaster","mysticmod:TomeOfSpells"],"picked":"mysticmod:PowerSlash","floor":3},{"not_picked":["mysticmod:BulkUp","mysticmod:ComponentsPouch"],"picked":"mysticmod:PureInstinct","floor":6},{"not_picked":["mysticmod:Feint","mysticmod:BladeMaster"],"picked":"mysticmod:SuddenClarity","floor":7},{"not_picked":["mysticmod:Feint","mysticmod:SpellCombat"],"picked":"mysticmod:PureInstinct","floor":8},{"not_picked":["mysticmod:BulkUp","mysticmod:FloatingDisk"],"picked":"mysticmod:TomeOfSpells","floor":10},{"not_picked":["mysticmod:BulkUp","mysticmod:Snowball"],"picked":"mysticmod:Daze","floor":11},{"not_picked":["mysticmod:Probe","mysticmod:Riposte"],"picked":"mysticmod:SpellCombat","floor":12},{"not_picked":["mysticmod:Alacrity","mysticmod:BladeMaster"],"picked":"mysticmod:RapidCaster","floor":14}],"player_experience":2041691,"relics_obtained":[{"floor":6,"key":"Potion Belt"},{"floor":8,"key":"Replay:Mystery Machine"},{"floor":9,"key":"ReplayTheSpireMod:TigerMarble"},{"floor":12,"key":"Durian"},{"floor":14,"key":"Garlic"}],"event_choices":[{"damage_healed":0,"gold_gain":0,"cards_transformed":["mysticmod:Strike_Mystic"],"player_choice":"Transformed","damage_taken":0,"max_hp_gain":0,"max_hp_loss":0,"event_name":"Transmorgrifier","floor":2,"gold_loss":0,"cards_obtained":["mysticmod:Probe"]},{"damage_healed":0,"gold_gain":0,"player_choice":"Entered Light","damage_taken":15,"max_hp_gain":0,"max_hp_loss":0,"event_name":"Shining Light","floor":5,"gold_loss":0,"cards_upgraded":["mysticmod:Strike_Mystic","mysticmod:HeavyStrike"]},{"damage_healed":0,"gold_gain":30,"player_choice":"Searched \u00273\u0027 times","damage_taken":0,"max_hp_gain":0,"max_hp_loss":0,"event_name":"Dead Adventurer","floor":8,"gold_loss":0}],"is_beta":false,"boss_relics":[],"items_purged_floors":[4,13],"is_endless":false,"potions_floor_spawned":[1,10,11,14],"killed_by":"The Guardian","ascension_level":0}}