{"host":"88eug9pqmt5m979n","time":1611325967,"event":{"mods":["Arknights The Spire","BaseMod","Downfall","Minty Spire (QoL Compilation)","MostiFishMod","StSLib"],"gold_per_floor":[118,118,193,193,212,212,256,256,302,342,363,377,390,409,409,532,595,595],"floor_reached":17,"language":"ZHS","playtime":867,"items_purged":[],"score":192,"play_id":"4cac7098-b1a9-4c05-9b05-7bdf94cda002","local_time":"20210122223247","is_ascension_mode":false,"campfire_choices":[{"data":"Ball Lightning","floor":6,"key":"SMITH"},{"data":"Leap","floor":8,"key":"SMITH"},{"floor":15,"key":"REST"}],"circlet_count":0,"master_deck":["Strike_B","Strike_B","Strike_B","Strike_B","Defend_B","Defend_B","Defend_B","Defend_B+1","Zap+1","Dualcast","MostiFishMod:IceShield+1","Ball Lightning+1","Leap+1","MostiFishMod:GatherIntelligence","Chaos","Rainbow","Redo"],"relics":["Cracked Core","DaveBox","Technique","SynthV:TestCard","Golden Idol","Oddly Smooth Stone","SynthV:C4","Mercury Hourglass","Tiny House"],"acts_visited":["Exordium","TheCity"],"potions_floor_usage":[7,10,13],"damage_taken":[{"damage":5,"enemies":"Small Slimes","floor":1,"turns":4},{"damage":0,"enemies":"2 Louse","floor":5,"turns":3},{"damage":13,"enemies":"3 Sentries","floor":7,"turns":5},{"damage":6,"enemies":"Lagavulin","floor":10,"turns":5},{"damage":0,"enemies":"Jaw Worm","floor":11,"turns":2},{"damage":2,"enemies":"3 Louse","floor":12,"turns":2},{"damage":8,"enemies":"Red Slaver","floor":13,"turns":3},{"damage":0,"enemies":"Blue Slaver","floor":14,"turns":2},{"damage":10,"enemies":"Slime Boss","floor":16,"turns":9}],"seed_played":"-6977971622514074026","potions_obtained":[{"floor":5,"key":"FocusPotion"},{"floor":7,"key":"Strength Potion"},{"floor":10,"key":"Fruit Juice"},{"floor":16,"key":"Strength Potion"},{"floor":17,"key":"Explosive Potion"}],"is_trial":false,"path_per_floor":["M","?","?","?","M","R","E","R","T","E","M","M","M","M","R","B",null],"character_chosen":"DEFECT","items_purchased":[],"campfire_rested":1,"item_purchase_floors":[],"current_hp_per_floor":[70,52,41,46,46,46,33,33,33,32,32,30,22,22,47,37,90,90],"gold":595,"neow_bonus":"ONE_RANDOM_RARE_CARD","is_daily":false,"chose_seed":false,"campfire_upgraded":2,"win_rate":0.0,"timestamp":1611325967,"path_taken":["M","?","?","?","M","R","E","R","T","E","M","M","?","M","R","BOSS"],"items_purchased_type":[],"build_version":"2020-12-22","purchased_purges":0,"victory":false,"max_hp_per_floor":[75,75,75,80,80,80,80,80,80,85,85,85,85,85,85,85,90,90],"card_choices":[{"not_picked":["Stack","Compile Driver","Consume"],"picked":"SKIP","floor":1},{"not_picked":["Barrage","Conserve Battery","Turbo","Rebound"],"picked":"Ball Lightning","floor":5},{"not_picked":["Undo","Storm","Reinforced Body","Hello World"],"picked":"Leap","floor":7},{"not_picked":["Compile Driver","Conserve Battery","Redo","Biased Cognition","FTL"],"picked":"SKIP","floor":10},{"not_picked":["Ball Lightning","Gash","Loop","Coolheaded"],"picked":"MostiFishMod:GatherIntelligence","floor":11},{"not_picked":["White Noise","Stack","FTL","Streamline","Barrage"],"picked":"SKIP","floor":12},{"not_picked":["Rebound","Glacier","Conserve Battery","Hologram"],"picked":"Chaos","floor":13},{"not_picked":["Compile Driver","Steam Power","Hologram","Rebound","MostiFishMod:PushDownKick"],"picked":"SKIP","floor":14},{"not_picked":["MostiFishMod:StarOceanB","Amplify","MostiFishMod:ATRI","Seek"],"picked":"Rainbow","floor":16},{"not_picked":["MostiFishMod:PushDownKick","Gash","Ball Lightning","Hologram"],"picked":"Redo","floor":17}],"player_experience":289408,"relics_obtained":[{"floor":1,"key":"SynthV:TestCard"},{"floor":7,"key":"Oddly Smooth Stone"},{"floor":9,"key":"SynthV:C4"},{"floor":10,"key":"Mercury Hourglass"}],"event_choices":[{"damage_healed":0,"gold_gain":0,"player_choice":"Take Damage","damage_taken":18,"relics_obtained":["Golden Idol"],"max_hp_gain":0,"max_hp_loss":0,"event_name":"Golden Idol","floor":2,"gold_loss":0},{"damage_healed":0,"gold_gain":75,"player_choice":"Gather Gold","damage_taken":11,"max_hp_gain":0,"max_hp_loss":0,"event_name":"World of Goop","floor":3,"gold_loss":0},{"damage_healed":0,"gold_gain":0,"player_choice":"Donut","damage_taken":0,"max_hp_gain":5,"max_hp_loss":0,"event_name":"Big Fish","floor":4,"gold_loss":0}],"is_beta":false,"boss_relics":[{"not_picked":["Fusion Hammer","HaiYi:Twilight"],"picked":"Tiny House"}],"items_purged_floors":[],"is_endless":false,"potions_floor_spawned":[5,7,10,16],"ascension_level":0}}