{"host":"59ckh7bj2z84pzgo","time":1611321560,"event":{"mods":["BaseMod","Better Vampires","Marked Mod","Minty Spire (QoL Compilation)","Replay The Spire","Spicy Shops","StSLib","TestMod","TheWitcher","°æ“≈ŒÔø®≈∆°øREMEMod","≤–¡Ù÷ÆŒÔ"],"gold_per_floor":[119,132,132,151,167,167,30,55,55,55,71,71,88,115,115,186,186,197,197,216,216,231,264,291,311,334,349,212,212,240,89,89,163,163,179,179,199,224,224,252,252,286,313,313,341,358,358,372,372,372,372],"floor_reached":50,"language":"ZHS","playtime":3498,"items_purged":["Regret"],"score":1235,"play_id":"ad71d7b6-1e45-4b74-aeaa-0c9c041b58a6","local_time":"20210122211920","is_ascension_mode":true,"campfire_choices":[{"data":"PlaceholderMod:Inner","floor":6.0,"key":"SMITH"},{"data":"Hyperbeam","floor":10.0,"key":"SMITH"},{"data":"Tempest","floor":15.0,"key":"SMITH"},{"data":"ReplayTheSpireMod:Calculation Training","floor":29.0,"key":"SMITH"},{"data":"Mirror Shield","floor":32.0,"key":"SMITH"},{"data":"ReplayTheSpireMod:Omega Cannon","floor":41.0,"key":"SMITH"},{"data":"ReplayTheSpireMod:System Scan","floor":44.0,"key":"SMITH"},{"floor":47,"key":"REST"},{"floor":49,"key":"REST"}],"circlet_count":0,"master_deck":["AscendersBane","Strike_B","Strike_B","Defend_B","Defend_B","Zap","Dualcast","PlaceholderMod:Inner+1","Beam Cell","White Noise","Rebound+1","Hyperbeam+1","Tempest+1","Conserve Battery","ReplayTheSpireMod:GoodbyeWorld","ReplayTheSpireMod:Omega Cannon+1","White Noise+1","Reboot","Auto Shields","Mirror Shield+1","ReplayTheSpireMod:Calculation Training+1","Stack","BootSequence","Capacitor","Cold Snap+1","Panic Button","Core Surge","Echo Form","Redo+1","Madness","Madness","ReplayTheSpireMod:Calculation Training","ReplayTheSpireMod:System Scan+1","Reboot","Coolheaded+1","Turbo+1"],"relics":["Cracked Core","REME_ComplimentaryCards","testmod-TestBox","testmod-ArcanaOfDestiny","Solar Panel","MealTicket","testmod-HeartOfDaVinci","Runic Pyramid","testmod-OneHitWonder","Replay:Accelerometer","testmod-AssaultLearning","Happy Flower","Replay:Bottled Snecko","ChewingGum","testmod-BlackFramedGlasses","Geode","Replay:WaspNest"],"acts_visited":["Exordium","TheCity","TheBeyond"],"potions_floor_usage":[49],"damage_taken":[{"damage":0.0,"enemies":"2 Louse","floor":1.0,"turns":1.0},{"damage":0.0,"enemies":"Small Slimes","floor":2.0,"turns":2.0},{"damage":10.0,"enemies":"Jaw Worm","floor":4.0,"turns":2.0},{"damage":3.0,"enemies":"Blue Slaver","floor":5.0,"turns":2.0},{"damage":36.0,"enemies":"Gremlin Nob","floor":8.0,"turns":4.0},{"damage":0.0,"enemies":"Exordium Wildlife","floor":11.0,"turns":3.0},{"damage":0.0,"enemies":"2 Fungi Beasts","floor":13.0,"turns":2.0},{"damage":3.0,"enemies":"Lagavulin","floor":14.0,"turns":6.0},{"damage":15.0,"enemies":"Slime Boss","floor":16.0,"turns":8.0},{"damage":9.0,"enemies":"3 Byrds","floor":18.0,"turns":3.0},{"damage":17.0,"enemies":"Chosen","floor":20.0,"turns":4.0},{"damage":21.0,"enemies":"Sentry and Sphere","floor":22.0,"turns":6.0},{"damage":10.0,"enemies":"Slavers","floor":23.0,"turns":2.0},{"damage":0.0,"enemies":"Snake Plant","floor":25.0,"turns":4.0},{"damage":6.0,"enemies":"Centurion and Healer","floor":27.0,"turns":7.0},{"damage":0.0,"enemies":"Replay:Snechameleon","floor":30.0,"turns":5.0},{"damage":16.0,"enemies":"Collector","floor":33.0,"turns":6.0},{"damage":11.0,"enemies":"Orb Walker","floor":35.0,"turns":3.0},{"damage":16.0,"enemies":"3 Darklings","floor":37.0,"turns":4.0},{"damage":0.0,"enemies":"Mind Bloom Boss Battle","floor":38.0,"turns":7.0},{"damage":25.0,"enemies":"Reptomancer","floor":40.0,"turns":5.0},{"damage":27.0,"enemies":"Nemesis","floor":42.0,"turns":5.0},{"damage":18.0,"enemies":"Giant Head","floor":45.0,"turns":8.0},{"damage":10,"enemies":"Jaw Worm Horde","floor":46,"turns":4},{"damage":33,"enemies":"Spire Growth","floor":48,"turns":4},{"damage":42,"enemies":"Replay:Hell Engine","floor":50,"turns":5}],"seed_played":"-6423207706514908885","potions_obtained":[{"floor":2.0,"key":"Dexterity Potion"},{"floor":4.0,"key":"GamblersBrew"},{"floor":11.0,"key":"LifebloodPotion"},{"floor":14.0,"key":"Dexterity Potion"},{"floor":20.0,"key":"LiquidBronze"},{"floor":35.0,"key":"Venom Potion"},{"floor":48,"key":"EntropicBrew"}],"is_trial":false,"path_per_floor":["M","M","?","M","M","R","$","E","T","R","M","?","M","E","R","B",null,"M","?","M","?","M","E","?","M","T","M","$","R","E","$","R","B",null,"M","?","M","?","?","E","R","E","T","R","E","M","R","M","R","B"],"character_chosen":"DEFECT","items_purchased":["Solar Panel","Happy Flower","Core Surge"],"campfire_rested":2,"item_purchase_floors":[7,28,31],"current_hp_per_floor":[71,71,71,61,58,58,58,26,26,26,30,35,41,42,42,33,71,62,62,53,53,42,38,11,17,17,21,36,36,42,57,57,49,75,66,51,43,55,55,39,39,17,17,17,9,7,31,10,34,0,0],"gold":372,"neow_bonus":"TEN_PERCENT_HP_BONUS","is_daily":false,"chose_seed":false,"campfire_upgraded":7,"win_rate":0.0,"timestamp":1611321560,"path_taken":["M","M","?","M","M","R","$","E","T","R","M","?","M","E","R","BOSS","M","?","M","?","M","E","?","M","T","M","$","R","E","$","R","BOSS","M","?","M","?","?","E","R","E","T","R","E","M","R","M","R","BOSS"],"items_purchased_type":["Relic","Relic","Card"],"build_version":"2020-12-22","purchased_purges":1,"victory":false,"max_hp_per_floor":[78,78,78,78,78,78,78,78,78,78,78,83,83,83,83,83,83,83,83,83,83,83,83,83,83,83,83,83,83,83,83,83,83,83,83,83,83,83,83,83,83,83,83,83,83,83,83,83,83,83,83],"card_choices":[{"not_picked":["Force Field","Steam"],"picked":"Beam Cell","floor":1.0},{"not_picked":["Static Discharge","Leap"],"picked":"White Noise","floor":2.0},{"not_picked":["Turbo","Go for the Eyes","Panic Button"],"picked":"Hyperbeam","floor":4.0},{"not_picked":["Stack","BasicCrystalCard","Barrage"],"picked":"SKIP","floor":5.0},{"not_picked":["Go for the Eyes","Redo"],"picked":"Tempest","floor":8.0},{"not_picked":["Barrage","Stack","Beam Cell"],"picked":"SKIP","floor":11.0},{"not_picked":["Aggregate","Steam"],"picked":"Conserve Battery","floor":13.0},{"not_picked":["Beam Cell","ReplayGash"],"picked":"ReplayTheSpireMod:GoodbyeWorld","floor":14.0},{"not_picked":["Fission","ReplayTheSpireMod:Fabricate Wheel"],"picked":"ReplayTheSpireMod:Omega Cannon","floor":16.0},{"not_picked":["BasicCrystalCard","Compile Driver+1"],"picked":"White Noise+1","floor":18.0},{"not_picked":["BasicCrystalCard","Stack","Streamline"],"picked":"SKIP","floor":20.0},{"not_picked":["Ball Lightning","Leap"],"picked":"Mirror Shield","floor":22.0},{"not_picked":["Storm","Blizzard"],"picked":"ReplayTheSpireMod:Calculation Training","floor":23.0},{"not_picked":["Sweeping Beam","REME_Compress"],"picked":"Stack","floor":24.0},{"not_picked":["REME_DataAnalysis","Blizzard"],"picked":"BootSequence","floor":24.0},{"not_picked":["Redo","ReplayGash"],"picked":"Capacitor","floor":25.0},{"not_picked":["REME_SelfUpgrade","Lockon"],"picked":"Cold Snap+1","floor":27.0},{"not_picked":["Aggregate","Conserve Battery"],"picked":"Panic Button","floor":30.0},{"not_picked":["REME_Shoggoth","Amplify"],"picked":"Echo Form","floor":33.0},{"not_picked":["Compile Driver","Crystallizer+1"],"picked":"Redo+1","floor":35.0},{"not_picked":["Leap","Sunder","Stack"],"picked":"SKIP","floor":37.0},{"not_picked":["Self Repair+1","Storm"],"picked":"ReplayTheSpireMod:Calculation Training","floor":38.0},{"not_picked":["Go for the Eyes","White Noise","Sweeping Beam"],"picked":"SKIP","floor":40.0},{"not_picked":["Barrage+1","Skim"],"picked":"ReplayTheSpireMod:System Scan","floor":42.0},{"not_picked":["REME_SelfUpgrade+1","Redo","Hologram+1"],"picked":"Reboot","floor":45.0},{"not_picked":["Barrage","Steam+1"],"picked":"Coolheaded+1","floor":46},{"not_picked":["ReplaySolidLightProjector+1","Scrape+1"],"picked":"Turbo+1","floor":48}],"player_experience":220350,"relics_obtained":[{"floor":8.0,"key":"MealTicket"},{"floor":14.0,"key":"testmod-HeartOfDaVinci"},{"floor":23.0,"key":"testmod-OneHitWonder"},{"floor":24.0,"key":"Replay:Accelerometer"},{"floor":26.0,"key":"testmod-AssaultLearning"},{"floor":30.0,"key":"Replay:Bottled Snecko"},{"floor":38.0,"key":"testmod-BlackFramedGlasses"},{"floor":43.0,"key":"Geode"},{"floor":45.0,"key":"Replay:WaspNest"}],"event_choices":[{"damage_healed":0.0,"max_hp_gain":5.0,"max_hp_loss":0.0,"gold_gain":0.0,"event_name":"Big Fish","player_choice":"Donut","floor":12.0,"gold_loss":0.0,"damage_taken":0.0},{"cards_removed":["Strike_B"],"damage_healed":0.0,"max_hp_gain":0.0,"max_hp_loss":0.0,"gold_gain":0.0,"event_name":"Back to Basics","player_choice":"Elegance","floor":19.0,"gold_loss":0.0,"damage_taken":0.0},{"damage_healed":0.0,"max_hp_gain":0.0,"max_hp_loss":0.0,"gold_gain":0.0,"cards_transformed":["Defend_B","Defend_B"],"event_name":"Drug Dealer","player_choice":"Became Test Subject","floor":21.0,"gold_loss":0.0,"damage_taken":0.0,"cards_obtained":["Reboot","Auto Shields"]},{"damage_healed":0.0,"max_hp_gain":0.0,"max_hp_loss":0.0,"gold_gain":0.0,"event_name":"Winding Halls","player_choice":"Embrace Madness","floor":36.0,"gold_loss":0.0,"damage_taken":15.0,"cards_obtained":["Madness","Madness"]},{"damage_healed":0.0,"max_hp_gain":0.0,"max_hp_loss":0.0,"gold_gain":0.0,"event_name":"MindBloom","player_choice":"Fight","floor":38.0,"gold_loss":0.0,"damage_taken":0.0}],"is_beta":false,"boss_relics":[{"not_picked":["testmod-Temperance","Replay:Bronze Core"],"picked":"Runic Pyramid"},{"not_picked":["Snecko Heart","testmod-Recursion"],"picked":"ChewingGum"}],"items_purged_floors":[28],"is_endless":false,"potions_floor_spawned":[2,4,11,14,20,22,23,35,42,46,48],"killed_by":"Replay:Hell Engine","ascension_level":20}}