{"host":"1zjc08c6hob33401","time":1611350187,"event":{"mods":["AchievementEnabler","Act Like it!","Aspiration","BaseMod","Downfall","Elementarium","Energized Spire","Evolution","Friendly Minions","Gensokyo","GifTheSpireLib","Hubris","Infinite Spire","Jedi Mod","Menagerie","Minty Spire (QoL Compilation)","Pale of the Ancients","Quick Restart","Replay The Spire","Retaliation","Shop Mod","Spire Arcade","StS++","StSLib","Stuff the Spire","The Blue Laboratory","The Jungle","Wandering Minibosses","vexMod","??????REMEMod"],"gold_per_floor":[115,115,130,130,146,146,158,2,26,26,38,53,63,63,63,158,158,176,176,194,15,115,115,126,158,158,173,173,16,16,16,16,16,16,16,16,16,16,16,16,16,16,16,16,16,16,16,16,16,16,16,16,16],"floor_reached":52,"language":"RUS","playtime":4724,"items_purged":["Doubt"],"score":1213,"play_id":"2e4731a7-4b93-497d-8cbc-d47dfd46d9df","local_time":"20210122231627","is_ascension_mode":true,"campfire_choices":[{"data":"Menagerie:LightningHelix","floor":6.0,"key":"SMITH"},{"data":"FIFO Queue","floor":10.0,"key":"SMITH"},{"data":"Mayhem","floor":23.0,"key":"SMITH"},{"floor":32.0,"key":"REST"},{"data":"Mirror Shield","floor":41.0,"key":"SMITH"},{"data":"Gensokyo:GreaterSplit","floor":44.0,"key":"SMITH"},{"data":"Mirror Shield","floor":49.0,"key":"SMITH"}],"circlet_count":0,"master_deck":["AscendersBane","Sweeping Beam","Sweeping Beam","Sweeping Beam","Sweeping Beam","Leap","Leap","Mirror Shield+1","Streamline","jedi:BurstFrost","Menagerie:Tinker","Menagerie:LightningHelix+1","Menagerie:LightningBolt","Creative AI","StSpp:TargetLocked+1","StSpp:Mask","StuffTheSpire:LoadUp","Cold Snap","StuffTheSpire:Plugnplay","Outmaneuver","Poison Darts","Blur","Mirror Shield","Conserve Battery","Cold Snap","Mayhem+1","StuffTheSpire:Synthwave+1","jedi:blockon+1","ReplaySort","Consume+1","wanderingMiniBosses:FinaleOfPromise","Force Field","BootSequence","Barrage+1","Mirror Shield+1","Hello World","Machine Learning","Gensokyo:GreaterSplit+1","Doubt","BasicCrystalCard+1","StuffTheSpire:Rend+1","Capacitor+1","jedi:BurstFrost+1","Barrage+1"],"relics":["Cracked Core","REME_ComplimentaryCards","hubris:Towel","MerchantsRug","Replay:Rubber Ducky","energizedSpire:OgreHead","StSpp:BoiledEgg","Cables","StuffTheSpire:DarkSteelAnvil","wanderingMiniBosses:Blackblade","White Beast Statue","jedi:ominousloannote","jedi:purplefairy","Replay:Ringing Soul","Blue Candle","Elementarium:ElementariumTrophy","StSpp:Magatama","ReplayFunnel","Molten Egg 2","Eternal Feather","paleoftheancients:Timepiece","paleoftheancients:KeyRelic","CultistMask"],"acts_visited":["Menagerie:Menagerie","Elementarium:Elementarium","Gensokyo:Gensokyoest","paleoftheancients:PaleOfTheAncients"],"potions_floor_usage":[52],"damage_taken":[{"damage":1.0,"enemies":"Menagerie:MonstrousExperiment","floor":1.0,"turns":3.0},{"damage":2.0,"enemies":"Menagerie:2_RABBITS","floor":3.0,"turns":2.0},{"damage":5.0,"enemies":"Menagerie:WhisperingWraith","floor":5.0,"turns":4.0},{"damage":3.0,"enemies":"Menagerie:MENAGERIE_WILDLIFE","floor":7.0,"turns":2.0},{"damage":0.0,"enemies":"Menagerie:RedMage","floor":11.0,"turns":9.0},{"damage":26.0,"enemies":"Menagerie:3_RABBITS","floor":12.0,"turns":6.0},{"damage":10.0,"enemies":"Menagerie:MeltingSalamander","floor":13.0,"turns":7.0},{"damage":8.0,"enemies":"Menagerie:Chimera","floor":16.0,"turns":11.0},{"damage":0.0,"enemies":"Elementarium:Cyclone","floor":18.0,"turns":5.0},{"damage":0.0,"enemies":"Elementarium:2_ELEMENTALS","floor":20.0,"turns":5.0},{"damage":1.0,"enemies":"Elementarium:VoidBeast","floor":24.0,"turns":7.0},{"damage":29.0,"enemies":"Elementarium:ElementalPortal","floor":25.0,"turns":12.0},{"damage":16.0,"enemies":"Elementarium:Hydrostalker","floor":27.0,"turns":6.0},{"damage":6.0,"enemies":"Elementarium:VOID_CORRUPTION_AND_TAR_GOLEM","floor":30.0,"turns":6.0},{"damage":0.0,"enemies":"Elementarium:FIRE_NOBILITY","floor":31.0,"turns":10.0},{"damage":42.0,"enemies":"Elementarium:PHOENIXES","floor":33.0,"turns":13.0},{"damage":0.0,"enemies":"Gensokyo:AncientGuardian","floor":35.0,"turns":6.0},{"damage":0.0,"enemies":"Gensokyo:3_Boulders","floor":37.0,"turns":5.0},{"damage":1.0,"enemies":"Gensokyo:Doremy","floor":40.0,"turns":9.0},{"damage":25.0,"enemies":"Gensokyo:Kasen","floor":42.0,"turns":9.0},{"damage":0.0,"enemies":"Gensokyo:4_Bats","floor":46.0,"turns":6.0},{"damage":0.0,"enemies":"Gensokyo:SeedOfUnknown","floor":47.0,"turns":5.0},{"damage":20.0,"enemies":"Gensokyo:Rafflesia","floor":48.0,"turns":7.0},{"damage":16.0,"enemies":"Gensokyo:Shinki","floor":50.0,"turns":13.0},{"damage":114.0,"enemies":"Gensokyo:Shinki","floor":51.0,"turns":9.0},{"damage":110,"enemies":"Gensokyo:Shinki","floor":52,"turns":8}],"seed_played":"634365190158722179","potions_obtained":[{"floor":3.0,"key":"blueLaboratory:SystemWipe"},{"floor":5.0,"key":"blueLaboratory:NullPotion"},{"floor":16.0,"key":"blueLaboratory:ConsumingVoid"},{"floor":18.0,"key":"blueLaboratory:Moonshine"},{"floor":24.0,"key":"Ancient Potion"},{"floor":30.0,"key":"SteroidPotion"},{"floor":31.0,"key":"FearPotion"},{"floor":33.0,"key":"blueLaboratory:EmptyBottle"},{"floor":35.0,"key":"blueLaboratory:Moonshine"},{"floor":37.0,"key":"Block Potion"},{"floor":40.0,"key":"DDmod:CleansePotion"},{"floor":42.0,"key":"blueLaboratory:BottledHope"},{"floor":46.0,"key":"blueLaboratory:PhilterOfMotion"},{"floor":47.0,"key":"blueLaboratory:BubblePotion"},{"floor":48.0,"key":"Weak Potion"}],"is_trial":false,"path_per_floor":["M","?","M","?","M","R","M","$","T","R","M","M","M","?","R","B",null,"M","AVR","M","$","?","R","M","E","T","M","T","$","M","E","R","B",null,"M","?","M","?","$","E","R","E","T","R","?","M","M","M","R","B","M","M"],"character_chosen":"DEFECT","items_purchased":["MerchantsRug","FIFO Queue","Mayhem","jedi:ominousloannote","jedi:purplefairy","Replay:Ringing Soul"],"campfire_rested":1,"item_purchase_floors":[8,8,21,29,29,29],"current_hp_per_floor":[67,67,66,66,61,61,63,63,63,63,68,46,41,41,61,58,66,66,66,68,68,51,51,55,31,31,20,20,20,22,30,52,18,62,70,70,79,82,82,89,89,72,72,92,95,98,101,99,104,103,104,0,0],"gold":16,"neow_bonus":"TRANSFORM_CARD","is_daily":false,"chose_seed":false,"campfire_upgraded":6,"win_rate":0.0,"timestamp":1611350187,"path_taken":["M","?","M","?","M","R","M","$","T","R","M","?","M","?","R","BOSS","M","AVR","M","?","?","R","M","E","T","M","?","$","M","E","R","BOSS","M","?","?","?","?","E","R","E","T","R","?","M","?","M","R","BOSS","M","M"],"items_purchased_type":["Relic","Card","Card","Relic","Relic","Relic"],"build_version":"2020-12-22","purchased_purges":1,"victory":false,"max_hp_per_floor":[75,68,68,68,68,68,68,68,68,68,68,68,68,68,68,68,68,68,68,68,68,68,68,68,68,68,68,68,68,71,74,74,77,77,80,80,83,86,86,89,89,92,92,92,95,98,101,104,104,104,104,104,104],"card_choices":[{"not_picked":["Rebound","Hologram"],"picked":"jedi:BurstFrost","floor":1.0},{"not_picked":["Menagerie:CrumblingSanctuary","Menagerie:Skullclamp"],"picked":"Menagerie:Tinker","floor":2.0},{"not_picked":["Menagerie:CrumblingSanctuary","Menagerie:RelicOfProgenitus"],"picked":"Menagerie:LightningHelix","floor":2.0},{"not_picked":["Menagerie:Tinker","Menagerie:RelicOfProgenitus"],"picked":"Menagerie:LightningBolt","floor":2.0},{"not_picked":["Cold Snap","BasicCrystalCard"],"picked":"Creative AI","floor":3.0},{"not_picked":["Panic Button","Turbo"],"picked":"StSpp:TargetLocked","floor":5.0},{"not_picked":["jedi:BurstLightning","Barrage"],"picked":"StSpp:Mask","floor":7.0},{"not_picked":["BasicCrystalCard","Reprogram"],"picked":"StuffTheSpire:LoadUp","floor":11.0},{"not_picked":["Barrage","Coolheaded"],"picked":"Cold Snap","floor":12.0},{"not_picked":["jedi:BurstFrost","Streamline"],"picked":"StuffTheSpire:Plugnplay","floor":13.0},{"not_picked":["Fission","ReplayTheSpireMod:Omega Cannon"],"picked":"Mirror Shield","floor":16.0},{"not_picked":["Steam","Hologram"],"picked":"Conserve Battery","floor":18.0},{"not_picked":["jedi:BurstFrost","jedi:spotbugs+1"],"picked":"Cold Snap","floor":20.0},{"not_picked":["Darkness+1","Double Energy+1"],"picked":"StuffTheSpire:Synthwave+1","floor":22.0},{"not_picked":["Gash","Coolheaded"],"picked":"jedi:blockon+1","floor":22.0},{"not_picked":["Cold Snap","StuffTheSpire:GlassShard"],"picked":"ReplaySort","floor":24.0},{"not_picked":["StSpp:Igniter+1","Ball Lightning"],"picked":"Consume+1","floor":25.0},{"not_picked":[],"picked":"wanderingMiniBosses:FinaleOfPromise","floor":27.0},{"not_picked":["Steam","StSpp:Fierceness"],"picked":"Force Field","floor":27.0},{"not_picked":["Hologram","Redo"],"picked":"BootSequence","floor":30.0},{"not_picked":["Redo","jedi:BurstDark"],"picked":"Barrage+1","floor":31.0},{"not_picked":["jedi:gatheringstorm","ReplayRNGCard"],"picked":"Mirror Shield","floor":33.0},{"not_picked":["Gash+1","Compile Driver","Rip and Tear+1"],"picked":"Hello World","floor":35.0},{"not_picked":["Hologram","Steam"],"picked":"Machine Learning","floor":37.0},{"not_picked":["Cold Snap+1","StuffTheSpire:Plugnplay"],"picked":"BasicCrystalCard+1","floor":40.0},{"not_picked":["Stack","StSpp:Mask+1","StuffTheSpire:LoadUp+1"],"picked":"StuffTheSpire:Rend+1","floor":42.0},{"not_picked":["hubris:PowerSurge","Turbo+1"],"picked":"Capacitor+1","floor":46.0},{"not_picked":["Stack","ReplayTheSpireMod:System Scan+1"],"picked":"jedi:BurstFrost+1","floor":47.0},{"not_picked":["Undo","Turbo"],"picked":"Barrage+1","floor":48.0}],"player_experience":654100,"relics_obtained":[{"floor":9.0,"key":"Replay:Rubber Ducky"},{"floor":25.0,"key":"Cables"},{"floor":26.0,"key":"StuffTheSpire:DarkSteelAnvil"},{"floor":27.0,"key":"wanderingMiniBosses:Blackblade"},{"floor":28.0,"key":"White Beast Statue"},{"floor":31.0,"key":"Blue Candle"},{"floor":40.0,"key":"ReplayFunnel"},{"floor":42.0,"key":"Molten Egg 2"},{"floor":43.0,"key":"Eternal Feather"}],"event_choices":[{"damage_healed":0.0,"max_hp_gain":0.0,"max_hp_loss":7.0,"gold_gain":0.0,"event_name":"Menagerie:OvergrownLibrary","player_choice":"Read","floor":2.0,"gold_loss":0.0,"damage_taken":0.0,"cards_obtained":["Doubt"]}],"is_beta":false,"boss_relics":[{"not_picked":["Ring of Chaos","aspiration:SecretTechniqueScroll"],"picked":"energizedSpire:OgreHead"},{"not_picked":["Tiny House","hubris:CrackedHourglass"],"picked":"StSpp:Magatama"}],"items_purged_floors":[8],"is_endless":false,"potions_floor_spawned":[3,5,16,18,24,30,31,33,35,37,40,42,46,47,48,51],"killed_by":"Gensokyo:Shinki","ascension_level":11}}