{"host":"jmumkimrafwvkspb","time":1611339632,"event":{"mods":["AchievementEnabler","BaseMod","Colored Map","Minty Spire (QoL Compilation)","Replay The Spire","StSLib"],"gold_per_floor":[111,22,72,88,99,99,129,129,183,198,198,212,212,212],"floor_reached":13,"language":"ENG","playtime":332,"items_purged":[],"score":170,"play_id":"98f1d2d1-28fc-4a22-8e11-d73d61890a31","local_time":"20210122192032","is_ascension_mode":true,"campfire_choices":[{"data":"Loop","floor":6,"key":"SMITH"},{"data":"Streamline","floor":8,"key":"SMITH"},{"floor":11,"key":"REST"}],"circlet_count":0,"master_deck":["AscendersBane","Strike_B","Strike_B","Strike_B","Strike_B","Defend_B","Defend_B","Defend_B","Defend_B","Zap","Dualcast","Conserve Battery","Cold Snap","Loop+1","ReplayTheSpireMod:GoodbyeWorld","Blizzard","Streamline+1","White Noise","Buffer"],"relics":["Cracked Core","NeowsBlessing","Pen Nib","Regal Pillow"],"acts_visited":["Exordium"],"potions_floor_usage":[13],"damage_taken":[{"damage":0,"enemies":"Small Slimes","floor":1,"turns":1},{"damage":0,"enemies":"Cultist","floor":4,"turns":1},{"damage":0,"enemies":"2 Louse","floor":5,"turns":1},{"damage":39,"enemies":"Lagavulin","floor":7,"turns":8},{"damage":10,"enemies":"Exordium Wildlife","floor":10,"turns":6},{"damage":37,"enemies":"Exordium Thugs","floor":12,"turns":5},{"damage":26,"enemies":"Gremlin Nob","floor":13,"turns":3}],"seed_played":"-1746382002968918009","potions_obtained":[{"floor":4,"key":"Milkshake"},{"floor":12,"key":"EssenceOfSteel"}],"is_trial":false,"path_per_floor":["M","$","?","M","M","R","E","R","T","M","R","M","E"],"character_chosen":"DEFECT","items_purchased":["Cold Snap","Loop"],"campfire_rested":1,"item_purchase_floors":[2,2],"current_hp_per_floor":[64,64,64,64,64,64,25,25,25,15,51,14,0,0],"gold":212,"neow_bonus":"THREE_ENEMY_KILL","is_daily":false,"chose_seed":false,"campfire_upgraded":2,"win_rate":0.0,"timestamp":1611339632,"path_taken":["M","$","?","?","M","R","E","R","T","M","R","M","E"],"items_purchased_type":["Card","Card"],"build_version":"2020-12-22","purchased_purges":0,"victory":false,"max_hp_per_floor":[71,71,71,71,71,71,71,71,71,71,71,71,71,71],"card_choices":[{"not_picked":["Barrage","Steam"],"picked":"Conserve Battery","floor":1},{"not_picked":["Hologram","Undo"],"picked":"ReplayTheSpireMod:GoodbyeWorld","floor":4},{"not_picked":["Compile Driver","Steam Power"],"picked":"Blizzard","floor":5},{"not_picked":["Recycle","Cold Snap"],"picked":"Streamline","floor":7},{"not_picked":["Steam Power","Redo"],"picked":"White Noise","floor":10},{"not_picked":["FIFO Queue","Beam Cell"],"picked":"Buffer","floor":12}],"player_experience":1579368,"relics_obtained":[{"floor":7,"key":"Pen Nib"},{"floor":9,"key":"Regal Pillow"}],"event_choices":[{"damage_healed":0,"gold_gain":50,"player_choice":"Pray","damage_taken":0,"max_hp_gain":0,"max_hp_loss":0,"event_name":"Golden Shrine","floor":3,"gold_loss":0}],"is_beta":false,"boss_relics":[],"items_purged_floors":[],"is_endless":false,"potions_floor_spawned":[4,12],"killed_by":"Gremlin Nob","ascension_level":20}}