{"host":"5jzx1090woovszu4","time":1611279953,"event":{"mods":["BaseMod","Hermit","Minty Spire (QoL Compilation)","Shade Mod","Spicy Shops","StSLib","The Marked","[GremlinLeader]The Maniac"],"gold_per_floor":[116,116,116,116,132,163,163,176,176,105,105,122,148,148,148,250,250,262,277,311,27,27,27,44,44,71,81,91,111,139,155,155,252,252,262,262,41,91,106,158,158,380,406,416,197,197,197,212,212,212],"floor_reached":51,"language":"ENG","playtime":2850,"items_purged":[],"score":705,"play_id":"18e45204-4475-4eca-821b-b672933e8032","local_time":"20210122024553","daily_mods":["SealedDeck"],"is_ascension_mode":false,"campfire_choices":[{"data":"hermit:TakeCover","floor":7,"key":"SMITH"},{"data":"hermit:Vantage","floor":11,"key":"SMITH"},{"floor":15,"key":"REST"},{"data":"hermit:Midnight","floor":23,"key":"SMITH"},{"data":"hermit:CalledShot","floor":25,"key":"SMITH"},{"floor":32,"key":"REST"},{"data":"Madness","floor":41,"key":"SMITH"},{"data":"hermit:Malice","floor":47,"key":"SMITH"},{"floor":49,"key":"REST"}],"circlet_count":0,"master_deck":["hermit:CalledShot+1","hermit:Snipe","hermit:Vantage+1","hermit:Horror","hermit:CursedWeapon","hermit:Manifest+1","hermit:WideOpen","hermit:GoldenBullet","hermit:Malice+1","hermit:Misfire","hermit:Horror+1","hermit:TakeCover+1","hermit:LuckOfTheDraw+1","hermit:GoldenBullet","hermit:Glare+1","hermit:EyeOfTheStorm","Pain","hermit:CursedWeapon","hermit:Midnight+1","Decay","hermit:Brawl+1","hermit:Adapt+1","hermit:FinalCanter","hermit:Coalescence+1","Madness+1","hermit:ShadowCloak+1","hermit:Midnight+1","hermit:Grudge+1"],"relics":["hermit:Momento","Bird Faced Urn","Frozen Egg 2","Akabeko","Toy Ornithopter","White Beast Statue","Red Mask","DollysMirror","Oddly Smooth Stone","War Paint","Dream Catcher","Philosopher\u0027s Stone","Nunchaku","Ginger","MealTicket","Boot","Regal Pillow","HandDrill"],"acts_visited":["Exordium","TheCity","TheBeyond"],"potions_floor_usage":[16,20,27,30,33,33,38,39,40,40,50],"damage_taken":[{"damage":2,"enemies":"2 Louse","floor":1,"turns":6},{"damage":4,"enemies":"Cultist","floor":5,"turns":4},{"damage":16,"enemies":"Gremlin Nob","floor":6,"turns":3},{"damage":2,"enemies":"Jaw Worm","floor":8,"turns":1},{"damage":4,"enemies":"2 Fungi Beasts","floor":12,"turns":4},{"damage":13,"enemies":"3 Sentries","floor":13,"turns":7},{"damage":41,"enemies":"The Guardian","floor":16,"turns":8},{"damage":2,"enemies":"2 Thieves","floor":18,"turns":4},{"damage":2,"enemies":"Spheric Guardian","floor":19,"turns":3},{"damage":3,"enemies":"Masked Bandits","floor":20,"turns":3},{"damage":10,"enemies":"3 Cultists","floor":24,"turns":3},{"damage":2,"enemies":"Snake Plant","floor":27,"turns":2},{"damage":4,"enemies":"Centurion and Healer","floor":28,"turns":4},{"damage":2,"enemies":"Shelled Parasite and Fungi","floor":29,"turns":2},{"damage":14,"enemies":"Slavers","floor":30,"turns":2},{"damage":4,"enemies":"3 Cultists","floor":31,"turns":2},{"damage":12,"enemies":"Champ","floor":33,"turns":11},{"damage":7,"enemies":"3 Shapes","floor":35,"turns":3},{"damage":0,"enemies":"Mind Bloom Boss Battle","floor":38,"turns":2},{"damage":2,"enemies":"3 Darklings","floor":39,"turns":2},{"damage":10,"enemies":"Nemesis","floor":40,"turns":3},{"damage":28,"enemies":"Sphere and 2 Shapes","floor":44,"turns":4},{"damage":4,"enemies":"Jaw Worm Horde","floor":48,"turns":2},{"damage":74,"enemies":"Awakened One","floor":50,"turns":13}],"seed_played":"-6944952614710934877","potions_obtained":[{"floor":1,"key":"Swift Potion"},{"floor":6,"key":"Ancient Potion"},{"floor":13,"key":"CultistPotion"},{"floor":16,"key":"Dexterity Potion"},{"floor":18,"key":"SkillPotion"},{"floor":20,"key":"Strength Potion"},{"floor":27,"key":"hermit:Tonic"},{"floor":30,"key":"Energy Potion"},{"floor":33,"key":"AttackPotion"},{"floor":35,"key":"Swift Potion"},{"floor":38,"key":"Dexterity Potion"},{"floor":39,"key":"ColorlessPotion"},{"floor":40,"key":"hermit:Tonic"},{"floor":44,"key":"SteroidPotion"},{"floor":48,"key":"AttackPotion"}],"is_trial":true,"path_per_floor":["M","?","$","T","M","E","R","M","T","$","R","M","E","?","R","B",null,"M","M","?","$","?","R","M","R","T","M","M","M","E","M","R","B",null,"M","?","$","?","M","E","R","?","T","M","$","?","R","M","R","B",null],"character_chosen":"HERMIT","items_purchased":["hermit:GoldenBullet","DollysMirror","hermit:Midnight","Oddly Smooth Stone","hermit:ShadowCloak+1","Nunchaku","Regal Pillow","HandDrill"],"campfire_rested":3,"item_purchase_floors":[10,21,21,21,37,37,45,45],"current_hp_per_floor":[73,73,73,73,69,53,53,51,51,51,51,47,34,34,56,20,75,73,71,72,72,72,72,62,62,62,65,61,59,50,46,68,67,75,68,58,58,65,70,70,70,70,70,46,61,61,61,59,75,12],"gold":212,"neow_bonus":"","is_daily":false,"chose_seed":false,"campfire_upgraded":6,"win_rate":0.0,"timestamp":1611279953,"path_taken":["M","?","$","?","M","E","R","M","T","?","R","M","E","?","R","BOSS","M","?","?","$","?","R","M","R","T","M","?","M","E","M","R","BOSS","M","?","$","?","M","E","R","?","T","M","$","?","R","?","R","BOSS"],"items_purchased_type":["Card","Relic","Card","Relic","Card","Relic","Relic","Relic"],"build_version":"2020-12-22","purchased_purges":0,"victory":true,"max_hp_per_floor":[75,75,75,75,75,75,75,75,75,75,75,75,75,75,75,75,75,75,75,75,75,75,75,75,75,75,75,75,75,75,75,75,75,75,75,75,75,75,75,75,75,75,75,75,75,75,75,75,75,75],"card_choices":[{"not_picked":["hermit:Spite","hermit:Quickdraw","hermit:BigShot"],"picked":"SKIP","floor":1},{"not_picked":["hermit:Deadeye","hermit:Glare"],"picked":"hermit:Horror","floor":5},{"not_picked":["hermit:ItchyTrigger","hermit:Dive"],"picked":"hermit:TakeCover","floor":6},{"not_picked":["hermit:HoleUp","hermit:SprayPray"],"picked":"hermit:LuckOfTheDraw","floor":8},{"not_picked":["hermit:BodyArmor","hermit:FullyLoaded","hermit:SprayPray"],"picked":"SKIP","floor":12},{"not_picked":["hermit:Roulette","hermit:Manifest","hermit:LowProfile"],"picked":"SKIP","floor":13},{"not_picked":["hermit:GoldenBullet","hermit:NoHoldsBarred"],"picked":"hermit:Glare+1","floor":18},{"not_picked":["hermit:Shortfuse","hermit:Desperado+1"],"picked":"hermit:EyeOfTheStorm","floor":19},{"not_picked":["hermit:Headshot","hermit:GhostlyPresence","hermit:HoleUp"],"picked":"SKIP","floor":24},{"not_picked":["hermit:LowProfile","hermit:Ricochet","hermit:BodyArmor+1"],"picked":"SKIP","floor":27},{"not_picked":["hermit:Snipe","hermit:ItchyTrigger","hermit:Dive"],"picked":"SKIP","floor":28},{"not_picked":["hermit:Virtue","hermit:Coalescence+1","hermit:Cheat"],"picked":"SKIP","floor":29},{"not_picked":["hermit:Midnight","hermit:FullyLoaded+1"],"picked":"hermit:Brawl+1","floor":30},{"not_picked":["hermit:Vantage","hermit:Snipe+1"],"picked":"hermit:Adapt+1","floor":31},{"not_picked":["hermit:Adapt+1","hermit:Reprieve"],"picked":"hermit:FinalCanter","floor":33},{"not_picked":["hermit:EyeOfTheStorm","hermit:Dive+1"],"picked":"hermit:Coalescence+1","floor":35},{"not_picked":["Dark Shackles","Impatience"],"picked":"Madness","floor":36},{"not_picked":["hermit:TakeCover+1","hermit:HoleUp"],"picked":"hermit:Midnight+1","floor":38},{"not_picked":["hermit:Ricochet","hermit:Glare+1","hermit:LowProfile+1"],"picked":"SKIP","floor":39},{"not_picked":["hermit:FlashPowder+1","hermit:HeroicBravado","hermit:Vantage+1"],"picked":"SKIP","floor":40},{"not_picked":["hermit:WideOpen","hermit:TrackingShot","hermit:Desperado"],"picked":"SKIP","floor":44},{"not_picked":["hermit:Cheat","hermit:Combo+1"],"picked":"hermit:Grudge+1","floor":48}],"player_experience":659440,"relics_obtained":[{"floor":4,"key":"Frozen Egg 2"},{"floor":6,"key":"Akabeko"},{"floor":9,"key":"Toy Ornithopter"},{"floor":13,"key":"White Beast Statue"},{"floor":20,"key":"Red Mask"},{"floor":26,"key":"War Paint"},{"floor":30,"key":"Dream Catcher"},{"floor":38,"key":"Ginger"},{"floor":40,"key":"MealTicket"},{"floor":43,"key":"Boot"}],"event_choices":[{"damage_healed":0,"gold_gain":0,"player_choice":"Gave Potion","damage_taken":0,"relics_obtained":["Bird Faced Urn"],"max_hp_gain":0,"max_hp_loss":0,"event_name":"WeMeetAgain","floor":2,"gold_loss":0},{"damage_healed":0,"gold_gain":0,"player_choice":"Ignored","damage_taken":0,"max_hp_gain":0,"max_hp_loss":0,"event_name":"Transmorgrifier","floor":14,"gold_loss":0},{"damage_healed":0,"gold_gain":0,"player_choice":"Fought Bandits","damage_taken":0,"max_hp_gain":0,"max_hp_loss":0,"event_name":"Masked Bandits","floor":20,"gold_loss":0},{"damage_healed":0,"gold_gain":0,"player_choice":"Cursed","damage_taken":0,"max_hp_gain":0,"max_hp_loss":0,"event_name":"Wheel of Change","floor":22,"gold_loss":0,"cards_obtained":["Decay"]},{"damage_healed":0,"gold_gain":0,"player_choice":"Memory 3","damage_taken":10,"max_hp_gain":0,"max_hp_loss":0,"event_name":"SensoryStone","floor":36,"gold_loss":0},{"damage_healed":0,"gold_gain":0,"player_choice":"Fight","damage_taken":0,"max_hp_gain":0,"max_hp_loss":0,"event_name":"MindBloom","floor":38,"gold_loss":0},{"damage_healed":0,"gold_gain":222,"player_choice":"Wore Mask","damage_taken":0,"max_hp_gain":0,"max_hp_loss":0,"event_name":"Tomb of Lord Red Mask","floor":42,"gold_loss":0},{"damage_healed":0,"gold_gain":0,"player_choice":"Upgraded","damage_taken":0,"max_hp_gain":0,"max_hp_loss":0,"event_name":"Upgrade Shrine","floor":46,"gold_loss":0,"cards_upgraded":["hermit:Manifest"]}],"is_beta":false,"boss_relics":[{"not_picked":["Coffee Dripper","Empty Cage","Astrolabe"]},{"not_picked":["Black Star","Cursed Key"],"picked":"Philosopher\u0027s Stone"}],"items_purged_floors":[],"is_endless":false,"potions_floor_spawned":[1,6,13,16,18,19,20,24,27,28,29,30,31,33,35,38,39,40,44,48],"ascension_level":0}}