{"host":"foq4mrde4mssg7vt","time":1611337223,"event":{"mods":["AchievementEnabler","BaseMod","Colored Map","Colored Powertips","Highlight Path","Minty Spire (QoL Compilation)","Relic Stats","everything is the same but u backflip on backflip"],"gold_per_floor":[109,122,122,135,151,151,47,64,64,64,82,82,107,33,33,107,107,80,80,51,101,113,113,163,183,183,202,202,221,221,233,233,233,233],"floor_reached":33,"language":"ENG","playtime":1189,"items_purged":["Pain"],"score":548,"play_id":"1c2cae10-d3e3-4c14-8008-9bebd57c482f","local_time":"20210123014023","is_ascension_mode":true,"campfire_choices":[{"data":"Go for the Eyes","floor":6.0,"key":"SMITH"},{"data":"Biased Cognition","floor":10.0,"key":"SMITH"},{"floor":15.0,"key":"REST"},{"floor":23.0,"key":"REST"},{"floor":28.0,"key":"REST"},{"floor":30.0,"key":"REST"},{"data":"Consume","floor":32.0,"key":"SMITH"}],"circlet_count":0,"master_deck":["AscendersBane","Strike_B","Strike_B","Defend_B","Defend_B","Defend_B","Zap","Dualcast","Barrage+1","Chaos+1","Capacitor+1","Cold Snap","Compile Driver","Go for the Eyes+1","Conserve Battery","Biased Cognition+1","Auto Shields","Multi-Cast","Compile Driver","Consume+1","Coolheaded","FTL+1","Turbo+1"],"relics":["Astrolabe","WarpedTongs","Omamori","Boot","SlaversCollar","Sundial"],"acts_visited":["Exordium","TheCity"],"potions_floor_usage":[],"damage_taken":[{"damage":1.0,"enemies":"2 Louse","floor":1.0,"turns":3.0},{"damage":0.0,"enemies":"Cultist","floor":2.0,"turns":4.0},{"damage":17.0,"enemies":"Small Slimes","floor":4.0,"turns":4.0},{"damage":13.0,"enemies":"3 Louse","floor":5.0,"turns":3.0},{"damage":4.0,"enemies":"Red Slaver","floor":8.0,"turns":3.0},{"damage":3.0,"enemies":"Looter","floor":11.0,"turns":4.0},{"damage":0.0,"enemies":"Lagavulin","floor":13.0,"turns":6.0},{"damage":31.0,"enemies":"The Guardian","floor":16.0,"turns":9.0},{"damage":21.0,"enemies":"2 Thieves","floor":18.0,"turns":5.0},{"damage":8.0,"enemies":"Shell Parasite","floor":22.0,"turns":7.0},{"damage":5.0,"enemies":"3 Cultists","floor":25.0,"turns":6.0},{"damage":18.0,"enemies":"Sentry and Sphere","floor":27.0,"turns":8.0},{"damage":21.0,"enemies":"Snake Plant","floor":29.0,"turns":5.0},{"damage":10.0,"enemies":"Centurion and Healer","floor":31.0,"turns":9.0},{"damage":49,"enemies":"Collector","floor":33,"turns":8}],"seed_played":"4249533554602031081","potions_obtained":[{"floor":2.0,"key":"BlessingOfTheForge"},{"floor":4.0,"key":"Strength Potion"}],"is_trial":false,"path_per_floor":["M","M","?","M","M","R","$","M","T","R","M","$","E","?","R","B",null,"M","?","$","?","M","R","?","M","T","M","R","M","R","M","R","B"],"character_chosen":"DEFECT","items_purchased":["Conserve Battery","Coolheaded"],"campfire_rested":4,"item_purchase_floors":[7,20],"current_hp_per_floor":[63,63,63,46,33,33,33,29,29,29,26,26,26,26,47,16,57,36,36,36,29,21,42,42,37,37,19,40,19,40,30,30,0,0],"gold":233,"neow_bonus":"BOSS_RELIC","is_daily":false,"chose_seed":false,"campfire_upgraded":3,"win_rate":0.0,"timestamp":1611337223,"path_taken":["M","M","?","M","M","R","$","M","T","R","?","?","E","?","R","BOSS","M","?","$","?","?","R","?","M","T","M","R","M","R","?","R","BOSS"],"items_purchased_type":["Card","Card"],"build_version":"2020-12-22","purchased_purges":1,"victory":false,"max_hp_per_floor":[71,71,71,71,71,71,71,71,71,71,71,71,71,71,71,71,71,71,71,71,71,71,71,71,71,71,71,71,71,71,71,71,71,71],"relic_stats":{"counters":[15,84],"Sundial":[4],"Astrolabe":["Barrage","Chaos","Capacitor"],"Boot":[34],"obtain_stats":[{"SlaversCollar":17,"Sundial":26,"Astrolabe":0,"Omamori":9,"Cracked Core":0,"Boot":13,"WarpedTongs":3},{"SlaversCollar":8,"Sundial":11,"Astrolabe":0,"Omamori":5,"Cracked Core":0,"Boot":7,"WarpedTongs":2},{"SlaversCollar":36,"Sundial":54,"Astrolabe":0,"Omamori":17,"Cracked Core":0,"Boot":27,"WarpedTongs":7}],"WarpedTongs":[77]},"card_choices":[{"not_picked":["Redo","Skim","Fusion"],"picked":"SKIP","floor":1.0},{"not_picked":["Gash","Beam Cell"],"picked":"Cold Snap","floor":2.0},{"not_picked":["Aggregate","Go for the Eyes"],"picked":"Compile Driver","floor":4.0},{"not_picked":["Gash","Conserve Battery"],"picked":"Go for the Eyes","floor":5.0},{"not_picked":["Gash","Recycle"],"picked":"Biased Cognition","floor":8.0},{"not_picked":["Cold Snap","Conserve Battery"],"picked":"Auto Shields","floor":11.0},{"not_picked":["Capacitor","Barrage","Steam"],"picked":"SKIP","floor":13.0},{"not_picked":["Machine Learning","Fission"],"picked":"Multi-Cast","floor":16.0},{"not_picked":["Gash","Go for the Eyes"],"picked":"Compile Driver","floor":18.0},{"not_picked":["Stack+1","Capacitor"],"picked":"FTL+1","floor":22.0},{"not_picked":["Cold Snap+1","Sweeping Beam"],"picked":"Turbo+1","floor":25.0},{"not_picked":["Gash","Steam","Static Discharge"],"picked":"SKIP","floor":27.0},{"not_picked":["Stack","Hello World","Melter"],"picked":"SKIP","floor":29.0},{"not_picked":["Chaos","Auto Shields","Barrage"],"picked":"SKIP","floor":31.0}],"player_experience":555565,"relics_obtained":[{"floor":9.0,"key":"Omamori"},{"floor":13.0,"key":"Boot"},{"floor":26.0,"key":"Sundial"}],"event_choices":[{"damage_healed":0.0,"max_hp_gain":0.0,"max_hp_loss":0.0,"gold_gain":0.0,"event_name":"Accursed Blacksmith","player_choice":"Rummage","floor":3.0,"gold_loss":0.0,"damage_taken":0.0,"relics_obtained":["WarpedTongs"],"cards_obtained":["Pain"]},{"damage_healed":0.0,"max_hp_gain":0.0,"max_hp_loss":0.0,"gold_gain":0.0,"event_name":"World of Goop","player_choice":"Left Gold","floor":14.0,"gold_loss":74.0,"damage_taken":0.0},{"damage_healed":0.0,"max_hp_gain":0.0,"max_hp_loss":0.0,"gold_gain":0.0,"event_name":"The Library","player_choice":"Read","floor":19.0,"gold_loss":0.0,"damage_taken":0.0,"cards_obtained":["Consume"]},{"damage_healed":0.0,"max_hp_gain":0.0,"max_hp_loss":0.0,"gold_gain":50.0,"event_name":"FaceTrader","player_choice":"Touch","floor":21.0,"gold_loss":0.0,"damage_taken":7.0},{"damage_healed":0.0,"max_hp_gain":0.0,"max_hp_loss":0.0,"gold_gain":100.0,"event_name":"The Joust","player_choice":"Bet on Murderer","floor":24.0,"gold_loss":50.0,"damage_taken":0.0}],"is_beta":false,"boss_relics":[{"not_picked":["Snecko Eye","Black Star"],"picked":"SlaversCollar"}],"items_purged_floors":[7],"is_endless":false,"potions_floor_spawned":[2,4,16,22,27],"killed_by":"Collector","ascension_level":20}}