{"host":"u9xtr94typ21duox","time":1611287157,"event":{"mods":["BaseMod","Key Reminder","KinomotoSakuraMod(ƒæ÷Æ±æ”£)","LagranYue(¿≠∏Ò¿ °§‘¬)","Marisa£®ÏF”Í°°ƒß¿Ì…≥£©","Minty Spire (QoL Compilation)","Reimu£®≤©¿ˆ¡È√Œ£©","Replay The Spire","StSLib","Td1madao Mod","The Administrix","The Bladedancer","The Bug Knight","The Construct","The Cursed","The Gatherer","The Runesmith","The Servant 0.9.4","WarShipGirlsR/’ΩΩ¢…Ÿ≈ÆR mod","Youmu£®ªÍ∆«—˝√Œ£©","vexMod"],"gold_per_floor":[116,135,147,9,9,9,36,36,86,112,132,150,171,73,73,174,174,192,192,203,215,115,115,150,150,201,201,231,250,262,294,294,394,394,407,23,38,52,66,66,66,66],"floor_reached":41,"language":"ZHS","playtime":2333,"items_purged":["Strike_B","Pain","Strike_B"],"score":536,"play_id":"f5eec8a9-175b-441c-b4bc-c6841c6a7003","local_time":"20210122114557","is_ascension_mode":true,"campfire_choices":[{"data":"Thunder Strike","floor":6,"key":"SMITH"},{"data":"Zap","floor":8,"key":"SMITH"},{"floor":15,"key":"REST"},{"data":"Defragment","floor":23,"key":"SMITH"},{"floor":25,"key":"REST"},{"floor":27,"key":"REST"},{"data":"Auto Shields","floor":32,"key":"SMITH"},{"data":"ReplayRNGCard","floor":40,"key":"SMITH"}],"circlet_count":0,"master_deck":["Strike_B+1","Strike_B+1","Defend_B","Defend_B","Defend_B","Defend_B","Zap+1","Dualcast","Auto Shields+1","Gash","Conserve Battery","Thunder Strike+1","Defragment+1","ReplayRNGCard+1","Gash","Machine Learning","Ball Lightning","Tempest","ReplayRNGCard"],"relics":["Cracked Core","LagranYue:RandomDrawCardRelic","Singing Bowl","Whetstone","keyreminder:keyreminder","Geode","Letter Opener","Odd Mushroom","construct:WeddingRing","WarpedTongs","Pen Nib","HornCleat","Juzu Bracelet","Nuclear Battery","Divine Protection"],"acts_visited":["Exordium","TheCity","TheBeyond"],"potions_floor_usage":[7,7,24,24,33],"damage_taken":[{"damage":0,"enemies":"Cultist","floor":1,"turns":3},{"damage":0,"enemies":"2 Louse","floor":2,"turns":2},{"damage":0,"enemies":"Jaw Worm","floor":3,"turns":4},{"damage":47,"enemies":"Gremlin Nob","floor":7,"turns":5},{"damage":14,"enemies":"HollowMod:MossKnight","floor":10,"turns":9},{"damage":11,"enemies":"Large Slime","floor":11,"turns":4},{"damage":0,"enemies":"Gremlin Gang","floor":12,"turns":4},{"damage":8,"enemies":"The Mushroom Lair","floor":13,"turns":4},{"damage":24,"enemies":"The Guardian","floor":16,"turns":9},{"damage":20,"enemies":"Spheric Guardian","floor":18,"turns":4},{"damage":28,"enemies":"Snake Plant","floor":20,"turns":5},{"damage":17,"enemies":"Centurion and Healer","floor":21,"turns":7},{"damage":23,"enemies":"Book of Stabbing","floor":24,"turns":5},{"damage":3,"enemies":"Gremlin Leader","floor":28,"turns":6},{"damage":4,"enemies":"Snecko","floor":29,"turns":5},{"damage":1,"enemies":"Shelled Parasite and Fungi","floor":30,"turns":5},{"damage":6,"enemies":"HollowMod:Nosk","floor":31,"turns":5},{"damage":51,"enemies":"Automaton","floor":33,"turns":8},{"damage":0,"enemies":"Orb Walker","floor":35,"turns":4},{"damage":0,"enemies":"3 Shapes","floor":37,"turns":4},{"damage":29,"enemies":"Transient","floor":38,"turns":5},{"damage":13,"enemies":"Spire Growth","floor":39,"turns":6},{"damage":69,"enemies":"Nemesis","floor":41,"turns":6}],"seed_played":"-3729565707362244003","potions_obtained":[{"floor":2,"key":"Swift Potion"},{"floor":3,"key":"LiquidMemories"},{"floor":13,"key":"Block Potion"},{"floor":21,"key":"Block Potion"},{"floor":24,"key":"GamblersBrew"},{"floor":29,"key":"Elixir"},{"floor":30,"key":"Milkshake"},{"floor":35,"key":"Swift Potion"}],"is_trial":false,"path_per_floor":["M","M","M","$","T","R","E","R","T","E","M","M","?","$","R","B",null,"M","?","M","M","$","R","E","R","T","R","E","M","M","E","R","B",null,"M","$","M","M","M","R","E"],"character_chosen":"DEFECT","items_purchased":["Thunder Strike","Gash","Divine Protection"],"campfire_rested":3,"item_purchase_floors":[4,14,36],"current_hp_per_floor":[80,80,80,80,80,80,35,35,35,21,12,14,6,6,31,7,86,68,68,42,27,27,27,6,34,34,62,61,57,58,52,52,1,98,100,100,102,75,64,64,0,0],"gold":66,"neow_bonus":"RANDOM_EVENT","is_daily":false,"chose_seed":false,"campfire_upgraded":5,"win_rate":0.0,"timestamp":1611287157,"path_taken":["M","M","?","$","?","R","E","R","T","E","M","M","?","?","R","BOSS","M","?","M","?","$","R","E","R","T","R","E","M","M","E","R","BOSS","M","$","M","M","M","R","E"],"items_purchased_type":["Card","Card","Relic"],"build_version":"2020-12-22","purchased_purges":3,"victory":false,"max_hp_per_floor":[80,80,80,80,80,80,82,82,82,82,84,86,86,86,86,86,86,88,88,90,92,92,92,94,94,94,94,96,96,98,98,98,98,98,100,100,102,104,106,106,106,106],"card_choices":[{"not_picked":["Stack","Coolheaded"],"picked":"Auto Shields","floor":1},{"not_picked":["FTL","Rebound"],"picked":"Gash","floor":2},{"not_picked":["Turbo","Auto Shields"],"picked":"Conserve Battery","floor":3},{"not_picked":["Doom and Gloom","Sweeping Beam","Double Energy"],"picked":"Singing Bowl","floor":7},{"not_picked":["Coolheaded","Chill"],"picked":"Defragment","floor":10},{"not_picked":["Rebound","Hologram","Lockon"],"picked":"Singing Bowl","floor":11},{"not_picked":["Cold Snap","BasicCrystalCard","BootSequence"],"picked":"Singing Bowl","floor":12},{"not_picked":["Leap","Auto Shields"],"picked":"ReplayRNGCard","floor":13},{"not_picked":["Mirror Shield","Hyperbeam"],"picked":"Machine Learning","floor":16},{"not_picked":["Compile Driver","Doom and Gloom","White Noise"],"picked":"Singing Bowl","floor":18},{"not_picked":["Beam Cell+1","Skim","Turbo+1"],"picked":"Singing Bowl","floor":20},{"not_picked":["ReplayTheSpireMod:Calculation Training","Hologram+1","Coolheaded+1"],"picked":"Singing Bowl","floor":21},{"not_picked":["Coolheaded+1","Genetic Algorithm","Leap"],"picked":"Singing Bowl","floor":24},{"not_picked":["Glacier","Heatsinks","Barrage+1"],"picked":"Singing Bowl","floor":28},{"not_picked":["Sweeping Beam","Reboot"],"picked":"Ball Lightning","floor":29},{"not_picked":["Beam Cell","Skim","Compile Driver"],"picked":"Singing Bowl","floor":30},{"not_picked":["Streamline","Redo+1"],"picked":"Tempest","floor":31},{"not_picked":["ReplayTheSpireMod:Omega Cannon","Rainbow"],"picked":"ReplayRNGCard","floor":33},{"not_picked":["Conserve Battery","Leap+1","FTL"],"picked":"Singing Bowl","floor":35},{"not_picked":["Coolheaded+1","Sweeping Beam+1","Redo+1"],"picked":"Singing Bowl","floor":37},{"not_picked":["Barrage+1","Beam Cell","ReplayTheSpireMod:Repulse"],"picked":"Singing Bowl","floor":38},{"not_picked":["ReplayTheSpireMod:Calculation Training+1","Storm+1","FTL+1"],"picked":"Singing Bowl","floor":39}],"player_experience":322949,"relics_obtained":[{"floor":5,"key":"Singing Bowl"},{"floor":7,"key":"Whetstone"},{"floor":9,"key":"Geode"},{"floor":10,"key":"Letter Opener"},{"floor":13,"key":"Odd Mushroom"},{"floor":24,"key":"Pen Nib"},{"floor":28,"key":"HornCleat"},{"floor":31,"key":"Juzu Bracelet"}],"event_choices":[{"damage_healed":0,"gold_gain":0,"player_choice":"Donut","damage_taken":0,"max_hp_gain":5,"max_hp_loss":0,"event_name":"Big Fish","floor":0,"gold_loss":0},{"damage_healed":0,"gold_gain":0,"player_choice":"Fought Mushrooms","damage_taken":0,"max_hp_gain":0,"max_hp_loss":0,"event_name":"Mushrooms","floor":13,"gold_loss":0},{"damage_healed":0,"gold_gain":0,"player_choice":"Rummage","damage_taken":0,"relics_obtained":["WarpedTongs"],"max_hp_gain":0,"max_hp_loss":0,"event_name":"Accursed Blacksmith","floor":19,"gold_loss":0,"cards_obtained":["Pain"]}],"is_beta":false,"boss_relics":[{"not_picked":["vexMod:DeviousBotling","ChewingGum"],"picked":"construct:WeddingRing"},{"not_picked":["Busted Crown","Runesmith:UraniumAnvil"],"picked":"Nuclear Battery"}],"items_purged_floors":[14,22,36],"is_endless":false,"potions_floor_spawned":[2,3,13,21,24,29,30,35,38],"killed_by":"Nemesis","ascension_level":1}}