{"host":"oztwkdn1ogbv4ny9","time":1611287076,"event":{"mods":["AchievementEnabler","BaseMod","Colored Map","Hermit","Minty Spire (QoL Compilation)","Replay The Spire","StSLib","SuperFastMode","The Construct","The Cursed","The Disciple","The Hierophant","The Necromancer","The Servant 0.9.4"],"gold_per_floor":[110,128,146,66,66,91,105,105,128,151,164,164,177,191,191,191,191,191,191],"floor_reached":18,"language":"ENG","playtime":553,"items_purged":[],"score":116,"play_id":"f3285bce-178d-4fb7-8329-3b6d36fd2f9e","local_time":"20210121224436","is_ascension_mode":false,"campfire_choices":[{"data":"Thousand_Bone_Knives","floor":8,"key":"SMITH"},{"data":"Negative_Energy_Arrows","floor":17,"key":"SMITH"}],"circlet_count":0,"master_deck":["Strike_W","Strike_W","Strike_W+1","Strike_W","Defend_W","Defend_W","Defend_W","Defend_W","Negative_Energy_Arrows+1","Bone_Wall","Bone_Bullets+1","Flesh_Made_Foul","Bone_Armory","Thousand_Bone_Knives+1","Bone_Spikes"],"relics":["Vampire_Amulet","NeowsBlessing","Anchor","CeramicFish"],"acts_visited":["Exordium"],"potions_floor_usage":[7,18,18,18],"damage_taken":[{"damage":0,"enemies":"Small Slimes","floor":1,"turns":1},{"damage":0,"enemies":"Jaw Worm","floor":2,"turns":1},{"damage":0,"enemies":"2 Louse","floor":3,"turns":1},{"damage":33,"enemies":"3 Sentries","floor":6,"turns":7},{"damage":9,"enemies":"Lots of Slimes","floor":7,"turns":4},{"damage":0,"enemies":"2 Fungi Beasts","floor":10,"turns":2},{"damage":2,"enemies":"Blue Slaver","floor":11,"turns":2},{"damage":0,"enemies":"Red Slaver","floor":13,"turns":3},{"damage":0,"enemies":"Looter","floor":14,"turns":2},{"damage":47,"enemies":"The Guardian","floor":18,"turns":12}],"seed_played":"1796176012276220956","potions_obtained":[{"floor":3,"key":"BlessingOfTheForge"},{"floor":6,"key":"Weak Potion"},{"floor":13,"key":"Energy Potion"},{"floor":14,"key":"Explosive Potion"}],"is_trial":false,"path_per_floor":["M","M","M","$","?","E","M","R","T","M","M","?","M","M","PTL","R_BF","R","B"],"character_chosen":"NECROMANCER","items_purchased":["Thousand_Bone_Knives"],"campfire_rested":0,"item_purchase_floors":[4],"current_hp_per_floor":[75,75,75,75,60,33,34,34,34,38,38,43,45,47,47,47,47,0,0],"gold":191,"neow_bonus":"THREE_ENEMY_KILL","is_daily":false,"chose_seed":false,"campfire_upgraded":2,"win_rate":0.0,"timestamp":1611287076,"path_taken":["M","M","M","$","?","E","M","R","T","M","M","?","M","M","PTL","R_BF","R","BOSS"],"items_purchased_type":["Card"],"build_version":"2020-12-22","purchased_purges":0,"victory":false,"max_hp_per_floor":[75,75,75,75,75,75,75,75,75,75,75,80,80,80,80,80,80,80,80],"card_choices":[{"not_picked":["Bone_Armor","Scare"],"picked":"Bone_Bullets","floor":1},{"not_picked":["Whirlwind_of_Bones","Negative_Energy_Shield"],"picked":"Flesh_Made_Foul","floor":2},{"not_picked":["Negative_Energy_Javelin","Requiem"],"picked":"Bone_Armory","floor":3},{"not_picked":["Spectral_Walk","Bone_Prison","Acid_Javelin"],"picked":"SKIP","floor":6},{"not_picked":["Necrotic_Claws","Chill_Blood","Bone_Prison"],"picked":"SKIP","floor":7},{"not_picked":["Pandemic","Exploit"],"picked":"Bone_Spikes","floor":10},{"not_picked":["Blood_Curse","Bones_to_Steel","Bone_Spikes"],"picked":"SKIP","floor":11},{"not_picked":["Consume_Illness","Shackles_Of_Pain","Vampiric_Strike"],"picked":"SKIP","floor":13},{"not_picked":["Corrupt","Summon_Lich","Consume_Illness"],"picked":"SKIP","floor":14}],"player_experience":230977,"relics_obtained":[{"floor":6,"key":"Anchor"},{"floor":9,"key":"CeramicFish"}],"event_choices":[{"damage_healed":0,"gold_gain":0,"player_choice":"Entered Light","damage_taken":15,"max_hp_gain":0,"max_hp_loss":0,"event_name":"Shining Light","floor":5,"gold_loss":0,"cards_upgraded":["Bone_Bullets","Strike_W"]},{"damage_healed":0,"gold_gain":0,"player_choice":"Donut","damage_taken":0,"max_hp_gain":5,"max_hp_loss":0,"event_name":"Big Fish","floor":12,"gold_loss":0}],"is_beta":false,"boss_relics":[],"items_purged_floors":[],"is_endless":false,"potions_floor_spawned":[3,6,13,14],"killed_by":"The Guardian","ascension_level":0}}