{"host":"ndpbn7fqb3wjbd7p","time":1611278553,"event":{"mods":["AchievementEnabler","Act Like it!","AlwaysNeverKeys","BaseMod","Better Vampires","Block Reminder","Colored Powertips","DeckTracker","Defuse TimeMaze Blight","Friendly Minions","Hallownest","Hermit","Highlight Path","MarisaÅiñ∂âJÅ@ñÇóùçπÅj","Minty Spire (QoL Compilation)","Permanent Neow","Shade Mod","StSLib","SuperFastMode","Synergy Search","The Mystic","Unceasing Turn Reminder","egg"],"gold_per_floor":[115,0,0,15,29,29,45,45,45,57,57,90,90,102,102,102,102],"floor_reached":16,"language":"ENG","playtime":745,"items_purged":["Strike_G"],"score":204,"play_id":"9008e6d8-707c-4f3a-9047-174537284cf5","local_time":"20210122022233","is_ascension_mode":true,"campfire_choices":[{"data":"Neutralize","floor":6,"key":"SMITH"},{"data":"Tools of the Trade","floor":8,"key":"SMITH"},{"data":"Poisoned Stab","floor":11,"key":"SMITH"},{"data":"Heel Hook","floor":13,"key":"SMITH"},{"data":"Backflip","floor":15,"key":"SMITH"}],"circlet_count":0,"master_deck":["AscendersBane","Strike_G","Strike_G","Strike_G","Strike_G","Defend_G","Defend_G","Defend_G","Defend_G","Survivor","Neutralize+1","Heel Hook+1","Backflip+1","Tools of the Trade+1","Poisoned Stab+1"],"relics":["Ring of the Snake","MealTicket","PreservedInsect","Frozen Egg 2"],"acts_visited":["Exordium"],"potions_floor_usage":[12,14,14,16],"damage_taken":[{"damage":12,"enemies":"Jaw Worm","floor":1,"turns":8},{"damage":4,"enemies":"2 Louse","floor":4,"turns":4},{"damage":1,"enemies":"Cultist","floor":5,"turns":5},{"damage":5,"enemies":"Red Slaver","floor":7,"turns":6},{"damage":1,"enemies":"Blue Slaver","floor":10,"turns":6},{"damage":14,"enemies":"3 Sentries","floor":12,"turns":9},{"damage":0,"enemies":"Gremlin Gang","floor":14,"turns":4},{"damage":30,"enemies":"Slime Boss","floor":16,"turns":7}],"seed_played":"5278755324212656240","potions_obtained":[{"floor":1,"key":"DuplicationPotion"},{"floor":5,"key":"EssenceOfSteel"},{"floor":10,"key":"SteroidPotion"},{"floor":12,"key":"Swift Potion"},{"floor":14,"key":"Block Potion"}],"is_trial":false,"path_per_floor":["M","$","?","M","M","R","M","R","T","M","R","E","R","M","R","B"],"character_chosen":"THE_SILENT","items_purchased":["Heel Hook"],"campfire_rested":0,"item_purchase_floors":[2],"current_hp_per_floor":[47,62,55,51,50,50,45,45,45,44,44,30,30,30,30,0,0],"gold":102,"neow_bonus":"RANDOM_COMMON_RELIC","is_daily":false,"chose_seed":false,"campfire_upgraded":5,"win_rate":0.0,"timestamp":1611278553,"path_taken":["M","$","?","M","M","R","M","R","T","M","R","E","R","M","R","BOSS"],"items_purchased_type":["Card"],"build_version":"2020-12-22","purchased_purges":1,"victory":false,"max_hp_per_floor":[66,66,66,66,66,66,66,66,66,66,66,66,66,66,66,66,66],"card_choices":[{"not_picked":["Leg Sweep","Outmaneuver","All Out Attack"],"picked":"SKIP","floor":1},{"not_picked":["Dagger Throw","Underhanded Strike"],"picked":"Backflip","floor":4},{"not_picked":["Concentrate","Poisoned Stab"],"picked":"Tools of the Trade","floor":5},{"not_picked":["Flying Knee","Slice","PiercingWail"],"picked":"SKIP","floor":7},{"not_picked":["Deadly Poison","Noxious Fumes"],"picked":"Poisoned Stab","floor":10},{"not_picked":["Bane","Flechettes","Dagger Spray"],"picked":"SKIP","floor":12},{"not_picked":["Predator","Poisoned Stab","Choke"],"picked":"SKIP","floor":14}],"player_experience":1185492,"relics_obtained":[{"floor":9,"key":"PreservedInsect"},{"floor":12,"key":"Frozen Egg 2"}],"event_choices":[{"cards_removed":["Defend_G"],"damage_healed":0,"gold_gain":0,"player_choice":"Card Removal","damage_taken":7,"max_hp_gain":0,"max_hp_loss":0,"event_name":"Golden Wing","floor":3,"gold_loss":0}],"is_beta":false,"boss_relics":[],"items_purged_floors":[2],"is_endless":false,"potions_floor_spawned":[1,5,10,12,14],"killed_by":"Slime Boss","ascension_level":20}}