{"host":"wutzay93uet9pf9y","time":1611275370,"event":{"mods":["BaseMod","Colored Map","Downfall","Minty Spire (QoL Compilation)","StSLib"],"gold_per_floor":[19,38,38,38,38,38,79,79,102,148,148,168,168,181,181,279,279,302,302,320,320,320,320,351,351,351,1,1,36,36,36,36,113,113,130,130,142,166,126,161,161,188,242,242,262,362,382,429,429,429],"floor_reached":51,"language":"ENG","playtime":3184,"items_purged":["Defend_R"],"score":1428,"play_id":"edddd0be-b217-40f0-9af9-fb27c856223d","local_time":"20210121192930","is_ascension_mode":true,"campfire_choices":[{"floor":6,"key":"REST"},{"data":"Inflame","floor":13,"key":"SMITH"},{"data":"Headbutt","floor":15,"key":"SMITH"},{"data":"Berserk","floor":23,"key":"SMITH"},{"data":"Inflame","floor":25,"key":"SMITH"},{"data":"Pommel Strike","floor":28,"key":"SMITH"},{"floor":30,"key":"REST"},{"data":"Heavy Blade","floor":32,"key":"SMITH"},{"data":"Armaments","floor":41,"key":"SMITH"},{"floor":49,"key":"REST"}],"circlet_count":0,"master_deck":["AscendersBane","Defend_R","Defend_R","Defend_R","Bash","Shockwave+1","Pommel Strike+1","Inflame+1","Twin Strike+1","Headbutt+1","Berserk+1","Twin Strike+1","Slimebound:Tackle+1","Slimebound:Tackle+1","Slimebound:Tackle+1","Inflame+1","Heavy Blade+1","Reaper","Spot Weakness+1","Armaments+1","Metallicize","Fire Breathing+1","Sword Boomerang","Battle Trance+1","downfall:Malfunctioning","downfall:Aged","Offering","Regret","Doubt","Uppercut+1","Thunderclap"],"relics":["Burning Blood","Bird Faced Urn","Bloody Idol","Bag of Marbles","White Beast Statue","Juzu Bracelet","Vajra","WarpedTongs","Philosopher\u0027s Stone","Pen Nib","Art of War","Self Forming Clay","Singing Bowl","SlaversCollar","Smiling Mask","Whetstone","Dream Catcher","Anchor","Blue Candle","TungstenRod"],"acts_visited":["Exordium","TheCity","TheBeyond"],"potions_floor_usage":[18,20,20,24,29,33,42,48,48,50],"damage_taken":[{"damage":14,"enemies":"Small Slimes","floor":1,"turns":5},{"damage":16,"enemies":"Jaw Worm","floor":2,"turns":4},{"damage":41,"enemies":"Lagavulin","floor":7,"turns":8},{"damage":6,"enemies":"2 Louse","floor":12,"turns":2},{"damage":3,"enemies":"Large Slime","floor":14,"turns":4},{"damage":13,"enemies":"Slime Boss","floor":16,"turns":9},{"damage":22,"enemies":"2 Thieves","floor":18,"turns":3},{"damage":20,"enemies":"3 Byrds","floor":20,"turns":4},{"damage":3,"enemies":"Gremlin Leader","floor":24,"turns":3},{"damage":26,"enemies":"Slavers","floor":29,"turns":4},{"damage":55,"enemies":"Collector","floor":33,"turns":7},{"damage":24,"enemies":"Orb Walker","floor":35,"turns":3},{"damage":12,"enemies":"3 Darklings","floor":37,"turns":3},{"damage":25,"enemies":"Giant Head","floor":40,"turns":5},{"damage":57,"enemies":"Nemesis","floor":42,"turns":5},{"damage":74,"enemies":"Spire Growth","floor":45,"turns":5},{"damage":15,"enemies":"Maw","floor":47,"turns":5},{"damage":34,"enemies":"2 Orb Walkers","floor":48,"turns":4},{"damage":77,"enemies":"Donu and Deca","floor":50,"turns":6}],"seed_played":"-4340292918410852073","potions_obtained":[{"floor":7,"key":"champ:CounterPotion"},{"floor":12,"key":"Explosive Potion"},{"floor":18,"key":"PowerPotion"},{"floor":20,"key":"DuplicationPotion"},{"floor":24,"key":"Ancient Potion"},{"floor":29,"key":"HeartOfIron"},{"floor":33,"key":"BloodPotion"},{"floor":35,"key":"Guardian:BlockOnCardUsePotion"},{"floor":42,"key":"LiquidBronze"},{"floor":47,"key":"DuplicationPotion"},{"floor":48,"key":"champ:CounterPotion"}],"is_trial":false,"path_per_floor":["M","M","?","?","?","R","E","?","T","T","?","M","R","M","R","B",null,"M","?","M","?","?","R","E","R","T","$","R","E","R","?","R","B",null,"M","?","M","T","$","E","R","E","T","?","M","?","M","?","R","B",null],"character_chosen":"IRONCLAD","items_purchased":["Self Forming Clay","Metallicize"],"campfire_rested":3,"item_purchase_floors":[27,39],"current_hp_per_floor":[60,50,50,39,39,61,26,51,51,51,51,53,53,58,58,53,70,54,54,42,42,42,42,51,51,51,51,51,35,57,57,57,19,61,48,48,75,75,75,75,75,62,67,67,14,24,30,31,57,30],"gold":429,"neow_bonus":"ONE_RARE_RELIC","is_daily":false,"chose_seed":false,"campfire_upgraded":7,"win_rate":0.0,"timestamp":1611275370,"path_taken":["M","M","?","?","?","R","E","?","T","?","?","M","R","M","R","BOSS","M","?","M","?","?","R","E","R","T","$","R","E","R","?","R","BOSS","M","?","M","?","$","E","R","E","T","?","M","?","M","?","R","BOSS"],"items_purchased_type":["Relic","Card"],"build_version":"2020-12-22","purchased_purges":1,"victory":true,"max_hp_per_floor":[75,75,75,75,75,75,75,75,75,75,75,75,75,75,75,75,75,75,75,75,75,75,75,75,75,75,75,75,75,75,75,75,75,75,75,75,75,75,75,75,75,75,75,75,75,80,80,80,82,82],"card_choices":[{"not_picked":["Cleave","Warcry"],"picked":"Shockwave","floor":1},{"not_picked":["Sever Soul","Ghostly Armor"],"picked":"Pommel Strike","floor":2},{"not_picked":["Dual Wield","Armaments"],"picked":"Inflame","floor":7},{"not_picked":["Iron Wave","Second Wind"],"picked":"Twin Strike","floor":12},{"not_picked":["Armaments","Double Tap"],"picked":"Headbutt","floor":14},{"not_picked":["Exhume","Feed"],"picked":"Berserk","floor":16},{"not_picked":["Body Slam","Clash"],"picked":"Warcry+1","floor":18},{"not_picked":["Clothesline","Wild Strike"],"picked":"Twin Strike","floor":20},{"not_picked":["Second Wind","Clothesline"],"picked":"Inflame","floor":24},{"not_picked":["Dark Embrace","Headbutt"],"picked":"Heavy Blade","floor":29},{"not_picked":["Immolate","Berserk"],"picked":"Reaper","floor":33},{"not_picked":["Cleave","Body Slam+1"],"picked":"Spot Weakness+1","floor":35},{"not_picked":["Havoc","Evolve"],"picked":"Armaments","floor":37},{"not_picked":["Havoc","Sever Soul"],"picked":"Fire Breathing+1","floor":40},{"not_picked":["Flex","Carnage"],"picked":"Sword Boomerang","floor":42},{"not_picked":["Reckless Charge","Cleave"],"picked":"Battle Trance+1","floor":45},{"not_picked":["Sentinel","Warcry"],"picked":"Uppercut+1","floor":47},{"not_picked":["Armaments","Sever Soul"],"picked":"Thunderclap","floor":48},{"not_picked":["Clash","Headbutt","Anger"],"picked":"Singing Bowl","floor":49}],"player_experience":323423,"relics_obtained":[{"floor":7,"key":"White Beast Statue"},{"floor":9,"key":"Juzu Bracelet"},{"floor":10,"key":"Vajra"},{"floor":24,"key":"Pen Nib"},{"floor":26,"key":"Art of War"},{"floor":29,"key":"Singing Bowl"},{"floor":38,"key":"Smiling Mask"},{"floor":40,"key":"Whetstone"},{"floor":42,"key":"Dream Catcher"},{"floor":43,"key":"Anchor"},{"floor":48,"key":"TungstenRod"}],"event_choices":[{"damage_healed":0,"gold_gain":0,"player_choice":"Take Wound","damage_taken":0,"relics_obtained":["Golden Idol"],"max_hp_gain":0,"max_hp_loss":0,"event_name":"Golden Idol","floor":3,"gold_loss":0,"cards_obtained":["Injury"]},{"damage_healed":0,"gold_gain":0,"player_choice":"Success","damage_taken":11,"relics_obtained":["Bag of Marbles"],"max_hp_gain":0,"max_hp_loss":0,"event_name":"Scrap Ooze","floor":4,"gold_loss":0},{"damage_healed":0,"gold_gain":0,"player_choice":"Grow","damage_taken":0,"max_hp_gain":0,"max_hp_loss":0,"event_name":"Living Wall","floor":5,"gold_loss":0,"cards_upgraded":["Shockwave"]},{"damage_healed":25,"gold_gain":0,"player_choice":"Banana","damage_taken":0,"max_hp_gain":0,"max_hp_loss":0,"event_name":"Big Fish","floor":8,"gold_loss":0},{"damage_healed":0,"gold_gain":0,"player_choice":"Rummage","damage_taken":0,"relics_obtained":["WarpedTongs"],"max_hp_gain":0,"max_hp_loss":0,"event_name":"Accursed Blacksmith","floor":11,"gold_loss":0,"cards_obtained":["Pain"]},{"cards_removed":["Pain","Injury"],"damage_healed":0,"gold_gain":0,"player_choice":"Removed Curses","damage_taken":0,"max_hp_gain":0,"max_hp_loss":0,"event_name":"Fountain of Cleansing","floor":21,"gold_loss":0},{"damage_healed":0,"gold_gain":0,"player_choice":"Gave Idol","damage_taken":0,"relics_obtained":["Bloody Idol"],"max_hp_gain":0,"max_hp_loss":0,"event_name":"Forgotten Altar","floor":31,"relics_lost":["Golden Idol"],"gold_loss":0},{"cards_removed":["Warcry"],"damage_healed":0,"gold_gain":0,"player_choice":"Removed Skill","damage_taken":0,"max_hp_gain":0,"max_hp_loss":0,"event_name":"Falling","floor":36,"gold_loss":0},{"damage_healed":0,"gold_gain":0,"player_choice":"Ignored","damage_taken":0,"max_hp_gain":0,"max_hp_loss":0,"event_name":"Tomb of Lord Red Mask","floor":44,"gold_loss":0},{"damage_healed":0,"gold_gain":0,"player_choice":"Fight","damage_taken":0,"max_hp_gain":0,"max_hp_loss":0,"event_name":"Mysterious Sphere","floor":48,"gold_loss":0}],"is_beta":false,"boss_relics":[{"not_picked":["Sozu","Black Star"],"picked":"Philosopher\u0027s Stone"},{"not_picked":["Mark of Pain","Tiny House"],"picked":"SlaversCollar"}],"items_purged_floors":[27],"is_endless":false,"potions_floor_spawned":[7,12,14,16,18,20,24,29,33,35,37,40,42,45,47,48],"ascension_level":16}}