{"host":"ggy1mjjy92c62u6a","time":1611289154,"event":{"mods":["10 clothes from DAL","ATMod(阿瑾Mod)","Act Like it!","BaseMod","Colored Powertips","GifTheSpireLib","Minty Spire (QoL Compilation)","Quick Restart","Relic Stats","RumiaBox-露米娅的神秘盒子","Shop Mod","Spicy Shops","StSLib","TestMod","Waifu the Spire","Warlord Emblem","【功能Mod】混沌之环修复补丁","【遗物Mod】死灵法师NEW","【遗物卡牌】REMEMod"],"gold_per_floor":[111,122,137,153,153,188,188,199,226,240,251,264,264,281,281,382,382,397,397,397,472,538,644,644,750,818,918,918,843,893,594,594,733,733,774,774,862,510,910,974,1121,1121,1121,1187,1433,1550,1321,1321,1321,1419],"floor_reached":51,"language":"ZHS","playtime":2109,"items_purged":[],"score":1240,"play_id":"6ec58850-dedc-47a2-a11b-ec406e9bac90","local_time":"20210122121914","is_ascension_mode":true,"campfire_choices":[{"data":"AT_ShrugMaster","floor":7,"key":"SMITH"},{"floor":13,"key":"REST"},{"data":"WarlordEmblem:CurseStrike","floor":15,"key":"SMITH"},{"data":"WarlordEmblem:LichkingWraith","floor":24,"key":"SMITH"},{"data":"WarlordEmblem:DiseaseStrike","floor":28,"key":"SMITH"},{"data":"WarlordEmblem:ForceDeflexion","floor":32,"key":"SMITH"},{"data":"WarlordEmblem:FrozenHeart","floor":42,"key":"SMITH"},{"data":"1","floor":49,"key":"LIFT"}],"circlet_count":0,"master_deck":["WarlordEmblem:DiseaseStrike+1","AT_ShrugMaster+1","WarlordEmblem:EvilStrike","WarlordEmblem:CurseStrike+1","WarlordEmblem:DeathStrike+1","WarlordEmblem:LichBody+1","WarlordEmblem:ForceDeflexion+1","WarlordEmblem:FrozenHeart+1","WarlordEmblem:BlackCommand+1","WarlordEmblem:WinterHorn+1","WarlordEmblem:RuneRegen+1","WarlordEmblem:RuneInspire","WarlordEmblem:FrozenChain+1","WarlordEmblem:BloodMask+1","WarlordEmblem:Infect+1","WarlordEmblem:DiseaseCloud+1","WarlordEmblem:EvilPower","Finesse+1","testmod-Bloodthirsty+1"],"relics":["WarlordEmblem:RuneSword","WarlordEmblem:EvilRealm","REME_ComplimentaryCards","testmod-TestBox","testmod-Hope","Bag of Marbles","Toy Ornithopter","AT_MibuBalloonWealth","PreservedInsect","WarlordEmblem:Abhor","Ornamental Fan","Red Mask","testmod-Acrobat","testmod-TurbochargingSystem","testmod-BlackFramedGlasses","Calling Bell","Happy Flower","Toxic Egg 2","WingedGreaves","Baka2","MerchantsRug","Membership Card","WarlordEmblem:MagicRuneSword","Bottled Lightning","SharePain","REME_ArchaeologicalTools","testmod-OneHitWonder","Girya","testmod-TheFather","testmod-Charity","testmod-LifeArmor"],"acts_visited":["Exordium","TheCity","TheBeyond"],"potions_floor_usage":[16,16,27,27,45],"damage_taken":[{"damage":7,"enemies":"Jaw Worm","floor":1,"turns":4},{"damage":0,"enemies":"Cultist","floor":2,"turns":3},{"damage":0,"enemies":"Small Slimes","floor":3,"turns":4},{"damage":18,"enemies":"3 Louse","floor":4,"turns":2},{"damage":13,"enemies":"Lagavulin","floor":6,"turns":8},{"damage":5,"enemies":"2 Fungi Beasts","floor":8,"turns":4},{"damage":9,"enemies":"Blue Slaver","floor":10,"turns":5},{"damage":1,"enemies":"Exordium Thugs","floor":11,"turns":4},{"damage":0,"enemies":"2 Fungi Beasts","floor":12,"turns":3},{"damage":0,"enemies":"3 Louse","floor":14,"turns":1},{"damage":0,"enemies":"Hexaghost","floor":16,"turns":2},{"damage":35,"enemies":"Spheric Guardian","floor":18,"turns":6},{"damage":15,"enemies":"3 Byrds","floor":21,"turns":5},{"damage":21,"enemies":"Shelled Parasite and Fungi","floor":22,"turns":6},{"damage":33,"enemies":"Slavers","floor":23,"turns":2},{"damage":95,"enemies":"Gremlin Leader","floor":25,"turns":6},{"damage":10,"enemies":"Masked Bandits","floor":27,"turns":3},{"damage":8,"enemies":"Book of Stabbing","floor":30,"turns":5},{"damage":18,"enemies":"Champ","floor":33,"turns":9},{"damage":1,"enemies":"Orb Walker","floor":35,"turns":3},{"damage":5,"enemies":"3 Shapes","floor":37,"turns":5},{"damage":0,"enemies":"Nemesis","floor":40,"turns":5},{"damage":5,"enemies":"3 Darklings","floor":41,"turns":5},{"damage":18,"enemies":"Giant Head","floor":44,"turns":5},{"damage":6,"enemies":"Reptomancer","floor":45,"turns":4},{"damage":19,"enemies":"2 Orb Walkers","floor":46,"turns":3},{"damage":0,"enemies":"Awakened One","floor":50,"turns":2}],"seed_played":"1096672486183910396","potions_obtained":[{"floor":2,"key":"ColorlessPotion"},{"floor":3,"key":"AttackPotion"},{"floor":8,"key":"AttackPotion"},{"floor":22,"key":"GamblersBrew"},{"floor":25,"key":"BlessingOfTheForge"},{"floor":27,"key":"Explosive Potion"},{"floor":41,"key":"SkillPotion"},{"floor":44,"key":"Block Potion"},{"floor":45,"key":"testmod-TestPotion"}],"is_trial":false,"path_per_floor":["M","M","M","M","?","E","R","M","T","M","M","M","R","M","R","B",null,"M","?","?","M","M","E","R","E","T","?","R","?","E","$","R","B",null,"M","?","M","$","?","E","M","R","T","E","E","?","$","?","R","B",null],"character_chosen":"DeathKnight","items_purchased":["testmod-TurbochargingSystem","testmod-BlackFramedGlasses","MerchantsRug","Membership Card","WarlordEmblem:RuneRegen+1","WarlordEmblem:RuneInspire","WarlordEmblem:MagicRuneSword","testmod-TheFather","WarlordEmblem:EvilPower","testmod-Charity","testmod-LifeArmor","Finesse+1"],"campfire_rested":1,"item_purchase_floors":[31,31,38,38,38,38,38,47,47,47,47,47],"current_hp_per_floor":[73,73,73,55,55,42,42,37,37,28,27,21,57,57,57,122,122,87,87,87,72,57,128,128,33,33,33,33,33,25,25,25,16,128,128,128,128,128,128,128,123,123,123,128,128,121,121,121,121,158],"gold":1419,"neow_bonus":"REMOVE_CARD","is_daily":false,"chose_seed":false,"campfire_upgraded":6,"win_rate":0.0,"timestamp":1611289154,"path_taken":["M","M","M","M","?","E","R","M","T","M","?","M","R","M","R","BOSS","M","?","?","M","M","E","R","E","T","?","R","?","E","$","R","BOSS","M","?","M","$","?","E","M","R","T","E","E","?","$","?","R","BOSS"],"items_purchased_type":["Relic","Relic","Relic","Relic","Card","Card","Relic","Relic","Card","Relic","Relic","Card"],"build_version":"2020-12-22","purchased_purges":0,"victory":true,"max_hp_per_floor":[80,110,110,110,110,110,110,110,110,110,110,122,122,122,122,122,122,122,122,122,122,128,128,128,128,128,128,128,128,128,128,128,128,128,128,128,128,128,128,128,128,128,128,128,128,128,128,128,128,158],"relic_stats":{"Happy Flower":[10],"counters":[27,112],"Ornamental Fan":[20],"PreservedInsect":398,"obtain_stats":[{"AT_ATBox":0,"WarlordEmblem:RuneSword":0,"AT_MibuBalloonWealth":19,"testmod-LifeArmor":47,"testmod-KeyOfTheVoid":17,"testmod-BlackFramedGlasses":31,"testmod-Charity":47,"SharePain":43,"Baka2":37,"testmod-TheFather":47,"WingedGreaves":34,"Red Mask":27,"REME_ArchaeologicalTools":44,"Toxic Egg 2":34,"MerchantsRug":38,"Girya":46,"testmod-TestBox":0,"Happy Flower":34,"PreservedInsect":23,"Baka":1,"WarlordEmblem:MagicRuneSword":38,"testmod-TurbochargingSystem":31,"WarlordEmblem:Abhor":25,"Calling Bell":34,"WarlordEmblem:EvilRealm":0,"Ornamental Fan":26,"testmod-Acrobat":30,"testmod-Hope":0,"Bag of Marbles":6,"Membership Card":38,"Bottled Lightning":40,"Toy Ornithopter":9,"testmod-OneHitWonder":45,"REME_ComplimentaryCards":0},{"AT_ATBox":0,"WarlordEmblem:RuneSword":0,"AT_MibuBalloonWealth":12,"testmod-LifeArmor":26,"testmod-KeyOfTheVoid":11,"testmod-BlackFramedGlasses":18,"testmod-Charity":26,"SharePain":23,"Baka2":21,"testmod-TheFather":26,"WingedGreaves":19,"Red Mask":17,"REME_ArchaeologicalTools":24,"Toxic Egg 2":19,"MerchantsRug":21,"Girya":26,"testmod-TestBox":0,"Happy Flower":19,"PreservedInsect":15,"Baka":1,"WarlordEmblem:MagicRuneSword":21,"testmod-TurbochargingSystem":18,"WarlordEmblem:Abhor":16,"Calling Bell":19,"WarlordEmblem:EvilRealm":0,"Ornamental Fan":16,"testmod-Acrobat":18,"testmod-Hope":0,"Bag of Marbles":5,"Membership Card":21,"Bottled Lightning":22,"Toy Ornithopter":6,"testmod-OneHitWonder":25,"REME_ComplimentaryCards":0},{"AT_ATBox":0,"WarlordEmblem:RuneSword":0,"AT_MibuBalloonWealth":46,"testmod-LifeArmor":110,"testmod-KeyOfTheVoid":40,"testmod-BlackFramedGlasses":73,"testmod-Charity":110,"SharePain":98,"Baka2":88,"testmod-TheFather":110,"WingedGreaves":81,"Red Mask":68,"REME_ArchaeologicalTools":103,"Toxic Egg 2":81,"MerchantsRug":88,"Girya":110,"testmod-TestBox":0,"Happy Flower":81,"PreservedInsect":59,"Baka":4,"WarlordEmblem:MagicRuneSword":88,"testmod-TurbochargingSystem":73,"WarlordEmblem:Abhor":65,"Calling Bell":81,"WarlordEmblem:EvilRealm":0,"Ornamental Fan":65,"testmod-Acrobat":73,"testmod-Hope":0,"Bag of Marbles":21,"Membership Card":88,"Bottled Lightning":93,"Toy Ornithopter":25,"testmod-OneHitWonder":107,"REME_ComplimentaryCards":0}],"Toy Ornithopter":24},"card_choices":[{"not_picked":["WarlordEmblem:RuneDiffer","WarlordEmblem:CurseStrike"],"picked":"WarlordEmblem:EvilStrike","floor":1},{"not_picked":["WarlordEmblem:Withstand","WarlordEmblem:RuneBlade","WarlordEmblem:Infect"],"picked":"SKIP","floor":2},{"not_picked":["WarlordEmblem:RuneRecast","WarlordEmblem:Execute"],"picked":"WarlordEmblem:LichkingWraith","floor":3},{"not_picked":["WarlordEmblem:RuneFocus","WarlordEmblem:Withstand","WarlordEmblem:FrostbiteStrike"],"picked":"SKIP","floor":4},{"not_picked":["WarlordEmblem:NoLightShield","WarlordEmblem:BloodStrike","WarlordEmblem:FrozenHeart"],"picked":"SKIP","floor":6},{"not_picked":["WarlordEmblem:FrostbiteStrike","WarlordEmblem:VoidDefend","WarlordEmblem:BodyStrike"],"picked":"SKIP","floor":8},{"not_picked":["WarlordEmblem:Withstand","WarlordEmblem:RuneBlade"],"picked":"WarlordEmblem:WinterHorn","floor":10},{"not_picked":["WarlordEmblem:Withstand","WarlordEmblem:SwordWave"],"picked":"WarlordEmblem:CurseStrike","floor":11},{"not_picked":["WarlordEmblem:AntiMagicShield","WarlordEmblem:DeathCoil","WarlordEmblem:SwordWave"],"picked":"SKIP","floor":12},{"not_picked":["WarlordEmblem:Infect","WarlordEmblem:DiseaseCloud"],"picked":"WarlordEmblem:EvilSee","floor":14},{"not_picked":["WarlordEmblem:HeartStrike+1","WarlordEmblem:EvilSee+1","WarlordEmblem:FrostbiteStrike+1"],"picked":"SKIP","floor":18},{"not_picked":["WarlordEmblem:BodyStrike","WarlordEmblem:DeathShake+1","WarlordEmblem:NoLightShield"],"picked":"SKIP","floor":21},{"not_picked":["WarlordEmblem:DeathGateway+1","WarlordEmblem:RuneBlade"],"picked":"WarlordEmblem:CurseStrike","floor":22},{"not_picked":["WarlordEmblem:BoneShield","WarlordEmblem:BodyStrike+1","WarlordEmblem:WindStrike"],"picked":"SKIP","floor":23},{"not_picked":["WarlordEmblem:FrozenHeart","WarlordEmblem:RuneFocus+1"],"picked":"WarlordEmblem:DeathStrike+1","floor":25},{"not_picked":["WarlordEmblem:RuneFocus","WarlordEmblem:BodyStrike"],"picked":"WarlordEmblem:LichBody+1","floor":27},{"not_picked":["WarlordEmblem:FrostbiteStrike","WarlordEmblem:FrozenDeath"],"picked":"WarlordEmblem:ForceDeflexion","floor":30},{"not_picked":["WarlordEmblem:BloodBoiling","WarlordEmblem:HungeringCold"],"picked":"WarlordEmblem:FrozenHeart","floor":33},{"not_picked":["WarlordEmblem:FrozenDeath+1","WarlordEmblem:Withstand+1"],"picked":"WarlordEmblem:BlackCommand+1","floor":35},{"not_picked":["WarlordEmblem:EvilEager","WarlordEmblem:VoidDefend+1","WarlordEmblem:WindStrike+1"],"picked":"SKIP","floor":37},{"not_picked":["WarlordEmblem:FrozenDeath","WarlordEmblem:HeartStrike","WarlordEmblem:RuneRecover+1"],"picked":"SKIP","floor":40},{"not_picked":["WarlordEmblem:AntiMagicShield+1","WarlordEmblem:Execute+1"],"picked":"WarlordEmblem:FrozenChain+1","floor":41},{"not_picked":["WarlordEmblem:UndeadWill+1","WarlordEmblem:RuneInspire"],"picked":"WarlordEmblem:BloodMask+1","floor":44},{"not_picked":["WarlordEmblem:BoneShield","WarlordEmblem:SwordWave+1"],"picked":"WarlordEmblem:Infect+1","floor":45},{"not_picked":["WarlordEmblem:FrozenWill+1","WarlordEmblem:VoidStrike+1"],"picked":"WarlordEmblem:DiseaseCloud+1","floor":46},{"not_picked":["Metamorphosis+1","Trip+1"],"picked":"testmod-Bloodthirsty+1","floor":48}],"player_experience":74101,"relics_obtained":[{"floor":1,"key":"Baka"},{"floor":6,"key":"Bag of Marbles"},{"floor":9,"key":"Toy Ornithopter"},{"floor":23,"key":"PreservedInsect"},{"floor":25,"key":"WarlordEmblem:Abhor"},{"floor":26,"key":"Ornamental Fan"},{"floor":27,"key":"Red Mask"},{"floor":30,"key":"testmod-Acrobat"},{"floor":34,"key":"Happy Flower"},{"floor":34,"key":"Toxic Egg 2"},{"floor":34,"key":"WingedGreaves"},{"floor":37,"key":"Baka2"},{"floor":40,"key":"Bottled Lightning"},{"floor":43,"key":"SharePain"},{"floor":44,"key":"REME_ArchaeologicalTools"},{"floor":45,"key":"testmod-OneHitWonder"},{"floor":46,"key":"Girya"}],"event_choices":[{"damage_healed":0,"gold_gain":0,"player_choice":"Cursed","damage_taken":0,"max_hp_gain":0,"max_hp_loss":0,"event_name":"Wheel of Change","floor":5,"gold_loss":0,"cards_obtained":["Decay"]},{"damage_healed":0,"gold_gain":0,"player_choice":"Opened","damage_taken":0,"relics_obtained":["AT_MibuBalloonWealth"],"max_hp_gain":0,"max_hp_loss":0,"event_name":"The Mausoleum","floor":19,"gold_loss":0,"cards_obtained":["Writhe"]},{"damage_healed":0,"gold_gain":0,"player_choice":"Fought Bandits","damage_taken":0,"max_hp_gain":0,"max_hp_loss":0,"event_name":"Masked Bandits","floor":27,"gold_loss":0},{"cards_removed":["WarlordEmblem:RuneStrike"],"damage_healed":0,"gold_gain":0,"player_choice":"Gave Gold","damage_taken":0,"max_hp_gain":0,"max_hp_loss":0,"event_name":"Beggar","floor":29,"gold_loss":75},{"damage_healed":0,"gold_gain":0,"cards_transformed":["WarlordEmblem:LichkingWraith"],"player_choice":"Transformed","damage_taken":0,"max_hp_gain":0,"max_hp_loss":0,"event_name":"Transmorgrifier","floor":36,"gold_loss":0,"cards_obtained":["WarlordEmblem:WinterHorn"]},{"damage_healed":0,"gold_gain":400,"player_choice":"Sell","damage_taken":0,"max_hp_gain":0,"max_hp_loss":0,"event_name":"恩洛斯的盘子","floor":39,"relics_lost":["AT_ATBox"],"gold_loss":0},{"damage_healed":0,"gold_gain":0,"player_choice":"Fight","damage_taken":0,"max_hp_gain":0,"max_hp_loss":0,"event_name":"Mysterious Sphere","floor":46,"gold_loss":0},{"damage_healed":0,"gold_gain":0,"player_choice":"Memory 1","damage_taken":0,"max_hp_gain":0,"max_hp_loss":0,"event_name":"SensoryStone","floor":48,"gold_loss":0}],"is_beta":false,"boss_relics":[{"not_picked":["REME_DemonsWealth","testmod-IncinerationGenerator"],"picked":"testmod-KeyOfTheVoid"},{"not_picked":["testmod-Nine","Pandora\u0027s Box"],"picked":"Calling Bell"}],"items_purged_floors":[],"is_endless":false,"potions_floor_spawned":[2,3,8,12,14,22,25,27,41,44,45,46],"ascension_level":1}}