{"host":"p9t7qd83igtcp2bh","time":1611358413,"event":{"mods":["2.2 Compatiblity","AchievementEnabler","BaseMod","Colored Map","Colored Powertips","Custom Start","DeckTracker","Keyboard Shortcuts","Minty Spire (QoL Compilation)","Permanent Neow","StSLib","SuperFastMode","everything is the same but u backflip on backflip"],"gold_per_floor":[113,113,69,85,96,96,130,130,130,157,168,168,168,229,229,301,301,315,315,315,315,325,325,15,15,38,38,54,54,54,104,104,181,181,192,192,192,192,202,202,202],"floor_reached":40,"language":"KOR","playtime":1361,"items_purged":[],"score":901,"play_id":"9aed38a9-79e8-4333-aec5-ebe4304341d3","local_time":"20210123083333","is_ascension_mode":true,"campfire_choices":[{"data":"Buffer","floor":6.0,"key":"SMITH"},{"data":"Darkness","floor":8.0,"key":"SMITH"},{"data":"Coolheaded","floor":13.0,"key":"SMITH"},{"data":"Turbo","floor":15.0,"key":"SMITH"},{"data":"Creative AI","floor":23.0,"key":"SMITH"},{"data":"Coolheaded","floor":25.0,"key":"SMITH"},{"data":"Turbo","floor":27.0,"key":"SMITH"},{"floor":32,"key":"REST"}],"circlet_count":0,"master_deck":["AscendersBane","Defend_B","Defend_B","Defend_B","Zap","Dualcast","Buffer+1","Coolheaded+1","Darkness+1","Go for the Eyes","Cold Snap","Turbo+1","Compile Driver+1","Amplify","Coolheaded+1","Bite","Bite+1","Bite","Bite","Creative AI+1","Reinforced Body","Turbo+1","Undo","Heatsinks","Seek","Recycle+1"],"relics":["Cracked Core","Symbiotic Virus","Gremlin Horn","Question Card","Shuriken","Philosopher\u0027s Stone","Gambling Chip","Potion Belt","Whetstone","Runic Pyramid","Torii"],"acts_visited":["Exordium","TheCity","TheBeyond"],"potions_floor_usage":[35,40],"damage_taken":[{"damage":7.0,"enemies":"Small Slimes","floor":1.0,"turns":4.0},{"damage":0.0,"enemies":"Jaw Worm","floor":4.0,"turns":4.0},{"damage":6.0,"enemies":"2 Louse","floor":5.0,"turns":3.0},{"damage":16.0,"enemies":"Lagavulin","floor":7.0,"turns":9.0},{"damage":9.0,"enemies":"3 Sentries","floor":10.0,"turns":8.0},{"damage":0.0,"enemies":"Looter","floor":11.0,"turns":3.0},{"damage":8.0,"enemies":"Gremlin Nob","floor":14.0,"turns":3.0},{"damage":0.0,"enemies":"Slime Boss","floor":16.0,"turns":6.0},{"damage":0.0,"enemies":"Shell Parasite","floor":18.0,"turns":3.0},{"damage":0.0,"enemies":"Chosen","floor":22.0,"turns":5.0},{"damage":44.0,"enemies":"Shelled Parasite and Fungi","floor":28.0,"turns":7.0},{"damage":13,"enemies":"Collector","floor":33,"turns":9},{"damage":5,"enemies":"3 Darklings","floor":35,"turns":10},{"damage":12,"enemies":"Orb Walker","floor":39,"turns":5},{"damage":71,"enemies":"Nemesis","floor":40,"turns":12}],"seed_played":"-5834364335718837312","potions_obtained":[{"floor":7.0,"key":"SteroidPotion"},{"floor":10.0,"key":"SteroidPotion"},{"floor":11.0,"key":"FocusPotion"},{"floor":18.0,"key":"Fire Potion"},{"floor":35,"key":"Block Potion"}],"is_trial":false,"path_per_floor":["M","?","$","M","M","R","E","R","T","E","M","?","R","?","R","B",null,"M","?","T","?","M","R","$","R","T","R","M","$","?","?","R","B",null,"M","T","?","?","M","E"],"character_chosen":"DEFECT","items_purchased":["Darkness","Potion Belt","Reinforced Body","Turbo"],"campfire_rested":1,"item_purchase_floors":[3,24,24,24],"current_hp_per_floor":[57,50,50,50,44,44,28,28,28,19,19,19,19,11,11,11,56,56,49,49,49,49,49,49,49,49,49,19,19,19,15,29,38,46,49,49,49,49,37,0,0],"gold":202,"neow_bonus":"TRANSFORM_CARD","is_daily":false,"chose_seed":false,"campfire_upgraded":7,"win_rate":0.0,"timestamp":1611358413,"path_taken":["M","?","$","M","M","R","E","R","T","E","M","?","R","?","R","BOSS","M","?","?","?","M","R","?","R","T","R","?","$","?","?","R","BOSS","M","?","?","?","M","E"],"items_purchased_type":["Card","Relic","Card","Card"],"build_version":"2020-12-22","purchased_purges":0,"victory":false,"max_hp_per_floor":[71,71,71,71,71,71,71,71,71,71,71,71,71,71,71,71,71,71,49,49,49,49,49,49,49,49,49,49,49,49,49,49,49,49,49,49,49,49,49,49,49],"card_choices":[{"not_picked":["Hologram","Steam"],"picked":"Coolheaded","floor":1.0},{"not_picked":["Steam","Barrage"],"picked":"Go for the Eyes","floor":4.0},{"not_picked":["Scrape","Sweeping Beam"],"picked":"Cold Snap","floor":5.0},{"not_picked":["Fission","Stack"],"picked":"Turbo","floor":7.0},{"not_picked":["Beam Cell","Turbo","Stack"],"picked":"SKIP","floor":10.0},{"not_picked":["White Noise","Ball Lightning","Rebound"],"picked":"Compile Driver","floor":11.0},{"not_picked":["Reboot","Machine Learning","Echo Form"],"picked":"Amplify","floor":16.0},{"not_picked":["Leap","Conserve Battery","Steam"],"picked":"Coolheaded","floor":18.0},{"not_picked":["Doom and Gloom","Sweeping Beam","Coolheaded"],"picked":"Creative AI","floor":22.0},{"not_picked":["Gash","Redo","Coolheaded+1"],"picked":"Undo","floor":28.0},{"not_picked":["Biased Cognition","Buffer","Echo Form"],"picked":"Seek","floor":33},{"not_picked":["Reprogram","Compile Driver","Leap"],"picked":"Recycle","floor":35},{"not_picked":["Hologram","Conserve Battery","Leap+1","Steam"],"picked":"SKIP","floor":39}],"player_experience":669072,"relics_obtained":[{"floor":7.0,"key":"Symbiotic Virus"},{"floor":9.0,"key":"Gremlin Horn"},{"floor":10.0,"key":"Question Card"},{"floor":14.0,"key":"Shuriken"},{"floor":20.0,"key":"Gambling Chip"},{"floor":26.0,"key":"Whetstone"},{"floor":36,"key":"Torii"}],"event_choices":[{"cards_removed":["Defend_B"],"damage_healed":0.0,"max_hp_gain":0.0,"max_hp_loss":0.0,"gold_gain":0.0,"event_name":"Golden Wing","player_choice":"Card Removal","floor":2.0,"gold_loss":0.0,"damage_taken":7.0},{"damage_healed":0.0,"max_hp_gain":0.0,"max_hp_loss":0.0,"gold_gain":0.0,"event_name":"Shining Light","player_choice":"Ignored","floor":12.0,"gold_loss":0.0,"damage_taken":0.0},{"damage_healed":0.0,"max_hp_gain":0.0,"max_hp_loss":0.0,"gold_gain":0.0,"event_name":"Dead Adventurer","player_choice":"Searched \u00271\u0027 times","floor":14.0,"gold_loss":0.0,"damage_taken":0.0},{"damage_healed":0.0,"max_hp_gain":0.0,"max_hp_loss":22.0,"gold_gain":0.0,"event_name":"Vampires","player_choice":"Became a vampire","floor":19.0,"gold_loss":0.0,"damage_taken":0.0,"cards_obtained":["Bite","Bite","Bite","Bite","Bite"]},{"cards_removed":["Bite"],"damage_healed":0.0,"max_hp_gain":0.0,"max_hp_loss":0.0,"gold_gain":0.0,"event_name":"Back to Basics","player_choice":"Elegance","floor":21.0,"gold_loss":0.0,"damage_taken":0.0},{"damage_healed":0.0,"max_hp_gain":0.0,"max_hp_loss":0.0,"gold_gain":0.0,"event_name":"The Library","player_choice":"Read","floor":30.0,"gold_loss":0.0,"damage_taken":0.0,"cards_obtained":["Heatsinks"]},{"damage_healed":0,"gold_gain":50,"player_choice":"Touch","damage_taken":4,"max_hp_gain":0,"max_hp_loss":0,"event_name":"FaceTrader","floor":31,"gold_loss":0},{"damage_healed":0,"gold_gain":0,"player_choice":"Ignored","damage_taken":0,"max_hp_gain":0,"max_hp_loss":0,"event_name":"Tomb of Lord Red Mask","floor":37,"gold_loss":0},{"damage_healed":0,"gold_gain":0,"player_choice":"Forge","damage_taken":0,"max_hp_gain":0,"max_hp_loss":0,"event_name":"Accursed Blacksmith","floor":38,"gold_loss":0,"cards_upgraded":["Recycle"]}],"is_beta":false,"boss_relics":[{"not_picked":["Tiny House","Nuclear Battery"],"picked":"Philosopher\u0027s Stone"},{"not_picked":["Empty Cage","Sozu"],"picked":"Runic Pyramid"}],"items_purged_floors":[],"is_endless":false,"potions_floor_spawned":[7,10,11,14,18,35],"killed_by":"Nemesis","ascension_level":20}}