{"host":"ws1rigs6jhqnf67d","time":1611342907,"event":{"mods":["BaseMod","Friendly Minions","KinomotoSakuraMod(ƒæ÷Æ±æ”£)","Kiyohime£®«Âºß£©","Lobotomy","LobotomyExtend","Marisa£®ÏF”Í°°ƒß¿Ì…≥£©","Minty Spire (QoL Compilation)","Remilia£®¿Ÿ√◊¿Ú—«£©","StSLib","The Bug Knight","Youmu£®ªÍ∆«—˝√Œ£©","[IsaacMod]“‘»ˆº‚À˛"],"gold_per_floor":[215,229,241,261,274,307,327,358,358,371,371,387,400,427,427,522,522,534,554,554,568,581,615,615,119,119,129,129,147,178,192,192,295,295,305,321,321,321],"floor_reached":37,"language":"ZHS","playtime":1396,"items_purged":[],"score":730,"play_id":"72c7c6a7-487d-4eb4-b242-77a9c3658f64","local_time":"20210123031507","is_ascension_mode":true,"campfire_choices":[{"floor":15.0,"key":"REST"},{"floor":24,"key":"REST"},{"floor":28,"key":"REST"},{"floor":32,"key":"REST"}],"circlet_count":0,"master_deck":["Strike_G","Strike_G","Strike_G","Strike_G","Strike_G","Defend_G","Defend_G","Defend_G","Defend_G","Defend_G","Survivor","Neutralize","Die Die Die","Leg Sweep","Poisoned Stab","Parasite","Dagger Spray","Venomology","Glass Knife","Cloak And Dagger+1","Terror","Infinite Blades+1"],"relics":["Ring of the Snake","HushsDoor","DeadEye","LetterFromLob","PunchingBag","Gremlin Horn","Calipers","RedMistMask","InspiredRelic","ShedSkin_r","Dream Catcher","Black Star","Centennial Puzzle","Frozen Egg 2","Pear","Bottled Flame","Shuriken","Sundial","Lantern"],"acts_visited":["Exordium","TheCity","TheBeyond"],"potions_floor_usage":[16,21,22,22,23,27,30,33,33,33,33,37],"damage_taken":[{"damage":3.0,"enemies":"Cultist","floor":1.0,"turns":4.0},{"damage":4.0,"enemies":"Jaw Worm","floor":2.0,"turns":5.0},{"damage":0.0,"enemies":"2 Louse","floor":3.0,"turns":3.0},{"damage":5.0,"enemies":"Red Slaver","floor":4.0,"turns":6.0},{"damage":3.0,"enemies":"Blue Slaver","floor":5.0,"turns":5.0},{"damage":0.0,"enemies":"3 Sentries","floor":6.0,"turns":2.0},{"damage":0.0,"enemies":"3 Louse","floor":7.0,"turns":1.0},{"damage":16.0,"enemies":"Lagavulin","floor":8.0,"turns":7.0},{"damage":11.0,"enemies":"Red Slaver","floor":10.0,"turns":7.0},{"damage":0.0,"enemies":"Exordium Thugs","floor":12.0,"turns":2.0},{"damage":0.0,"enemies":"2 Fungi Beasts","floor":13.0,"turns":3.0},{"damage":0.0,"enemies":"Gremlin Nob","floor":14.0,"turns":2.0},{"damage":0,"enemies":"Slime Boss","floor":16,"turns":2},{"damage":0,"enemies":"3 Byrds","floor":18,"turns":3},{"damage":0,"enemies":"2 Thieves","floor":19,"turns":2},{"damage":4,"enemies":"Chosen and Byrds","floor":21,"turns":2},{"damage":5,"enemies":"Snecko","floor":22,"turns":4},{"damage":23,"enemies":"Slavers","floor":23,"turns":3},{"damage":12,"enemies":"Cultist and Chosen","floor":27,"turns":3},{"damage":0,"enemies":"Sentry and Sphere","floor":29,"turns":2},{"damage":17,"enemies":"Book of Stabbing","floor":30,"turns":4},{"damage":6,"enemies":"Shelled Parasite and Fungi","floor":31,"turns":3},{"damage":19,"enemies":"Champ","floor":33,"turns":9},{"damage":13,"enemies":"Orb Walker","floor":35,"turns":4},{"damage":12,"enemies":"3 Darklings","floor":36,"turns":3},{"damage":32,"enemies":"4 Shapes","floor":37,"turns":7}],"seed_played":"-6636263055861980481","potions_obtained":[{"floor":3.0,"key":"Block Potion"},{"floor":7.0,"key":"GhostInAJar"},{"floor":8.0,"key":"LiquidMemories"},{"floor":10.0,"key":"CunningPotion"},{"floor":16,"key":"DuplicationPotion"},{"floor":22,"key":"Strength Potion"},{"floor":27,"key":"SteroidPotion"},{"floor":29,"key":"Weak Potion"},{"floor":30,"key":"CunningPotion"},{"floor":35,"key":"LiquidBronze"}],"is_trial":false,"path_per_floor":["M","M","M","M","M","E","M","E","T","M","E","M","M","E","R","B",null,"M","M","?","M","M","E","R","$","T","M","R","M","E","M","R","B",null,"M","M","M"],"character_chosen":"THE_SILENT","items_purchased":["Glass Knife","Pear","Bottled Flame"],"campfire_rested":4,"item_purchase_floors":[17,25,25],"current_hp_per_floor":[60,56,56,51,48,48,48,32,32,21,10,10,10,10,25,25,42,42,42,35,31,26,3,18,28,28,25,43,43,26,20,38,19,51,38,26,0,0],"gold":321,"neow_bonus":"HUNDRED_GOLD","is_daily":false,"chose_seed":false,"campfire_upgraded":0,"win_rate":0.0,"timestamp":1611342907,"path_taken":["M","M","M","M","M","E","M","E","T","?","E","M","M","E","R","BOSS","M","M","?","M","M","E","R","$","T","?","R","M","E","M","R","BOSS","M","M","M"],"items_purchased_type":["Card","Relic","Relic"],"build_version":"2020-12-22","purchased_purges":0,"victory":false,"max_hp_per_floor":[70,70,70,70,70,70,70,70,70,70,50,50,50,50,50,50,47,47,47,52,52,52,52,52,62,62,62,62,62,62,62,62,62,62,62,62,62,62],"card_choices":[{"not_picked":["Dagger Throw","Calculated Gamble"],"picked":"Bomb","floor":1.0},{"not_picked":["Acrobatics","Prepared"],"picked":"Bomb","floor":2.0},{"not_picked":["Slice","Crippling Poison","Sucker Punch"],"picked":"SKIP","floor":3.0},{"not_picked":["Outmaneuver","Accuracy"],"picked":"Die Die Die","floor":4.0},{"not_picked":["Endless Agony","PiercingWail","All Out Attack"],"picked":"SKIP","floor":5.0},{"not_picked":["Reflex","Escape Plan","Footwork"],"picked":"SKIP","floor":6.0},{"not_picked":["Noxious Fumes","PiercingWail"],"picked":"Bomb","floor":7.0},{"not_picked":["Slice","Bomb"],"picked":"Leg Sweep","floor":8.0},{"not_picked":["Masterful Stab","Escape Plan"],"picked":"Poisoned Stab","floor":10.0},{"not_picked":["Distraction","Sucker Punch","Crippling Poison"],"picked":"SKIP","floor":12.0},{"not_picked":["Leg Sweep","Bouncing Flask"],"picked":"Dagger Spray","floor":13.0},{"not_picked":["Slice","Leg Sweep","Predator"],"picked":"SKIP","floor":14.0},{"not_picked":["Envenom","Bullet Time"],"picked":"Venomology","floor":16},{"not_picked":["Underhanded Strike","Dagger Spray","Quick Slash"],"picked":"SKIP","floor":18},{"not_picked":["PiercingWail","Slice","Acrobatics"],"picked":"SKIP","floor":19},{"not_picked":["Dagger Spray","Well Laid Plans","Dagger Throw"],"picked":"SKIP","floor":21},{"not_picked":["Tactician","Crippling Poison","Backflip"],"picked":"SKIP","floor":22},{"not_picked":["Die Die Die","Prepared"],"picked":"Cloak And Dagger+1","floor":23},{"not_picked":["Distraction","Underhanded Strike"],"picked":"Terror","floor":27},{"not_picked":["Sucker Punch+1","Dodge and Roll","Endless Agony"],"picked":"SKIP","floor":29},{"not_picked":["Flechettes+1","Underhanded Strike","Outmaneuver"],"picked":"SKIP","floor":30},{"not_picked":["Masterful Stab+1","Slice","Prepared+1"],"picked":"SKIP","floor":31},{"not_picked":["Dagger Throw","Dagger Spray+1"],"picked":"Infinite Blades+1","floor":35},{"not_picked":["Blade Dance","Slice","Dagger Spray"],"picked":"SKIP","floor":36}],"player_experience":830017,"relics_obtained":[{"floor":1.0,"key":"LetterFromLob"},{"floor":6.0,"key":"PunchingBag"},{"floor":8.0,"key":"Gremlin Horn"},{"floor":9.0,"key":"Calipers"},{"floor":10.0,"key":"RedMistMask"},{"floor":14.0,"key":"Dream Catcher"},{"floor":23,"key":"Centennial Puzzle"},{"floor":23,"key":"Frozen Egg 2"},{"floor":26,"key":"Shuriken"},{"floor":30,"key":"Sundial"},{"floor":30,"key":"Lantern"}],"event_choices":[{"damage_healed":0,"gold_gain":0,"player_choice":"Shed Blood","damage_taken":12,"max_hp_gain":5,"max_hp_loss":0,"event_name":"Forgotten Altar","floor":20,"gold_loss":0}],"is_beta":false,"boss_relics":[{"not_picked":["Busted Crown","Tiny House"],"picked":"Black Star"},{"not_picked":[]},{"not_picked":["Sozu","Astrolabe","Runic Dome"]}],"items_purged_floors":[],"is_endless":false,"potions_floor_spawned":[3,7,8,10,14,16,22,27,29,30,31,35],"killed_by":"4 Shapes","ascension_level":7}}