{"host":"uonldg9uriwfhjjx","time":1611293609,"event":{"mods":["AchievementEnabler","Arknights The Spire","BaseMod","Colored Map","Colored Powertips","Curses Come First","Highlight Path","Minty Spire (QoL Compilation)","Rare Cards Sparkle","Relic Stats","StSLib","The Cursed","The Marked"],"gold_per_floor":[112,125,125,136,61,93,93,105,105,140,157,33,50,50,50,152,152,186,234,262,290,325,366,366,397,397,397,429,76,76,107,107,223,223,253,318,318,350,350,393,101,101,166,166,166,201,11,11,11,11],"floor_reached":51,"language":"ENG","playtime":2909,"items_purged":["ats:Strike G","ats:Strike C","ats:Strike V"],"score":684,"play_id":"e8b7383f-098b-40ce-a5c1-17895e8d6b77","local_time":"20210122003329","is_ascension_mode":false,"campfire_choices":[{"floor":7,"key":"REST"},{"data":"ats:Overload","floor":15,"key":"SMITH"},{"floor":24,"key":"REST"},{"floor":27,"key":"REST"},{"data":"ats:Serious Mode","floor":32,"key":"SMITH"},{"data":"ats:Part Time Job","floor":42,"key":"SMITH"},{"data":"Madness","floor":45,"key":"SMITH"},{"data":"ats:Sashimi Platter","floor":49,"key":"SMITH"}],"circlet_count":0,"master_deck":["ats:Strike S+1","ats:Armor Crushing Shot+1","ats:Defend+1","ats:Defend","ats:Defend+1","ats:Defend","ats:Emotion Absorption+1","ats:Overload+1","ats:Revitalization","ats:Echo Reverb","ats:Flexible Camouflage","ats:Curse Doll","ats:Calcification","ats:Consecutive Shot Auto+1","ats:Apocalypse","ats:Roar Of Ursus","ats:Serious Mode+1","ats:Sashimi Platter+1","ats:Composite Medical Shells","ats:Serious Mode+1","ats:Part Time Job+1","Madness+1","Madness","ats:Shadow Raid","ats:Part Time Job"],"relics":["ats:Sanity","NeowsBlessing","ats:Originium","Bag of Marbles","Omamori","StrikeDummy","War Paint","Calling Bell","Strawberry","Matryoshka","ats:Gyao","Whetstone","Pen Nib","Blue Candle","Toy Ornithopter","Enchiridion","ats:Tactical Delivery","Peace Pipe","Unceasing Top","Lee\u0027s Waffle","Happy Flower","Ancient Tea Set","ats:Rhine Circuitry","Strange Spoon"],"acts_visited":["Exordium","TheCity","TheBeyond"],"potions_floor_usage":[13,23,50,50],"damage_taken":[{"damage":0,"enemies":"Cultist","floor":1,"turns":2},{"damage":0,"enemies":"2 Louse","floor":2,"turns":1},{"damage":0,"enemies":"Jaw Worm","floor":4,"turns":2},{"damage":59,"enemies":"Lagavulin","floor":6,"turns":10},{"damage":11,"enemies":"Large Slime","floor":8,"turns":13},{"damage":23,"enemies":"Gremlin Nob","floor":10,"turns":4},{"damage":27,"enemies":"Gremlin Gang","floor":11,"turns":3},{"damage":0,"enemies":"Lots of Slimes","floor":13,"turns":17},{"damage":44,"enemies":"Slime Boss","floor":16,"turns":14},{"damage":22,"enemies":"3 Byrds","floor":18,"turns":9},{"damage":15,"enemies":"2 Thieves","floor":19,"turns":4},{"damage":24,"enemies":"Snake Plant","floor":20,"turns":5},{"damage":16,"enemies":"Snecko","floor":21,"turns":5},{"damage":23,"enemies":"3 Cultists","floor":22,"turns":6},{"damage":62,"enemies":"Slavers","floor":23,"turns":7},{"damage":22,"enemies":"Snake Plant","floor":25,"turns":4},{"damage":51,"enemies":"Centurion and Healer","floor":28,"turns":7},{"damage":26,"enemies":"Snecko","floor":31,"turns":6},{"damage":64,"enemies":"Automaton","floor":33,"turns":9},{"damage":28,"enemies":"3 Shapes","floor":35,"turns":6},{"damage":16,"enemies":"Mind Bloom Boss Battle","floor":36,"turns":7},{"damage":7,"enemies":"Orb Walker","floor":38,"turns":2},{"damage":109,"enemies":"Giant Head","floor":40,"turns":10},{"damage":21,"enemies":"Sphere and 2 Shapes","floor":46,"turns":6},{"damage":144,"enemies":"Time Eater","floor":50,"turns":12}],"seed_played":"-6194177005314439439","potions_obtained":[{"floor":2,"key":"EssenceOfSteel"},{"floor":8,"key":"Explosive Potion"},{"floor":10,"key":"FairyPotion"},{"floor":19,"key":"Swift Potion"},{"floor":23,"key":"Energy Potion"},{"floor":25,"key":"Dexterity Potion"},{"floor":33,"key":"FearPotion"},{"floor":40,"key":"LiquidMemories"}],"is_trial":false,"path_per_floor":["M","M","?","M","$","E","R","M","T","E","M","$","M","?","R","B",null,"M","M","M","M","M","E","R","M","T","R","M","$","?","M","R","B",null,"M","?","?","M","?","E","$","R","T","?","R","M","$","?","R","B",null],"character_chosen":"DOCTOR_CLASS","items_purchased":["ats:Flexible Camouflage","ats:Sashimi Platter","Toy Ornithopter","Lee\u0027s Waffle","Happy Flower","ats:Part Time Job","Strange Spoon"],"campfire_rested":3,"item_purchase_floors":[12,29,29,41,41,47,47],"current_hp_per_floor":[72,72,58,58,58,16,37,62,62,39,12,12,72,72,72,55,79,79,64,54,49,35,14,37,27,27,50,17,17,1,35,35,72,79,79,79,79,79,79,27,86,86,86,75,75,86,86,86,86,86],"gold":11,"neow_bonus":"THREE_ENEMY_KILL","is_daily":false,"chose_seed":false,"campfire_upgraded":5,"win_rate":0.0,"timestamp":1611293609,"path_taken":["M","?","?","M","?","E","R","M","T","E","M","$","M","?","R","BOSS","M","?","M","?","M","E","R","?","T","R","M","$","?","M","R","BOSS","M","?","?","?","?","E","$","R","T","?","R","M","$","?","R","BOSS"],"items_purchased_type":["Card","Card","Relic","Relic","Relic","Card","Relic"],"build_version":"2020-12-22","purchased_purges":3,"victory":true,"max_hp_per_floor":[72,72,72,72,72,72,72,72,72,72,72,72,72,72,72,72,79,79,79,79,79,79,79,79,79,79,79,79,79,79,79,79,79,79,79,79,79,79,79,79,86,86,86,86,86,86,86,86,86,86],"relic_stats":{"Peace Pipe":0,"Strange Spoon":[3],"Lee\u0027s Waffle":59,"Happy Flower":[6],"counters":[25,171],"Blue Candle":[0],"Pen Nib":[7],"Whetstone":["ats:Consecutive Shot Auto","ats:Armor Crushing Shot"],"War Paint":["ats:Emotion Absorption","ats:Defend"],"obtain_stats":[{"Lee\u0027s Waffle":41,"NeowsBlessing":0,"Happy Flower":41,"Blue Candle":26,"Enchiridion":30,"Pen Nib":26,"Omamori":9,"Whetstone":23,"War Paint":14,"Ancient Tea Set":43,"ats:Gyao":17,"Calling Bell":17,"Peace Pipe":36,"Strange Spoon":47,"Matryoshka":17,"ats:Originium":6,"Strawberry":17,"ats:Tactical Delivery":34,"Bag of Marbles":6,"ats:Sanity":0,"StrikeDummy":10,"Toy Ornithopter":29,"Unceasing Top":40,"ats:Rhine Circuitry":43},{"Lee\u0027s Waffle":23,"NeowsBlessing":0,"Happy Flower":23,"Blue Candle":16,"Enchiridion":17,"Pen Nib":16,"Omamori":5,"Whetstone":15,"War Paint":8,"Ancient Tea Set":23,"ats:Gyao":9,"Calling Bell":9,"Peace Pipe":21,"Strange Spoon":24,"Matryoshka":9,"ats:Originium":4,"Strawberry":9,"ats:Tactical Delivery":19,"Bag of Marbles":4,"ats:Sanity":0,"StrikeDummy":6,"Toy Ornithopter":17,"Unceasing Top":23,"ats:Rhine Circuitry":23},{"Lee\u0027s Waffle":153,"NeowsBlessing":0,"Happy Flower":153,"Blue Candle":106,"Enchiridion":113,"Pen Nib":106,"Omamori":28,"Whetstone":102,"War Paint":52,"Ancient Tea Set":153,"ats:Gyao":66,"Calling Bell":66,"Peace Pipe":141,"Strange Spoon":159,"Matryoshka":66,"ats:Originium":15,"Strawberry":66,"ats:Tactical Delivery":128,"Bag of Marbles":15,"ats:Sanity":0,"StrikeDummy":32,"Toy Ornithopter":113,"Unceasing Top":153,"ats:Rhine Circuitry":153}],"Toy Ornithopter":10,"Unceasing Top":[31]},"card_choices":[{"not_picked":["ats:Hammer On","ats:Assault Order"],"picked":"ats:Overload","floor":1},{"not_picked":["ats:Leaping Hammer","ats:Neurotoxin","ats:Cat Scratch"],"picked":"SKIP","floor":2},{"not_picked":["ats:Cat Scratch","ats:Leaping Hammer"],"picked":"ats:Revitalization","floor":4},{"not_picked":["ats:Burning Ground","ats:Spore Proliferation","ats:Healing Strengthening"],"picked":"SKIP","floor":6},{"not_picked":["ats:Hook Shot","ats:Demon Strength"],"picked":"ats:Flexible Camouflage","floor":8},{"not_picked":["ats:Very Hot Blade","ats:Poison Spread"],"picked":"ats:Echo Reverb","floor":10},{"not_picked":["ats:Rapid Magazine","ats:LN2 Cannon","ats:Blood Oath"],"picked":"SKIP","floor":11},{"not_picked":["ats:Leaping Hammer","ats:Very Hot Blade"],"picked":"ats:Curse Doll","floor":13},{"not_picked":["ats:Soul Rend","ats:Echo Reverb"],"picked":"ats:Calcification","floor":16},{"not_picked":["ats:Leaping Hammer","ats:Flexible Camouflage"],"picked":"ats:Consecutive Shot Auto","floor":18},{"not_picked":["ats:Childhood Dance","ats:Explosion Area Strengthen","ats:Guardian Obelisk+1"],"picked":"SKIP","floor":19},{"not_picked":["ats:Composite Medical Shells","ats:Soul Rend"],"picked":"ats:Apocalypse","floor":20},{"not_picked":["ats:Explosion Area Strengthen","ats:Childhood Dance","ats:Cat Scratch+1"],"picked":"SKIP","floor":21},{"not_picked":["ats:Overload","ats:Explosion Area Strengthen","ats:Hammer On"],"picked":"SKIP","floor":22},{"not_picked":["ats:Poison Spread+1","ats:Shell Defense","ats:Powerful Strike+1"],"picked":"SKIP","floor":23},{"not_picked":["ats:Shell Defense","ats:Explosion Area Strengthen"],"picked":"ats:Roar Of Ursus","floor":25},{"not_picked":["ats:Shell Defense","ats:Support Order"],"picked":"ats:Serious Mode","floor":28},{"not_picked":["ats:Curse Doll","ats:Directed Diagnosis+1","ats:Shell Defense"],"picked":"SKIP","floor":31},{"not_picked":["ats:Blood Oath","ats:Apocalypse+1"],"picked":"ats:Composite Medical Shells","floor":35},{"not_picked":["ats:Song Of Battle","ats:Composite Medical Shells"],"picked":"ats:Part Time Job","floor":38},{"not_picked":["ats:Childhood Dance+1","ats:Ambush","ats:Blood Oath+1"],"picked":"SKIP","floor":40},{"not_picked":["ats:Cat Scratch+1","ats:Blood Oath"],"picked":"ats:Shadow Raid","floor":46}],"player_experience":813736,"relics_obtained":[{"floor":6,"key":"ats:Originium"},{"floor":6,"key":"Bag of Marbles"},{"floor":9,"key":"Omamori"},{"floor":10,"key":"ats:Originium"},{"floor":10,"key":"StrikeDummy"},{"floor":17,"key":"Strawberry"},{"floor":17,"key":"Matryoshka"},{"floor":17,"key":"ats:Gyao"},{"floor":23,"key":"ats:Originium"},{"floor":23,"key":"Whetstone"},{"floor":26,"key":"Pen Nib"},{"floor":26,"key":"Blue Candle"},{"floor":30,"key":"Enchiridion"},{"floor":36,"key":"Peace Pipe"},{"floor":40,"key":"Unceasing Top"},{"floor":43,"key":"Ancient Tea Set"},{"floor":43,"key":"ats:Rhine Circuitry"}],"event_choices":[{"damage_healed":0,"gold_gain":0,"player_choice":"Entered Light","damage_taken":14,"max_hp_gain":0,"max_hp_loss":0,"event_name":"Shining Light","floor":3,"gold_loss":0,"cards_upgraded":["ats:Strike S","ats:Defend"]},{"damage_healed":0,"gold_gain":0,"player_choice":"Gave Potion","damage_taken":0,"relics_obtained":["War Paint"],"max_hp_gain":0,"max_hp_loss":0,"event_name":"WeMeetAgain","floor":14,"gold_loss":0},{"damage_healed":0,"gold_gain":0,"player_choice":"Obtained Book","damage_taken":16,"max_hp_gain":0,"max_hp_loss":0,"event_name":"Cursed Tome","floor":30,"gold_loss":0},{"damage_healed":0,"gold_gain":0,"player_choice":"Fight","damage_taken":0,"max_hp_gain":0,"max_hp_loss":0,"event_name":"MindBloom","floor":36,"gold_loss":0},{"damage_healed":0,"gold_gain":0,"player_choice":"Copied","damage_taken":0,"max_hp_gain":0,"max_hp_loss":0,"event_name":"Duplicator","floor":37,"gold_loss":0,"cards_obtained":["ats:Serious Mode"]},{"damage_healed":0,"gold_gain":0,"player_choice":"Ignored","damage_taken":0,"max_hp_gain":0,"max_hp_loss":0,"event_name":"Tomb of Lord Red Mask","floor":39,"gold_loss":0},{"damage_healed":0,"gold_gain":0,"player_choice":"Embrace Madness","damage_taken":11,"max_hp_gain":0,"max_hp_loss":0,"event_name":"Winding Halls","floor":44,"gold_loss":0,"cards_obtained":["Madness","Madness"]},{"cards_removed":["ats:Flexible Camouflage"],"damage_healed":0,"gold_gain":0,"player_choice":"Card Removal","damage_taken":0,"max_hp_gain":0,"max_hp_loss":0,"event_name":"Wheel of Change","floor":48,"gold_loss":0}],"is_beta":false,"boss_relics":[{"not_picked":["SlaversCollar","SacredBark"],"picked":"Calling Bell"},{"not_picked":["Velvet Choker","Runic Pyramid"],"picked":"ats:Tactical Delivery"}],"items_purged_floors":[5,12,29],"is_endless":false,"potions_floor_spawned":[2,8,10,19,23,25,33,40,46],"ascension_level":0}}