{"host":"hcgx0xuxlgmwc1io","time":1611343283,"event":{"mods":["BaseMod","Downfall","Minty Spire (QoL Compilation)","StSLib","The Cursed"],"gold_per_floor":[99,99,119,119,129,140,140,140,156,156,156,168,185,205,220,220,220,220],"floor_reached":16,"language":"ENG","playtime":943,"items_purged":[],"score":96,"play_id":"91d1d164-eb92-4308-a90f-940b85b3839d","local_time":"20210122162123","is_ascension_mode":false,"campfire_choices":[{"data":"Guardian:TwinSlam","floor":1,"key":"SMITH"},{"data":"Guardian:DecasProtection","floor":11,"key":"SMITH"}],"circlet_count":0,"master_deck":["Guardian:Strike_Guardian","Guardian:Strike_Guardian+1","Guardian:Strike_Guardian+1","Guardian:Defend_Guardian","Guardian:Defend_Guardian","Guardian:Defend_Guardian","Guardian:Defend_Guardian+1","Guardian:CurlUp","Guardian:TwinSlam+1","Guardian:PiercingHide","Guardian:DecasProtection+1","Guardian:PrismaticBarrier","downfall:Malfunctioning","Guardian:RevengeProtocol","Guardian:SpikerProtocol","Guardian:PrismaticBeam","Guardian:Gem_Purple","Guardian:Gem_Blue"],"relics":["Guardian:ModeShifter","Unceasing Top","Gambling Chip"],"acts_visited":["Exordium"],"potions_floor_usage":[16,16,16],"damage_taken":[{"damage":0,"enemies":"2 Louse","floor":3,"turns":2},{"damage":1,"enemies":"Small Slimes","floor":5,"turns":4},{"damage":0,"enemies":"Cultist","floor":6,"turns":4},{"damage":5,"enemies":"Gremlin Gang","floor":9,"turns":5},{"damage":4,"enemies":"2 Fungi Beasts","floor":12,"turns":4},{"damage":7,"enemies":"3 Louse","floor":13,"turns":4},{"damage":8,"enemies":"Exordium Wildlife","floor":14,"turns":8},{"damage":11,"enemies":"Large Slime","floor":15,"turns":8},{"damage":65,"enemies":"IC_STATUS_ARCHETYPE","floor":16,"turns":13}],"seed_played":"866336197396918068","potions_obtained":[{"floor":3,"key":"AttackPotion"},{"floor":12,"key":"Guardian:BlockOnCardUsePotion"},{"floor":13,"key":"BlessingOfTheForge"}],"is_trial":false,"path_per_floor":["R","?","M","?","M","M","T","?","M","T","R","M","M","M","M","B"],"character_chosen":"GUARDIAN","items_purchased":[],"campfire_rested":0,"item_purchase_floors":[],"current_hp_per_floor":[88,88,88,88,87,87,87,87,82,82,82,78,71,63,52,0,0,0],"gold":220,"neow_bonus":"TEN_PERCENT_HP_BONUS","is_daily":false,"chose_seed":false,"campfire_upgraded":2,"win_rate":0.0,"timestamp":1611343283,"path_taken":["R","?","M","?","M","M","T","?","M","?","R","M","M","M","M","BOSS"],"items_purchased_type":[],"build_version":"2020-12-22","purchased_purges":0,"victory":false,"max_hp_per_floor":[88,88,88,88,88,88,88,88,88,88,88,88,88,88,88,88,88,88],"card_choices":[{"not_picked":["Guardian:TemporalShield","Guardian:Gem_Lightblue"],"picked":"Guardian:PiercingHide","floor":3},{"not_picked":["Guardian:Harden","Guardian:Planning"],"picked":"Guardian:DecasProtection","floor":5},{"not_picked":["Guardian:PiercingHide","Guardian:ShieldCharger"],"picked":"Guardian:PrismaticBarrier","floor":6},{"not_picked":["Guardian:Suspension","Guardian:CrystalBeam"],"picked":"Guardian:RevengeProtocol","floor":9},{"not_picked":["Guardian:Suspension","Guardian:Emergency"],"picked":"Guardian:SpikerProtocol","floor":12},{"not_picked":["Guardian:Suspension","Guardian:ChargeCore"],"picked":"Guardian:PrismaticBeam","floor":13},{"not_picked":["Guardian:PrismaticBarrier","Guardian:Suspension"],"picked":"Guardian:Gem_Purple","floor":14},{"not_picked":["Guardian:PiercingHide","Guardian:Gem_Green"],"picked":"Guardian:Gem_Blue","floor":15}],"player_experience":4219,"relics_obtained":[{"floor":7,"key":"Unceasing Top"},{"floor":10,"key":"Gambling Chip"}],"event_choices":[],"is_beta":false,"boss_relics":[],"items_purged_floors":[],"is_endless":false,"potions_floor_spawned":[3,12,13,15],"killed_by":"IC_STATUS_ARCHETYPE","ascension_level":0}}