{"host":"pnw33a014vs8wril","time":1611310623,"event":{"mods":["BaseMod","Downfall","Highlight Path","Minty Spire (QoL Compilation)","StSLib"],"gold_per_floor":[113,113,113,133,58,84,95,95,95,113,113,140,44,74,74,176,176,194,17,17,33,33,63,63,73,97,112,112,137,91,121,121,225,225,239,250,264,264,135,164,164,174,174,206,22,52,65,65,65,65],"floor_reached":51,"language":"ENG","playtime":3000,"items_purged":["Defend_P"],"score":902,"play_id":"695a8e83-f50c-49c3-9f3a-afc42719cf5f","local_time":"20210122111703","is_ascension_mode":true,"campfire_choices":[{"data":"Eruption","floor":8.0,"key":"SMITH"},{"data":"Ragnarok","floor":15.0,"key":"SMITH"},{"data":"Vault","floor":24.0,"key":"SMITH"},{"data":"TalkToTheHand","floor":28.0,"key":"SMITH"},{"data":"Study","floor":32.0,"key":"SMITH"},{"floor":41.0,"key":"RECALL"},{"floor":49,"key":"REST"}],"circlet_count":0,"master_deck":["Strike_P","Strike_P","Strike_P+1","Defend_P+1","Defend_P","Eruption+1","Vigilance","WreathOfFlame","TalkToTheHand","FlyingSleeves","Halt+1","Parasite","LessonLearned","TalkToTheHand+1","JustLucky+1","Evaluate+1","Ragnarok+1","Vault+1","SashWhip","ForeignInfluence+1","WindmillStrike+1","Crescendo+1","Doubt","Halt+1","Consecrate","Study+1","Alpha+1","JustLucky+1","Finesse","Study","Protect","EmptyFist+1","Injury","MentalFortress+1","Apotheosis","EmptyBody","FollowUp+1","Madness","Madness","SashWhip+1"],"relics":["Cursed Key","Du-Vu Doll","Matryoshka","Lantern","Thread and Needle","Meat on the Bone","Busted Crown","Vajra","Damaru","Dream Catcher","Anchor","StrikeDummy","CaptainsWheel","Philosopher\u0027s Stone","War Paint","Juzu Bracelet","Eternal Feather","Potion Belt","Boot"],"acts_visited":[],"potions_floor_usage":[44,50,50,50],"damage_taken":[{"damage":0.0,"enemies":"2 Louse","floor":1.0,"turns":3.0},{"damage":0.0,"enemies":"Small Slimes","floor":4.0,"turns":2.0},{"damage":17.0,"enemies":"Lagavulin","floor":6.0,"turns":6.0},{"damage":0.0,"enemies":"Cultist","floor":7.0,"turns":2.0},{"damage":0.0,"enemies":"Large Slime","floor":10.0,"turns":3.0},{"damage":15.0,"enemies":"3 Sentries","floor":12.0,"turns":5.0},{"damage":1.0,"enemies":"Gremlin Nob","floor":14.0,"turns":3.0},{"damage":3.0,"enemies":"Hexaghost","floor":16.0,"turns":8.0},{"damage":0.0,"enemies":"Spheric Guardian","floor":18.0,"turns":2.0},{"damage":0.0,"enemies":"2 Thieves","floor":21.0,"turns":3.0},{"damage":0.0,"enemies":"Slavers","floor":23.0,"turns":3.0},{"damage":10.0,"enemies":"Snake Plant","floor":25.0,"turns":4.0},{"damage":0.0,"enemies":"Centurion and Healer","floor":27.0,"turns":7.0},{"damage":9.0,"enemies":"Book of Stabbing","floor":29.0,"turns":5.0},{"damage":0.0,"enemies":"Gremlin Leader","floor":31.0,"turns":4.0},{"damage":12.0,"enemies":"Champ","floor":33.0,"turns":6.0},{"damage":10.0,"enemies":"3 Shapes","floor":35.0,"turns":4.0},{"damage":10.0,"enemies":"3 Darklings","floor":36.0,"turns":4.0},{"damage":0.0,"enemies":"4 Shapes","floor":37.0,"turns":6.0},{"damage":27.0,"enemies":"Nemesis","floor":40.0,"turns":7.0},{"damage":1.0,"enemies":"Writhing Mass","floor":42.0,"turns":5.0},{"damage":7,"enemies":"Reptomancer","floor":44,"turns":5},{"damage":22,"enemies":"Nemesis","floor":46,"turns":8},{"damage":0,"enemies":"Transient","floor":47,"turns":6},{"damage":16,"enemies":"Awakened One","floor":50,"turns":10}],"seed_played":"-7267356932923354674","potions_obtained":[{"floor":6.0,"key":"BottledMiracle"},{"floor":12.0,"key":"DuplicationPotion"},{"floor":14.0,"key":"Dexterity Potion"},{"floor":16.0,"key":"LiquidMemories"},{"floor":18.0,"key":"DuplicationPotion"},{"floor":23.0,"key":"Weak Potion"},{"floor":31.0,"key":"DistilledChaos"},{"floor":35.0,"key":"SpeedPotion"},{"floor":36.0,"key":"ColorlessPotion"},{"floor":40.0,"key":"EssenceOfSteel"},{"floor":46,"key":"Strength Potion"}],"is_trial":false,"path_per_floor":["M","?","?","M","$","E","M","R","T","M","?","E","$","E","R","B",null,"M","$","?","M","?","E","R","M","T","M","R","E","$","E","R","B",null,"M","M","M","?","$","E","R","M","T","E","$","E","M","?","R","B",null],"character_chosen":"WATCHER","items_purchased":["JustLucky","Evaluate","Vajra","SashWhip","Consecrate","Study","Protect","Apotheosis"],"campfire_rested":1,"item_purchase_floors":[13,13,19,19,30,39,39,45],"current_hp_per_floor":[72,72,72,72,72,55,55,55,55,55,43,28,28,27,27,36,72,72,72,72,72,72,72,72,62,62,62,62,53,53,53,53,41,72,62,52,52,52,52,37,37,48,48,41,41,31,43,34,72,56],"gold":65,"neow_bonus":"BOSS_RELIC","is_daily":false,"chose_seed":false,"campfire_upgraded":5,"win_rate":0.0,"timestamp":1611310623,"path_taken":["M","?","?","?","$","E","M","R","T","M","?","E","$","E","R","BOSS","M","$","?","M","?","E","R","M","T","M","R","E","$","E","R","BOSS","M","?","M","?","$","E","R","M","T","E","$","E","M","?","R","BOSS"],"items_purchased_type":["Card","Card","Relic","Card","Card","Card","Card","Card"],"build_version":"2020-12-22","purchased_purges":1,"victory":true,"max_hp_per_floor":[72,72,72,72,72,72,72,72,72,72,72,72,72,72,72,72,72,72,72,72,72,72,72,72,72,72,72,72,72,72,72,72,72,72,72,72,72,72,72,72,72,72,72,72,72,72,72,72,72,72],"card_choices":[{"not_picked":["CrushJoints","Crescendo","WreathOfFlame"],"picked":"SKIP","floor":1.0},{"not_picked":["FlyingSleeves","Worship"],"picked":"TalkToTheHand","floor":4.0},{"not_picked":["BowlingBash","SashWhip"],"picked":"FlyingSleeves","floor":6.0},{"not_picked":["Indignation","Fasting2"],"picked":"Halt","floor":7.0},{"not_picked":["ThirdEye","EmptyFist"],"picked":"LessonLearned","floor":10.0},{"not_picked":["FlyingSleeves","Swivel"],"picked":"TalkToTheHand","floor":12.0},{"not_picked":["Perseverance","ClearTheMind"],"picked":"Ragnarok","floor":14.0},{"not_picked":["MasterReality","DeusExMachina"],"picked":"Vault","floor":16.0},{"not_picked":["Adaptation"],"picked":"SKIP","floor":18.0},{"not_picked":["Worship"],"picked":"SKIP","floor":21.0},{"not_picked":[],"picked":"WindmillStrike+1","floor":23.0},{"not_picked":[],"picked":"Crescendo","floor":25.0},{"not_picked":[],"picked":"Halt+1","floor":27.0},{"not_picked":["EmptyBody"],"picked":"SKIP","floor":29.0},{"not_picked":[],"picked":"Study","floor":31.0},{"not_picked":[],"picked":"Alpha","floor":33.0},{"not_picked":[],"picked":"JustLucky+1","floor":35.0},{"not_picked":["Crescendo+1"],"picked":"SKIP","floor":36.0},{"not_picked":["SashWhip+1"],"picked":"SKIP","floor":37.0},{"not_picked":[],"picked":"Finesse","floor":38.0},{"not_picked":[],"picked":"EmptyFist+1","floor":40.0},{"not_picked":["ThirdEye"],"picked":"SKIP","floor":42},{"not_picked":[],"picked":"MentalFortress+1","floor":44},{"not_picked":[],"picked":"EmptyBody","floor":46},{"not_picked":[],"picked":"FollowUp+1","floor":47},{"not_picked":[],"picked":"SashWhip+1","floor":49}],"player_experience":968908,"relics_obtained":[{"floor":6.0,"key":"Du-Vu Doll"},{"floor":9.0,"key":"Matryoshka"},{"floor":12.0,"key":"Thread and Needle"},{"floor":14.0,"key":"Meat on the Bone"},{"floor":23.0,"key":"Damaru"},{"floor":26.0,"key":"Dream Catcher"},{"floor":26.0,"key":"Anchor"},{"floor":29.0,"key":"StrikeDummy"},{"floor":31.0,"key":"CaptainsWheel"},{"floor":40.0,"key":"War Paint"},{"floor":43,"key":"Juzu Bracelet"},{"floor":43,"key":"Eternal Feather"},{"floor":44,"key":"Potion Belt"},{"floor":46,"key":"Boot"}],"event_choices":[{"damage_healed":0.0,"max_hp_gain":0.0,"max_hp_loss":0.0,"gold_gain":0.0,"cards_transformed":["Strike_P"],"event_name":"Living Wall","player_choice":"Change","floor":2.0,"gold_loss":0.0,"damage_taken":0.0,"cards_obtained":["WreathOfFlame"]},{"cards_removed":["Defend_P"],"damage_healed":0.0,"max_hp_gain":0.0,"max_hp_loss":0.0,"gold_gain":0.0,"event_name":"Wheel of Change","player_choice":"Card Removal","floor":3.0,"gold_loss":0.0,"damage_taken":0.0},{"damage_healed":0.0,"max_hp_gain":0.0,"max_hp_loss":0.0,"gold_gain":0.0,"event_name":"Scrap Ooze","player_choice":"Success","floor":11.0,"gold_loss":0.0,"damage_taken":12.0,"relics_obtained":["Lantern"]},{"damage_healed":0.0,"max_hp_gain":0.0,"max_hp_loss":0.0,"gold_gain":0.0,"event_name":"The Library","player_choice":"Read","floor":20.0,"gold_loss":0.0,"damage_taken":0.0,"cards_obtained":["ForeignInfluence"]},{"damage_healed":0.0,"max_hp_gain":0.0,"max_hp_loss":0.0,"gold_gain":0.0,"event_name":"N\u0027loth","player_choice":"Ignored","floor":22.0,"gold_loss":0.0,"damage_taken":0.0},{"damage_healed":0.0,"max_hp_gain":0.0,"max_hp_loss":0.0,"gold_gain":0.0,"event_name":"SensoryStone","player_choice":"Memory 1","floor":38.0,"gold_loss":0.0,"damage_taken":0.0},{"damage_healed":0,"gold_gain":0,"player_choice":"Embrace Madness","damage_taken":9,"max_hp_gain":0,"max_hp_loss":0,"event_name":"Winding Halls","floor":48,"gold_loss":0,"cards_obtained":["Madness","Madness"]}],"is_beta":false,"boss_relics":[{"not_picked":["Black Star","Empty Cage"],"picked":"Busted Crown"},{"not_picked":["Sozu","Snecko Eye"],"picked":"Philosopher\u0027s Stone"}],"items_purged_floors":[5],"is_endless":false,"potions_floor_spawned":[6,12,14,16,18,23,31,35,36,40,46],"ascension_level":1}}