{"host":"8i58hvcssdezoe94","time":1611305701,"event":{"mods":["Act Like it!","BaseMod","Colored Map","Conspire","Gensokyo","KinomotoSakuraMod(木之本樱)","Marisa（F雨　魔理沙）","Minty Spire (QoL Compilation)","Quick Restart","Remilia（蕾米莉亚）","Replay The Spire","StSLib","The Animator","The Bug Knight","The Construct","The Cursed","The Hierophant","The Jungle","The Servant 0.9.4"],"gold_per_floor":[116,134,151,151,27,59,78,78,78,78,78,92,59,88,88,192,192,206,225,130,140,140,140,159,159,183,198,209,227,227,227,227,325,325,341,358,378,426,44,44,71,71,71,71,71,86,105,27,27,27],"floor_reached":51,"language":"ZHS","playtime":3464,"items_purged":[],"score":914,"play_id":"d903e2b9-16a3-4f39-8f08-7f8ff893d048","local_time":"20210122165501","is_ascension_mode":false,"campfire_choices":[{"floor":8,"key":"RECALL"},{"data":"Hello World","floor":23,"key":"SMITH"},{"floor":25,"key":"REST"},{"data":"Creative AI","floor":30,"key":"SMITH"},{"data":"Zap","floor":32,"key":"SMITH"},{"data":"Rainbow","floor":40,"key":"SMITH"},{"data":"Zap","floor":45,"key":"SMITH"},{"floor":49,"key":"DIG"}],"circlet_count":0,"master_deck":["Strike_B","Strike_B+1","Strike_B","Strike_B","Defend_B","Defend_B+1","Defend_B","Defend_B","Zap+1","Dualcast","Hello World+1","Coolheaded","Injury","Conserve Battery+1","FIFO Queue+1","Self Repair","Defragment+1","Conserve Battery","Biased Cognition","Leap","Melter+1","Jack Of All Trades","Streamline","Creative AI+1","Sunder","Ball Lightning","Undo","Rainbow+1","Barrage","Loop+1","White Noise+1","Leap+1","BootSequence","Go for the Eyes","Zap+1","Defragment+1","Stack+1","Capacitor"],"relics":["Cracked Core","NeowsBlessing","Orichalcum","Matryoshka","Replay:Mystery Machine","Happy Flower","Replay:Towering Pillar of Hats","construct:RocketBooster","Anchor","Painkiller Herb","Carrot","Replay:Rubber Ducky","Sozu","CatCart","Emotion Chip","construct:BoolHorns","MealTicket","Pet Ghost"],"acts_visited":["Gensokyo:Gensokyo","TheCity","TheBeyond"],"potions_floor_usage":[],"damage_taken":[{"damage":0,"enemies":"Gensokyo:Gryphon","floor":1,"turns":1},{"damage":0,"enemies":"Gensokyo:3_Fairies","floor":2,"turns":1},{"damage":0,"enemies":"Gensokyo:Python","floor":3,"turns":1},{"damage":13,"enemies":"Gensokyo:Mamizou","floor":6,"turns":8},{"damage":11,"enemies":"Gensokyo:2_Rabbits","floor":7,"turns":6},{"damage":6,"enemies":"Gensokyo:Python_and_Kodama","floor":12,"turns":4},{"damage":14,"enemies":"Gensokyo:Cirno","floor":14,"turns":7},{"damage":47,"enemies":"Gensokyo:Yukari","floor":16,"turns":16},{"damage":13,"enemies":"Shell Parasite","floor":18,"turns":9},{"damage":30,"enemies":"3 Byrds","floor":19,"turns":6},{"damage":0,"enemies":"Centurion and Healer","floor":21,"turns":7},{"damage":44,"enemies":"Cultist and Chosen","floor":24,"turns":9},{"damage":0,"enemies":"Snake Plant","floor":27,"turns":4},{"damage":0,"enemies":"3 Cultists","floor":28,"turns":6},{"damage":0,"enemies":"Centurion and Healer","floor":29,"turns":7},{"damage":5,"enemies":"Pondfish","floor":33,"turns":9},{"damage":0,"enemies":"3 Darklings","floor":35,"turns":6},{"damage":0,"enemies":"Orb Walker","floor":36,"turns":3},{"damage":2,"enemies":"Transient","floor":37,"turns":5},{"damage":0,"enemies":"Orin","floor":38,"turns":9},{"damage":0,"enemies":"Giant Head","floor":41,"turns":9},{"damage":2,"enemies":"Spire Growth","floor":46,"turns":4},{"damage":0,"enemies":"Maw","floor":47,"turns":6},{"damage":10,"enemies":"Donu and Deca","floor":50,"turns":11}],"seed_played":"-1668139147188657758","potions_obtained":[{"floor":1,"key":"FocusPotion"},{"floor":2,"key":"FocusPotion"},{"floor":3,"key":"EssenceOfSteel"}],"is_trial":false,"path_per_floor":["M","M","M","?","COS","E","M","R","T","?","$","M","$","E","R_BF","B",null,"?","?","T","?","T","T","?","T","T","?","?","?","T","?","T","B",null,"?","?","?","?","T","T","E","?","T","?","T","?","?","T","T","B",null],"character_chosen":"DEFECT","items_purchased":["Defragment","Jack Of All Trades","Emotion Chip","BootSequence","Capacitor"],"campfire_rested":1,"item_purchase_floors":[13,20,39,39,48],"current_hp_per_floor":[75,75,75,75,75,62,51,51,51,51,51,45,45,38,60,20,75,69,46,46,53,53,53,16,38,38,45,52,59,59,59,59,61,75,75,75,75,75,75,75,75,75,75,75,75,75,75,75,75,72],"gold":27,"neow_bonus":"THREE_ENEMY_KILL","is_daily":false,"chose_seed":false,"campfire_upgraded":5,"win_rate":0.0,"timestamp":1611305701,"path_taken":["M","M","M","?","COS","E","M","R","T","?","$","M","$","E","R_BF","BOSS","?","?","T","?","T","T","?","T","T","?","?","?","T","?","T","BOSS","?","?","?","?","T","T","E","?","T","?","T","?","?","T","T","BOSS"],"items_purchased_type":["Card","Card","Relic","Card","Card"],"build_version":"2020-12-22","purchased_purges":0,"victory":true,"max_hp_per_floor":[75,75,75,75,75,75,75,75,75,75,75,75,75,75,75,75,75,75,75,75,75,75,75,75,75,75,75,75,75,75,75,75,75,75,75,75,75,75,75,75,75,75,75,75,75,75,75,75,75,75],"card_choices":[{"not_picked":["BasicCrystalCard","ReplayTheSpireMod:Repulse"],"picked":"ReplayGash","floor":1},{"not_picked":["Streamline","FIFO Queue"],"picked":"Hello World","floor":2},{"not_picked":["Go for the Eyes","Heatsinks"],"picked":"Coolheaded","floor":3},{"not_picked":["Hello World","Amplify"],"picked":"Conserve Battery","floor":6},{"not_picked":["Blizzard","BasicCrystalCard"],"picked":"FIFO Queue","floor":7},{"not_picked":["Melter","Scrape"],"picked":"Self Repair","floor":12},{"not_picked":["ReplayTheSpireMod:Repulse","Turbo"],"picked":"Conserve Battery","floor":14},{"not_picked":["Multi-Cast","Electrodynamics"],"picked":"Biased Cognition","floor":16},{"not_picked":["Heatsinks","Sweeping Beam"],"picked":"Leap","floor":18},{"not_picked":["Go for the Eyes","Crystallizer"],"picked":"Melter+1","floor":19},{"not_picked":["Tempest","Crystallizer"],"picked":"Streamline","floor":21},{"not_picked":["Turbo+1","Gash"],"picked":"Creative AI","floor":24},{"not_picked":["Defragment","Rebound"],"picked":"Sunder","floor":27},{"not_picked":["Hologram","Reinforced Body"],"picked":"Ball Lightning","floor":28},{"not_picked":["Turbo+1","Streamline"],"picked":"Undo","floor":29},{"not_picked":["Creative AI","Reboot"],"picked":"Rainbow","floor":33},{"not_picked":["Static Discharge","Turbo"],"picked":"Barrage","floor":35},{"not_picked":["Coolheaded+1","Redo+1"],"picked":"Loop+1","floor":36},{"not_picked":["Steam","ReplayTheSpireMod:Calculation Training+1"],"picked":"White Noise+1","floor":37},{"not_picked":["Tempest","Steam Power+1"],"picked":"Leap+1","floor":38},{"not_picked":["Coolheaded","Leap"],"picked":"Go for the Eyes","floor":41},{"not_picked":["Tempest","Conserve Battery"],"picked":"Defragment+1","floor":46},{"not_picked":["Scrape","Go for the Eyes+1"],"picked":"Stack+1","floor":47}],"player_experience":78688,"relics_obtained":[{"floor":6,"key":"Matryoshka"},{"floor":9,"key":"Replay:Mystery Machine"},{"floor":14,"key":"Anchor"},{"floor":26,"key":"Carrot"},{"floor":26,"key":"Replay:Rubber Ducky"},{"floor":38,"key":"CatCart"},{"floor":41,"key":"construct:BoolHorns"},{"floor":43,"key":"MealTicket"},{"floor":49,"key":"Pet Ghost"}],"event_choices":[{"damage_healed":0,"gold_gain":0,"player_choice":"Upgraded","damage_taken":0,"max_hp_gain":0,"max_hp_loss":0,"event_name":"Upgrade Shrine","floor":31,"gold_loss":0,"cards_upgraded":["Defragment"]},{"damage_healed":0,"gold_gain":0,"player_choice":"Fight","damage_taken":0,"max_hp_gain":0,"max_hp_loss":0,"event_name":"OrinTheCat","floor":38,"gold_loss":0},{"damage_healed":0,"gold_gain":0,"player_choice":"1 cards matched","damage_taken":0,"max_hp_gain":0,"max_hp_loss":0,"event_name":"Match and Keep!","floor":44,"gold_loss":0,"cards_obtained":["Zap"]}],"is_beta":false,"boss_relics":[{"not_picked":["conspire:SeveredTorchhead","Runic Pyramid"],"picked":"Painkiller Herb"},{"not_picked":["Empty Cage","Coffee Dripper"],"picked":"Sozu"}],"items_purged_floors":[],"is_endless":false,"potions_floor_spawned":[1,2,3,19,21,33,35,36,47],"ascension_level":0}}