{"host":"ia9e4s524g7bamk7","time":1611343766,"event":{"mods":["BaseMod","Minty Spire (QoL Compilation)"],"gold_per_floor":[115,65,65,65,80,80,106,116,116,147,147,161,161,186,186,186,186],"floor_reached":16,"language":"ENG","playtime":709,"items_purged":[],"score":172,"play_id":"ed219646-5e5e-4022-a74d-ccdb0a505800","local_time":"20210122202926","is_ascension_mode":true,"campfire_choices":[{"data":"Zap","floor":6,"key":"SMITH"},{"data":"Storm","floor":11,"key":"SMITH"},{"floor":15,"key":"REST"}],"circlet_count":0,"master_deck":["Strike_B","Strike_B+1","Defend_B","Defend_B+1","Defend_B","Defend_B","Zap+1","Dualcast","Conserve Battery","Rip and Tear","Storm+1","Gash","FTL","Gash"],"relics":["Cracked Core","NeowsBlessing","Kunai","Akabeko","Blood Vial"],"acts_visited":["Exordium"],"potions_floor_usage":[12,16],"damage_taken":[{"damage":0,"enemies":"Small Slimes","floor":1,"turns":1},{"damage":0,"enemies":"Jaw Worm","floor":5,"turns":1},{"damage":0,"enemies":"Lagavulin","floor":7,"turns":1},{"damage":0,"enemies":"2 Louse","floor":8,"turns":2},{"damage":26,"enemies":"Gremlin Nob","floor":10,"turns":4},{"damage":0,"enemies":"Blue Slaver","floor":12,"turns":2},{"damage":22,"enemies":"3 Sentries","floor":14,"turns":6},{"damage":30,"enemies":"Hexaghost","floor":16,"turns":9}],"seed_played":"1870691078158362613","potions_obtained":[{"floor":5,"key":"Block Potion"},{"floor":8,"key":"Energy Potion"},{"floor":10,"key":"DuplicationPotion"},{"floor":14,"key":"Strength Potion"}],"is_trial":false,"path_per_floor":["M","?","?","$","M","R","E","M","T","E","R","M","?","E","R","B"],"character_chosen":"DEFECT","items_purchased":[],"campfire_rested":1,"item_purchase_floors":[],"current_hp_per_floor":[75,75,60,60,60,60,60,60,60,34,34,34,27,5,27,0,0],"gold":186,"neow_bonus":"THREE_ENEMY_KILL","is_daily":false,"chose_seed":false,"campfire_upgraded":2,"win_rate":0.0,"timestamp":1611343766,"path_taken":["M","?","?","?","M","R","E","M","T","E","R","M","?","E","R","BOSS"],"items_purchased_type":[],"build_version":"2020-12-22","purchased_purges":0,"victory":false,"max_hp_per_floor":[75,75,75,75,75,75,75,75,75,75,75,75,75,75,75,75,75],"card_choices":[{"not_picked":["Sweeping Beam","Fusion"],"picked":"Conserve Battery","floor":1},{"not_picked":["Tempest","Coolheaded","Hello World"],"picked":"SKIP","floor":5},{"not_picked":["Scrape","Redo"],"picked":"Rip and Tear","floor":7},{"not_picked":["Sweeping Beam","Sunder"],"picked":"Storm","floor":8},{"not_picked":["Streamline","Double Energy"],"picked":"Gash","floor":10},{"not_picked":["Barrage","Rebound"],"picked":"FTL","floor":12},{"not_picked":["FTL","Seek"],"picked":"Gash","floor":14}],"player_experience":182347,"relics_obtained":[{"floor":7,"key":"Kunai"},{"floor":10,"key":"Akabeko"},{"floor":14,"key":"Blood Vial"}],"event_choices":[{"cards_removed":["Strike_B"],"damage_healed":0,"gold_gain":0,"player_choice":"Card Removal","damage_taken":0,"max_hp_gain":0,"max_hp_loss":0,"event_name":"The Cleric","floor":2,"gold_loss":50},{"damage_healed":0,"gold_gain":0,"player_choice":"Entered Light","damage_taken":15,"max_hp_gain":0,"max_hp_loss":0,"event_name":"Shining Light","floor":3,"gold_loss":0,"cards_upgraded":["Strike_B","Defend_B"]},{"cards_removed":["Strike_B"],"damage_healed":0,"gold_gain":0,"player_choice":"Card Removal","damage_taken":7,"max_hp_gain":0,"max_hp_loss":0,"event_name":"Golden Wing","floor":13,"gold_loss":0}],"is_beta":false,"boss_relics":[],"items_purged_floors":[],"is_endless":false,"potions_floor_spawned":[5,8,10,14],"killed_by":"Hexaghost","ascension_level":4}}