{"host":"n91kx4xj3dn3811n","time":1611296512,"event":{"mods":["100% Spire Juice","Act Like it!","BaseMod","Colored Powertips","Highlight Path","Minty Spire (QoL Compilation)","MostiFishMod","Quick Restart","RumiaBox-露米娅的神秘盒子","Spicy Shops","StSLib","TestMod","The Cursed","Waifu the Spire","[IsaacMod]以撒尖塔","残留之物"],"gold_per_floor":[119,119,169,9,25,56,68,68,68,68,80,96,18,49,49,149,149,163,262,273,285,303,303,330,330,354,366,385,405,424,424,424,528,528,544,693,708,561,579,617,638,659,659,701,725,725,740,761,761,769,769,769,532,568,593],"floor_reached":56,"language":"ZHS","playtime":5351,"items_purged":["PlaceholderMod:Assimilation+1"],"score":1922,"play_id":"cd31d4d0-49c8-48ed-9091-aeb1013fb77c","local_time":"20210122142152","is_ascension_mode":false,"campfire_choices":[{"data":"PlaceholderMod:QualitativeChange","floor":8,"key":"SMITH"},{"data":"PlaceholderMod:DiffusionPoison","floor":10,"key":"SMITH"},{"data":"PlaceholderMod:StressReaction","floor":15,"key":"SMITH"},{"data":"PlaceholderMod:Assimilation","floor":23,"key":"SMITH"},{"floor":25,"key":"RECALL"},{"data":"PlaceholderMod:DoublePoint","floor":32,"key":"SMITH"},{"data":"PlaceholderMod:MultiReaction","floor":49,"key":"SMITH"},{"data":"PlaceholderMod:RadicalHit","floor":52,"key":"SMITH"}],"circlet_count":0,"master_deck":["PlaceholderMod:BaseStrike","PlaceholderMod:BaseStrike","PlaceholderMod:BaseStrike","PlaceholderMod:BaseStrike+1","PlaceholderMod:BaseStrike+1","PlaceholderMod:BaseDefend","PlaceholderMod:BaseDefend","PlaceholderMod:BaseDefend","PlaceholderMod:BaseDefend","PlaceholderMod:BaseDefend","PlaceholderMod:Crystal","PlaceholderMod:PoisonWhip","PlaceholderMod:TriggerStrike+1","PlaceholderMod:ContinueSpray","PlaceholderMod:DiffusionPoison+1","PlaceholderMod:QualitativeChange+1","PlaceholderMod:StressReaction+1","PlaceholderMod:SelfCoupling","PlaceholderMod:RadicalHit+1","PlaceholderMod:Stratification","PlaceholderMod:MultiReaction+1","PlaceholderMod:TriggerStrike","PlaceholderMod:AttackAsDefend+1","PlaceholderMod:CycleAttack","PlaceholderMod:DoublePoint+1","PlaceholderMod:MultipleOxi","PlaceholderMod:StressReaction","PlaceholderMod:Colorful","PlaceholderMod:GrowthForm","PlaceholderMod:MultiReaction+1"],"relics":["PlaceholderMod:Tancle","DaveBox","testmod-TestBox","HushsDoor","ShadowXiaoBlade","testmod-ChristmasGift","MoneyPower","NeowsBlessing","SynthV:TestCard","Question Card","Whetstone","HowToJump","DeadEye","Chemical X","InkBottle","RhineSuit","PlaceholderMod:SlimeBlood","ChiXiaoBlade","testmod-Acrobat","BloodBag","Membership Card","Bottled Flame","PlaceholderMod:DaolothFragment","Oddly Smooth Stone","DollysMirror","Bottled Lightning","Ccalipers"],"acts_visited":["Exordium","TheCity","TheBeyond","TheEnding"],"potions_floor_usage":[3,6,11,11,16,36,55,55,55,55,55,55,55,55,55,55,55,55,55,55,55],"damage_taken":[{"damage":0,"enemies":"Small Slimes","floor":1,"turns":1},{"damage":7,"enemies":"Hiden Room Battle","floor":3,"turns":2},{"damage":0,"enemies":"2 Louse","floor":5,"turns":1},{"damage":18,"enemies":"3 Sentries","floor":6,"turns":3},{"damage":0,"enemies":"Cultist","floor":7,"turns":2},{"damage":0,"enemies":"Exordium Wildlife","floor":11,"turns":2},{"damage":7,"enemies":"Blue Slaver","floor":12,"turns":3},{"damage":11,"enemies":"Gremlin Nob","floor":14,"turns":3},{"damage":31,"enemies":"Hexaghost","floor":16,"turns":5},{"damage":0,"enemies":"Chosen","floor":18,"turns":3},{"damage":0,"enemies":"Spheric Guardian","floor":20,"turns":2},{"damage":30,"enemies":"Snake Plant","floor":21,"turns":4},{"damage":0,"enemies":"Centurion and Healer","floor":22,"turns":3},{"damage":0,"enemies":"Gremlin Leader","floor":24,"turns":4},{"damage":0,"enemies":"Snecko","floor":27,"turns":4},{"damage":6,"enemies":"Cultist and Chosen","floor":28,"turns":3},{"damage":10,"enemies":"Chosen and Byrds","floor":29,"turns":3},{"damage":9,"enemies":"Centurion and Healer","floor":30,"turns":9},{"damage":16,"enemies":"Collector","floor":33,"turns":4},{"damage":0,"enemies":"3 Darklings","floor":35,"turns":1},{"damage":7,"enemies":"Hiden Room Battle","floor":36,"turns":2},{"damage":0,"enemies":"3 Shapes","floor":37,"turns":1},{"damage":0,"enemies":"Spire Growth","floor":39,"turns":2},{"damage":0,"enemies":"Giant Head","floor":40,"turns":2},{"damage":6,"enemies":"4 Shapes","floor":41,"turns":1},{"damage":5,"enemies":"Maw","floor":42,"turns":4},{"damage":45,"enemies":"Nemesis","floor":44,"turns":6},{"damage":0,"enemies":"3 Darklings","floor":45,"turns":3},{"damage":0,"enemies":"Jaw Worm Horde","floor":47,"turns":2},{"damage":12,"enemies":"4 Shapes","floor":48,"turns":1},{"damage":25,"enemies":"Awakened One","floor":50,"turns":4},{"damage":45,"enemies":"Shield and Spear","floor":54,"turns":3},{"damage":80,"enemies":"Delirium","floor":55,"turns":15}],"seed_played":"5587603679208534172","potions_obtained":[{"floor":3,"key":"Regen Potion"},{"floor":6,"key":"SmokeBomb"},{"floor":7,"key":"SmokeBomb"},{"floor":16,"key":"LiquidBronze"},{"floor":20,"key":"EntropicBrew"},{"floor":29,"key":"PowerPotion"},{"floor":30,"key":"testmod-TestPotion"}],"is_trial":false,"path_per_floor":["M","?","?","$","M","E","M","R","T","R","M","M","$","E","R","B",null,"M","?","M","M","M","R","E","R","T","M","M","M","M","?","R","B",null,"M","?","M","$","M","E","M","M","T","E","M","?","M","M","R","B",null,"R","$","E","B",null],"character_chosen":"THE_PLACEHOLDER","items_purchased":["PlaceholderMod:Assimilation","Chemical X","Membership Card","DollysMirror","Bottled Lightning"],"campfire_rested":0,"item_purchase_floors":[4,13,38,53,53],"current_hp_per_floor":[78,78,71,71,71,59,65,65,65,65,70,69,69,59,59,40,98,102,102,106,83,90,90,101,101,101,110,112,111,118,118,118,107,139,139,95,96,96,98,106,101,100,100,62,68,68,76,65,65,50,156,156,156,112,55],"gold":593,"neow_bonus":"THREE_ENEMY_KILL","is_daily":false,"chose_seed":false,"campfire_upgraded":7,"win_rate":0.0,"timestamp":1611296512,"path_taken":["M","?","?","?","M","E","M","R","T","R","M","M","$","E","R","BOSS","M","?","M","M","M","R","E","R","T","M","M","M","M","?","R","BOSS","M","?","M","$","M","E","M","M","T","E","M","?","M","M","R","BOSS","R","$","E","BOSS"],"items_purchased_type":["Card","Relic","Relic","Relic","Relic"],"build_version":"2020-12-22","purchased_purges":1,"victory":true,"max_hp_per_floor":[78,78,78,78,78,82,86,86,86,86,90,94,94,94,94,98,98,102,102,106,110,114,114,119,119,119,124,129,134,139,139,139,139,139,139,146,146,146,146,151,151,151,151,151,151,151,156,156,156,156,156,156,156,156,156],"card_choices":[{"not_picked":[],"picked":"Bomb","floor":0},{"not_picked":["PlaceholderMod:SelectReaction","PlaceholderMod:DissolvingSpikes"],"picked":"PlaceholderMod:TriggerStrike","floor":1},{"not_picked":["PlaceholderMod:SpinBlade","PlaceholderMod:Hard","PlaceholderMod:HardStrike","PlaceholderMod:PoisonAbsorb"],"picked":"PlaceholderMod:ContinueSpray","floor":3},{"not_picked":["PlaceholderMod:AngryAttack","PlaceholderMod:UnpureUse","PlaceholderMod:SpinBlade","PlaceholderMod:PoisonAbsorb","PlaceholderMod:MultipleOxi"],"picked":"PlaceholderMod:DiffusionPoison","floor":5},{"not_picked":["PlaceholderMod:StressReaction","PlaceholderMod:ProliferateStrike","PlaceholderMod:SpinBlade","PlaceholderMod:Colorful","PlaceholderMod:Polyp"],"picked":"PlaceholderMod:QualitativeChange","floor":6},{"not_picked":["PlaceholderMod:Internalization","PlaceholderMod:EvolutionSpray","PlaceholderMod:StrongAcid","PlaceholderMod:HardStrike","PlaceholderMod:Turn"],"picked":"PlaceholderMod:StressReaction","floor":7},{"not_picked":["PlaceholderMod:AngryAttack","PlaceholderMod:AttackAsDefend","Bomb","PlaceholderMod:PoisonAbsorb","PlaceholderMod:MultipleOxi"],"picked":"PlaceholderMod:SelfCoupling","floor":11},{"not_picked":["PlaceholderMod:ConsolidateHit","PlaceholderMod:Hard","PlaceholderMod:HardStinger","PlaceholderMod:ProliferateStrike","PlaceholderMod:AttackAsDefend"],"picked":"PlaceholderMod:RadicalHit","floor":12},{"not_picked":["PlaceholderMod:SelectReaction","PlaceholderMod:Package","PlaceholderMod:RadicalHit","PlaceholderMod:Sweep","PlaceholderMod:ParasiteChange"],"picked":"PlaceholderMod:Stratification","floor":14},{"not_picked":["PlaceholderMod:Activation","PlaceholderMod:BlastSpray","PlaceholderMod:GrowthForm","PlaceholderMod:InnerSoften","PlaceholderMod:CorePoison"],"picked":"PlaceholderMod:MultiReaction","floor":16},{"not_picked":["PlaceholderMod:Polyp","PlaceholderMod:InnerStable+1","PlaceholderMod:EnergyAbsorb+1","PlaceholderMod:NutritionAbsorb","PlaceholderMod:ContinueSpray+1"],"picked":"PlaceholderMod:TriggerStrike","floor":18},{"not_picked":["PlaceholderMod:HornyBlast+1","PlaceholderMod:ProliferateStrike","PlaceholderMod:Polyp+1","PlaceholderMod:ParasiteChange","PlaceholderMod:HardStinger+1"],"picked":"PlaceholderMod:AttackAsDefend+1","floor":20},{"not_picked":["PlaceholderMod:PoisonAbsorb","PlaceholderMod:Sweep","PlaceholderMod:ConsolidateHit+1","PlaceholderMod:SelectReaction","PlaceholderMod:EvolutionSpray"],"picked":"PlaceholderMod:CycleAttack","floor":21},{"not_picked":["PlaceholderMod:SubstitutionNucleophilic1","PlaceholderMod:HighConcentration","PlaceholderMod:HornyBlast+1","PlaceholderMod:RadicalHit","PlaceholderMod:PoisonAbsorb"],"picked":"PlaceholderMod:DoublePoint","floor":22},{"not_picked":["PlaceholderMod:CorePoison","PlaceholderMod:ConsolidateHit","PlaceholderMod:QualitativeChange","PlaceholderMod:TriggerStrike","PlaceholderMod:ContinueSpray+1"],"picked":"PlaceholderMod:MultipleOxi","floor":24},{"not_picked":["PlaceholderMod:PoisonAbsorb","PlaceholderMod:HornyBlast","PlaceholderMod:AttackAsDefend","PlaceholderMod:DissolvingSpikes","PlaceholderMod:Sweep","PlaceholderMod:DirectingGroup"],"picked":"SKIP","floor":27},{"not_picked":["PlaceholderMod:ProliferateStrike","PlaceholderMod:Corrosion","PlaceholderMod:SpinBlade+1","PlaceholderMod:EvolutionSpray+1","PlaceholderMod:Internalization+1","PlaceholderMod:DissolvingSpikes"],"picked":"SKIP","floor":28},{"not_picked":["PlaceholderMod:TriggerStrike","PlaceholderMod:StrongAcid","PlaceholderMod:Polyp","PlaceholderMod:EvolutionSpray+1","PlaceholderMod:SpinBlade+1"],"picked":"PlaceholderMod:StressReaction","floor":29},{"not_picked":["PlaceholderMod:BlastSpray","PlaceholderMod:MultipleOxi+1","PlaceholderMod:Turn","PlaceholderMod:PoisonAbsorb","PlaceholderMod:HornyBlast"],"picked":"PlaceholderMod:Colorful","floor":30},{"not_picked":["PlaceholderMod:AbsorbTouch","PlaceholderMod:PericyclicReaction","PlaceholderMod:ReactionCatalyze","PlaceholderMod:FinalSpray","PlaceholderMod:DiffusionPoison"],"picked":"PlaceholderMod:GrowthForm","floor":33},{"not_picked":["PlaceholderMod:SeverePoisonStrike","PlaceholderMod:OHStrongAttack+1","PlaceholderMod:StressReaction","PlaceholderMod:Hyperplasia","PlaceholderMod:CrystallizationStrike+1","PlaceholderMod:Package"],"picked":"SKIP","floor":35},{"not_picked":["PlaceholderMod:ConsolidateHit+1","PlaceholderMod:SpinBlade+1","PlaceholderMod:SprayAttack+1","PlaceholderMod:DirectingGroup+1","PlaceholderMod:PoisonAbsorb","PlaceholderMod:SevereHeat+1"],"picked":"SKIP","floor":37},{"not_picked":["PlaceholderMod:RadicalHit+1","PlaceholderMod:PoisonBlast+1","PlaceholderMod:CrystallizationStrike+1","PlaceholderMod:SpinBlade","PlaceholderMod:CycleAttack","PlaceholderMod:DirectingGroup"],"picked":"SKIP","floor":39},{"not_picked":["PlaceholderMod:AttackAsDefend","PlaceholderMod:SeverePoisonStrike+1","PlaceholderMod:Stratification+1","PlaceholderMod:SelectReaction","PlaceholderMod:DirectingGroup+1","PlaceholderMod:SprayAttack+1"],"picked":"SKIP","floor":40},{"not_picked":["PlaceholderMod:Break","PlaceholderMod:UnpureUse","PlaceholderMod:ConsolidateHit+1","PlaceholderMod:StressReaction","PlaceholderMod:Polyp+1","PlaceholderMod:RadicalHit+1"],"picked":"SKIP","floor":41},{"not_picked":["PlaceholderMod:SeverePoisonStrike","PlaceholderMod:Turn","PlaceholderMod:SprayAttack","PlaceholderMod:TriggerStrike+1","PlaceholderMod:StressReaction","PlaceholderMod:DirectingGroup"],"picked":"SKIP","floor":42},{"not_picked":["PlaceholderMod:StrongAcid+1","PlaceholderMod:ThreeBenzyolStart","PlaceholderMod:SelfCoupling","PlaceholderMod:Sweep+1","PlaceholderMod:AngryAttack","PlaceholderMod:SubstitutionNucleophilic1"],"picked":"SKIP","floor":44},{"not_picked":["PlaceholderMod:HealingAttack+1","PlaceholderMod:EnergyAbsorb+1","PlaceholderMod:Turn+1","PlaceholderMod:AngryAttack+1","PlaceholderMod:CrystallizationStrike+1","PlaceholderMod:FastReaction+1"],"picked":"SKIP","floor":45},{"not_picked":["PlaceholderMod:Sweep+1","PlaceholderMod:Turn","PlaceholderMod:ConsolidateHit+1","PlaceholderMod:NearChange+1","PlaceholderMod:HardStrike+1","PlaceholderMod:EvolutionSpray+1"],"picked":"SKIP","floor":47},{"not_picked":["PlaceholderMod:PoisonAbsorb","PlaceholderMod:DiffusionPoison","PlaceholderMod:Hard+1","PlaceholderMod:ParasiteChange","PlaceholderMod:HardStrike","PlaceholderMod:PoisonExcitation+1"],"picked":"SKIP","floor":48},{"not_picked":["PlaceholderMod:DoublePoint","PlaceholderMod:Internalization","PlaceholderMod:AttackAsDefend","PlaceholderMod:StressReaction","PlaceholderMod:FastReaction+1","PlaceholderMod:PoisonExcitation+1"],"picked":"SKIP","floor":54}],"player_experience":177305,"relics_obtained":[{"floor":1,"key":"SynthV:TestCard"},{"floor":3,"key":"Question Card"},{"floor":3,"key":"Whetstone"},{"floor":6,"key":"HowToJump"},{"floor":9,"key":"DeadEye"},{"floor":14,"key":"InkBottle"},{"floor":24,"key":"PlaceholderMod:SlimeBlood"},{"floor":36,"key":"BloodDonationMachine"},{"floor":36,"key":"testmod-Acrobat"},{"floor":40,"key":"Bottled Flame"},{"floor":43,"key":"PlaceholderMod:DaolothFragment"},{"floor":44,"key":"Oddly Smooth Stone"},{"floor":54,"key":"Ccalipers"}],"event_choices":[{"damage_healed":0,"gold_gain":0,"player_choice":"Grow","damage_taken":0,"max_hp_gain":0,"max_hp_loss":0,"event_name":"Living Wall","floor":2,"gold_loss":0,"cards_upgraded":["PlaceholderMod:TriggerStrike"]},{"damage_healed":0,"gold_gain":0,"player_choice":"Fight","damage_taken":0,"max_hp_gain":0,"max_hp_loss":0,"event_name":"HidenRoomEvent","floor":3,"gold_loss":0},{"damage_healed":0,"gold_gain":99,"player_choice":"Stole From Cult","damage_taken":0,"max_hp_gain":0,"max_hp_loss":0,"event_name":"Nest","floor":19,"gold_loss":0},{"damage_healed":0,"gold_gain":0,"player_choice":"Ignored","damage_taken":0,"max_hp_gain":0,"max_hp_loss":0,"event_name":"给自己的盒子","floor":31,"gold_loss":0},{"damage_healed":0,"gold_gain":0,"player_choice":"Fight","damage_taken":0,"max_hp_gain":0,"max_hp_loss":0,"event_name":"HidenRoomEvent","floor":36,"gold_loss":0},{"damage_healed":0,"gold_gain":0,"player_choice":"Ignored","damage_taken":0,"max_hp_gain":0,"max_hp_loss":0,"event_name":"The Moai Head","floor":46,"gold_loss":0}],"is_beta":false,"boss_relics":[{"not_picked":["Philosopher\u0027s Stone","TimeKeys"],"picked":"RhineSuit"},{"not_picked":[]},{"not_picked":["testmod-IncinerationGenerator","Tiny House"],"picked":"ChiXiaoBlade"},{"not_picked":[]}],"items_purged_floors":[53],"is_endless":false,"potions_floor_spawned":[3,6,7,16,20,21,29,30,33,37,41,44,45,48],"ascension_level":0}}