{"host":"qmnyg5dk1o6rw6mz","time":1611334784,"event":{"mods":["100% Spire Juice","2.2 Compatiblity","AchievementEnabler","Act Like it!","Arknights The Spire","Aspiration","Astrologer","BaseMod","Better Third Choice","CapriCore","Challenge The Spire","Colored Map","Colored Powertips","Conjunction","Conspire","DeckTracker","Defuse TimeMaze Blight","Disable Question Mark Monsters","Energized Spire","Friendly Minions","Gensokyo","GifTheSpireLib","Hermit","Highlight Path","HololiveMod","HornydragonMod","Hubris","Infinite Spire","Jedi Mod","KinomotoSakuraMod(木之本?)","Kiyohime（清姬）","KomeijiMod","LagranYue(拉格朗·月)","Marisa（霧雨　魔理沙）","Minty Spire (QoL Compilation)","Pale of the Ancients","Permanent Neow","Prisma Mod","Reimu（博???）","SIMod","StSLib","Stuff the Spire","The Administrix","The Alterego","The Animator","The Cursed","The Gatherer","The Immortal","The Marked","The Runesmith","The Saiyan","The Senshi","The Showman","Unceasing Turn Reminder","WarShipGirlsR/??少女R mod","Yuri Mod","vexMod"],"gold_per_floor":[114,16,16,0,0,32,52,52,52,69,88,88,88],"floor_reached":12,"language":"ZHS","playtime":453,"items_purged":[],"score":78,"play_id":"4141e195-df2d-4e53-b651-d8d8012a2998","local_time":"20210123005944","is_ascension_mode":false,"campfire_choices":[],"circlet_count":0,"master_deck":["LagranYue:BaseAttackCard","LagranYue:BaseAttackCard","LagranYue:BaseAttackCard","LagranYue:BaseDefendCard","LagranYue:BaseDefendCard","LagranYue:BaseDefendCard","LagranYue:AttackTopazCard","LagranYue:SkillBrokenSwordCard","LagranYue:BaseAttackCard","LagranYue:BaseDefendCard","LagranYue:EmeraldRemorseCard","LagranYue:SkillBrokenShieldCard","LagranYue:SkillDeadlyBloomCard","Injury","Enlightenment+1","LagranYue:AttackMagicStarsCard+1","LagranYue:AttackTopazCard+1","Burn","LagranYue:PurpleNightmareCard","LagranYue:AttackPurpleCard+1"],"relics":["LagranYue:ArmsProficiencyRelics","LagranYue:RandomDrawCardRelic","Molten Egg 2","jedi:shrinkray","CaptainsWheel"],"acts_visited":["Exordium"],"potions_floor_usage":[6,11,12],"damage_taken":[{"damage":0,"enemies":"2 Louse","floor":1,"turns":3},{"damage":81,"enemies":"Lagavulin","floor":6,"turns":16},{"damage":3,"enemies":"Small Slimes","floor":7,"turns":2},{"damage":0,"enemies":"Cultist","floor":10,"turns":3},{"damage":0,"enemies":"Looter","floor":11,"turns":3},{"damage":8,"enemies":"3 Sentries","floor":12,"turns":2}],"seed_played":"7189141732983710162","potions_obtained":[{"floor":1,"key":"SkillPotion"},{"floor":6,"key":"Weak Potion"},{"floor":10,"key":"SteroidPotion"}],"is_trial":false,"path_per_floor":["M","$","?","?","?","E","M","?","T","M","M","E"],"character_chosen":"LagranYueCharacter","items_purchased":["LagranYue:SkillBrokenShieldCard","LagranYue:SkillDeadlyBloomCard"],"campfire_rested":0,"item_purchase_floors":[2,2],"current_hp_per_floor":[82,82,82,88,88,7,4,4,4,4,4,0,0],"gold":88,"neow_bonus":"TEN_PERCENT_HP_BONUS","is_daily":false,"chose_seed":false,"campfire_upgraded":0,"win_rate":0.0,"timestamp":1611334784,"path_taken":["M","$","?","?","?","E","?","?","T","M","M","E"],"items_purchased_type":["Card","Card"],"build_version":"2020-12-22","purchased_purges":0,"victory":false,"max_hp_per_floor":[82,82,82,88,88,88,88,88,88,88,88,88,88],"card_choices":[{"not_picked":["LagranYue:SkillWoodSpearCard","LagranYue:SkillTestamentCard"],"picked":"LagranYue:EmeraldRemorseCard","floor":1},{"not_picked":["LagranYue:AttackFutureCard+1","LagranYue:AttackGoldCard+1"],"picked":"LagranYue:AttackMagicStarsCard+1","floor":6},{"not_picked":["LagranYue:SkillDistortionCard","LagranYue:SapphirePrayerCard"],"picked":"LagranYue:AttackTopazCard+1","floor":7},{"not_picked":["LagranYue:PrematureBurialCard","LagranYue:MultipleThornsCard"],"picked":"LagranYue:PurpleNightmareCard","floor":10},{"not_picked":["LagranYue:AttackIceCard+1","LagranYue:SkillDeathBolgCard+1"],"picked":"LagranYue:AttackPurpleCard+1","floor":11}],"player_experience":211178,"relics_obtained":[{"floor":6,"key":"jedi:shrinkray"},{"floor":9,"key":"CaptainsWheel"}],"event_choices":[{"damage_healed":0,"gold_gain":0,"player_choice":"RENOUNCE","damage_taken":16,"max_hp_gain":0,"max_hp_loss":0,"event_name":"betterThird:BetterSerpent","floor":4,"gold_loss":16,"cards_obtained":["Enlightenment"]},{"damage_healed":0,"gold_gain":0,"player_choice":"Forge","damage_taken":0,"max_hp_gain":0,"max_hp_loss":0,"event_name":"Accursed Blacksmith","floor":5,"gold_loss":0,"cards_upgraded":["Enlightenment"]},{"damage_healed":4,"gold_gain":0,"player_choice":"Embrace Burn","damage_taken":0,"max_hp_gain":0,"max_hp_loss":88,"event_name":"betterThird:BetterShining","floor":8,"gold_loss":0}],"is_beta":false,"boss_relics":[],"items_purged_floors":[],"is_endless":false,"potions_floor_spawned":[1,6,10],"killed_by":"3 Sentries","ascension_level":0}}