{"host":"c3lc60y5x60jlt1y","time":1611330098,"event":{"mods":["AchievementEnabler","BaseMod","Bestiary","Colored Map","Minty Spire (QoL Compilation)","Quick Restart","StSLib","ojb\u0027s Info Mod"],"gold_per_floor":[113,113,131,131,178,178,209,209,255,268,23,39,49,74,74,146,146,156,206,28,0,0],"floor_reached":21,"language":"ENG","playtime":1133,"items_purged":["Strike_B","Writhe"],"score":337,"play_id":"50c6b01f-a58e-45dc-9a20-cb22908836e0","local_time":"20210122174138","is_ascension_mode":true,"campfire_choices":[{"data":"Mayhem","floor":6.0,"key":"SMITH"},{"data":"Conserve Battery","floor":8.0,"key":"SMITH"},{"floor":15.0,"key":"REST"}],"circlet_count":0,"master_deck":["AscendersBane","Strike_B","Strike_B","Strike_B","Defend_B","Defend_B","Defend_B","Defend_B","Zap","Dualcast","Mayhem+1","Compile Driver","Conserve Battery+1","BootSequence","Barrage","Streamline","Sunder","Doom and Gloom","Creative AI","Skim","Loop","Genetic Algorithm"],"relics":["Cracked Core","Vajra","Nunchaku","Smiling Mask","Runic Capacitor","Bottled Lightning","Sozu"],"acts_visited":["Exordium","TheCity"],"potions_floor_usage":[21],"damage_taken":[{"damage":4.0,"enemies":"Small Slimes","floor":1.0,"turns":4.0},{"damage":11.0,"enemies":"2 Louse","floor":3.0,"turns":3.0},{"damage":28.0,"enemies":"3 Sentries","floor":7.0,"turns":8.0},{"damage":0.0,"enemies":"Jaw Worm","floor":10.0,"turns":3.0},{"damage":11.0,"enemies":"Exordium Thugs","floor":12.0,"turns":5.0},{"damage":0.0,"enemies":"Red Slaver","floor":13.0,"turns":3.0},{"damage":18.0,"enemies":"Lagavulin","floor":14.0,"turns":8.0},{"damage":33.0,"enemies":"Slime Boss","floor":16.0,"turns":7.0},{"damage":22.0,"enemies":"3 Byrds","floor":18.0,"turns":5.0},{"damage":37,"enemies":"2 Thieves","floor":21,"turns":3}],"seed_played":"2346498245032446035","potions_obtained":[{"floor":3.0,"key":"LiquidBronze"},{"floor":10.0,"key":"GamblersBrew"}],"is_trial":false,"path_per_floor":["M","?","M","?","T","R","E","R","T","M","$","M","M","E","R","B",null,"M","?","$","M"],"character_chosen":"DEFECT","items_purchased":["Runic Capacitor","Streamline","Loop","Genetic Algorithm"],"campfire_rested":1,"item_purchase_floors":[11,11,20,20],"current_hp_per_floor":[60,60,49,71,71,71,43,43,43,43,43,32,32,14,35,2,54,32,25,25,0,0],"gold":0,"neow_bonus":"RANDOM_COLORLESS_2","is_daily":false,"chose_seed":false,"campfire_upgraded":2,"win_rate":0.0,"timestamp":1611330098,"path_taken":["M","?","M","?","?","R","E","R","T","?","$","M","M","E","R","BOSS","M","?","$","M"],"items_purchased_type":["Relic","Card","Card","Card"],"build_version":"2020-12-22","purchased_purges":2,"victory":false,"max_hp_per_floor":[71,71,71,71,71,71,71,71,71,71,71,71,71,71,71,71,71,71,71,71,71,71],"card_choices":[{"not_picked":["Magnetism","Violence"],"picked":"Mayhem","floor":0.0},{"not_picked":["Ball Lightning","Recycle"],"picked":"Compile Driver","floor":1.0},{"not_picked":["Stack","Barrage"],"picked":"Conserve Battery","floor":3.0},{"not_picked":["Redo","Rebound"],"picked":"BootSequence","floor":7.0},{"not_picked":["Double Energy","Stack"],"picked":"Barrage","floor":10.0},{"not_picked":["Sweeping Beam","Cold Snap"],"picked":"Sunder","floor":12.0},{"not_picked":["Hologram","Reinforced Body"],"picked":"Doom and Gloom","floor":13.0},{"not_picked":["Hologram","Barrage","Scrape"],"picked":"SKIP","floor":14.0},{"not_picked":["Thunder Strike","Buffer"],"picked":"Creative AI","floor":16.0},{"not_picked":["Recycle","Barrage"],"picked":"Skim","floor":18.0}],"player_experience":8357873,"relics_obtained":[{"floor":5.0,"key":"Vajra"},{"floor":7.0,"key":"Nunchaku"},{"floor":9.0,"key":"Smiling Mask"},{"floor":14.0,"key":"Bottled Lightning"}],"event_choices":[{"damage_healed":0.0,"max_hp_gain":0.0,"max_hp_loss":0.0,"gold_gain":0.0,"event_name":"Liars Game","player_choice":"Ignored","floor":2.0,"gold_loss":0.0,"damage_taken":0.0},{"damage_healed":23.0,"max_hp_gain":0.0,"max_hp_loss":0.0,"gold_gain":0.0,"event_name":"Big Fish","player_choice":"Banana","floor":4.0,"gold_loss":0.0,"damage_taken":0.0},{"damage_healed":0.0,"max_hp_gain":0.0,"max_hp_loss":0.0,"gold_gain":50.0,"event_name":"FaceTrader","player_choice":"Touch","floor":19.0,"gold_loss":0.0,"damage_taken":7.0}],"is_beta":false,"boss_relics":[{"not_picked":["Ectoplasm","Coffee Dripper"],"picked":"Sozu"}],"items_purged_floors":[11,20],"is_endless":false,"potions_floor_spawned":[3,10,13,18],"killed_by":"2 Thieves","ascension_level":16}}