{"host":"15ff3ltgpietarej","time":1611306237,"event":{"mods":["BaseMod","Bestiary","Downfall","Highlight Path","Minty Spire (QoL Compilation)","Relic Stats","StSLib"],"gold_per_floor":[99,99,99,99,99,132,132,132,143,43,63,92,112,22,33,33,33,33],"floor_reached":16,"language":"ENG","playtime":767,"items_purged":["Guardian:Strike_Guardian"],"score":151,"play_id":"b1f3e8d1-1bee-40fe-b86c-9b12fe03268d","local_time":"20210122100357","is_ascension_mode":true,"campfire_choices":[{"floor":1.0,"key":"RECALL"},{"data":"Guardian:BronzeArmor","floor":10,"key":"SMITH"}],"circlet_count":0,"master_deck":["Guardian:Strike_Guardian","Guardian:Strike_Guardian","Guardian:Strike_Guardian","Guardian:Defend_Guardian","Guardian:Defend_Guardian","Guardian:Defend_Guardian","Guardian:Defend_Guardian","Guardian:CurlUp","Guardian:TwinSlam","Guardian:BronzeArmor","Guardian:BronzeArmor+1","Guardian:Incinerate","Guardian:ChargeUp+1","Guardian:FuturePlans","Guardian:Planning+1","Guardian:Gem_Green","Guardian:WalkerClaw"],"relics":["Guardian:ModeShifter","downfall:HeartsMalice","Bag of Preparation","Toxic Egg 2","downfall:HeartBlessingRed","hexamod:BolsterEngine"],"acts_visited":["Exordium"],"potions_floor_usage":[14,15,16],"damage_taken":[{"damage":0.0,"enemies":"Small Slimes","floor":2.0,"turns":1.0},{"damage":0.0,"enemies":"Cultist","floor":3.0,"turns":1.0},{"damage":0.0,"enemies":"Jaw Worm","floor":5.0,"turns":1.0},{"damage":23,"enemies":"Gremlin Nob","floor":6,"turns":5},{"damage":4,"enemies":"Red Slaver","floor":9,"turns":6},{"damage":0,"enemies":"Exordium Wildlife","floor":11,"turns":5},{"damage":24,"enemies":"Lagavulin","floor":12,"turns":7},{"damage":7,"enemies":"Blue Slaver","floor":13,"turns":3},{"damage":0,"enemies":"downfall:FleeingMerchant","floor":14,"turns":4},{"damage":16,"enemies":"Gremlin Gang","floor":15,"turns":4},{"damage":5,"enemies":"WA_ARCHETYPE_RETAIN","floor":16,"turns":6}],"seed_played":"1855246703608873262","potions_obtained":[{"floor":6,"key":"champ:CounterPotion"},{"floor":9,"key":"AttackPotion"},{"floor":12,"key":"EssenceOfSteel"}],"is_trial":false,"path_per_floor":["R","M","M","?","M","E","T","?","M","R","M","E","M","$","M","B"],"character_chosen":"GUARDIAN","items_purchased":[],"campfire_rested":0,"item_purchase_floors":[],"current_hp_per_floor":[72,72,72,72,72,49,49,54,50,50,50,26,19,19,3,0,0,0],"gold":33,"neow_bonus":"THREE_ENEMY_KILL","is_daily":false,"chose_seed":false,"campfire_upgraded":1,"win_rate":0.0,"timestamp":1611306237,"path_taken":["R","M","M","?","?","E","T","?","M","R","?","E","M","?","M","BOSS"],"items_purchased_type":[],"build_version":"2020-12-22","purchased_purges":1,"victory":false,"max_hp_per_floor":[80,80,80,80,80,80,80,80,80,80,80,80,80,80,80,80,80,80],"relic_stats":{"counters":[11,40],"Bag of Preparation":[14],"obtain_stats":[{"downfall:HeartBlessingRed":10,"Guardian:ModeShifter":0,"downfall:HeartsMalice":0,"Bag of Preparation":6,"Toxic Egg 2":7,"hexamod:BolsterEngine":12},{"downfall:HeartBlessingRed":5,"Guardian:ModeShifter":0,"downfall:HeartsMalice":0,"Bag of Preparation":4,"Toxic Egg 2":4,"hexamod:BolsterEngine":7},{"downfall:HeartBlessingRed":11,"Guardian:ModeShifter":0,"downfall:HeartsMalice":0,"Bag of Preparation":5,"Toxic Egg 2":5,"hexamod:BolsterEngine":23}]},"card_choices":[{"not_picked":["Guardian:Orbwalk","Guardian:Reroute"],"picked":"Guardian:BronzeArmor","floor":2.0},{"not_picked":["Guardian:WalkerClaw","Guardian:Planning"],"picked":"Guardian:Gem_Red","floor":3.0},{"not_picked":["Guardian:SpikerProtocol","Guardian:RollAttack"],"picked":"Guardian:Incinerate","floor":5.0},{"not_picked":["Guardian:ShieldCharger","Guardian:RollAttack"],"picked":"Guardian:TemporalStrike","floor":6},{"not_picked":["Guardian:Clone+1","Guardian:TemporalStrike"],"picked":"Guardian:Gem_Yellow","floor":9},{"not_picked":["Guardian:TimeBomb+1","Guardian:SentryBeam"],"picked":"Guardian:ChargeUp+1","floor":11},{"not_picked":["Guardian:ChargeCore","Guardian:FierceBash"],"picked":"Guardian:FuturePlans","floor":12},{"not_picked":["Guardian:Suspension+1","Guardian:ArmoredProtocol"],"picked":"Guardian:Planning+1","floor":13},{"not_picked":["Guardian:Repulse","Guardian:Reroute"],"picked":"Guardian:Gem_Green","floor":14},{"not_picked":["Guardian:ShieldSpikes+1","Guardian:PrimingBeam"],"picked":"Guardian:WalkerClaw","floor":15}],"player_experience":432140,"relics_obtained":[{"floor":6,"key":"Bag of Preparation"},{"floor":7,"key":"Toxic Egg 2"},{"floor":12,"key":"hexamod:BolsterEngine"}],"event_choices":[{"cards_removed":["Guardian:TemporalStrike"],"damage_healed":5,"gold_gain":0,"player_choice":"Offered Common","damage_taken":0,"max_hp_gain":0,"max_hp_loss":0,"event_name":"Bonfire Elementals","floor":8,"gold_loss":0},{"cards_removed":["Guardian:TemporalStrike"],"damage_healed":5,"gold_gain":0,"player_choice":"Offered Special","damage_taken":0,"max_hp_gain":0,"max_hp_loss":0,"event_name":"Bonfire Elementals","floor":8,"gold_loss":0}],"is_beta":false,"boss_relics":[],"items_purged_floors":[14],"is_endless":false,"potions_floor_spawned":[6,9,12,13],"killed_by":"WA_ARCHETYPE_RETAIN","ascension_level":8}}