{"host":"oi6p1guiqfwwvxym","time":1611299478,"event":{"mods":["BaseMod","Colored Map","Minty Spire (QoL Compilation)","Relic Stats"],"gold_per_floor":[114,72,88,108,33,66,66,98,98,98,98,126,141,141,141,215,215,226,226,236,236,236,268,279,279,279,279,304,304,323,358,358,435,435,447,457,502,502,520,520,846,846,846,846,846,94,114,125,125,125],"floor_reached":51,"language":"ENG","playtime":3181,"items_purged":[],"score":1357,"play_id":"456be3a9-ecf2-4772-92ab-9750edf7897f","local_time":"20210121231118","is_ascension_mode":true,"campfire_choices":[{"floor":7,"key":"REST"},{"floor":11,"key":"REST"},{"floor":15,"key":"REST"},{"data":"Corruption","floor":27,"key":"SMITH"},{"floor":29,"key":"REST"},{"data":"Bludgeon","floor":32,"key":"SMITH"},{"data":"Rage","floor":40,"key":"SMITH"},{"data":"Metallicize","floor":42,"key":"SMITH"},{"data":"Spot Weakness","floor":44,"key":"SMITH"},{"floor":49,"key":"REST"}],"circlet_count":0,"master_deck":["AscendersBane","Bash","Twin Strike","Flame Barrier","Headbutt","Immolate+1","Spot Weakness+1","Intimidate","Corruption+1","Reaper","Whirlwind","Infernal Blade","Havoc","Disarm","Metallicize+1","Disarm","Shrug It Off","Burning Pact+1","Rage+1","Battle Trance","Bludgeon+1","Warcry","True Grit+1","Impervious","Shrug It Off","Reaper+1","Flame Barrier+1","Thunderclap+1","Pummel+1","Evolve","Spot Weakness+1","Shockwave+1","Offering"],"relics":["Burning Blood","NeowsBlessing","Matryoshka","Prayer Wheel","Gremlin Horn","Torii","Tiny Chest","Pandora\u0027s Box","Pear","StoneCalendar","Oddly Smooth Stone","Paper Frog","Magic Flower","Molten Egg 2","Cursed Key","Du-Vu Doll","Old Coin","Bronze Scales","Kunai","DollysMirror"],"acts_visited":["Exordium","TheCity","TheBeyond"],"potions_floor_usage":[8,16,16,23,23,28,28,30,33,36,39,50,50],"damage_taken":[{"damage":0,"enemies":"Cultist","floor":1,"turns":1},{"damage":0,"enemies":"2 Louse","floor":3,"turns":1},{"damage":0,"enemies":"Jaw Worm","floor":4,"turns":1},{"damage":52,"enemies":"Gremlin Nob","floor":6,"turns":5},{"damage":30,"enemies":"3 Sentries","floor":8,"turns":6},{"damage":20,"enemies":"Lagavulin","floor":12,"turns":6},{"damage":8,"enemies":"Blue Slaver","floor":13,"turns":3},{"damage":36,"enemies":"The Guardian","floor":16,"turns":11},{"damage":12,"enemies":"3 Byrds","floor":18,"turns":3},{"damage":16,"enemies":"Chosen","floor":20,"turns":7},{"damage":24,"enemies":"Slavers","floor":23,"turns":4},{"damage":10,"enemies":"Centurion and Healer","floor":24,"turns":4},{"damage":49,"enemies":"Book of Stabbing","floor":28,"turns":7},{"damage":9,"enemies":"Cultist and Chosen","floor":30,"turns":7},{"damage":1,"enemies":"Gremlin Leader","floor":31,"turns":6},{"damage":79,"enemies":"Automaton","floor":33,"turns":11},{"damage":14,"enemies":"Orb Walker","floor":35,"turns":5},{"damage":27,"enemies":"3 Darklings","floor":36,"turns":6},{"damage":48,"enemies":"2 Orb Walkers","floor":37,"turns":4},{"damage":64,"enemies":"Sphere and 2 Shapes","floor":39,"turns":7},{"damage":1,"enemies":"Reptomancer","floor":41,"turns":6},{"damage":27,"enemies":"Spire Growth","floor":47,"turns":4},{"damage":22,"enemies":"Writhing Mass","floor":48,"turns":5},{"damage":38,"enemies":"Time Eater","floor":50,"turns":11}],"seed_played":"-3632150384892137089","potions_obtained":[{"floor":6,"key":"SkillPotion"},{"floor":12,"key":"ColorlessPotion"},{"floor":13,"key":"Explosive Potion"},{"floor":16,"key":"PowerPotion"},{"floor":20,"key":"SneckoOil"},{"floor":23,"key":"Energy Potion"},{"floor":28,"key":"EntropicBrew"},{"floor":31,"key":"SpeedPotion"},{"floor":33,"key":"AttackPotion"},{"floor":35,"key":"BloodPotion"},{"floor":39,"key":"Dexterity Potion"}],"is_trial":false,"path_per_floor":["M","$","M","M","?","E","R","E","T","?","R","E","M","?","R","B",null,"M","?","M","?","T","E","M","?","T","R","E","R","M","E","R","B",null,"M","M","?","?","M","R","E","R","T","R","T","$","M","M","R","B",null],"character_chosen":"IRONCLAD","items_purchased":["Flame Barrier","HeartOfIron","Bronze Scales","Kunai","Evolve","DollysMirror"],"campfire_rested":5,"item_purchase_floors":[2,46,46,46,46,46],"current_hp_per_floor":[74,74,75,75,75,29,51,27,27,27,49,35,33,33,55,25,63,57,57,50,50,60,52,48,65,65,65,32,57,69,85,85,24,70,85,76,69,69,52,52,85,85,85,85,85,85,67,69,85,76],"gold":125,"neow_bonus":"THREE_ENEMY_KILL","is_daily":false,"chose_seed":false,"campfire_upgraded":5,"win_rate":0.0,"timestamp":1611299478,"path_taken":["M","$","?","M","?","E","R","E","T","?","R","E","M","?","R","BOSS","M","?","M","?","?","E","M","?","T","R","E","R","M","E","R","BOSS","M","M","?","?","M","R","E","R","T","R","?","$","M","M","R","BOSS"],"items_purchased_type":["Card","Potion","Relic","Relic","Card","Relic"],"build_version":"2020-12-22","purchased_purges":0,"victory":true,"max_hp_per_floor":[75,75,75,75,75,75,75,75,75,75,75,75,75,75,75,75,75,75,75,75,75,85,85,85,85,85,85,85,85,85,85,85,85,85,85,85,85,85,85,85,85,85,85,85,85,85,85,85,85,85],"relic_stats":{"Gremlin Horn":[23,25],"Torii":76,"counters":[24,131],"Magic Flower":[76],"StoneCalendar":[156],"Cursed Key":0,"Burning Blood":152,"Bronze Scales":[75],"Prayer Wheel":10,"Tiny Chest":2,"Pandora\u0027s Box":["Reaper","Whirlwind","Sentinel","Infernal Blade","Havoc","Disarm","Metallicize","Disarm"],"Kunai":[2],"obtain_stats":[{"Pear":22,"NeowsBlessing":0,"Gremlin Horn":9,"Torii":9,"Oddly Smooth Stone":23,"Magic Flower":28,"StoneCalendar":22,"Cursed Key":34,"Burning Blood":0,"Old Coin":41,"Du-Vu Doll":37,"Matryoshka":6,"DollysMirror":46,"Bronze Scales":46,"Prayer Wheel":8,"Tiny Chest":12,"Pandora\u0027s Box":17,"Molten Egg 2":31,"Kunai":46,"Paper Frog":26},{"Pear":10,"NeowsBlessing":0,"Gremlin Horn":5,"Torii":5,"Oddly Smooth Stone":11,"Magic Flower":13,"StoneCalendar":10,"Cursed Key":16,"Burning Blood":0,"Old Coin":21,"Du-Vu Doll":19,"Matryoshka":4,"DollysMirror":21,"Bronze Scales":21,"Prayer Wheel":5,"Tiny Chest":6,"Pandora\u0027s Box":8,"Molten Egg 2":15,"Kunai":21,"Paper Frog":12},{"Pear":44,"NeowsBlessing":0,"Gremlin Horn":14,"Torii":14,"Oddly Smooth Stone":48,"Magic Flower":59,"StoneCalendar":44,"Cursed Key":83,"Burning Blood":0,"Old Coin":111,"Du-Vu Doll":98,"Matryoshka":8,"DollysMirror":111,"Bronze Scales":111,"Prayer Wheel":14,"Tiny Chest":20,"Pandora\u0027s Box":34,"Molten Egg 2":72,"Kunai":111,"Paper Frog":52}]},"card_choices":[{"not_picked":["Seeing Red","Reckless Charge"],"picked":"Twin Strike","floor":1},{"not_picked":["Clash","Second Wind"],"picked":"Anger","floor":3},{"not_picked":["Armaments","Sentinel"],"picked":"Headbutt","floor":4},{"not_picked":["Whirlwind","Entrench"],"picked":"Immolate","floor":6},{"not_picked":["Twin Strike","Whirlwind"],"picked":"Infernal Blade","floor":8},{"not_picked":["Seeing Red","Entrench"],"picked":"Spot Weakness","floor":12},{"not_picked":["Havoc","Thunderclap"],"picked":"Intimidate","floor":13},{"not_picked":["Heavy Blade","Dual Wield","Carnage"],"picked":"SKIP","floor":13},{"not_picked":["Berserk","Double Tap"],"picked":"Corruption","floor":16},{"not_picked":["Blood for Blood","Heavy Blade"],"picked":"Shrug It Off","floor":18},{"not_picked":["Cleave","Wild Strike"],"picked":"Burning Pact+1","floor":18},{"not_picked":["Clash","Bloodletting"],"picked":"Rage","floor":20},{"not_picked":["Anger","Combust"],"picked":"Battle Trance","floor":20},{"not_picked":["Flame Barrier","Twin Strike"],"picked":"True Grit+1","floor":23},{"not_picked":["Dropkick","True Grit+1"],"picked":"Impervious","floor":24},{"not_picked":["Dropkick","Clothesline","Ghostly Armor"],"picked":"SKIP","floor":24},{"not_picked":["Rampage","Havoc+1","Combust"],"picked":"SKIP","floor":28},{"not_picked":["Iron Wave","Clothesline"],"picked":"Shrug It Off","floor":30},{"not_picked":["Clothesline+1","Carnage","Cleave"],"picked":"SKIP","floor":30},{"not_picked":["Iron Wave+1","Searing Blow+1"],"picked":"Inflame","floor":31},{"not_picked":["Brutality","Impervious"],"picked":"Reaper+1","floor":33},{"not_picked":["Shrug It Off+1","Battle Trance+1"],"picked":"Flame Barrier+1","floor":35},{"not_picked":["Perfected Strike+1","Dark Embrace"],"picked":"Thunderclap+1","floor":35},{"not_picked":["Flex+1","Pummel+1","Armaments"],"picked":"SKIP","floor":36},{"not_picked":["Perfected Strike+1","Havoc","Battle Trance"],"picked":"SKIP","floor":36},{"not_picked":["Hemokinesis+1","Armaments+1"],"picked":"Pummel+1","floor":39},{"not_picked":["Warcry","Cleave+1","Pommel Strike+1"],"picked":"SKIP","floor":39},{"not_picked":["Clothesline+1","Dropkick+1","Thunderclap+1"],"picked":"SKIP","floor":41},{"not_picked":["Ghostly Armor","Perfected Strike+1"],"picked":"Shockwave+1","floor":47},{"not_picked":["Infernal Blade+1","Carnage+1","Shrug It Off"],"picked":"SKIP","floor":47},{"not_picked":["Cleave+1","Sentinel"],"picked":"Offering","floor":48},{"not_picked":["Perfected Strike+1","Ghostly Armor","Combust"],"picked":"SKIP","floor":48}],"player_experience":382136,"relics_obtained":[{"floor":6,"key":"Matryoshka"},{"floor":8,"key":"Prayer Wheel"},{"floor":9,"key":"Gremlin Horn"},{"floor":9,"key":"Torii"},{"floor":12,"key":"Tiny Chest"},{"floor":22,"key":"Pear"},{"floor":22,"key":"StoneCalendar"},{"floor":23,"key":"Oddly Smooth Stone"},{"floor":26,"key":"Paper Frog"},{"floor":28,"key":"Magic Flower"},{"floor":31,"key":"Molten Egg 2"},{"floor":37,"key":"Du-Vu Doll"},{"floor":41,"key":"Old Coin"}],"event_choices":[{"cards_removed":["Strike_R"],"damage_healed":0,"gold_gain":0,"player_choice":"Card Removal","damage_taken":0,"max_hp_gain":0,"max_hp_loss":0,"event_name":"The Cleric","floor":5,"gold_loss":75},{"damage_healed":0,"gold_gain":0,"player_choice":"Ignored","damage_taken":0,"max_hp_gain":0,"max_hp_loss":0,"event_name":"Golden Idol","floor":10,"gold_loss":0},{"damage_healed":0,"gold_gain":0,"player_choice":"Grow","damage_taken":0,"max_hp_gain":0,"max_hp_loss":0,"event_name":"Living Wall","floor":14,"gold_loss":0,"cards_upgraded":["Immolate"]},{"cards_removed":["Sentinel"],"damage_healed":0,"gold_gain":0,"player_choice":"Elegance","damage_taken":0,"max_hp_gain":0,"max_hp_loss":0,"event_name":"Back to Basics","floor":19,"gold_loss":0},{"damage_healed":0,"gold_gain":0,"cards_transformed":["Anger","Infernal Blade"],"player_choice":"Became Test Subject","damage_taken":0,"max_hp_gain":0,"max_hp_loss":0,"event_name":"Drug Dealer","floor":21,"gold_loss":0,"cards_obtained":["Bludgeon","Warcry"]},{"damage_healed":17,"gold_gain":0,"player_choice":"Heal","damage_taken":0,"max_hp_gain":0,"max_hp_loss":0,"event_name":"The Library","floor":25,"gold_loss":0},{"damage_healed":0,"gold_gain":0,"player_choice":"Fight","damage_taken":0,"max_hp_gain":0,"max_hp_loss":0,"event_name":"Mysterious Sphere","floor":37,"gold_loss":0},{"cards_removed":["Inflame"],"damage_healed":0,"gold_gain":0,"player_choice":"Removed Power","damage_taken":0,"max_hp_gain":0,"max_hp_loss":0,"event_name":"Falling","floor":38,"gold_loss":0}],"is_beta":false,"boss_relics":[{"not_picked":["Sozu","SlaversCollar"],"picked":"Pandora\u0027s Box"},{"not_picked":["Fusion Hammer","Runic Pyramid"],"picked":"Cursed Key"}],"items_purged_floors":[],"is_endless":false,"potions_floor_spawned":[6,12,13,16,20,23,28,31,33,35,39,47],"ascension_level":18}}