{"host":"2se5dq1do2gp0x9k","time":1611287928,"event":{"mods":["AchievementEnabler","BaseMod","Block Reminder","Colored Map","Colored Powertips","Minty Spire (QoL Compilation)","Relic Stats","StSLib","SuperFastMode"],"gold_per_floor":[367,156,156,167,167,167,206,206,206,242,13,13,36,65,65,147,147,172,57,82,93,8,49,49,86,86,186,204,204,242,270,270,357,357,382,399,417,479,479,517,533,553,600,610,639,346,346,138,138,138,138,138],"floor_reached":51,"language":"ENG","playtime":3050,"items_purged":["Strike_B","Strike_B"],"score":1515,"play_id":"5c4c8fcc-4eea-43e6-b0ec-6c830c9fd27e","local_time":"20210121195848","is_ascension_mode":true,"campfire_choices":[{"data":"Doom and Gloom","floor":6.0,"key":"SMITH"},{"data":"Zap","floor":8.0,"key":"SMITH"},{"floor":12.0,"key":"REST"},{"data":"Hologram","floor":15.0,"key":"SMITH"},{"data":"Defragment","floor":24.0,"key":"SMITH"},{"data":"Coolheaded","floor":29.0,"key":"SMITH"},{"data":"Barrage","floor":32.0,"key":"SMITH"},{"floor":49,"key":"REST"}],"circlet_count":0,"master_deck":["AscendersBane","Strike_B","Strike_B","Defend_B","Defend_B","Defend_B","Defend_B","Zap+1","Dualcast+1","Gash+1","Doom and Gloom+1","Coolheaded+1","Compile Driver","Undo","Undo","Skim","Lockon","Hologram+1","Biased Cognition","Ball Lightning","Defragment+1","Barrage+1","Go for the Eyes","Multi-Cast","Recycle+1","Biased Cognition+1","Cold Snap","Creative AI+1","Recycle+1","Apotheosis","Magnetism+1","Storm+1","Coolheaded","Turbo","Meteor Strike","Coolheaded+1","Coolheaded","Coolheaded+1","Go for the Eyes+1","Beam Cell"],"relics":["FrozenCore","CeramicFish","HornCleat","StrikeDummy","Meat on the Bone","Bag of Preparation","Inserter","Symbiotic Virus","Vajra","Toy Ornithopter","Frozen Egg 2","Incense Burner","Mercury Hourglass","Ornamental Fan","Dead Branch","Bottled Lightning","Smiling Mask","Orrery","Lizard Tail","ClockworkSouvenir"],"acts_visited":["Exordium","TheCity","TheBeyond"],"potions_floor_usage":[50],"damage_taken":[{"damage":0.0,"enemies":"2 Louse","floor":1.0,"turns":2.0},{"damage":2.0,"enemies":"Jaw Worm","floor":4.0,"turns":3.0},{"damage":8.0,"enemies":"Gremlin Nob","floor":7.0,"turns":3.0},{"damage":8.0,"enemies":"3 Sentries","floor":10.0,"turns":7.0},{"damage":0.0,"enemies":"Small Slimes","floor":13.0,"turns":2.0},{"damage":0.0,"enemies":"Blue Slaver","floor":14.0,"turns":3.0},{"damage":21.0,"enemies":"Slime Boss","floor":16.0,"turns":5.0},{"damage":22.0,"enemies":"3 Byrds","floor":18.0,"turns":5.0},{"damage":0.0,"enemies":"Spheric Guardian","floor":20.0,"turns":3.0},{"damage":20.0,"enemies":"Chosen and Byrds","floor":21.0,"turns":6.0},{"damage":2.0,"enemies":"Gremlin Leader","floor":23.0,"turns":5.0},{"damage":14.0,"enemies":"Book of Stabbing","floor":25.0,"turns":4.0},{"damage":11.0,"enemies":"Colosseum Slavers","floor":27.0,"turns":4.0},{"damage":12.0,"enemies":"Colosseum Nobs","floor":27.0,"turns":4.0},{"damage":3.0,"enemies":"3 Cultists","floor":28.0,"turns":4.0},{"damage":0.0,"enemies":"Gremlin Leader","floor":30.0,"turns":5.0},{"damage":0.0,"enemies":"Sentry and Sphere","floor":31.0,"turns":4.0},{"damage":23.0,"enemies":"Collector","floor":33.0,"turns":8.0},{"damage":11.0,"enemies":"3 Darklings","floor":35.0,"turns":6.0},{"damage":5.0,"enemies":"Orb Walker","floor":36.0,"turns":4.0},{"damage":7.0,"enemies":"2 Orb Walkers","floor":38.0,"turns":5.0},{"damage":18.0,"enemies":"Giant Head","floor":40.0,"turns":11.0},{"damage":4,"enemies":"Maw","floor":41,"turns":4},{"damage":25,"enemies":"Transient","floor":42,"turns":6},{"damage":9,"enemies":"4 Shapes","floor":44,"turns":4},{"damage":7,"enemies":"Sphere and 2 Shapes","floor":45,"turns":4},{"damage":47,"enemies":"Awakened One","floor":50,"turns":16},{"damage":70,"enemies":"Time Eater","floor":51,"turns":11}],"seed_played":"301790614722194099","potions_obtained":[{"floor":10.0,"key":"Block Potion"},{"floor":14.0,"key":"EssenceOfSteel"},{"floor":16.0,"key":"SkillPotion"},{"floor":18.0,"key":"PotionOfCapacity"},{"floor":23.0,"key":"FocusPotion"},{"floor":25.0,"key":"Strength Potion"},{"floor":33.0,"key":"PotionOfCapacity"},{"floor":41,"key":"PowerPotion"},{"floor":44,"key":"Energy Potion"}],"is_trial":false,"path_per_floor":["M","$","?","M","T","R","E","R","T","E","$","R","M","M","R","B",null,"M","$","M","M","?","E","R","E","T","?","M","R","E","M","R","B",null,"M","M","?","?","?","E","M","M","T","M","M","$","T","$","R","B","B"],"character_chosen":"DEFECT","items_purchased":["Doom and Gloom","Coolheaded","Bag of Preparation","Skim","Defragment","Barrage","Meteor Strike","Orrery","ClockworkSouvenir"],"campfire_rested":2,"item_purchase_floors":[2,2,11,11,19,19,46,46,48],"current_hp_per_floor":[46,46,25,23,23,23,15,15,15,7,7,28,40,40,40,31,61,39,39,39,31,31,41,41,39,39,40,37,37,37,37,37,36,62,51,46,36,41,41,35,43,30,30,33,38,38,38,38,58,28,0,0],"gold":138,"neow_bonus":"TWO_FIFTY_GOLD","is_daily":false,"chose_seed":false,"campfire_upgraded":6,"win_rate":0.0,"timestamp":1611287928,"path_taken":["M","$","?","M","?","R","E","R","T","E","$","R","M","M","R","BOSS","M","$","M","M","?","E","R","E","T","?","M","R","E","M","R","BOSS","M","M","?","?","?","E","M","M","T","?","M","$","?","$","R","BOSS","BOSS"],"items_purchased_type":["Card","Card","Relic","Card","Card","Card","Card","Relic","Relic"],"build_version":"2020-12-22","purchased_purges":2,"victory":false,"max_hp_per_floor":[71,71,71,71,71,71,71,71,71,71,71,71,71,71,71,71,71,71,71,71,71,71,71,71,71,71,71,71,71,71,71,71,71,71,71,71,71,71,67,67,67,67,67,67,67,67,67,67,67,67,67,67],"relic_stats":{"Inserter":[59],"counters":[28,148],"CeramicFish":243,"Dead Branch":[61],"Bag of Preparation":[48],"Smiling Mask":50,"FrozenCore":[26],"Mercury Hourglass":[409],"Lizard Tail":33,"Ornamental Fan":[64],"obtain_stats":[{"Inserter":17,"CeramicFish":5,"Dead Branch":38,"Vajra":23,"Bag of Preparation":11,"Incense Burner":27,"Frozen Egg 2":26,"Smiling Mask":43,"Mercury Hourglass":27,"FrozenCore":34,"ClockworkSouvenir":48,"Lizard Tail":47,"HornCleat":7,"Ornamental Fan":30,"Orrery":46,"Bottled Lightning":40,"Cracked Core":0,"StrikeDummy":9,"Symbiotic Virus":22,"Toy Ornithopter":25,"Meat on the Bone":10},{"Inserter":7,"CeramicFish":2,"Dead Branch":21,"Vajra":11,"Bag of Preparation":4,"Incense Burner":14,"Frozen Egg 2":12,"Smiling Mask":24,"Mercury Hourglass":14,"FrozenCore":18,"ClockworkSouvenir":26,"Lizard Tail":26,"HornCleat":3,"Ornamental Fan":16,"Orrery":26,"Bottled Lightning":22,"Cracked Core":0,"StrikeDummy":3,"Symbiotic Virus":10,"Toy Ornithopter":12,"Meat on the Bone":4},{"Inserter":25,"CeramicFish":5,"Dead Branch":92,"Vajra":44,"Bag of Preparation":15,"Incense Burner":56,"Frozen Egg 2":48,"Smiling Mask":113,"Mercury Hourglass":56,"FrozenCore":77,"ClockworkSouvenir":121,"Lizard Tail":121,"HornCleat":8,"Ornamental Fan":65,"Orrery":121,"Bottled Lightning":103,"Cracked Core":0,"StrikeDummy":8,"Symbiotic Virus":39,"Toy Ornithopter":48,"Meat on the Bone":15}],"Toy Ornithopter":15,"Meat on the Bone":180},"card_choices":[{"not_picked":["Redo","Streamline"],"picked":"Gash","floor":1.0},{"not_picked":["Chaos","Stack"],"picked":"Compile Driver","floor":4.0},{"not_picked":["Steam","Hologram"],"picked":"Undo","floor":7.0},{"not_picked":["Ball Lightning","Rebound"],"picked":"Undo","floor":10.0},{"not_picked":["Redo","Streamline"],"picked":"Lockon","floor":13.0},{"not_picked":["Turbo","Rebound"],"picked":"Hologram","floor":14.0},{"not_picked":["Machine Learning","Seek"],"picked":"Biased Cognition","floor":16.0},{"not_picked":["Turbo","Stack+1"],"picked":"Ball Lightning","floor":18.0},{"not_picked":["Undo","Barrage"],"picked":"Go for the Eyes","floor":20.0},{"not_picked":["Sweeping Beam","Redo","Aggregate"],"picked":"SKIP","floor":21.0},{"not_picked":["Heatsinks+1","Leap"],"picked":"Multi-Cast","floor":23.0},{"not_picked":["Conserve Battery+1","Cold Snap"],"picked":"Recycle+1","floor":25.0},{"not_picked":["Redo","Lockon","Conserve Battery"],"picked":"SKIP","floor":28.0},{"not_picked":["Sunder","Leap"],"picked":"Biased Cognition+1","floor":30.0},{"not_picked":["Streamline","Doom and Gloom"],"picked":"Cold Snap","floor":31.0},{"not_picked":["All For One","Amplify"],"picked":"Creative AI+1","floor":33.0},{"not_picked":["Steam","Hologram"],"picked":"Recycle+1","floor":35.0},{"not_picked":["Steam Power","Blizzard","Auto Shields"],"picked":"SKIP","floor":36.0},{"not_picked":["Purity","HandOfGreed"],"picked":"Apotheosis","floor":37.0},{"not_picked":["PanicButton","Chrysalis"],"picked":"Magnetism+1","floor":37.0},{"not_picked":["Leap","Hologram"],"picked":"Storm+1","floor":38.0},{"not_picked":["Hologram","Streamline"],"picked":"Coolheaded","floor":40.0},{"not_picked":["Conserve Battery+1","Beam Cell","Sweeping Beam+1"],"picked":"SKIP","floor":41},{"not_picked":["Beam Cell","Streamline","Heatsinks+1"],"picked":"SKIP","floor":42},{"not_picked":["Conserve Battery+1","Stack","Steam"],"picked":"SKIP","floor":44},{"not_picked":["Stack","Sweeping Beam"],"picked":"Turbo","floor":45},{"not_picked":["Steam","BootSequence"],"picked":"Coolheaded+1","floor":46},{"not_picked":["Hologram","Reboot"],"picked":"Coolheaded","floor":46},{"not_picked":["Double Energy+1","Go for the Eyes"],"picked":"Coolheaded+1","floor":46},{"not_picked":["Sweeping Beam","Scrape+1"],"picked":"Go for the Eyes+1","floor":46},{"not_picked":["Heatsinks+1","Redo"],"picked":"Beam Cell","floor":46}],"player_experience":3931102,"relics_obtained":[{"floor":5.0,"key":"CeramicFish"},{"floor":7.0,"key":"HornCleat"},{"floor":9.0,"key":"StrikeDummy"},{"floor":10.0,"key":"Meat on the Bone"},{"floor":23.0,"key":"Vajra"},{"floor":25.0,"key":"Toy Ornithopter"},{"floor":26.0,"key":"Frozen Egg 2"},{"floor":27.0,"key":"Incense Burner"},{"floor":27.0,"key":"Mercury Hourglass"},{"floor":30.0,"key":"Ornamental Fan"},{"floor":38.0,"key":"Dead Branch"},{"floor":40.0,"key":"Bottled Lightning"},{"floor":43,"key":"Smiling Mask"},{"floor":47,"key":"Lizard Tail"}],"event_choices":[{"damage_healed":0.0,"max_hp_gain":0.0,"max_hp_loss":0.0,"gold_gain":0.0,"event_name":"Shining Light","player_choice":"Entered Light","floor":3.0,"gold_loss":0.0,"damage_taken":21.0,"cards_upgraded":["Dualcast","Gash"]},{"damage_healed":0.0,"max_hp_gain":0.0,"max_hp_loss":0.0,"gold_gain":0.0,"event_name":"Addict","player_choice":"Obtained Relic","floor":22.0,"gold_loss":85.0,"damage_taken":0.0,"relics_obtained":["Symbiotic Virus"]},{"damage_healed":0.0,"max_hp_gain":0.0,"max_hp_loss":0.0,"gold_gain":0.0,"event_name":"Colosseum","player_choice":"Fight","floor":27.0,"gold_loss":0.0,"damage_taken":0.0},{"damage_healed":0.0,"max_hp_gain":0.0,"max_hp_loss":0.0,"gold_gain":0.0,"event_name":"Colosseum","player_choice":"Fought Nobs","floor":27.0,"gold_loss":0.0,"damage_taken":0.0},{"damage_healed":0.0,"max_hp_gain":0.0,"max_hp_loss":0.0,"gold_gain":0.0,"event_name":"SensoryStone","player_choice":"Memory 3","floor":37.0,"gold_loss":0.0,"damage_taken":10.0},{"damage_healed":0.0,"max_hp_gain":0.0,"max_hp_loss":0.0,"gold_gain":0.0,"event_name":"Mysterious Sphere","player_choice":"Fight","floor":38.0,"gold_loss":0.0,"damage_taken":0.0},{"damage_healed":0.0,"max_hp_gain":0.0,"max_hp_loss":4.0,"gold_gain":0.0,"event_name":"Winding Halls","player_choice":"Max HP","floor":39.0,"gold_loss":0.0,"damage_taken":0.0}],"is_beta":false,"boss_relics":[{"not_picked":["Astrolabe","SlaversCollar"],"picked":"Inserter"},{"not_picked":["Black Star","Runic Dome"],"picked":"FrozenCore"}],"items_purged_floors":[2,48],"is_endless":false,"potions_floor_spawned":[10,14,16,18,20,23,25,33,41,42,44],"killed_by":"Time Eater","ascension_level":20}}