{"host":"t7mx8yfj1no5p62f","time":1611332107,"event":{"mods":["BaseMod","Bestiary","Colored Map","Colored Powertips","Minty Spire (QoL Compilation)","Relic Stats","StSLib","ojb\u0027s Info Mod"],"gold_per_floor":[114,114,114,131,14,39,39,68,68,96,96,246,13,39,39,112,112,129,163,178,5,21,21,41,41,66,97,117,7,23,42,42,116,116,135,160,160,171,186,213,231,277,302,302,336,346,375,393,393,393,393,393,393,50,79,79],"floor_reached":57,"language":"ENG","playtime":4640,"items_purged":["Strike_G","Doubt"],"score":3005,"play_id":"5c661df3-d69d-4863-b2a5-03b4100c23b6","local_time":"20210122111507","is_ascension_mode":true,"campfire_choices":[{"data":"Finisher","floor":7.0,"key":"SMITH"},{"floor":15.0,"key":"REST"},{"data":"Wraith Form v2","floor":23.0,"key":"SMITH"},{"data":"Doppelganger","floor":25.0,"key":"SMITH"},{"data":"Footwork","floor":32.0,"key":"SMITH"},{"floor":44,"key":"RECALL"},{"data":"Noxious Fumes","floor":49,"key":"SMITH"},{"data":"Neutralize","floor":53,"key":"SMITH"}],"circlet_count":0,"master_deck":["AscendersBane","Defend_G+1","Defend_G","Defend_G","Defend_G","Defend_G","Survivor","Neutralize+1","Blade Dance+1","Escape Plan","Poisoned Stab","Finisher+1","Acrobatics","Doppelganger+1","Footwork+1","Blur+1","Prepared+1","Wraith Form v2+1","Malaise+1","Endless Agony+1","Acrobatics+1","Terror+1","Dodge and Roll+1","Reflex+1","Corpse Explosion+1","Noxious Fumes+1","Adrenaline+1","PiercingWail+1","Crippling Poison+1","Doppelganger+1","Blur+1","Terror+1","Well Laid Plans"],"relics":["Ring of the Snake","NeowsBlessing","Bag of Preparation","Ornamental Fan","Toxic Egg 2","Boot","Gremlin Horn","Coffee Dripper","Red Mask","MealTicket","Art of War","Bottled Flame","Empty Cage","Tingsha","Pen Nib","Pocketwatch","Nunchaku","Potion Belt","InkBottle","Bronze Scales"],"acts_visited":["Exordium","TheCity","TheBeyond","TheEnding"],"potions_floor_usage":[40,55,56,56],"damage_taken":[{"damage":0.0,"enemies":"2 Louse","floor":1.0,"turns":1.0},{"damage":0.0,"enemies":"Cultist","floor":4.0,"turns":1.0},{"damage":0.0,"enemies":"Gremlin Nob","floor":6.0,"turns":1.0},{"damage":42.0,"enemies":"Lagavulin","floor":8.0,"turns":8.0},{"damage":7.0,"enemies":"3 Sentries","floor":10.0,"turns":8.0},{"damage":21.0,"enemies":"Gremlin Nob","floor":14.0,"turns":4.0},{"damage":4.0,"enemies":"The Guardian","floor":16.0,"turns":17.0},{"damage":3.0,"enemies":"3 Byrds","floor":18.0,"turns":4.0},{"damage":0.0,"enemies":"Masked Bandits","floor":19.0,"turns":3.0},{"damage":3.0,"enemies":"2 Thieves","floor":20.0,"turns":4.0},{"damage":3.0,"enemies":"Cultist and Chosen","floor":22.0,"turns":6.0},{"damage":22.0,"enemies":"Snecko","floor":24.0,"turns":7.0},{"damage":5.0,"enemies":"Slavers","floor":27.0,"turns":9.0},{"damage":1.0,"enemies":"Snake Plant","floor":28.0,"turns":5.0},{"damage":0.0,"enemies":"Centurion and Healer","floor":30.0,"turns":4.0},{"damage":2.0,"enemies":"Snecko","floor":31.0,"turns":5.0},{"damage":0.0,"enemies":"Automaton","floor":33.0,"turns":9.0},{"damage":0.0,"enemies":"3 Shapes","floor":35.0,"turns":3.0},{"damage":0,"enemies":"Mind Bloom Boss Battle","floor":36,"turns":4},{"damage":0,"enemies":"Orb Walker","floor":38,"turns":2},{"damage":3,"enemies":"Jaw Worm Horde","floor":39,"turns":3},{"damage":2,"enemies":"Reptomancer","floor":40,"turns":3},{"damage":0,"enemies":"Writhing Mass","floor":41,"turns":6},{"damage":9,"enemies":"2 Orb Walkers","floor":42,"turns":4},{"damage":1,"enemies":"Nemesis","floor":45,"turns":5},{"damage":0,"enemies":"3 Darklings","floor":46,"turns":2},{"damage":0,"enemies":"Giant Head","floor":47,"turns":7},{"damage":0,"enemies":"Jaw Worm Horde","floor":48,"turns":2},{"damage":26,"enemies":"Time Eater","floor":50,"turns":20},{"damage":1,"enemies":"Awakened One","floor":51,"turns":21},{"damage":0,"enemies":"Shield and Spear","floor":55,"turns":6},{"damage":12,"enemies":"The Heart","floor":56,"turns":11}],"seed_played":"3123679833087504061","potions_obtained":[{"floor":1.0,"key":"Poison Potion"},{"floor":4.0,"key":"SkillPotion"},{"floor":8.0,"key":"BlessingOfTheForge"},{"floor":10.0,"key":"Regen Potion"},{"floor":18.0,"key":"Poison Potion"},{"floor":27.0,"key":"Strength Potion"},{"floor":30.0,"key":"EntropicBrew"},{"floor":39,"key":"AttackPotion"},{"floor":41,"key":"SpeedPotion"},{"floor":47,"key":"SkillPotion"},{"floor":48,"key":"FairyPotion"}],"is_trial":false,"path_per_floor":["M","?","?","M","$","E","R","E","T","E","?","?","$","E","R","B",null,"M","?","M","$","M","R","M","R","T","E","M","?","M","M","R","B",null,"M","?","?","M","M","E","M","?","T","R","E","M","E","M","R","B","B",null,"R","$","E","B",null],"character_chosen":"THE_SILENT","items_purchased":["Finisher","Blur+1","Prepared+1","MealTicket","InkBottle","Well Laid Plans"],"campfire_rested":1,"item_purchase_floors":[5,13,13,21,54,54],"current_hp_per_floor":[59,59,59,59,59,59,59,17,17,10,10,10,10,1,20,16,54,51,51,48,48,45,45,23,23,23,18,17,17,17,15,15,15,53,53,53,53,53,50,48,48,39,39,39,38,38,38,38,38,12,11,52,52,66,66,54],"gold":79,"neow_bonus":"THREE_ENEMY_KILL","is_daily":false,"chose_seed":false,"campfire_upgraded":6,"win_rate":0.0,"timestamp":1611332107,"path_taken":["M","?","?","?","$","E","R","E","T","E","?","?","$","E","R","BOSS","M","?","M","$","M","R","M","R","T","E","M","?","?","M","R","BOSS","M","?","?","M","M","E","M","?","T","R","E","M","E","?","R","BOSS","BOSS","R","$","E","BOSS"],"items_purchased_type":["Card","Card","Card","Relic","Relic","Card"],"build_version":"2020-12-22","purchased_purges":2,"victory":true,"max_hp_per_floor":[66,66,66,66,66,66,66,66,66,66,66,66,66,66,66,66,66,66,66,66,66,66,66,66,66,66,66,66,66,66,66,66,66,66,66,66,66,66,66,66,66,66,66,66,66,66,66,66,66,66,66,66,66,66,66,66],"relic_stats":{"Gremlin Horn":[21,21],"counters":[32,195],"Tingsha":[302],"Pen Nib":[17],"Bag of Preparation":[58],"Boot":[277],"Nunchaku":[13],"Ornamental Fan":[440],"Bronze Scales":[144],"MealTicket":14,"Art of War":[39],"obtain_stats":[{"Potion Belt":47,"NeowsBlessing":0,"Gremlin Horn":14,"Tingsha":36,"Pen Nib":40,"Bag of Preparation":6,"Boot":10,"Empty Cage":34,"Bottled Flame":27,"Nunchaku":45,"Ornamental Fan":8,"Bronze Scales":55,"MealTicket":21,"Coffee Dripper":17,"Red Mask":19,"Art of War":26,"Toxic Egg 2":9,"InkBottle":54,"Ring of the Snake":0,"Pocketwatch":42},{"Potion Belt":27,"NeowsBlessing":0,"Gremlin Horn":6,"Tingsha":19,"Pen Nib":22,"Bag of Preparation":3,"Boot":5,"Empty Cage":17,"Bottled Flame":13,"Nunchaku":25,"Ornamental Fan":4,"Bronze Scales":31,"MealTicket":10,"Coffee Dripper":7,"Red Mask":9,"Art of War":12,"Toxic Egg 2":4,"InkBottle":30,"Ring of the Snake":0,"Pocketwatch":24},{"Potion Belt":135,"NeowsBlessing":0,"Gremlin Horn":23,"Tingsha":103,"Pen Nib":111,"Bag of Preparation":3,"Boot":19,"Empty Cage":96,"Bottled Flame":73,"Nunchaku":126,"Ornamental Fan":11,"Bronze Scales":184,"MealTicket":51,"Coffee Dripper":40,"Red Mask":47,"Art of War":64,"Toxic Egg 2":11,"InkBottle":178,"Ring of the Snake":0,"Pocketwatch":121}],"InkBottle":[11],"Ring of the Snake":[64],"Pocketwatch":[60]},"card_choices":[{"not_picked":["Blur","Expertise"],"picked":"Blade Dance","floor":1.0},{"not_picked":["Escape Plan","Heel Hook"],"picked":"Poisoned Stab","floor":4.0},{"not_picked":["PiercingWail","Expertise"],"picked":"Acrobatics","floor":6.0},{"not_picked":["Catalyst","Sucker Punch"],"picked":"Doppelganger","floor":8.0},{"not_picked":["Backstab","Dash"],"picked":"Footwork","floor":10.0},{"not_picked":["Poisoned Stab","Backstab"],"picked":"Wraith Form v2","floor":14.0},{"not_picked":["Bullet Time+1","Burst+1"],"picked":"Malaise+1","floor":16.0},{"not_picked":["Concentrate+1","Poisoned Stab"],"picked":"Endless Agony+1","floor":18.0},{"not_picked":["Flechettes","Riddle With Holes"],"picked":"Acrobatics+1","floor":19.0},{"not_picked":["Dagger Throw","All Out Attack+1","Flying Knee"],"picked":"SKIP","floor":20.0},{"not_picked":["Cloak And Dagger+1","Flying Knee"],"picked":"Terror+1","floor":22.0},{"not_picked":["Dagger Throw","Dash"],"picked":"Dodge and Roll+1","floor":24.0},{"not_picked":["Dagger Throw+1","Dodge and Roll+1"],"picked":"Reflex+1","floor":27.0},{"not_picked":["Dagger Spray","Eviscerate"],"picked":"Corpse Explosion+1","floor":28.0},{"not_picked":["Bane+1","Dodge and Roll+1"],"picked":"Noxious Fumes","floor":30.0},{"not_picked":["Dagger Spray","Dagger Throw","Underhanded Strike"],"picked":"SKIP","floor":31.0},{"not_picked":["Die Die Die","Unload"],"picked":"Adrenaline+1","floor":33.0},{"not_picked":["Masterful Stab+1","Setup+1","Backstab"],"picked":"SKIP","floor":35.0},{"not_picked":["Poisoned Stab+1","Dagger Spray"],"picked":"Acrobatics+1","floor":36},{"not_picked":["Outmaneuver+1","Setup+1","Cloak And Dagger+1"],"picked":"SKIP","floor":38},{"not_picked":["Acrobatics+1","Deflect+1"],"picked":"PiercingWail+1","floor":39},{"not_picked":["Glass Knife","Corpse Explosion+1","Escape Plan+1"],"picked":"SKIP","floor":40},{"not_picked":["Dagger Spray","Dodge and Roll+1"],"picked":"Crippling Poison+1","floor":41},{"not_picked":["Dodge and Roll+1","Flying Knee+1"],"picked":"Doppelganger+1","floor":42},{"not_picked":["Expertise+1","Predator","Dagger Spray"],"picked":"SKIP","floor":45},{"not_picked":["PiercingWail+1","Underhanded Strike+1"],"picked":"Blur+1","floor":46},{"not_picked":["All Out Attack","Quick Slash","Bane+1"],"picked":"SKIP","floor":47},{"not_picked":["Setup+1","Predator"],"picked":"Terror+1","floor":48},{"not_picked":["Noxious Fumes+1","Endless Agony","Concentrate+1"],"picked":"SKIP","floor":55}],"player_experience":1815125,"relics_obtained":[{"floor":6.0,"key":"Bag of Preparation"},{"floor":8.0,"key":"Ornamental Fan"},{"floor":9.0,"key":"Toxic Egg 2"},{"floor":10.0,"key":"Boot"},{"floor":14.0,"key":"Gremlin Horn"},{"floor":19.0,"key":"Red Mask"},{"floor":26.0,"key":"Art of War"},{"floor":27.0,"key":"Bottled Flame"},{"floor":36,"key":"Tingsha"},{"floor":40,"key":"Pen Nib"},{"floor":42,"key":"Pocketwatch"},{"floor":45,"key":"Nunchaku"},{"floor":47,"key":"Potion Belt"},{"floor":55,"key":"Bronze Scales"}],"event_choices":[{"damage_healed":0.0,"max_hp_gain":0.0,"max_hp_loss":0.0,"gold_gain":0.0,"cards_transformed":["Strike_G"],"event_name":"Living Wall","player_choice":"Change","floor":2.0,"gold_loss":0.0,"damage_taken":0.0,"cards_obtained":["Escape Plan"]},{"damage_healed":0.0,"max_hp_gain":0.0,"max_hp_loss":0.0,"gold_gain":0.0,"event_name":"Upgrade Shrine","player_choice":"Upgraded","floor":3.0,"gold_loss":0.0,"damage_taken":0.0,"cards_upgraded":["Blade Dance"]},{"damage_healed":0.0,"max_hp_gain":0.0,"max_hp_loss":0.0,"gold_gain":0.0,"event_name":"Golden Wing","player_choice":"Ignored","floor":11.0,"gold_loss":0.0,"damage_taken":0.0},{"damage_healed":0.0,"max_hp_gain":0.0,"max_hp_loss":0.0,"gold_gain":150.0,"event_name":"Liars Game","player_choice":"AGREE","floor":12.0,"gold_loss":0.0,"damage_taken":0.0,"cards_obtained":["Doubt"]},{"damage_healed":0.0,"max_hp_gain":0.0,"max_hp_loss":0.0,"gold_gain":0.0,"event_name":"Masked Bandits","player_choice":"Fought Bandits","floor":19.0,"gold_loss":0.0,"damage_taken":0.0},{"cards_removed":["Strike_G"],"damage_healed":0.0,"max_hp_gain":0.0,"max_hp_loss":0.0,"gold_gain":0.0,"event_name":"Designer","player_choice":"Upgrade and Remove","floor":29.0,"gold_loss":110.0,"damage_taken":0.0,"cards_upgraded":["Defend_G"]},{"damage_healed":0,"gold_gain":0,"player_choice":"Fight","damage_taken":0,"max_hp_gain":0,"max_hp_loss":0,"event_name":"MindBloom","floor":36,"gold_loss":0},{"cards_removed":["Acrobatics"],"damage_healed":0,"gold_gain":0,"player_choice":"Removed Skill","damage_taken":0,"max_hp_gain":0,"max_hp_loss":0,"event_name":"Falling","floor":37,"gold_loss":0},{"damage_healed":0,"gold_gain":0,"player_choice":"Fight","damage_taken":0,"max_hp_gain":0,"max_hp_loss":0,"event_name":"Mysterious Sphere","floor":42,"gold_loss":0}],"is_beta":false,"boss_relics":[{"not_picked":["HoveringKite","Black Star"],"picked":"Coffee Dripper"},{"not_picked":["Busted Crown","SacredBark"],"picked":"Empty Cage"}],"items_purged_floors":[5,13],"is_endless":false,"potions_floor_spawned":[1,4,8,10,18,27,30,39,41,42,47,48],"ascension_level":20}}