{"host":"yfdtuf6ojcxn06xg","time":1611296123,"event":{"mods":["2.2 Compatiblity","AchievementEnabler","BaseMod","Colored Map","Colored Powertips","Curses Come First","Hermit","JesterMod","Jorbs\u0027s Wanderer Trilogy","Minty Spire (QoL Compilation)","Quick Restart","Rare Cards Sparkle","Relic Stats","Replay The Spire","StSLib","The Cursed","The Disciple","The Hierophant","The Jungle","The Marked","The Necromancer","The Servant 0.9.4"],"gold_per_floor":[109,34,53,66,82,82,82,82,82,82,94,119,135,164,164,262,262,279,19,30,48,48,48,75,75,75,75,102,27,27,27],"floor_reached":30,"language":"ENG","playtime":1203,"items_purged":["Strike_G"],"score":359,"play_id":"fc404e4b-5acb-4eda-aac4-99d78859a595","local_time":"20210122011523","is_ascension_mode":true,"campfire_choices":[{"data":"ReplayTheSpireMod:Speed Training","floor":6,"key":"SMITH"},{"data":"Neutralize","floor":8,"key":"SMITH"},{"floor":10,"key":"REST"},{"data":"PiercingWail","floor":15,"key":"SMITH"},{"floor":23,"key":"REST"},{"floor":25,"key":"REST"},{"data":"Hidden Blade","floor":27,"key":"SMITH"}],"circlet_count":0,"master_deck":["Strike_G","Strike_G","Strike_G","Strike_G","Defend_G","Defend_G","Defend_G","Defend_G","Defend_G","Survivor","Neutralize+1","Slice","Blade Dance+1","ReplayTheSpireMod:Speed Training+1","Hidden Blade+1","PiercingWail+1","Slice","Deflect","Die Die Die","Prepared","Panache+1","Footwork+1","Slice","Accuracy+1"],"relics":["Ring of the Snake","Bronze Scales","Frozen Egg 2","Strawberry","SlaversCollar","Vajra","Pear","Nunchaku"],"acts_visited":["Exordium","TheCity"],"potions_floor_usage":[12,12,14,14,21,24],"damage_taken":[{"damage":4,"enemies":"Cultist","floor":1,"turns":5},{"damage":12,"enemies":"Jaw Worm","floor":3,"turns":4},{"damage":7,"enemies":"2 Louse","floor":4,"turns":3},{"damage":0,"enemies":"Exordium Wildlife","floor":5,"turns":4},{"damage":2,"enemies":"2 Fungi Beasts","floor":11,"turns":2},{"damage":17,"enemies":"Lagavulin","floor":12,"turns":5},{"damage":1,"enemies":"Red Slaver","floor":13,"turns":3},{"damage":14,"enemies":"Gremlin Nob","floor":14,"turns":4},{"damage":47,"enemies":"Fading Forest","floor":16,"turns":11},{"damage":2,"enemies":"3 Byrds","floor":18,"turns":3},{"damage":10,"enemies":"Shell Parasite","floor":20,"turns":4},{"damage":12,"enemies":"Cultist and Chosen","floor":21,"turns":5},{"damage":26,"enemies":"Book of Stabbing","floor":24,"turns":5},{"damage":27,"enemies":"Slavers","floor":28,"turns":4},{"damage":66,"enemies":"Gremlin Leader","floor":30,"turns":5}],"seed_played":"1321413039227151827","potions_obtained":[{"floor":1,"key":"SkillPotion"},{"floor":3,"key":"PowerPotion"},{"floor":11,"key":"Regen Potion"},{"floor":12,"key":"Poison Potion"},{"floor":18,"key":"ColorlessPotion"},{"floor":20,"key":"Poison Potion"}],"is_trial":false,"path_per_floor":["M","$","M","M","M","R","?","R","T","R","M","E","M","E","R","B",null,"M","$","M","M","?","R","E","R","T","R","E","$","E"],"character_chosen":"THE_SILENT","items_purchased":["Panache+1","Footwork+1","Accuracy+1"],"campfire_rested":3,"item_purchase_floors":[19,19,29],"current_hp_per_floor":[71,71,59,52,52,52,52,52,52,74,72,55,54,59,59,12,82,80,80,70,58,58,82,56,80,90,90,63,63,0,0],"gold":27,"neow_bonus":"RANDOM_EVENT","is_daily":false,"chose_seed":false,"campfire_upgraded":4,"win_rate":0.0,"timestamp":1611296123,"path_taken":["M","?","M","?","M","R","?","R","T","R","M","E","M","E","R","BOSS","M","$","M","?","?","R","E","R","T","R","E","?","E"],"items_purchased_type":["Card","Card","Card"],"build_version":"2020-12-22","purchased_purges":1,"victory":false,"max_hp_per_floor":[75,75,75,75,75,75,75,75,75,75,75,75,75,82,82,82,82,82,82,82,82,82,82,82,82,92,92,92,92,92,92],"relic_stats":{"Nunchaku":[1],"counters":[15,67],"Bronze Scales":[183],"obtain_stats":[{"SlaversCollar":17,"Nunchaku":28,"Pear":26,"Bronze Scales":9,"Strawberry":14,"Vajra":24,"Frozen Egg 2":12,"Ring of the Snake":0},{"SlaversCollar":9,"Nunchaku":14,"Pear":13,"Bronze Scales":4,"Strawberry":8,"Vajra":13,"Frozen Egg 2":6,"Ring of the Snake":0},{"SlaversCollar":41,"Nunchaku":62,"Pear":58,"Bronze Scales":16,"Strawberry":30,"Vajra":58,"Frozen Egg 2":23,"Ring of the Snake":0}],"Ring of the Snake":[30]},"card_choices":[{"not_picked":["Sneak Up","Finisher"],"picked":"Slice","floor":1},{"not_picked":["Quick Slash","ReplayTheSpireMod:Shiv Toss"],"picked":"Blade Dance","floor":3},{"not_picked":["Fluid Movement","Prepared"],"picked":"ReplayTheSpireMod:Speed Training","floor":4},{"not_picked":["Bane","Reflex"],"picked":"Hidden Blade","floor":5},{"not_picked":["Dodge and Roll","Heel Hook"],"picked":"PiercingWail","floor":11},{"not_picked":["Distraction","Deadly Poison"],"picked":"Slice","floor":12},{"not_picked":["Concentrate","Blur"],"picked":"Deflect","floor":13},{"not_picked":["Masterful Stab","Unload","Slice"],"picked":"SKIP","floor":14},{"not_picked":["Poison Darts","Unload"],"picked":"Die Die Die","floor":16},{"not_picked":["Outmaneuver","Dagger Spray"],"picked":"Prepared","floor":18},{"not_picked":["Sneak Up","Quick Slash","Concentrate"],"picked":"SKIP","floor":20},{"not_picked":["Skewer","Noxious Fumes+1"],"picked":"Slice","floor":21},{"not_picked":["Slice","ReplayTheSpireMod:Exploit Weakness","Wraith Form v2+1"],"picked":"SKIP","floor":24},{"not_picked":["Distraction","Crippling Poison","Underhanded Strike"],"picked":"SKIP","floor":28}],"player_experience":217235,"relics_obtained":[{"floor":9,"key":"Bronze Scales"},{"floor":12,"key":"Frozen Egg 2"},{"floor":14,"key":"Strawberry"},{"floor":24,"key":"Vajra"},{"floor":26,"key":"Pear"},{"floor":28,"key":"Nunchaku"}],"event_choices":[{"damage_healed":0,"gold_gain":0,"player_choice":"Donut","damage_taken":0,"max_hp_gain":5,"max_hp_loss":0,"event_name":"Big Fish","floor":0,"gold_loss":0},{"damage_healed":0,"gold_gain":0,"player_choice":"Forge","damage_taken":0,"max_hp_gain":0,"max_hp_loss":0,"event_name":"Accursed Blacksmith","floor":7,"gold_loss":0,"cards_upgraded":["Blade Dance"]},{"damage_healed":0,"gold_gain":0,"player_choice":"Ignored","damage_taken":0,"max_hp_gain":0,"max_hp_loss":0,"event_name":"Ghosts","floor":22,"gold_loss":0}],"is_beta":false,"boss_relics":[{"not_picked":["Fusion Hammer","Ectoplasm"],"picked":"SlaversCollar"}],"items_purged_floors":[2],"is_endless":false,"potions_floor_spawned":[1,3,11,12,18,20],"killed_by":"Gremlin Leader","ascension_level":4}}