{"host":"Koishi","time":1611281743,"event":{"mods":["2.2 Compatiblity","AchievementEnabler","Act Like it!","BaseMod","Better Match","Better Note","Better Sensory Stone","Better Third Choice","Colored Powertips","Gensokyo","Hermit","Koishi","Lobotomy","LobotomyExtend","MarisaÅiñ∂âJÅ@ñÇóùçπÅj","Minty Spire (QoL Compilation)","Quick Restart","Rare Cards Sparkle","ReimuÅiîé??öÎÅj","Relic Stats","Spicy Shops","StSLib","The Construct","Åy?ï®?îvÅzREMEMod"],"gold_per_floor":[116,116,116,132,57,84,84,14,14,42,58,58,72,117,129,141,141],"floor_reached":16,"language":"ENG","playtime":620,"items_purged":[],"score":139,"play_id":"f2ec334a-ac63-4c93-9f0a-0bfb85ec4fb1","local_time":"20210121211543","is_ascension_mode":true,"campfire_choices":[{"data":"construct:Zapper+1","floor":12.0,"key":"SMITH"},{"floor":15.0,"key":"REST"}],"circlet_count":0,"master_deck":["construct:Strike_Gold","construct:Strike_Gold","construct:Strike_Gold","construct:Strike_Gold","construct:Strike_Gold","construct:Defend_Gold","construct:Defend_Gold","construct:Defend_Gold","construct:Defend_Gold","construct:Defend_Gold","construct:AttackMode","construct:DefenseMode","Hemokinesis","construct:SweepLaser","Discovery","construct:Missile","REME_MawOfCthun+1","construct:Zapper+2","construct:ClusterMines","OSAHOGD","construct:LongRangeLance","construct:ClusterMines","construct:ShiftStrike"],"relics":["construct:ClockworkPhoenix","construct:Challenge1","REME_ComplimentaryCards","CogitoBucket","LetterFromLob","Gensokyo:LunaticRedEyes","Lizard Tail","MealTicket","Matryoshka","Vajra","BehaviorAdjustment","MawBank","Bag of Preparation"],"acts_visited":["Gensokyo:Gensokyo"],"potions_floor_usage":[16],"damage_taken":[{"damage":6.0,"enemies":"Gensokyo:Gryphon","floor":1.0,"turns":3.0},{"damage":4.0,"enemies":"Gensokyo:2_Kodama","floor":4.0,"turns":2.0},{"damage":14.0,"enemies":"Gensokyo:Aya","floor":6.0,"turns":7.0},{"damage":30.0,"enemies":"Gensokyo:Cirno","floor":10.0,"turns":6.0},{"damage":0.0,"enemies":"Gensokyo:Python","floor":11.0,"turns":4.0},{"damage":20.0,"enemies":"Gensokyo:3_Kodama","floor":13.0,"turns":5.0},{"damage":50,"enemies":"Gensokyo:Reimu","floor":16,"turns":8}],"seed_played":"6899929481627676654","potions_obtained":[{"floor":1.0,"key":"Dexterity Potion"},{"floor":4.0,"key":"construct:ShiftPotion"},{"floor":13.0,"key":"Weak Potion"}],"is_trial":false,"path_per_floor":["M","?","?","M","?","E","?","?","T","E","M","R","M","T","R","B"],"character_chosen":"THE_CONSTRUCT_MOD","items_purchased":[],"campfire_rested":1,"item_purchase_floors":[],"current_hp_per_floor":[79,79,79,75,75,61,61,61,61,31,31,31,11,11,36,37,37],"gold":141,"neow_bonus":"","is_daily":false,"chose_seed":false,"campfire_upgraded":1,"win_rate":0.0,"timestamp":1611281743,"path_taken":["M","?","?","M","?","E","?","?","T","E","M","R","M","?","R","BOSS"],"items_purchased_type":[],"build_version":"2020-12-18","purchased_purges":0,"victory":false,"max_hp_per_floor":[85,85,85,85,85,85,85,85,85,85,85,85,85,85,85,85,85],"relic_stats":{"Lizard Tail":42,"counters":[8,36],"MealTicket":0,"Bag of Preparation":[2],"MawBank":24,"obtain_stats":[{"Vajra":10,"Bag of Preparation":14,"construct:LongRangeLance":11,"construct:ClockworkPhoenix":0,"MawBank":14,"Gensokyo:LunaticRedEyes":2,"construct:Challenge1":0,"CogitoBucket":0,"Lizard Tail":6,"Matryoshka":9,"MealTicket":8,"BehaviorAdjustment":13,"LetterFromLob":1,"REME_ComplimentaryCards":0},{"Vajra":4,"Bag of Preparation":7,"construct:LongRangeLance":5,"construct:ClockworkPhoenix":0,"MawBank":7,"Gensokyo:LunaticRedEyes":1,"construct:Challenge1":0,"CogitoBucket":0,"Lizard Tail":3,"Matryoshka":3,"MealTicket":3,"BehaviorAdjustment":7,"LetterFromLob":1,"REME_ComplimentaryCards":0},{"Vajra":18,"Bag of Preparation":28,"construct:LongRangeLance":22,"construct:ClockworkPhoenix":0,"MawBank":28,"Gensokyo:LunaticRedEyes":3,"construct:Challenge1":0,"CogitoBucket":0,"Lizard Tail":12,"Matryoshka":12,"MealTicket":12,"BehaviorAdjustment":28,"LetterFromLob":3,"REME_ComplimentaryCards":0}]},"card_choices":[{"not_picked":["construct:Anticipate","construct:UnbalancingBlast"],"picked":"construct:SweepLaser","floor":1.0},{"not_picked":["ShyLook","PunishingBird","Scorched"],"picked":"Singing Bowl","floor":1.0},{"not_picked":["Impatience","Good Instincts"],"picked":"Discovery","floor":3.0},{"not_picked":["construct:PointDefense","construct:ScrapCannon"],"picked":"construct:Missile","floor":4.0},{"not_picked":["OldLady","WallGazer","UniverseFragment"],"picked":"Singing Bowl","floor":4.0},{"not_picked":["REME_ProfessionalPlagiarism+1","REME_BuildACard+1"],"picked":"REME_MawOfCthun+1","floor":5.0},{"not_picked":["construct:Impenetrable+1","construct:ElectricArmor+1"],"picked":"construct:Zapper+1","floor":5.0},{"not_picked":["construct:SaveState","construct:Anticipate"],"picked":"construct:ClusterMines","floor":6.0},{"not_picked":["LaLuna","OldLady","FairyFestival"],"picked":"Singing Bowl","floor":6.0},{"not_picked":["ShyLook","MeatLantern"],"picked":"OSAHOGD","floor":6.0},{"not_picked":["construct:Backfire","construct:Accumulate"],"picked":"construct:LongRangeLance","floor":10.0},{"not_picked":["Wellcheers","BeautyBeast","UniverseFragment"],"picked":"Singing Bowl","floor":10.0},{"not_picked":["construct:FocusedBeam","construct:Electrocute"],"picked":"construct:ClusterMines","floor":11.0},{"not_picked":["CherryBlossoms","Scorched","MHz"],"picked":"Singing Bowl","floor":11.0},{"not_picked":["Scorched","Murderer"],"picked":"QueenOfHatred","floor":13.0},{"not_picked":["construct:Boost","construct:Accumulate"],"picked":"construct:ShiftStrike","floor":13.0}],"player_experience":199262,"relics_obtained":[{"floor":1.0,"key":"LetterFromLob"},{"floor":6.0,"key":"Lizard Tail"},{"floor":9.0,"key":"Matryoshka"},{"floor":10.0,"key":"Vajra"},{"floor":14.0,"key":"MawBank"},{"floor":14.0,"key":"Bag of Preparation"}],"event_choices":[{"damage_healed":0.0,"max_hp_gain":0.0,"max_hp_loss":0.0,"gold_gain":1.0,"event_name":"betterStone:BetterStone","player_choice":"1","floor":3.0,"gold_loss":0.0,"damage_taken":0.0},{"damage_healed":0.0,"max_hp_gain":0.0,"max_hp_loss":0.0,"gold_gain":0.0,"event_name":"betterMatch:BetterMatch","player_choice":"2","floor":5.0,"gold_loss":0.0,"damage_taken":0.0,"cards_obtained":["betterMatch:ColorlessRareCard","betterMatch:UncommonCard"]}],"is_beta":true,"boss_relics":[],"items_purged_floors":[],"is_endless":false,"potions_floor_spawned":[1,4,13],"killed_by":"Gensokyo:Reimu","ascension_level":1}}