{"host":"5p9hybygolzp0efr","time":1611328109,"event":{"mods":["AchievementEnabler","BaseMod","Bestiary","Colored Map","Minty Spire (QoL Compilation)","Permanent Neow","Relic Stats"],"gold_per_floor":[109,125,137,137,150,181,192,208,286,286,298,332,332,332,332],"floor_reached":14,"language":"ENG","playtime":565,"items_purged":[],"score":140,"play_id":"9f3beeae-af7f-4f58-9eeb-29a7b29aa666","local_time":"20210122230829","is_ascension_mode":true,"campfire_choices":[{"floor":10,"key":"REST"}],"circlet_count":0,"master_deck":["Strike_B","Strike_B","Strike_B","Strike_B","Defend_B","Defend_B","Defend_B","Defend_B","Zap","Dualcast","Gash","Conserve Battery","Sweeping Beam","Biased Cognition","Creative AI","Streamline","Skim","Genetic Algorithm","Self Repair"],"relics":["Cracked Core","Ice Cream","Strawberry","Gremlin Horn","Kunai"],"acts_visited":["Exordium"],"potions_floor_usage":[12,14,14,14],"damage_taken":[{"damage":1,"enemies":"Cultist","floor":1,"turns":3},{"damage":1,"enemies":"Small Slimes","floor":2,"turns":3},{"damage":2,"enemies":"2 Louse","floor":3,"turns":2},{"damage":9,"enemies":"2 Fungi Beasts","floor":5,"turns":3},{"damage":21,"enemies":"Lagavulin","floor":6,"turns":7},{"damage":8,"enemies":"Blue Slaver","floor":7,"turns":2},{"damage":9,"enemies":"Red Slaver","floor":8,"turns":3},{"damage":0,"enemies":"2 Fungi Beasts","floor":11,"turns":3},{"damage":45,"enemies":"Gremlin Nob","floor":12,"turns":6},{"damage":15,"enemies":"3 Sentries","floor":14,"turns":2}],"seed_played":"1340117735746644513","potions_obtained":[{"floor":1,"key":"Fruit Juice"},{"floor":3,"key":"SkillPotion"},{"floor":7,"key":"Block Potion"},{"floor":12,"key":"BlessingOfTheForge"}],"is_trial":false,"path_per_floor":["M","M","M","?","M","E","M","M","T","R","M","E","?","E"],"character_chosen":"DEFECT","items_purchased":[],"campfire_rested":1,"item_purchase_floors":[],"current_hp_per_floor":[67,66,64,64,55,41,33,24,24,46,46,1,1,0,0],"gold":332,"neow_bonus":"ONE_RARE_RELIC","is_daily":false,"chose_seed":false,"campfire_upgraded":0,"win_rate":0.0,"timestamp":1611328109,"path_taken":["M","M","?","?","M","E","M","M","T","R","M","E","?","E"],"items_purchased_type":[],"build_version":"2020-12-22","purchased_purges":0,"victory":false,"max_hp_per_floor":[68,68,68,68,68,75,75,75,75,75,75,75,75,80,80],"relic_stats":{"Gremlin Horn":[1,1],"counters":[10,34],"Kunai":[0],"obtain_stats":[{"Ice Cream":0,"Gremlin Horn":9,"Strawberry":6,"Kunai":12,"Cracked Core":0},{"Ice Cream":0,"Gremlin Horn":7,"Strawberry":5,"Kunai":9,"Cracked Core":0},{"Ice Cream":0,"Gremlin Horn":23,"Strawberry":18,"Kunai":32,"Cracked Core":0}]},"card_choices":[{"not_picked":["Hello World","Beam Cell"],"picked":"Gash","floor":1},{"not_picked":["Lockon","Steam"],"picked":"Conserve Battery","floor":2},{"not_picked":["Sunder","Leap"],"picked":"Sweeping Beam","floor":3},{"not_picked":["Gash","Melter"],"picked":"Biased Cognition","floor":5},{"not_picked":["Leap","Aggregate"],"picked":"Creative AI","floor":6},{"not_picked":["Melter","Beam Cell"],"picked":"Streamline","floor":7},{"not_picked":["Barrage","Leap"],"picked":"Skim","floor":8},{"not_picked":["Aggregate","Chaos"],"picked":"Genetic Algorithm","floor":11},{"not_picked":["Redo","Aggregate"],"picked":"Self Repair","floor":12}],"player_experience":496311,"relics_obtained":[{"floor":6,"key":"Strawberry"},{"floor":9,"key":"Gremlin Horn"},{"floor":12,"key":"Kunai"}],"event_choices":[{"damage_healed":0,"gold_gain":0,"player_choice":"Ignored","damage_taken":0,"max_hp_gain":0,"max_hp_loss":0,"event_name":"Liars Game","floor":4,"gold_loss":0},{"damage_healed":0,"gold_gain":0,"player_choice":"Ignored","damage_taken":0,"max_hp_gain":0,"max_hp_loss":0,"event_name":"Shining Light","floor":13,"gold_loss":0}],"is_beta":false,"boss_relics":[],"items_purged_floors":[],"is_endless":false,"potions_floor_spawned":[1,3,7,12],"killed_by":"3 Sentries","ascension_level":7}}