{"host":"lnnm69al9x392px5","time":1611291377,"event":{"mods":["BaseMod","Downfall","Minty Spire (QoL Compilation)","StSLib"],"gold_per_floor":[99,110,20,39,51,85,139,150,150,150,150,250,150,167,187,284,284,284,284,33,33,33,33,56,56,56,72,100,113,123,123,137,234,234,34,50,60,71,85,99,99,112,3,3,17,46,46,77,88,88,88,114,17,17,17,17,17,17],"floor_reached":56,"language":"ENG","playtime":5949,"items_purged":["Normality"],"score":818,"play_id":"87e6d830-ca87-4db9-8481-7449128e6673","local_time":"20210121205617","is_ascension_mode":true,"campfire_choices":[{"data":"Apotheosis","floor":1,"key":"SMITH"},{"floor":10,"key":"RECALL"},{"data":"Guardian:ConstructionForm","floor":13,"key":"SMITH"},{"data":"Guardian:SphericShield","floor":18,"key":"SMITH"},{"data":"Guardian:FuturePlans","floor":25,"key":"SMITH"},{"data":"Guardian:FierceBash","floor":35,"key":"SMITH"},{"floor":47,"key":"REST"},{"data":"Guardian:CompilePackage","floor":54,"key":"SMITH"}],"circlet_count":0,"master_deck":["Guardian:Strike_Guardian","Guardian:Strike_Guardian","Guardian:Strike_Guardian","Guardian:Strike_Guardian","Guardian:Defend_Guardian","Guardian:Defend_Guardian","Guardian:Defend_Guardian","Guardian:Defend_Guardian","Guardian:CurlUp","Guardian:TwinSlam","Apotheosis+1","Guardian:ShieldCharger","Guardian:VentSteam","Guardian:PrismaticBeam","Guardian:SphericShield+1","Guardian:PolyBeam","Guardian:ConstructionForm+1","Guardian:TimeBomb","Guardian:Recover","Guardian:Recover","Guardian:DecasProtection","Guardian:Orbwalk","Guardian:FuturePlans+1","downfall:Bewildered","Guardian:ChargeUp","Guardian:FastForward","Guardian:PrimingBeam","Guardian:FierceBash+1","Guardian:EvasiveProtocol+1","Guardian:TimeBomb+1","Guardian:SpikerProtocol+1","Guardian:FloatingOrbs+1","Guardian:DonusPower+1","Guardian:Emergency+1","Guardian:BaubleBeam","expansioncontent:Chronoboost","Guardian:PrismaticBeam","Guardian:EvasiveProtocol+1","Parasite","Guardian:DecasProtection+1","Guardian:CompilePackage+1","Finesse"],"relics":["Guardian:ModeShifter","Art of War","Strawberry","Toy Ornithopter","downfall:HeartBlessingRed","SlaversCollar","Bag of Preparation","Enchiridion","sneckomod:BabySnecko","Question Card","Runic Pyramid","downfall:HeartBlessingGreen","downfall:HeartBlessingBlue","Letter Opener","Lantern","Mummified Hand","Happy Flower"],"acts_visited":["Exordium","TheCity","TheBeyond","TheEnding"],"potions_floor_usage":[12,12,12,15,16,16,16,33,33,40,56],"damage_taken":[{"damage":3,"enemies":"Jaw Worm","floor":2,"turns":4},{"damage":0,"enemies":"downfall:FleeingMerchant","floor":3,"turns":4},{"damage":3,"enemies":"Small Slimes","floor":4,"turns":3},{"damage":9,"enemies":"Cultist","floor":5,"turns":5},{"damage":9,"enemies":"Lagavulin","floor":6,"turns":8},{"damage":1,"enemies":"2 Fungi Beasts","floor":8,"turns":5},{"damage":20,"enemies":"downfall:LadyInBlue","floor":12,"turns":11},{"damage":13,"enemies":"Exordium Wildlife","floor":14,"turns":4},{"damage":17,"enemies":"Gremlin Gang","floor":15,"turns":4},{"damage":10,"enemies":"IC_STATUS_ARCHETYPE","floor":16,"turns":9},{"damage":0,"enemies":"Chosen","floor":19,"turns":1},{"damage":0,"enemies":"downfall:FleeingMerchant","floor":20,"turns":4},{"damage":18,"enemies":"Shell Parasite","floor":27,"turns":4},{"damage":32,"enemies":"Gremlin Leader","floor":28,"turns":11},{"damage":10,"enemies":"Centurion and Healer","floor":29,"turns":6},{"damage":0,"enemies":"Chosen and Byrds","floor":30,"turns":5},{"damage":0,"enemies":"Sentry and Sphere","floor":32,"turns":6},{"damage":5,"enemies":"WA_ARCHETYPE_CALM","floor":33,"turns":8},{"damage":7,"enemies":"3 Shapes","floor":36,"turns":4},{"damage":15,"enemies":"Orb Walker","floor":37,"turns":5},{"damage":17,"enemies":"Jaw Worm Horde","floor":38,"turns":5},{"damage":3,"enemies":"Spire Growth","floor":39,"turns":5},{"damage":12,"enemies":"3 Darklings","floor":40,"turns":5},{"damage":15,"enemies":"4 Shapes","floor":42,"turns":3},{"damage":0,"enemies":"downfall:FleeingMerchant","floor":43,"turns":4},{"damage":0,"enemies":"Sphere and 2 Shapes","floor":45,"turns":4},{"damage":19,"enemies":"Reptomancer","floor":46,"turns":3},{"damage":0,"enemies":"Giant Head","floor":48,"turns":6},{"damage":0,"enemies":"Writhing Mass","floor":49,"turns":4},{"damage":32,"enemies":"SI_POISON_ARCHETYPE","floor":50,"turns":7},{"damage":9,"enemies":"downfall:CharBossMerchant","floor":52,"turns":6},{"damage":12,"enemies":"downfall:NeowBoss","floor":55,"turns":5},{"damage":100,"enemies":"downfall:NeowBossFinal","floor":56,"turns":8}],"seed_played":"8573351665601337962","potions_obtained":[{"floor":4,"key":"Block Potion"},{"floor":6,"key":"SteroidPotion"},{"floor":8,"key":"Energy Potion"},{"floor":12,"key":"Dexterity Potion"},{"floor":12,"key":"Strength Potion"},{"floor":12,"key":"Slimebound:ThreeZeroPotion"},{"floor":15,"key":"PowerPotion"},{"floor":28,"key":"Ancient Potion"},{"floor":30,"key":"Fire Potion"},{"floor":33,"key":"Guardian:DefensiveModePotion"},{"floor":37,"key":"Block Potion"},{"floor":39,"key":"sneckomod:MuddlingPotion"},{"floor":42,"key":"SteroidPotion"},{"floor":45,"key":"BlessingOfTheForge"}],"is_trial":false,"path_per_floor":["R","M","$","M","M","E","T","M","?","R","?","?","R","M","M","B",null,"R","M","$","?","?","?","T","R","?","M","E","M","M","?","M","B",null,"R","M","M","M","M","M","T","M","$","?","M","E","R","E","M","B",null,"E","$","R","B","B"],"character_chosen":"GUARDIAN","items_purchased":["Guardian:Orbwalk","Bag of Preparation","expansioncontent:Chronoboost","Finesse"],"campfire_rested":1,"item_purchase_floors":[20,20,43,53],"current_hp_per_floor":[80,77,77,74,65,56,63,62,62,62,62,42,42,29,17,22,87,87,87,87,87,71,71,71,71,71,53,21,11,11,11,11,16,87,97,90,75,58,55,48,48,33,33,33,33,14,43,43,43,11,97,88,88,88,76,0,0,0],"gold":17,"neow_bonus":"RANDOM_COLORLESS_2","is_daily":false,"chose_seed":false,"campfire_upgraded":6,"win_rate":0.0,"timestamp":1611291377,"path_taken":["R","M","$","M","M","E","T","M","?","R","?","?","R","M","M","BOSS","R","M","$","?","?","?","T","R","?","M","E","M","?","?","M","BOSS","R","M","M","M","?","M","T","?","$","?","M","E","R","E","M","BOSS","E","$","R","BOSS","BOSS"],"items_purchased_type":["Card","Relic","Card","Card"],"build_version":"2020-12-22","purchased_purges":1,"victory":false,"max_hp_per_floor":[80,80,80,80,80,80,87,87,87,87,87,87,87,87,87,87,87,87,87,87,87,87,87,87,87,87,87,87,87,87,87,87,87,87,97,97,97,97,97,97,97,97,97,97,97,97,97,97,97,97,97,97,97,97,97,97,97,97],"card_choices":[{"not_picked":["Transmutation","Chrysalis"],"picked":"Apotheosis","floor":0},{"not_picked":["Guardian:Gem_Lightblue","Guardian:WalkerClaw"],"picked":"Guardian:Gem_Cyan","floor":2},{"not_picked":["Guardian:Gem_Blue","Guardian:Gem_Red"],"picked":"Guardian:ShieldCharger","floor":3},{"not_picked":["Guardian:RefractedBeam","Guardian:Gem_Red"],"picked":"Guardian:VentSteam","floor":4},{"not_picked":["Guardian:PiercingHide","Guardian:Gem_Red"],"picked":"Guardian:PrismaticBeam","floor":5},{"not_picked":["Guardian:VentSteam","Guardian:MultiBeam"],"picked":"Guardian:SphericShield","floor":6},{"not_picked":["Guardian:WalkerClaw","Guardian:Incinerate"],"picked":"Guardian:PolyBeam","floor":8},{"not_picked":["Guardian:CrystalBeam","Guardian:PrimingBeam"],"picked":"Guardian:ConstructionForm","floor":12},{"not_picked":["Guardian:Reroute","Guardian:SpikerProtocol"],"picked":"Guardian:TimeBomb","floor":14},{"not_picked":["Guardian:ShieldCharger","Guardian:TemporalShield"],"picked":"Guardian:Recover","floor":15},{"not_picked":["Guardian:ConstructionForm","Guardian:GemFire"],"picked":"Guardian:Gem_Orange","floor":16},{"not_picked":["Guardian:PrimingBeam","Guardian:VentSteam"],"picked":"Guardian:Recover","floor":19},{"not_picked":["Guardian:Gem_Yellow","Guardian:Reroute"],"picked":"Guardian:DecasProtection","floor":20},{"not_picked":["Guardian:ChargeCore+1","Guardian:ArmoredProtocol"],"picked":"Guardian:Gem_Purple","floor":27},{"not_picked":["Guardian:CrystalBeam","Guardian:PiercingHide"],"picked":"Guardian:ChargeUp","floor":28},{"not_picked":["Guardian:Gem_Yellow","Guardian:Suspension+1","Guardian:TemporalShield"],"picked":"Guardian:FastForward","floor":29},{"not_picked":["Guardian:PiercingHide","Guardian:DonusPower+1","Guardian:RefractedBeam"],"picked":"Guardian:Gem_Yellow","floor":30},{"not_picked":["Guardian:Incinerate","Guardian:EvasiveProtocol","Guardian:Recover"],"picked":"Guardian:PrimingBeam","floor":32},{"not_picked":["Guardian:FastForward","Guardian:GemFinder","Guardian:StasisEngine"],"picked":"Guardian:FierceBash","floor":33},{"not_picked":["Guardian:ShieldSpikes","Guardian:PrismaticBeam","Guardian:PrismaticBarrier+1"],"picked":"Guardian:EvasiveProtocol+1","floor":36},{"not_picked":["Guardian:Gem_Lightblue","Guardian:Harden+1","Guardian:Incinerate"],"picked":"Guardian:TimeBomb+1","floor":37},{"not_picked":["Guardian:Gem_Green","Guardian:ChargeCore","Guardian:CrystalBeam"],"picked":"Guardian:SpikerProtocol+1","floor":38},{"not_picked":["Guardian:Recover+1","Guardian:Gem_Purple","Guardian:SentryBeam+1"],"picked":"Guardian:FloatingOrbs+1","floor":39},{"not_picked":["Guardian:Recover","Guardian:Harden+1","Guardian:RollAttack+1"],"picked":"Guardian:DonusPower+1","floor":40},{"not_picked":["Guardian:Gem_Cyan","Guardian:Recover","Guardian:FloatingOrbs+1"],"picked":"Guardian:Emergency+1","floor":42},{"not_picked":["Guardian:SpikerProtocol","Guardian:Recover+1","Guardian:Gem_Fragmented"],"picked":"Guardian:BaubleBeam","floor":43},{"not_picked":["Guardian:ChargeCore","Guardian:PiercingHide+1","Guardian:Incinerate"],"picked":"Guardian:Gem_Cyan","floor":45},{"not_picked":["Guardian:FloatingOrbs+1","Guardian:TemporalStrike","Guardian:CrystalBeam","Guardian:Gem_Green"],"picked":"SKIP","floor":46},{"not_picked":["Guardian:Recover+1","Guardian:Preprogram","Guardian:Harden+1"],"picked":"Guardian:EvasiveProtocol+1","floor":48},{"not_picked":["Guardian:Orbwalk","Guardian:ShieldCharger","Guardian:Gem_Lightblue"],"picked":"Guardian:DecasProtection+1","floor":49},{"not_picked":["Guardian:VentSteam","Guardian:Suspension","Guardian:Gem_Lightblue"],"picked":"Guardian:CompilePackage","floor":52}],"player_experience":231614,"relics_obtained":[{"floor":6,"key":"Art of War"},{"floor":7,"key":"Strawberry"},{"floor":12,"key":"Toy Ornithopter"},{"floor":22,"key":"Enchiridion"},{"floor":28,"key":"Question Card"},{"floor":41,"key":"Letter Opener"},{"floor":46,"key":"Lantern"},{"floor":48,"key":"Mummified Hand"},{"floor":52,"key":"Happy Flower"}],"event_choices":[{"damage_healed":0,"gold_gain":0,"player_choice":"Read","damage_taken":0,"max_hp_gain":0,"max_hp_loss":0,"event_name":"The Library","floor":21,"gold_loss":0,"cards_obtained":["Guardian:FuturePlans"]}],"is_beta":false,"boss_relics":[{"not_picked":["Busted Crown","Snecko Eye"],"picked":"SlaversCollar"},{"not_picked":["Sozu","SacredBark"],"picked":"Runic Pyramid"}],"items_purged_floors":[3],"is_endless":false,"potions_floor_spawned":[4,6,8,12,15,28,30,33,37,39,42,45,48],"killed_by":"downfall:NeowBossFinal","ascension_level":1}}