{"host":"usrgk25etjl0nf5i","time":1611291387,"event":{"mods":["2.2 Compatiblity","BaseMod","Downfall","Hubris","Minty Spire (QoL Compilation)","StSLib","SuperFastMode"],"gold_per_floor":[113,126,143,156,156,183,183,208,208,208,208,220,220,249,249,347,347,358,406,606,620,119,147,147,147,170,199,199,2,17,34,34,136,136,150,166,183,196,38,65,112,112,191,191,91,91,122,122,122,122],"floor_reached":51,"language":"ENG","playtime":2253,"items_purged":[],"score":1278,"play_id":"0ad64f5a-2eb7-4a5f-b5aa-bd4c8801a0c9","local_time":"20210121205627","is_ascension_mode":true,"campfire_choices":[{"floor":13,"key":"REST"},{"data":"Fusion","floor":15,"key":"SMITH"},{"data":"Buffer","floor":25,"key":"SMITH"},{"data":"Capacitor","floor":28,"key":"SMITH"},{"data":"White Noise","floor":32,"key":"SMITH"},{"data":"1","floor":42,"key":"LIFT"},{"data":"2","floor":44,"key":"LIFT"},{"data":"3","floor":46,"key":"LIFT"},{"data":"Apotheosis","floor":49,"key":"SMITH"}],"circlet_count":0,"master_deck":["AscendersBane","Zap+1","Dualcast","Chill","Conserve Battery","Cold Snap+1","Leap","Reboot","Go for the Eyes","Fusion+1","Ball Lightning+1","FTL","Buffer+1","Turbo","Go for the Eyes","Capacitor+1","FTL","BootSequence","Turbo","White Noise+1","Sunder","hubris:NaturalOne","Reboot","Lockon+1","Go for the Eyes","Double Energy","Apotheosis+1","Lockon","Defragment","Go for the Eyes+1","Writhe"],"relics":["Cracked Core","hubris:Towel","hubris:OldNail","Regal Pillow","Eternal Feather","hubris:Icosahedron","The Courier","Pandora\u0027s Box","Pen Nib","Toy Ornithopter","Akabeko","Symbiotic Virus","Unceasing Top","Vajra","Tiny Chest","HornCleat","Inserter","Du-Vu Doll","Girya","Frozen Egg 2","Whetstone"],"acts_visited":["Exordium","TheCity","TheBeyond"],"potions_floor_usage":[6,8,14,47],"damage_taken":[{"damage":1,"enemies":"Cultist","floor":1,"turns":3},{"damage":5,"enemies":"Jaw Worm","floor":2,"turns":3},{"damage":9,"enemies":"Small Slimes","floor":3,"turns":3},{"damage":7,"enemies":"3 Louse","floor":4,"turns":4},{"damage":18,"enemies":"Gremlin Nob","floor":6,"turns":4},{"damage":8,"enemies":"Lagavulin","floor":8,"turns":9},{"damage":3,"enemies":"2 Fungi Beasts","floor":12,"turns":4},{"damage":5,"enemies":"3 Sentries","floor":14,"turns":6},{"damage":45,"enemies":"Slime Boss","floor":16,"turns":12},{"damage":0,"enemies":"Chosen","floor":18,"turns":5},{"damage":13,"enemies":"2 Thieves","floor":21,"turns":4},{"damage":7,"enemies":"Gremlin Leader","floor":23,"turns":8},{"damage":24,"enemies":"Book of Stabbing","floor":27,"turns":5},{"damage":15,"enemies":"Chosen and Byrds","floor":30,"turns":4},{"damage":0,"enemies":"Sentry and Sphere","floor":31,"turns":3},{"damage":7,"enemies":"Champ","floor":33,"turns":9},{"damage":0,"enemies":"3 Shapes","floor":35,"turns":3},{"damage":0,"enemies":"3 Darklings","floor":36,"turns":5},{"damage":0,"enemies":"Maw","floor":37,"turns":6},{"damage":0,"enemies":"Jaw Worm Horde","floor":38,"turns":3},{"damage":0,"enemies":"Giant Head","floor":40,"turns":7},{"damage":0,"enemies":"2 Orb Walkers","floor":41,"turns":4},{"damage":25,"enemies":"Reptomancer","floor":47,"turns":3},{"damage":39,"enemies":"Time Eater","floor":50,"turns":7}],"seed_played":"-183252008467987452","potions_obtained":[{"floor":2,"key":"hexamod:SoulburnPotion"},{"floor":6,"key":"Guardian:BlockOnCardUsePotion"},{"floor":12,"key":"CultistPotion"},{"floor":23,"key":"SpeedPotion"},{"floor":30,"key":"ColorlessPotion"},{"floor":47,"key":"DuplicationPotion"}],"is_trial":false,"path_per_floor":["M","M","M","M","?","E","?","E","T","?","?","M","R","E","R","B",null,"M","T","?","M","$","E","?","R","T","E","R","$","M","M","R","B",null,"M","M","M","M","$","E","?","R","T","R","NS","R","E","?","R","B",null],"character_chosen":"DEFECT","items_purchased":["FTL","Toy Ornithopter","Akabeko","Symbiotic Virus","HornCleat","Apotheosis"],"campfire_rested":1,"item_purchase_floors":[22,22,22,22,29,39],"current_hp_per_floor":[74,69,60,53,53,35,35,27,27,27,27,24,72,67,76,31,69,69,69,69,56,56,49,82,82,82,58,70,70,55,55,67,60,77,77,77,77,77,77,77,77,82,82,82,82,82,57,78,82,43],"gold":122,"neow_bonus":"TEN_PERCENT_HP_BONUS","is_daily":false,"chose_seed":false,"campfire_upgraded":5,"win_rate":0.0,"timestamp":1611291387,"path_taken":["M","M","?","M","?","E","?","E","T","?","?","M","R","E","R","BOSS","M","?","?","?","$","E","?","R","T","E","R","$","M","M","R","BOSS","M","M","?","M","$","E","?","R","T","R","NS","R","E","?","R","BOSS"],"items_purchased_type":["Card","Relic","Relic","Relic","Relic","Card"],"build_version":"2020-12-22","purchased_purges":0,"victory":true,"max_hp_per_floor":[82,82,82,82,82,82,82,82,82,82,82,82,82,82,82,82,82,82,82,82,82,82,82,82,82,82,82,82,82,82,82,82,82,82,82,82,82,82,82,82,82,82,82,82,82,82,82,82,82,82],"card_choices":[{"not_picked":["Beam Cell","Chaos"],"picked":"Chill","floor":1},{"not_picked":["Go for the Eyes","Compile Driver"],"picked":"Conserve Battery","floor":2},{"not_picked":["Chill","Turbo"],"picked":"Cold Snap","floor":3},{"not_picked":["Static Discharge","Compile Driver"],"picked":"Leap","floor":4},{"not_picked":["Meteor Strike","Redo"],"picked":"Reboot","floor":6},{"not_picked":["Cold Snap","Rainbow"],"picked":"Go for the Eyes","floor":8},{"not_picked":["Compile Driver","Sunder"],"picked":"Ball Lightning","floor":12},{"not_picked":["Hologram","Core Surge"],"picked":"FTL","floor":14},{"not_picked":["All For One","Fission"],"picked":"Buffer","floor":16},{"not_picked":["Streamline+1","Compile Driver"],"picked":"Doom and Gloom+1","floor":18},{"not_picked":["Hologram","Sweeping Beam+1"],"picked":"Sunder","floor":21},{"not_picked":["All For One","Coolheaded","Hello World"],"picked":"SKIP","floor":23},{"not_picked":["Streamline","Recycle","Rip and Tear"],"picked":"SKIP","floor":27},{"not_picked":["Coolheaded","Chaos","Compile Driver"],"picked":"SKIP","floor":30},{"not_picked":["Tempest","Recycle","hubris:PowerSurge"],"picked":"SKIP","floor":31},{"not_picked":["Seek","Multi-Cast"],"picked":"Reboot","floor":33},{"not_picked":["Cold Snap","Coolheaded"],"picked":"Lockon+1","floor":35},{"not_picked":["Sweeping Beam","Doom and Gloom"],"picked":"Go for the Eyes","floor":36},{"not_picked":["Redo","Tempest"],"picked":"Go for the Eyes+1","floor":37},{"not_picked":["Rebound","Auto Shields"],"picked":"Double Energy","floor":38},{"not_picked":["Auto Shields+1","Skim"],"picked":"Lockon","floor":40},{"not_picked":["Beam Cell+1","Static Discharge+1"],"picked":"Defragment","floor":41},{"not_picked":["Turbo","Beam Cell"],"picked":"Go for the Eyes+1","floor":47}],"player_experience":662532,"relics_obtained":[{"floor":6,"key":"hubris:OldNail"},{"floor":8,"key":"Regal Pillow"},{"floor":9,"key":"Eternal Feather"},{"floor":14,"key":"The Courier"},{"floor":19,"key":"Pen Nib"},{"floor":23,"key":"Unceasing Top"},{"floor":26,"key":"Vajra"},{"floor":27,"key":"Tiny Chest"},{"floor":40,"key":"Du-Vu Doll"},{"floor":41,"key":"Girya"},{"floor":43,"key":"Frozen Egg 2"},{"floor":47,"key":"Whetstone"}],"event_choices":[{"damage_healed":0,"gold_gain":0,"player_choice":"Grow","damage_taken":0,"max_hp_gain":0,"max_hp_loss":0,"event_name":"Living Wall","floor":7,"gold_loss":0,"cards_upgraded":["Zap"]},{"damage_healed":0,"gold_gain":0,"cards_transformed":["Strike_B"],"player_choice":"Transformed","damage_taken":0,"max_hp_gain":0,"max_hp_loss":0,"event_name":"Transmorgrifier","floor":11,"gold_loss":0,"cards_obtained":["Fusion"]},{"damage_healed":0,"gold_gain":200,"player_choice":"Gold","damage_taken":0,"max_hp_gain":0,"max_hp_loss":0,"event_name":"Wheel of Change","floor":20,"gold_loss":0},{"cards_removed":["FTL"],"damage_healed":33,"gold_gain":0,"player_choice":"Offered Uncommon","damage_taken":0,"max_hp_gain":0,"max_hp_loss":0,"event_name":"Bonfire Elementals","floor":24,"gold_loss":0},{"damage_healed":0,"gold_gain":0,"player_choice":"Fight","damage_taken":0,"max_hp_gain":0,"max_hp_loss":0,"event_name":"Mysterious Sphere","floor":41,"gold_loss":0},{"damage_healed":21,"gold_gain":0,"player_choice":"Writhe","damage_taken":0,"max_hp_gain":0,"max_hp_loss":0,"event_name":"Winding Halls","floor":48,"gold_loss":0,"cards_obtained":["Writhe"]}],"is_beta":false,"boss_relics":[{"not_picked":["Snecko Eye","Fusion Hammer"],"picked":"Pandora\u0027s Box"},{"not_picked":["Empty Cage","Runic Pyramid"],"picked":"Inserter"}],"items_purged_floors":[],"is_endless":false,"potions_floor_spawned":[2,6,12,23,30,31,33,37,40,41,47],"ascension_level":12}}