{"host":"6a92uynocv4elkyp","time":1611334268,"event":{"mods":["AchievementEnabler","BaseMod","Hubris","Infinite Spire","Minty Spire (QoL Compilation)","Quick Restart","StSLib"],"gold_per_floor":[453,453,453,453,65,167,251,329,329],"floor_reached":8,"language":"ENG","playtime":382,"items_purged":[],"score":144,"play_id":"400ddbf9-50bb-40b7-b44e-76b3ac2b3748","local_time":"20210122175108","daily_mods":["SealedDeck","Heirloom","Flight","DeadlyEvents","Elite Swarm","Midas"],"is_ascension_mode":true,"campfire_choices":[],"circlet_count":0,"master_deck":["AscendersBane","BootSequence","Compile Driver","Tempest","Beam Cell","Coolheaded","Ball Lightning","Heatsinks","Double Energy","FTL","Storm+1","Self Repair","Regret","Loop","Creative AI","Fission"],"relics":["Cracked Core","Old Coin","hubris:GlazedTorus","CeramicFish","DataDisk","Calipers","hubris:PeanutButter","infinitespire:BottledMercury"],"acts_visited":["Exordium"],"potions_floor_usage":[],"damage_taken":[{"damage":0,"enemies":"2 Louse","floor":1,"turns":2},{"damage":23,"enemies":"3 Sentries","floor":6,"turns":4},{"damage":32,"enemies":"Lagavulin","floor":7,"turns":4},{"damage":24,"enemies":"3 Sentries","floor":8,"turns":4}],"seed_played":"6001392353356986606","potions_obtained":[],"is_trial":true,"path_per_floor":["M","?","?","?","$","E","E","E"],"character_chosen":"DEFECT","items_purchased":["Loop","CeramicFish","DataDisk"],"campfire_rested":0,"item_purchase_floors":[5,5,5],"current_hp_per_floor":[64,64,64,67,67,51,26,9,9],"gold":329,"neow_bonus":"","is_daily":false,"chose_seed":false,"campfire_upgraded":0,"win_rate":0.0,"timestamp":1611334268,"path_taken":["M","?","?","?","$","E","E","E"],"items_purchased_type":["Card","Relic","Relic"],"build_version":"2020-12-22","purchased_purges":0,"victory":false,"max_hp_per_floor":[71,71,71,74,74,74,74,74,74],"card_choices":[{"not_picked":["Double Energy","Barrage"],"picked":"Self Repair","floor":1},{"not_picked":["hubris:Prefetch","Meteor Strike"],"picked":"Creative AI","floor":6},{"not_picked":["hubris:SpecializedCircuitry","hubris:DoWhile"],"picked":"Fission","floor":7}],"player_experience":142176,"relics_obtained":[{"floor":6,"key":"Calipers"},{"floor":7,"key":"hubris:PeanutButter"},{"floor":8,"key":"infinitespire:BottledMercury"}],"event_choices":[{"damage_healed":0,"gold_gain":0,"player_choice":"Grow","damage_taken":0,"max_hp_gain":0,"max_hp_loss":0,"event_name":"Living Wall","floor":2,"gold_loss":0,"cards_upgraded":["Storm"]},{"damage_healed":0,"gold_gain":0,"player_choice":"Box","damage_taken":0,"relics_obtained":["hubris:GlazedTorus"],"max_hp_gain":0,"max_hp_loss":0,"event_name":"Big Fish","floor":3,"gold_loss":0,"cards_obtained":["Regret"]}],"is_beta":false,"boss_relics":[],"items_purged_floors":[],"is_endless":false,"potions_floor_spawned":[],"killed_by":"3 Sentries","ascension_level":20}}