{"host":"sc0o2qwpf9j16a4i","time":1611353142,"event":{"mods":["AchievementEnabler","BaseMod","BetterRewards","Block Reminder","Colored Map","Colored Powertips","Custom Start","Highlight Path","Minty Spire (QoL Compilation)","Relic Stats"],"gold_per_floor":[142,142,156,172,247,297,297,341,341,341,36,62,400,412,412,539,539,582,652,652,663,69,69,124,19,19,19,65,145,200,249,249,309,309,384,384,458,522,564,635,675,675,725,725,774,853,926,1020,1020,1050],"floor_reached":51,"language":"ENG","playtime":2978,"items_purged":["FlurryOfBlows"],"score":1218,"play_id":"27d50fad-498a-4ac0-bf1a-20cba857beb2","local_time":"20210123000542","daily_mods":["Shiny","Vintage","DeadlyEvents"],"is_ascension_mode":false,"campfire_choices":[{"data":"Blasphemy","floor":7.0,"key":"SMITH"},{"data":"Scrawl","floor":10.0,"key":"SMITH"},{"data":"Ragnarok","floor":15.0,"key":"SMITH"},{"data":"SpiritShield","floor":23,"key":"SMITH"},{"data":"Meditate","floor":32,"key":"SMITH"},{"data":"Establishment","floor":42,"key":"SMITH"},{"data":"DevaForm","floor":44,"key":"SMITH"}],"circlet_count":0,"master_deck":["MasterReality+1","Brilliance+1","Devotion+1","Blasphemy+1","Ragnarok+1","LessonLearned+1","Scrawl+1","Vault+1","Wish+1","Omniscience+1","Establishment+1","SpiritShield+1","DevaForm+1","DeusExMachina+1","Wireheading+1","Nirvana+1","Vault+1","EmptyFist+1","DeceiveReality+1","Meditate+1","BattleHymn+1","Protect+1","Omniscience+1"],"relics":["PureWater","Toy Ornithopter","Gambling Chip","Smiling Mask","Thread and Needle","Incense Burner","Blue Candle","Bird Faced Urn","Sundial","Old Coin","Dream Catcher","Coffee Dripper","Pear","Strawberry","Frozen Egg 2","Singing Bowl","Frozen Eye","Whetstone","InkBottle","Blood Vial","Eternal Feather","StrikeDummy","Toxic Egg 2","War Paint","Potion Belt","Runic Pyramid","Bag of Preparation","Damaru","Oddly Smooth Stone","Gremlin Horn","CeramicFish","Bronze Scales","Happy Flower","Bottled Lightning","Mummified Hand","Nunchaku","Anchor"],"acts_visited":["Exordium","TheCity","TheBeyond"],"potions_floor_usage":[18,33,50],"damage_taken":[{"damage":0.0,"enemies":"Small Slimes","floor":1.0,"turns":2.0},{"damage":6.0,"enemies":"Cultist","floor":3.0,"turns":3.0},{"damage":0.0,"enemies":"2 Louse","floor":4.0,"turns":1.0},{"damage":6.0,"enemies":"Gremlin Nob","floor":6.0,"turns":3.0},{"damage":3.0,"enemies":"Blue Slaver","floor":8.0,"turns":3.0},{"damage":0.0,"enemies":"Lagavulin","floor":12.0,"turns":5.0},{"damage":0.0,"enemies":"Exordium Thugs","floor":13.0,"turns":2.0},{"damage":1.0,"enemies":"Lots of Slimes","floor":14.0,"turns":3.0},{"damage":0.0,"enemies":"Slime Boss","floor":16.0,"turns":5.0},{"damage":8,"enemies":"Shell Parasite","floor":18,"turns":5},{"damage":3,"enemies":"Chosen","floor":19,"turns":4},{"damage":0,"enemies":"Snake Plant","floor":21,"turns":3},{"damage":0,"enemies":"Gremlin Leader","floor":24,"turns":4},{"damage":0,"enemies":"Centurion and Healer","floor":28,"turns":6},{"damage":3,"enemies":"Cultist and Chosen","floor":29,"turns":7},{"damage":1,"enemies":"Book of Stabbing","floor":30,"turns":6},{"damage":0,"enemies":"Snecko","floor":31,"turns":6},{"damage":0,"enemies":"Collector","floor":33,"turns":8},{"damage":0,"enemies":"3 Darklings","floor":35,"turns":6},{"damage":0,"enemies":"3 Shapes","floor":37,"turns":4},{"damage":1,"enemies":"Reptomancer","floor":38,"turns":5},{"damage":0,"enemies":"Sphere and 2 Shapes","floor":39,"turns":7},{"damage":0,"enemies":"Nemesis","floor":40,"turns":7},{"damage":0,"enemies":"Spire Growth","floor":41,"turns":4},{"damage":0,"enemies":"Transient","floor":45,"turns":7},{"damage":0,"enemies":"3 Darklings","floor":46,"turns":7},{"damage":0,"enemies":"Sphere and 2 Shapes","floor":47,"turns":3},{"damage":9,"enemies":"Giant Head","floor":48,"turns":4},{"damage":0,"enemies":"Donu and Deca","floor":50,"turns":4}],"seed_played":"7071186868398748102","potions_obtained":[{"floor":1.0,"key":"Explosive Potion"},{"floor":6.0,"key":"Ambrosia"},{"floor":12.0,"key":"Explosive Potion"},{"floor":13.0,"key":"FairyPotion"},{"floor":18,"key":"Ancient Potion"},{"floor":24,"key":"Dexterity Potion"},{"floor":38,"key":"PowerPotion"},{"floor":40,"key":"SteroidPotion"},{"floor":46,"key":"Weak Potion"},{"floor":47,"key":"DuplicationPotion"}],"is_trial":true,"path_per_floor":["M","?","M","M","?","E","R","M","T","R","$","E","M","M","R","B",null,"M","M","?","M","$","R","E","$","T","T","M","M","E","M","R","B",null,"M","?","M","E","M","E","M","R","T","R","M","M","M","E","R","B",null],"character_chosen":"WATCHER","items_purchased":["Bird Faced Urn","Singing Bowl","Frozen Eye","Whetstone","Meditate","BattleHymn+1"],"campfire_rested":0,"item_purchase_floors":[11,22,22,22,25,25],"current_hp_per_floor":[72,72,66,66,55,49,49,46,46,46,46,56,56,63,63,72,72,74,88,88,89,89,89,89,89,89,89,89,88,90,91,91,91,91,91,101,101,101,101,101,101,101,101,101,101,101,101,103,103,103],"gold":1050,"neow_bonus":"","is_daily":false,"chose_seed":false,"campfire_upgraded":7,"win_rate":0.0,"timestamp":1611353142,"path_taken":["M","?","M","M","?","E","R","M","T","R","?","E","?","M","R","BOSS","M","M","?","M","$","R","E","?","T","?","?","M","E","M","R","BOSS","M","?","M","?","M","E","M","R","T","R","M","M","?","E","R","BOSS"],"items_purchased_type":["Relic","Relic","Relic","Relic","Card","Card"],"build_version":"2020-12-22","purchased_purges":1,"victory":true,"max_hp_per_floor":[72,72,72,72,72,72,72,72,72,72,72,72,72,72,72,72,72,82,89,89,89,89,89,89,89,89,89,89,89,91,91,91,91,91,91,101,101,101,101,101,101,101,101,101,101,101,101,103,103,103],"relic_stats":{"Singing Bowl":4,"Gremlin Horn":[4,4],"Happy Flower":[8],"counters":[29,134],"Blue Candle":[0],"CeramicFish":9,"Eternal Feather":0,"Bag of Preparation":[20],"Whetstone":["EmptyFist","LessonLearned"],"War Paint":["Vault","Vault"],"Smiling Mask":25,"Blood Vial":2,"Dream Catcher":0,"Nunchaku":[1],"Sundial":[26],"Mummified Hand":[36],"Gambling Chip":[55],"Bird Faced Urn":[45],"Bronze Scales":[48],"obtain_stats":[{"Singing Bowl":22,"Gremlin Horn":39,"CeramicFish":40,"Incense Burner":8,"Bag of Preparation":35,"Whetstone":22,"Smiling Mask":4,"Old Coin":13,"Blood Vial":26,"Frozen Eye":22,"Dream Catcher":14,"Nunchaku":47,"Sundial":12,"Mummified Hand":46,"Gambling Chip":3,"Strawberry":19,"Toxic Egg 2":29,"InkBottle":24,"Runic Pyramid":34,"Potion Belt":31,"Pear":18,"Happy Flower":43,"Blue Candle":9,"Damaru":37,"Oddly Smooth Stone":38,"Thread and Needle":6,"Eternal Feather":27,"Frozen Egg 2":21,"War Paint":30,"Anchor":48,"Bird Faced Urn":11,"Bronze Scales":41,"Coffee Dripper":17,"Bottled Lightning":45,"PureWater":0,"StrikeDummy":28,"Toy Ornithopter":1},{"Singing Bowl":12,"Gremlin Horn":22,"CeramicFish":23,"Incense Burner":5,"Bag of Preparation":19,"Whetstone":12,"Smiling Mask":3,"Old Coin":7,"Blood Vial":13,"Frozen Eye":12,"Dream Catcher":8,"Nunchaku":27,"Sundial":6,"Mummified Hand":26,"Gambling Chip":2,"Strawberry":11,"Toxic Egg 2":15,"InkBottle":13,"Runic Pyramid":18,"Potion Belt":17,"Pear":10,"Happy Flower":24,"Blue Candle":5,"Damaru":20,"Oddly Smooth Stone":21,"Thread and Needle":4,"Eternal Feather":13,"Frozen Egg 2":12,"War Paint":16,"Anchor":28,"Bird Faced Urn":5,"Bronze Scales":24,"Coffee Dripper":9,"Bottled Lightning":25,"PureWater":0,"StrikeDummy":14,"Toy Ornithopter":1},{"Singing Bowl":39,"Gremlin Horn":98,"CeramicFish":105,"Incense Burner":12,"Bag of Preparation":82,"Whetstone":39,"Smiling Mask":6,"Old Coin":19,"Blood Vial":43,"Frozen Eye":39,"Dream Catcher":22,"Nunchaku":126,"Sundial":17,"Mummified Hand":123,"Gambling Chip":5,"Strawberry":36,"Toxic Egg 2":56,"InkBottle":43,"Runic Pyramid":76,"Potion Belt":68,"Pear":32,"Happy Flower":109,"Blue Candle":12,"Damaru":86,"Oddly Smooth Stone":91,"Thread and Needle":9,"Eternal Feather":43,"Frozen Egg 2":39,"War Paint":62,"Anchor":130,"Bird Faced Urn":12,"Bronze Scales":109,"Coffee Dripper":27,"Bottled Lightning":116,"PureWater":0,"StrikeDummy":49,"Toy Ornithopter":2}],"Toy Ornithopter":5,"InkBottle":[45]},"card_choices":[{"not_picked":["WheelKick","CutThroughFate"],"picked":"Wireheading","floor":6.0},{"not_picked":["Judgement","EmptyMind"],"picked":"Nirvana","floor":12.0},{"not_picked":["Alpha","DeusExMachina"],"picked":"Vault","floor":16.0},{"not_picked":["Evaluate","Consecrate+1"],"picked":"DeceiveReality","floor":24},{"not_picked":["JustLucky","LikeWater+1","Evaluate+1"],"picked":"Singing Bowl","floor":30},{"not_picked":["SashWhip","Evaluate+1"],"picked":"Protect+1","floor":38},{"not_picked":["FlurryOfBlows+1","SpiritShield+1"],"picked":"Omniscience+1","floor":40},{"not_picked":["Conclude","FlurryOfBlows+1","ClearTheMind+1"],"picked":"Singing Bowl","floor":48}],"player_experience":909772,"relics_obtained":[{"floor":1.0,"key":"Toy Ornithopter"},{"floor":3.0,"key":"Gambling Chip"},{"floor":4.0,"key":"Smiling Mask"},{"floor":6.0,"key":"Thread and Needle"},{"floor":8.0,"key":"Incense Burner"},{"floor":9.0,"key":"Blue Candle"},{"floor":12.0,"key":"Sundial"},{"floor":13.0,"key":"Old Coin"},{"floor":14.0,"key":"Dream Catcher"},{"floor":18,"key":"Pear"},{"floor":19,"key":"Strawberry"},{"floor":21,"key":"Frozen Egg 2"},{"floor":24,"key":"InkBottle"},{"floor":26,"key":"Blood Vial"},{"floor":27,"key":"Eternal Feather"},{"floor":28,"key":"StrikeDummy"},{"floor":29,"key":"Toxic Egg 2"},{"floor":30,"key":"War Paint"},{"floor":31,"key":"Potion Belt"},{"floor":35,"key":"Bag of Preparation"},{"floor":37,"key":"Damaru"},{"floor":38,"key":"Oddly Smooth Stone"},{"floor":39,"key":"Gremlin Horn"},{"floor":40,"key":"CeramicFish"},{"floor":41,"key":"Bronze Scales"},{"floor":43,"key":"Happy Flower"},{"floor":45,"key":"Bottled Lightning"},{"floor":46,"key":"Mummified Hand"},{"floor":47,"key":"Nunchaku"},{"floor":48,"key":"Anchor"}],"event_choices":[{"damage_healed":0.0,"max_hp_gain":0.0,"max_hp_loss":0.0,"gold_gain":0.0,"event_name":"The Cleric","player_choice":"Leave","floor":2.0,"gold_loss":0.0,"damage_taken":0.0},{"damage_healed":0.0,"max_hp_gain":0.0,"max_hp_loss":0.0,"gold_gain":75.0,"event_name":"World of Goop","player_choice":"Gather Gold","floor":5.0,"gold_loss":0.0,"damage_taken":11.0},{"damage_healed":0,"gold_gain":0,"cards_transformed":["ConjureBlade","Alpha"],"player_choice":"Became Test Subject","damage_taken":0,"max_hp_gain":0,"max_hp_loss":0,"event_name":"Drug Dealer","floor":20,"gold_loss":0,"cards_obtained":["FlurryOfBlows","EmptyFist"]},{"cards_removed":["Judgement"],"damage_healed":0,"gold_gain":0,"player_choice":"Offered Rare","damage_taken":0,"max_hp_gain":10,"max_hp_loss":0,"event_name":"Bonfire Elementals","floor":36,"gold_loss":0}],"is_beta":false,"boss_relics":[{"not_picked":["VioletLotus","HolyWater"],"picked":"Coffee Dripper"},{"not_picked":["Busted Crown","Runic Dome"],"picked":"Runic Pyramid"}],"items_purged_floors":[22],"is_endless":false,"potions_floor_spawned":[1,6,12,13,14,18,24,29,33,38,40,46,47],"ascension_level":0}}