{"host":"Kdaddybrian","time":1611349336,"event":{"mods":["AchievementEnabler","BaseMod","Bestiary","Colored Powertips","Minty Spire (QoL Compilation)","Potion Indicator Mod","Quick Restart","Rare Cards Sparkle","Relic Stats","StSLib","Uncapped"],"gold_per_floor":[116,116,38,58,73,98,98,112,112,138,138,138,138,178,178,312,312,331,350,132,145,190,190,218,230,242,282,294,369,134,209,209,321,321,379,388,477,100,141,178,178,271,271,643,726,749,749,838,838,838,838,838,146,187,187],"floor_reached":56,"language":"ENG","playtime":4390,"items_purged":["Strike_P","Strike_P","Strike_P","Strike_P+1"],"score":1561,"play_id":"806eb5ba-970f-4379-b8d0-208c37fa1895","local_time":"20210122160216","is_ascension_mode":true,"campfire_choices":[{"data":"Wish","floor":7.0,"key":"SMITH"},{"data":"Meditate","floor":11.0,"key":"SMITH"},{"data":"ThirdEye","floor":13.0,"key":"SMITH"},{"data":"Eruption","floor":15.0,"key":"SMITH"},{"floor":23.0,"key":"REST"},{"data":"Collect","floor":25.0,"key":"SMITH"},{"floor":28.0,"key":"DIG"},{"floor":32.0,"key":"DIG"},{"floor":41.0,"key":"RECALL"},{"floor":49.0,"key":"DIG"},{"floor":52.0,"key":"DIG"}],"circlet_count":0,"master_deck":["Defend_P","Defend_P","Defend_P","Defend_P","Eruption+1","Vigilance","ThirdEye+1","ReachHeaven","CutThroughFate","Wish+1","Tantrum","Meditate+1","WheelKick+1","DeusExMachina","Indignation+1","Conclude+1","BattleHymn","EmptyBody","Collect+1","Scrawl","Omniscience","LikeWater","Swivel+1","InnerPeace","LikeWater","SpiritShield","Wallop","Secret Technique","ClearTheMind","Master of Strategy","LikeWater","LikeWater+1","EmptyFist+1","ClearTheMind+1","Pray","Protect+1"],"relics":["PureWater","Ancient Tea Set","Ice Cream","Eternal Feather","Ornamental Fan","Snecko Eye","Orrery","MawBank","Shovel","Smiling Mask","Nunchaku","Incense Burner","Melange","CeramicFish","Coffee Dripper","Bag of Marbles","Whetstone","Sundial","Old Coin","Anchor","TungstenRod","Vajra","Shuriken","Bag of Preparation","Centennial Puzzle","TheAbacus","HornCleat"],"acts_visited":["Exordium","TheCity","TheBeyond","TheEnding"],"potions_floor_usage":[55,55,55],"damage_taken":[{"damage":2.0,"enemies":"Cultist","floor":1.0,"turns":5.0},{"damage":0.0,"enemies":"2 Louse","floor":4.0,"turns":3.0},{"damage":0.0,"enemies":"Small Slimes","floor":5.0,"turns":2.0},{"damage":24.0,"enemies":"Lagavulin","floor":6.0,"turns":4.0},{"damage":0.0,"enemies":"Exordium Wildlife","floor":8.0,"turns":2.0},{"damage":1.0,"enemies":"Gremlin Nob","floor":10.0,"turns":3.0},{"damage":16.0,"enemies":"Blue Slaver","floor":14.0,"turns":3.0},{"damage":36.0,"enemies":"Slime Boss","floor":16.0,"turns":7.0},{"damage":2.0,"enemies":"Shell Parasite","floor":18.0,"turns":5.0},{"damage":8.0,"enemies":"Spheric Guardian","floor":19.0,"turns":4.0},{"damage":22.0,"enemies":"Snake Plant","floor":21.0,"turns":3.0},{"damage":6.0,"enemies":"Centurion and Healer","floor":22.0,"turns":3.0},{"damage":3.0,"enemies":"Slavers","floor":24.0,"turns":4.0},{"damage":6.0,"enemies":"Book of Stabbing","floor":27.0,"turns":4.0},{"damage":8.0,"enemies":"Slavers","floor":29.0,"turns":3.0},{"damage":0.0,"enemies":"Snecko","floor":31.0,"turns":4.0},{"damage":3.0,"enemies":"Champ","floor":33.0,"turns":7.0},{"damage":9.0,"enemies":"Orb Walker","floor":35.0,"turns":5.0},{"damage":3.0,"enemies":"3 Darklings","floor":37.0,"turns":4.0},{"damage":4.0,"enemies":"Spire Growth","floor":39.0,"turns":4.0},{"damage":0.0,"enemies":"Reptomancer","floor":40.0,"turns":5.0},{"damage":16.0,"enemies":"Nemesis","floor":42.0,"turns":7.0},{"damage":1.0,"enemies":"Reptomancer","floor":44.0,"turns":5.0},{"damage":2.0,"enemies":"4 Shapes","floor":45.0,"turns":4.0},{"damage":0.0,"enemies":"Mind Bloom Boss Battle","floor":48.0,"turns":3.0},{"damage":0.0,"enemies":"Time Eater","floor":50.0,"turns":8.0},{"damage":0.0,"enemies":"Shield and Spear","floor":54.0,"turns":7.0},{"damage":27,"enemies":"The Heart","floor":55,"turns":8}],"seed_played":"-3322648395653163406","potions_obtained":[{"floor":0.0,"key":"SneckoOil"},{"floor":0.0,"key":"Weak Potion"},{"floor":0.0,"key":"SteroidPotion"},{"floor":6.0,"key":"SteroidPotion"},{"floor":8.0,"key":"AttackPotion"},{"floor":10.0,"key":"BlessingOfTheForge"},{"floor":21.0,"key":"Block Potion"},{"floor":22.0,"key":"Explosive Potion"},{"floor":27.0,"key":"SkillPotion"},{"floor":29.0,"key":"StancePotion"},{"floor":35.0,"key":"LiquidMemories"},{"floor":48.0,"key":"LiquidBronze"},{"floor":54.0,"key":"LiquidBronze"}],"is_trial":false,"path_per_floor":["M","?","$","M","M","E","R","M","T","E","R","?","R","M","R","B",null,"M","M","$","M","M","R","E","R","T","E","R","E","$","M","R","B",null,"M","?","M","$","M","E","R","E","T","E","M","T","?","?","R","B",null,"R","$","E","B",null],"character_chosen":"WATCHER","items_purchased":["ReachHeaven","Orrery","PowerPotion","Melange","Bag of Marbles","Master of Strategy","Bag of Preparation","BlessingOfTheForge","Centennial Puzzle","Pray","DuplicationPotion","TheAbacus"],"campfire_rested":1,"item_purchase_floors":[3,20,30,30,38,38,53,53,53,53,53,53],"current_hp_per_floor":[70,63,63,63,63,39,39,39,39,38,47,71,72,56,65,29,72,70,62,62,40,34,70,67,72,72,66,72,64,64,64,72,69,72,63,53,50,50,46,46,64,48,48,47,45,45,45,45,66,66,68,68,68,68,41],"gold":187,"neow_bonus":"THREE_SMALL_POTIONS","is_daily":false,"chose_seed":false,"campfire_upgraded":5,"win_rate":0.0,"timestamp":1611349336,"path_taken":["M","?","$","M","M","E","R","M","T","E","R","?","R","M","R","BOSS","M","M","$","M","M","R","E","R","T","E","R","E","$","M","R","BOSS","M","?","M","$","M","E","R","E","T","E","M","?","?","?","R","BOSS","R","$","E","BOSS"],"items_purchased_type":["Card","Relic","Potion","Relic","Relic","Card","Relic","Potion","Relic","Card","Potion","Relic"],"build_version":"2020-12-18","purchased_purges":4,"victory":true,"max_hp_per_floor":[72,72,72,72,72,72,72,72,72,72,72,72,72,72,72,72,72,72,72,72,72,72,72,72,72,72,72,72,72,72,72,72,72,72,72,72,72,72,72,72,72,72,72,72,72,72,68,68,68,68,68,68,68,68,68],"relic_stats":{"counters":[28,126],"CeramicFish":99,"Melange":[54],"Eternal Feather":92,"Bag of Preparation":[3],"Whetstone":["Strike_P","WheelKick"],"MawBank":72,"Smiling Mask":225,"Nunchaku":[18],"Centennial Puzzle":[3],"Shovel":4,"TheAbacus":[24],"Ornamental Fan":[200],"Sundial":[4],"Shuriken":[8],"Snecko Eye":[199,210,199,190],"obtain_stats":[{"Ice Cream":6,"CeramicFish":32,"Melange":30,"Vajra":49,"Incense Burner":29,"Bag of Preparation":53,"Whetstone":40,"Ancient Tea Set":2,"Smiling Mask":27,"Old Coin":44,"Nunchaku":28,"Centennial Puzzle":53,"Shovel":26,"TheAbacus":53,"HornCleat":54,"Sundial":42,"Eternal Feather":9,"MawBank":24,"Anchor":46,"Ornamental Fan":10,"Shuriken":52,"Snecko Eye":17,"Orrery":20,"Coffee Dripper":34,"Bag of Marbles":38,"PureWater":0,"TungstenRod":48},{"Ice Cream":4,"CeramicFish":16,"Melange":15,"Vajra":25,"Incense Burner":15,"Bag of Preparation":26,"Whetstone":21,"Ancient Tea Set":1,"Smiling Mask":14,"Old Coin":23,"Nunchaku":14,"Centennial Puzzle":26,"Shovel":13,"TheAbacus":26,"HornCleat":27,"Sundial":22,"Eternal Feather":5,"MawBank":13,"Anchor":24,"Ornamental Fan":6,"Shuriken":26,"Snecko Eye":8,"Orrery":10,"Coffee Dripper":17,"Bag of Marbles":19,"PureWater":0,"TungstenRod":25},{"Ice Cream":14,"CeramicFish":59,"Melange":55,"Vajra":103,"Incense Burner":55,"Bag of Preparation":111,"Whetstone":84,"Ancient Tea Set":5,"Smiling Mask":52,"Old Coin":96,"Nunchaku":52,"Centennial Puzzle":111,"Shovel":48,"TheAbacus":111,"HornCleat":118,"Sundial":91,"Eternal Feather":16,"MawBank":48,"Anchor":100,"Ornamental Fan":19,"Shuriken":111,"Snecko Eye":29,"Orrery":38,"Coffee Dripper":66,"Bag of Marbles":75,"PureWater":0,"TungstenRod":103}],"TungstenRod":13},"card_choices":[{"not_picked":["Study","WreathOfFlame"],"picked":"ThirdEye","floor":1.0},{"not_picked":["EmptyBody","Protect"],"picked":"CutThroughFate","floor":4.0},{"not_picked":["Halt","ClearTheMind"],"picked":"Wish","floor":5.0},{"not_picked":["Prostrate","Sanctity","Perseverance"],"picked":"SKIP","floor":6.0},{"not_picked":["FollowUp","ReachHeaven"],"picked":"Tantrum","floor":8.0},{"not_picked":["Judgement","Protect"],"picked":"Meditate","floor":10.0},{"not_picked":["BowlingBash","FollowUp"],"picked":"WheelKick","floor":14.0},{"not_picked":["Vault","MasterReality"],"picked":"DeusExMachina","floor":16.0},{"not_picked":["EmptyBody","Swivel+1"],"picked":"Indignation+1","floor":18.0},{"not_picked":["WheelKick","TalkToTheHand+1"],"picked":"Conclude+1","floor":19.0},{"not_picked":["PathToVictory","MasterReality"],"picked":"BattleHymn","floor":20.0},{"not_picked":["Consecrate","Crescendo"],"picked":"EmptyBody","floor":20.0},{"not_picked":["WreathOfFlame+1","Conclude"],"picked":"Collect","floor":20.0},{"not_picked":["ThirdEye","Sanctity"],"picked":"Scrawl","floor":20.0},{"not_picked":["JustLucky+1","Prostrate"],"picked":"Omniscience","floor":20.0},{"not_picked":["ClearTheMind","Crescendo","CrushJoints+1"],"picked":"SKIP","floor":21.0},{"not_picked":["ForeignInfluence","ReachHeaven"],"picked":"LikeWater","floor":22.0},{"not_picked":["CrushJoints","Evaluate","Prostrate+1"],"picked":"SKIP","floor":24.0},{"not_picked":["FollowUp+1","Judgement"],"picked":"Swivel+1","floor":27.0},{"not_picked":["Prostrate","EmptyFist"],"picked":"InnerPeace","floor":29.0},{"not_picked":["Meditate","BowlingBash"],"picked":"LikeWater","floor":31.0},{"not_picked":["Alpha","Scrawl"],"picked":"SpiritShield","floor":33.0},{"not_picked":["Halt+1","MentalFortress+1"],"picked":"Wallop","floor":35.0},{"not_picked":["Forethought","Sadistic Nature"],"picked":"Secret Technique","floor":36.0},{"not_picked":["WindmillStrike+1","ThirdEye"],"picked":"ClearTheMind","floor":37.0},{"not_picked":["Vengeance","SignatureMove+1","Pray+1"],"picked":"SKIP","floor":39.0},{"not_picked":["FlyingSleeves+1","JustLucky"],"picked":"LikeWater","floor":40.0},{"not_picked":["BowlingBash","Fasting2+1","JustLucky+1"],"picked":"SKIP","floor":42.0},{"not_picked":["Establishment","Evaluate"],"picked":"LikeWater+1","floor":44.0},{"not_picked":["CrushJoints","Prostrate"],"picked":"EmptyFist+1","floor":45.0},{"not_picked":["Consecrate+1","SandsOfTime"],"picked":"ClearTheMind+1","floor":48.0},{"not_picked":["EmptyFist+1","Crescendo"],"picked":"Protect+1","floor":54.0}],"player_experience":2973366,"relics_obtained":[{"floor":6.0,"key":"Ice Cream"},{"floor":9.0,"key":"Eternal Feather"},{"floor":10.0,"key":"Ornamental Fan"},{"floor":24.0,"key":"MawBank"},{"floor":26.0,"key":"Shovel"},{"floor":27.0,"key":"Smiling Mask"},{"floor":28.0,"key":"Nunchaku"},{"floor":29.0,"key":"Incense Burner"},{"floor":32.0,"key":"CeramicFish"},{"floor":40.0,"key":"Whetstone"},{"floor":42.0,"key":"Sundial"},{"floor":44.0,"key":"Old Coin"},{"floor":46.0,"key":"Anchor"},{"floor":48.0,"key":"TungstenRod"},{"floor":49.0,"key":"Vajra"},{"floor":52.0,"key":"Shuriken"},{"floor":54.0,"key":"HornCleat"}],"event_choices":[{"damage_healed":0.0,"max_hp_gain":0.0,"max_hp_loss":0.0,"gold_gain":0.0,"event_name":"Scrap Ooze","player_choice":"Success","floor":2.0,"gold_loss":0.0,"damage_taken":7.0,"relics_obtained":["Ancient Tea Set"]},{"damage_healed":24.0,"max_hp_gain":0.0,"max_hp_loss":0.0,"gold_gain":0.0,"event_name":"Big Fish","player_choice":"Banana","floor":12.0,"gold_loss":0.0,"damage_taken":0.0},{"damage_healed":0.0,"max_hp_gain":0.0,"max_hp_loss":0.0,"gold_gain":0.0,"event_name":"SensoryStone","player_choice":"Memory 3","floor":36.0,"gold_loss":0.0,"damage_taken":10.0},{"damage_healed":0.0,"max_hp_gain":0.0,"max_hp_loss":4.0,"gold_gain":0.0,"event_name":"Winding Halls","player_choice":"Max HP","floor":47.0,"gold_loss":0.0,"damage_taken":0.0},{"damage_healed":0.0,"max_hp_gain":0.0,"max_hp_loss":0.0,"gold_gain":0.0,"event_name":"MindBloom","player_choice":"Fight","floor":48.0,"gold_loss":0.0,"damage_taken":0.0}],"is_beta":true,"boss_relics":[{"not_picked":["Pandora\u0027s Box","Calling Bell"],"picked":"Snecko Eye"},{"not_picked":["Cursed Key","Sozu"],"picked":"Coffee Dripper"}],"items_purged_floors":[20,30,38,53],"is_endless":false,"potions_floor_spawned":[6,8,10,16,21,22,27,29,35,39,48,54],"ascension_level":2}}