{"host":"ibckqdmmf9y74ymf","time":1611338113,"event":{"mods":["2.2 Compatiblity","BaseMod","Colored Map","Curses Come First","Highlight Path","Minty Spire (QoL Compilation)","Quick Restart","Rare Cards Sparkle","Relic Stats","StSLib"],"gold_per_floor":[117,117,132,144,144,172,172,206,206,206,222,249,273,273,273,346,346,360,244,244,255,435,435,435,435,435,159,192,229,429,486,486,563,563,611,611,611,611],"floor_reached":37,"language":"ENG","playtime":1396,"items_purged":["Strike_P"],"score":1042,"play_id":"a8c62e59-1973-4c6a-993c-59df362eea10","local_time":"20210122185513","is_ascension_mode":true,"campfire_choices":[{"floor":7.0,"key":"REST"},{"data":"Scrawl","floor":10.0,"key":"SMITH"},{"floor":15.0,"key":"REST"},{"floor":23.0,"key":"REST"},{"data":"ForeignInfluence","floor":25.0,"key":"SMITH"},{"data":"Wish","floor":32.0,"key":"SMITH"}],"circlet_count":0,"master_deck":["AscendersBane","Strike_P","Strike_P","Defend_P","Defend_P","Defend_P","Eruption","Vigilance","Vengeance","EmptyFist","CarveReality","Scrawl+1","Meditate","ThirdEye","BowlingBash","ForeignInfluence+1","Blasphemy","Protect","FearNoEvil","Wish+1","TalkToTheHand","Omniscience"],"relics":["Sozu","Darkstone Periapt","Mercury Hourglass","Juzu Bracelet","Bottled Lightning","Potion Belt","Odd Mushroom","VioletLotus","HornCleat","MutagenicStrength","Pantograph","Akabeko","Omamori","Tiny Chest","Black Star"],"acts_visited":["Exordium","TheCity","TheBeyond"],"potions_floor_usage":[],"damage_taken":[{"damage":0.0,"enemies":"Small Slimes","floor":1.0,"turns":2.0},{"damage":7.0,"enemies":"Jaw Worm","floor":3.0,"turns":2.0},{"damage":0.0,"enemies":"2 Louse","floor":4.0,"turns":2.0},{"damage":2.0,"enemies":"Lagavulin","floor":6.0,"turns":4.0},{"damage":0.0,"enemies":"Gremlin Nob","floor":8.0,"turns":2.0},{"damage":0.0,"enemies":"Gremlin Gang","floor":11.0,"turns":3.0},{"damage":26.0,"enemies":"3 Sentries","floor":12.0,"turns":6.0},{"damage":2.0,"enemies":"The Mushroom Lair","floor":13.0,"turns":3.0},{"damage":0.0,"enemies":"Slime Boss","floor":16.0,"turns":5.0},{"damage":1.0,"enemies":"Shell Parasite","floor":18.0,"turns":2.0},{"damage":0.0,"enemies":"3 Byrds","floor":21.0,"turns":3.0},{"damage":0.0,"enemies":"Book of Stabbing","floor":28.0,"turns":1.0},{"damage":0.0,"enemies":"Centurion and Healer","floor":29.0,"turns":3.0},{"damage":2.0,"enemies":"Slavers","floor":31.0,"turns":5.0},{"damage":42.0,"enemies":"Automaton","floor":33.0,"turns":8.0},{"damage":5.0,"enemies":"3 Shapes","floor":35.0,"turns":10.0},{"damage":30,"enemies":"3 Darklings","floor":37,"turns":4}],"seed_played":"-1618672663464089178","potions_obtained":[],"is_trial":false,"path_per_floor":["M","?","M","M","?","E","R","E","T","R","M","E","?","?","R","B",null,"M","?","?","M","?","R","?","R","T","$","E","M","?","E","R","B",null,"M","?","M"],"character_chosen":"WATCHER","items_purchased":["FearNoEvil","Akabeko"],"campfire_rested":3,"item_purchase_floors":[27,27],"current_hp_per_floor":[61,54,47,47,21,19,39,39,39,39,39,13,11,11,31,31,59,58,58,39,39,20,41,41,41,41,41,41,41,41,39,39,22,60,55,55,25,25],"gold":611,"neow_bonus":"BOSS_RELIC","is_daily":false,"chose_seed":false,"campfire_upgraded":3,"win_rate":0.0,"timestamp":1611338113,"path_taken":["M","?","M","M","?","E","R","E","T","R","M","E","?","?","R","BOSS","M","?","?","M","?","R","?","R","T","$","E","M","?","E","R","BOSS","M","?","M"],"items_purchased_type":["Card","Relic"],"build_version":"2020-12-22","purchased_purges":1,"victory":false,"max_hp_per_floor":[68,68,68,68,68,68,68,68,68,68,68,68,68,68,68,68,68,68,68,73,73,73,73,73,73,73,73,73,73,73,73,73,73,73,73,73,73,73],"relic_stats":{"Sozu":6,"Darkstone Periapt":0,"counters":[17,63],"Pantograph":25,"Tiny Chest":0,"VioletLotus":[12],"Juzu Bracelet":3,"Black Star":0,"obtain_stats":[{"Darkstone Periapt":5,"Potion Belt":12,"Juzu Bracelet":8,"Omamori":28,"Odd Mushroom":13,"Akabeko":27,"Mercury Hourglass":6,"Sozu":0,"HornCleat":19,"MutagenicStrength":24,"Pantograph":26,"Tiny Chest":31,"VioletLotus":17,"Black Star":34,"Bottled Lightning":9,"PureWater":0},{"Darkstone Periapt":3,"Potion Belt":7,"Juzu Bracelet":5,"Omamori":12,"Odd Mushroom":8,"Akabeko":11,"Mercury Hourglass":4,"Sozu":0,"HornCleat":10,"MutagenicStrength":11,"Pantograph":11,"Tiny Chest":14,"VioletLotus":9,"Black Star":15,"Bottled Lightning":5,"PureWater":0},{"Darkstone Periapt":6,"Potion Belt":21,"Juzu Bracelet":12,"Omamori":34,"Odd Mushroom":24,"Akabeko":33,"Mercury Hourglass":10,"Sozu":0,"HornCleat":30,"MutagenicStrength":33,"Pantograph":33,"Tiny Chest":42,"VioletLotus":28,"Black Star":50,"Bottled Lightning":12,"PureWater":0}],"Mercury Hourglass":[243]},"card_choices":[{"not_picked":["PathToVictory","Crescendo"],"picked":"Vengeance","floor":1.0},{"not_picked":["Crescendo","SandsOfTime"],"picked":"EmptyFist","floor":3.0},{"not_picked":["Crescendo","SashWhip"],"picked":"CarveReality","floor":4.0},{"not_picked":["Adaptation","Indignation"],"picked":"Scrawl","floor":6.0},{"not_picked":["EmptyMind","Evaluate"],"picked":"Meditate","floor":8.0},{"not_picked":["CutThroughFate","MentalFortress"],"picked":"ThirdEye","floor":11.0},{"not_picked":["CrushJoints","CarveReality"],"picked":"BowlingBash","floor":12.0},{"not_picked":["Study","EmptyFist"],"picked":"ForeignInfluence","floor":13.0},{"not_picked":["ConjureBlade","Vault"],"picked":"Blasphemy","floor":16.0},{"not_picked":["InnerPeace","Consecrate+1","CutThroughFate"],"picked":"SKIP","floor":18.0},{"not_picked":["SignatureMove","ThirdEye"],"picked":"Protect","floor":21.0},{"not_picked":["EmptyFist","SandsOfTime+1"],"picked":"Wish","floor":28.0},{"not_picked":["Consecrate","Fasting2","Protect"],"picked":"SKIP","floor":29.0},{"not_picked":["Halt","WreathOfFlame"],"picked":"TalkToTheHand","floor":31.0},{"not_picked":["Wish","Brilliance"],"picked":"Omniscience","floor":33.0},{"not_picked":["ClearTheMind","ForeignInfluence","EmptyFist"],"picked":"SKIP","floor":35.0}],"player_experience":650453,"relics_obtained":[{"floor":6.0,"key":"Mercury Hourglass"},{"floor":8.0,"key":"Juzu Bracelet"},{"floor":9.0,"key":"Bottled Lightning"},{"floor":12.0,"key":"Potion Belt"},{"floor":13.0,"key":"Odd Mushroom"},{"floor":26.0,"key":"Pantograph"},{"floor":28.0,"key":"Omamori"},{"floor":31.0,"key":"Tiny Chest"}],"event_choices":[{"cards_removed":["Defend_P"],"damage_healed":0.0,"max_hp_gain":0.0,"max_hp_loss":0.0,"gold_gain":0.0,"event_name":"Golden Wing","player_choice":"Card Removal","floor":2.0,"gold_loss":0.0,"damage_taken":7.0},{"damage_healed":0.0,"max_hp_gain":0.0,"max_hp_loss":0.0,"gold_gain":0.0,"event_name":"Scrap Ooze","player_choice":"Success","floor":5.0,"gold_loss":0.0,"damage_taken":26.0,"relics_obtained":["Darkstone Periapt"]},{"damage_healed":0.0,"max_hp_gain":0.0,"max_hp_loss":0.0,"gold_gain":0.0,"event_name":"Mushrooms","player_choice":"Fought Mushrooms","floor":13.0,"gold_loss":0.0,"damage_taken":0.0},{"cards_removed":["Strike_P"],"damage_healed":0.0,"max_hp_gain":0.0,"max_hp_loss":0.0,"gold_gain":0.0,"event_name":"Bonfire Elementals","player_choice":"Offered Basic","floor":14.0,"gold_loss":0.0,"damage_taken":0.0},{"damage_healed":0.0,"max_hp_gain":0.0,"max_hp_loss":0.0,"gold_gain":0.0,"event_name":"WeMeetAgain","player_choice":"Paid Gold","floor":19.0,"gold_loss":116.0,"damage_taken":0.0,"relics_obtained":["HornCleat"]},{"damage_healed":0.0,"max_hp_gain":5.0,"max_hp_loss":0.0,"gold_gain":0.0,"event_name":"Forgotten Altar","player_choice":"Shed Blood","floor":20.0,"gold_loss":0.0,"damage_taken":24.0},{"damage_healed":0.0,"max_hp_gain":0.0,"max_hp_loss":0.0,"gold_gain":180.0,"event_name":"Knowing Skull","player_choice":"GOLD GOLD ","floor":22.0,"potions_obtained":[],"gold_loss":0.0,"damage_taken":19.0,"cards_obtained":[]},{"damage_healed":0.0,"max_hp_gain":0.0,"max_hp_loss":0.0,"gold_gain":0.0,"event_name":"Drug Dealer","player_choice":"Inject Mutagens","floor":24.0,"gold_loss":0.0,"damage_taken":0.0,"relics_obtained":["MutagenicStrength"]},{"damage_healed":0.0,"max_hp_gain":0.0,"max_hp_loss":0.0,"gold_gain":200.0,"event_name":"Wheel of Change","player_choice":"Gold","floor":30.0,"gold_loss":0.0,"damage_taken":0.0},{"damage_healed":0.0,"max_hp_gain":0.0,"max_hp_loss":0.0,"gold_gain":0.0,"event_name":"SensoryStone","player_choice":"Memory 1","floor":36.0,"gold_loss":0.0,"damage_taken":0.0}],"is_beta":false,"boss_relics":[{"not_picked":["Coffee Dripper","Fusion Hammer"],"picked":"VioletLotus"},{"not_picked":["Pandora\u0027s Box","Empty Cage"],"picked":"Black Star"}],"items_purged_floors":[27],"is_endless":false,"potions_floor_spawned":[6,8,12,16,18,29],"killed_by":"3 Darklings","ascension_level":20}}