{"host":"gfmw02tnhhvp9jba","time":1611316953,"event":{"mods":["AchievementEnabler","BaseMod","Colored Map","Downfall","Highlight Path","Minty Spire (QoL Compilation)","StSLib"],"gold_per_floor":[99,110,110,110,125,180,180,180,199,231,258,258,40,50,61,166,166,166,184,200,220,49,63,112,122,155,168,168,195,95,126,140,240,240,240,251,251,251,270,270,325,325,351,251,251,251,251],"floor_reached":45,"language":"ENG","playtime":3711,"items_purged":[],"score":533,"play_id":"669fb4d0-68d4-472c-a549-2bcae87fb0eb","local_time":"20210122130233","is_ascension_mode":false,"campfire_choices":[{"data":"Slimebound:Split","floor":1,"key":"SMITH"},{"floor":12,"key":"REST"},{"floor":18,"key":"RECALL"},{"data":"Slimebound:WasteNot","floor":30,"key":"SMITH"},{"data":"Slimebound:LevelUp","floor":35,"key":"SMITH"},{"floor":44,"key":"REST"}],"circlet_count":0,"master_deck":["Slimebound:Tackle","Slimebound:Defend_Slimebound","Slimebound:Defend_Slimebound","Slimebound:Defend_Slimebound","Slimebound:Split+1","Slimebound:CorrosiveSpit","Slimebound:PressTheAttack+1","Slimebound:GoopSpray","Slimebound:LeechLife+1","Slimebound:Nibble+1","Slimebound:LevelUp+1","Slimebound:SplitLeeching","Slimebound:SamplingLick","Slimebound:Replication","Slimebound:SplitLeeching","Slimebound:WasteNot+1","Slimebound:RejuvenatingLick+1","Slimebound:SamplingLick","Slimebound:AcidTongue","Slimebound:Gluttony","Slimebound:SamplingLick+1","Slimebound:RejuvenatingLick+1","Slimebound:Nibble+1","Bite+1","Bite+1","Bite+1","Bite+1","Slimebound:SplitMire","Slimebound:SplitLeeching","Slimebound:MassRepurpose","expansioncontent:PolyBeam+1","expansioncontent:Hexaburn","expansioncontent:AwakenDeath"],"relics":["Slimebound:AbsorbEndCombatUpgraded","Molten Egg 2","Oddly Smooth Stone","Question Card","Nunchaku","Art of War","Anchor","Sozu","Lee\u0027s Waffle","Juzu Bracelet","MealTicket","Bird Faced Urn","downfall:HeartBlessingRed","Red Mask","Smiling Mask","Meat on the Bone","downfall:HeartBlessingGreen"],"acts_visited":["Exordium","TheCity","TheBeyond"],"potions_floor_usage":[31],"damage_taken":[{"damage":5,"enemies":"2 Louse","floor":2,"turns":2},{"damage":8,"enemies":"Small Slimes","floor":5,"turns":3},{"damage":30,"enemies":"Lagavulin Event","floor":6,"turns":4},{"damage":0,"enemies":"Cultist","floor":9,"turns":3},{"damage":22,"enemies":"Gremlin Nob","floor":10,"turns":5},{"damage":7,"enemies":"downfall:FleeingMerchant","floor":13,"turns":4},{"damage":0,"enemies":"Blue Slaver","floor":14,"turns":4},{"damage":0,"enemies":"2 Fungi Beasts","floor":15,"turns":2},{"damage":18,"enemies":"WA_ARCHETYPE_RETAIN","floor":16,"turns":8},{"damage":14,"enemies":"Spheric Guardian","floor":19,"turns":4},{"damage":58,"enemies":"Cultist and Chosen","floor":20,"turns":7},{"damage":7,"enemies":"Snake Plant","floor":21,"turns":3},{"damage":12,"enemies":"downfall:FleeingMerchant","floor":22,"turns":4},{"damage":22,"enemies":"Snecko","floor":23,"turns":5},{"damage":13,"enemies":"Centurion and Healer","floor":25,"turns":5},{"damage":9,"enemies":"Book of Stabbing","floor":26,"turns":6},{"damage":37,"enemies":"Chosen and Byrds","floor":27,"turns":7},{"damage":21,"enemies":"Slavers","floor":29,"turns":6},{"damage":19,"enemies":"Masked Bandits","floor":31,"turns":3},{"damage":35,"enemies":"3 Cultists","floor":32,"turns":5},{"damage":39,"enemies":"IC_MUSHROOM_ARCHETYPE","floor":33,"turns":8},{"damage":14,"enemies":"3 Darklings","floor":36,"turns":6},{"damage":22,"enemies":"Orb Walker","floor":39,"turns":4},{"damage":58,"enemies":"Reptomancer","floor":43,"turns":6},{"damage":39,"enemies":"2 Orb Walkers","floor":45,"turns":2}],"seed_played":"-3630358559291479299","potions_obtained":[{"floor":5,"key":"BlessingOfTheForge"},{"floor":6,"key":"Explosive Potion"},{"floor":15,"key":"SneckoOil"},{"floor":16,"key":"BlessingOfTheForge"}],"is_trial":false,"path_per_floor":["R","M","?","?","M","?","T","?","M","E","T","R","$","M","M","B",null,"R","M","M","M","$","M","T","M","E","M","?","E","R","?","M","B",null,"R","M","?","?","M","?","T","?","E","R","?"],"character_chosen":"SLIMEBOUND","items_purchased":["Slimebound:SamplingLick","Anchor","Lee\u0027s Waffle"],"campfire_rested":2,"item_purchase_floors":[13,13,22],"current_hp_per_floor":[71,66,48,48,42,20,20,20,37,32,32,53,52,54,62,52,71,71,61,16,21,78,62,62,78,76,41,41,54,54,42,54,32,54,54,54,54,44,48,47,47,47,3,17,0,0,0],"gold":251,"neow_bonus":"TEN_PERCENT_HP_BONUS","is_daily":false,"chose_seed":false,"campfire_upgraded":3,"win_rate":0.0,"timestamp":1611316953,"path_taken":["R","M","?","?","?","?","T","?","M","E","?","R","?","M","M","BOSS","R","M","M","M","$","M","T","M","E","M","?","E","R","?","M","BOSS","R","M","?","?","M","?","T","?","E","R","?"],"items_purchased_type":["Card","Relic","Relic"],"build_version":"2020-12-22","purchased_purges":0,"victory":false,"max_hp_per_floor":[71,71,71,71,71,71,71,71,71,71,71,71,71,71,71,71,71,71,71,71,71,78,78,78,78,78,78,54,54,54,54,54,54,54,54,54,54,54,54,47,47,47,47,47,47,47,47],"card_choices":[{"not_picked":["Slimebound:ComboTackle","Slimebound:Gluttony"],"picked":"Slimebound:PressTheAttack","floor":2},{"not_picked":["Slimebound:LeechEnergy+1","Slimebound:SplitMire"],"picked":"Slimebound:GoopSpray","floor":5},{"not_picked":["Slimebound:GoopTackle+1","Slimebound:SlimeSpikes"],"picked":"Slimebound:LeechLife+1","floor":6},{"not_picked":["Slimebound:Chomp+1","Slimebound:SlimeSpikes","Slimebound:GoopSpray"],"picked":"Slimebound:Nibble+1","floor":9},{"not_picked":["Slimebound:GoopSpray","Slimebound:RollThrough+1","Slimebound:RainOfGoop"],"picked":"Slimebound:LevelUp","floor":10},{"not_picked":["Slimebound:SamplingLick","Slimebound:Schlurp","Slimebound:BestDefense"],"picked":"Slimebound:SplitLeeching","floor":13},{"not_picked":["Slimebound:RejuvenatingLick","Slimebound:SplitBruiser","Slimebound:SplitAcid"],"picked":"Slimebound:Replication","floor":14},{"not_picked":["Slimebound:LeechLife+1","Slimebound:Gluttony","Slimebound:SamplingLick"],"picked":"Slimebound:SplitLeeching","floor":15},{"not_picked":["Slimebound:SelfFormingGoo","Slimebound:RallyTheTroops+1","Slimebound:Teamwork"],"picked":"Slimebound:WasteNot","floor":16},{"not_picked":["Slimebound:SlimeBarrage+1","Slimebound:SpikyOuterGoop","Slimebound:Schlurp"],"picked":"Slimebound:RejuvenatingLick+1","floor":19},{"not_picked":["Slimebound:Chomp+1","Slimebound:SplitAcid+1","Slimebound:LeechingTouch+1"],"picked":"Slimebound:SamplingLick","floor":20},{"not_picked":["Slimebound:Dissolve","Slimebound:SplitBruiser","Slimebound:SplitAcid"],"picked":"Slimebound:AcidTongue","floor":21},{"not_picked":["Slimebound:RejuvenatingLick+1","Slimebound:LivingWall+1","Slimebound:SamplingLick+1"],"picked":"Slimebound:Gluttony","floor":22},{"not_picked":["Slimebound:Gluttony+1","Slimebound:Replication+1","Slimebound:WasteNot"],"picked":"Slimebound:SamplingLick+1","floor":23},{"not_picked":["Slimebound:ForwardTackle+1","Slimebound:LeadByExample+1","Slimebound:Repurpose"],"picked":"Slimebound:RejuvenatingLick+1","floor":25},{"not_picked":["Slimebound:SplitLeeching","Slimebound:SamplingLick","Slimebound:RainOfGoop"],"picked":"Slimebound:Nibble+1","floor":26},{"not_picked":["Slimebound:GoopSpray","Slimebound:RollThrough+1","Slimebound:RainOfGoop","Slimebound:BestDefense"],"picked":"SKIP","floor":27},{"not_picked":["Slimebound:GrowthPunch+1","Slimebound:Nibble+1","Slimebound:AcidTongue"],"picked":"Slimebound:SplitMire","floor":29},{"not_picked":["Slimebound:Equalize+1","Slimebound:LeechingTouch+1","Slimebound:SplitAcid"],"picked":"Slimebound:SplitLeeching","floor":32},{"not_picked":["Slimebound:MassFeed+1","Slimebound:Teamwork","Slimebound:MinionMaster"],"picked":"Slimebound:MassRepurpose","floor":33},{"not_picked":["Slimebound:ForwardTackle+1","Slimebound:GoopSpray+1","Slimebound:LivingWall+1","Slimebound:LeechEnergy+1"],"picked":"SKIP","floor":36},{"not_picked":["expansioncontent:YouAreMine","expansioncontent:HyperBeam+1","expansioncontent:AwakenDeath"],"picked":"expansioncontent:PolyBeam+1","floor":38},{"not_picked":["expansioncontent:YouAreMine","expansioncontent:Chronoboost","expansioncontent:PolyBeam+1"],"picked":"expansioncontent:Hexaburn","floor":38},{"not_picked":["expansioncontent:HyperBeam+1","expansioncontent:GuardianWhirl+1","expansioncontent:PolyBeam+1"],"picked":"expansioncontent:AwakenDeath","floor":38},{"not_picked":["Slimebound:BestDefense+1","Slimebound:Prepare+1","Slimebound:LevelUp","Slimebound:FinishingTackle+1"],"picked":"SKIP","floor":39},{"not_picked":["Slimebound:FirmFortitude","Slimebound:SlimeSpikes+1","Slimebound:LeechingTouch+1","Slimebound:LeechEnergy+1"],"picked":"SKIP","floor":43}],"player_experience":45474,"relics_obtained":[{"floor":6,"key":"Oddly Smooth Stone"},{"floor":7,"key":"Question Card"},{"floor":10,"key":"Nunchaku"},{"floor":11,"key":"Art of War"},{"floor":24,"key":"Juzu Bracelet"},{"floor":26,"key":"MealTicket"},{"floor":29,"key":"Bird Faced Urn"},{"floor":31,"key":"Red Mask"},{"floor":41,"key":"Smiling Mask"},{"floor":43,"key":"Meat on the Bone"}],"event_choices":[{"damage_healed":0,"gold_gain":0,"player_choice":"Success","damage_taken":18,"relics_obtained":["Molten Egg 2"],"max_hp_gain":0,"max_hp_loss":0,"event_name":"Scrap Ooze","floor":3,"gold_loss":0},{"damage_healed":0,"gold_gain":0,"player_choice":"Became a vampire","damage_taken":0,"max_hp_gain":0,"max_hp_loss":24,"event_name":"Vampires","floor":28,"gold_loss":0,"cards_obtained":["Bite","Bite","Bite","Bite","Bite"]},{"damage_healed":0,"gold_gain":0,"player_choice":"Fought Bandits","damage_taken":0,"max_hp_gain":0,"max_hp_loss":0,"event_name":"Masked Bandits","floor":31,"gold_loss":0},{"cards_removed":["Slimebound:Defend_Slimebound"],"damage_healed":0,"gold_gain":0,"player_choice":"Offered Basic","damage_taken":0,"max_hp_gain":0,"max_hp_loss":0,"event_name":"Bonfire Elementals","floor":37,"gold_loss":0},{"cards_removed":["Bite"],"damage_healed":0,"gold_gain":0,"player_choice":"Removed Attack","damage_taken":0,"max_hp_gain":0,"max_hp_loss":0,"event_name":"Falling","floor":42,"gold_loss":0},{"damage_healed":0,"gold_gain":0,"player_choice":"Fight","damage_taken":0,"max_hp_gain":0,"max_hp_loss":0,"event_name":"Mysterious Sphere","floor":45,"gold_loss":0}],"is_beta":false,"boss_relics":[{"not_picked":["Philosopher\u0027s Stone","Black Star"],"picked":"Sozu"},{"not_picked":["Cursed Key","SlaversCollar"],"picked":"Slimebound:AbsorbEndCombatUpgraded"}],"items_purged_floors":[],"is_endless":false,"potions_floor_spawned":[5,6,15,16,19,25,26,27,31,32,39],"killed_by":"2 Orb Walkers","ascension_level":0}}