{"host":"x7xd4wkamhrqrrvw","time":1611347298,"event":{"mods":["AchievementEnabler","BaseMod","Minty Spire (QoL Compilation)","StSLib"],"gold_per_floor":[367,367,38,57,70,70,98,98,98,98,98],"floor_reached":10,"language":"ENG","playtime":288,"items_purged":[],"score":119,"play_id":"e9e1d112-546b-4735-8dcd-339995722e40","local_time":"20210122182818","is_ascension_mode":true,"campfire_choices":[{"data":"Perfected Strike","floor":6,"key":"SMITH"},{"data":"Twin Strike","floor":8,"key":"SMITH"}],"circlet_count":0,"master_deck":["AscendersBane","Strike_R","Strike_R","Strike_R","Strike_R+1","Strike_R+1","Defend_R","Defend_R","Defend_R","Defend_R","Bash","Perfected Strike+1","Ghostly Armor","Twin Strike+1"],"relics":["Burning Blood","TungstenRod","MealTicket","Bottled Flame"],"acts_visited":["Exordium"],"potions_floor_usage":[7,7],"damage_taken":[{"damage":10,"enemies":"Jaw Worm","floor":1,"turns":5},{"damage":6,"enemies":"Small Slimes","floor":4,"turns":3},{"damage":0,"enemies":"Cultist","floor":5,"turns":3},{"damage":26,"enemies":"3 Sentries","floor":7,"turns":11},{"damage":32,"enemies":"Lagavulin","floor":10,"turns":5}],"seed_played":"2683068337862575486","potions_obtained":[{"floor":4,"key":"Regen Potion"},{"floor":5,"key":"SpeedPotion"}],"is_trial":false,"path_per_floor":["M","?","$","M","M","R","E","R","T","E"],"character_chosen":"IRONCLAD","items_purchased":["TungstenRod"],"campfire_rested":0,"item_purchase_floors":[3],"current_hp_per_floor":[46,23,23,23,29,29,24,24,24,0,0],"gold":98,"neow_bonus":"TWO_FIFTY_GOLD","is_daily":false,"chose_seed":false,"campfire_upgraded":2,"win_rate":0.0,"timestamp":1611347298,"path_taken":["M","?","$","M","M","R","E","R","T","E"],"items_purchased_type":["Relic"],"build_version":"2020-12-22","purchased_purges":0,"victory":false,"max_hp_per_floor":[75,75,75,75,75,75,75,75,75,75,75],"card_choices":[{"not_picked":["Iron Wave","Sword Boomerang"],"picked":"Perfected Strike","floor":1},{"not_picked":["Infernal Blade","Shrug It Off","Clothesline"],"picked":"SKIP","floor":4},{"not_picked":["Power Through","Clash"],"picked":"Ghostly Armor","floor":5},{"not_picked":["Searing Blow","Spot Weakness"],"picked":"Twin Strike","floor":7}],"player_experience":387989,"relics_obtained":[{"floor":7,"key":"MealTicket"},{"floor":9,"key":"Bottled Flame"}],"event_choices":[{"damage_healed":0,"gold_gain":0,"player_choice":"Entered Light","damage_taken":23,"max_hp_gain":0,"max_hp_loss":0,"event_name":"Shining Light","floor":2,"gold_loss":0,"cards_upgraded":["Strike_R","Strike_R"]}],"is_beta":false,"boss_relics":[],"items_purged_floors":[],"is_endless":false,"potions_floor_spawned":[4,5],"killed_by":"Lagavulin","ascension_level":16}}