{"host":"ftwnpa9ceeptmrn1","time":1611282309,"event":{"mods":["Aspiration","BaseMod","Colored Map","Colored Powertips","Conspire","Downfall","Hubris","Infinite Spire","Minty Spire (QoL Compilation)","Relic Stats","StSLib","Waifu the Spire","vexMod"],"gold_per_floor":[111,63,80,80,97,97,127,6,6,6,6,26,44,61,61,158,158,173,173,190,204,215,215,250,250,250,265,265,283,303,338,338,433,433,444,455,473,85,99,131,131,147,147,174,174,174,187,201,201,201,201,201,24,24,24],"floor_reached":54,"language":"ENG","playtime":6898,"items_purged":["Injury","BattleHymn+1"],"score":845,"play_id":"db6244c8-a795-4d7c-a835-30b6b31268fc","local_time":"20210121202509","is_ascension_mode":false,"campfire_choices":[{"data":"CutThroughFate","floor":6.0,"key":"SMITH"},{"floor":10.0,"key":"RECALL"},{"floor":15.0,"key":"REST"},{"floor":23.0,"key":"REST"},{"floor":25.0,"key":"REST"},{"floor":32.0,"key":"REST"},{"floor":45.0,"key":"REST"},{"floor":49.0,"key":"REST"},{"data":"ClearTheMind","floor":52.0,"key":"SMITH"}],"circlet_count":0,"master_deck":["Strike_P+1","Strike_P+1","Strike_P+1","Defend_P","Defend_P","Defend_P+1","Defend_P+1","Eruption+1","Vigilance+1","Evaluate+1","CrushJoints+1","CutThroughFate+1","Adaptation+1","Collect+1","Dramatic Entrance+1","JustLucky+1","ClearTheMind+1","LessonLearned+1","MasterReality+1","ClearTheMind+1","PathToVictory+1","LikeWater+1","CutThroughFate+1","CutThroughFate+1","Weave+1","CrushJoints+1","InnerPeace+1","DevaForm+1","Devotion+1","Perseverance","Parasite","CutThroughFate+1","LikeWater+1","Weave+1","CrushJoints+1","Prostrate+1","Vengeance","ThirdEye+1","Halt+1","Consecrate+1","Consecrate+1","ThirdEye+1"],"relics":["PureWater","aspiration:DSix","Molten Egg 2","Anchor","vexMod:TanglingVine","aspiration:HiddenCompartment","vexMod:MemoryStick","conspire:RunicOctahedron","Oddly Smooth Stone","Dream Catcher","infinitespire:BottledMercury","infinitespire:Bottled Soul","Blue Candle"],"acts_visited":["Exordium","TheCity","TheBeyond","TheEnding"],"potions_floor_usage":[54],"damage_taken":[{"damage":7.0,"enemies":"Cultist","floor":1.0,"turns":3.0},{"damage":1.0,"enemies":"Small Slimes","floor":3.0,"turns":4.0},{"damage":4.0,"enemies":"Jaw Worm","floor":5.0,"turns":4.0},{"damage":11.0,"enemies":"Gremlin Nob","floor":7.0,"turns":4.0},{"damage":3.0,"enemies":"Red Slaver","floor":12.0,"turns":4.0},{"damage":0.0,"enemies":"3 Louse","floor":13.0,"turns":2.0},{"damage":1.0,"enemies":"Exordium Thugs","floor":14.0,"turns":4.0},{"damage":10.0,"enemies":"Slime Boss","floor":16.0,"turns":6.0},{"damage":26.0,"enemies":"Spheric Guardian","floor":18.0,"turns":4.0},{"damage":13.0,"enemies":"Shell Parasite","floor":20.0,"turns":5.0},{"damage":11.0,"enemies":"Centurion and Healer","floor":21.0,"turns":5.0},{"damage":4.0,"enemies":"Chosen and Byrds","floor":22.0,"turns":4.0},{"damage":14.0,"enemies":"Book of Stabbing","floor":24.0,"turns":7.0},{"damage":13.0,"enemies":"Snake Plant","floor":27.0,"turns":4.0},{"damage":3.0,"enemies":"Cultist and Chosen","floor":29.0,"turns":3.0},{"damage":2.0,"enemies":"Centurion and Healer","floor":30.0,"turns":6.0},{"damage":3.0,"enemies":"Slavers","floor":31.0,"turns":6.0},{"damage":38.0,"enemies":"hubris:MusketHawk","floor":33.0,"turns":7.0},{"damage":0.0,"enemies":"3 Shapes","floor":35.0,"turns":4.0},{"damage":5.0,"enemies":"Orb Walker","floor":36.0,"turns":3.0},{"damage":11.0,"enemies":"Writhing Mass","floor":37.0,"turns":5.0},{"damage":12.0,"enemies":"3 Darklings","floor":39.0,"turns":4.0},{"damage":0.0,"enemies":"Reptomancer","floor":40.0,"turns":4.0},{"damage":13.0,"enemies":"Jaw Worm Horde","floor":42.0,"turns":4.0},{"damage":0.0,"enemies":"Giant Head","floor":44.0,"turns":4.0},{"damage":1.0,"enemies":"Writhing Mass","floor":47.0,"turns":3.0},{"damage":1.0,"enemies":"Maw","floor":48.0,"turns":7.0},{"damage":17.0,"enemies":"Donu and Deca","floor":50.0,"turns":4.0},{"damage":59,"enemies":"Shield and Spear","floor":54,"turns":5}],"seed_played":"-3135088541213602723","potions_obtained":[{"floor":1.0,"key":"Slimebound:ThreeZeroPotion"},{"floor":3.0,"key":"DuplicationPotion"},{"floor":13.0,"key":"hexamod:SoulburnPotion"},{"floor":22.0,"key":"Fire Potion"},{"floor":24.0,"key":"EssenceOfSteel"},{"floor":29.0,"key":"sneckomod:MuddlingPotion"},{"floor":30.0,"key":"hexamod:SoulburnPotion"},{"floor":31.0,"key":"DuplicationPotion"},{"floor":35.0,"key":"AttackPotion"},{"floor":36.0,"key":"DistilledChaos"},{"floor":39.0,"key":"ColorlessPotion"},{"floor":47.0,"key":"ColorlessPotion"}],"is_trial":false,"path_per_floor":["M","$","M","?","M","R","E","$","T","R","?","M","M","M","R","B",null,"M","?","M","M","M","R","E","R","T","M","?","M","M","E","R","B",null,"M","M","M","$","M","E","?","M","T","E","R","?","M","M","R","B",null,"R","$","E"],"character_chosen":"WATCHER","items_purchased":["CrushJoints","Dramatic Entrance+1","BattleHymn","LikeWater","Weave+1","Oddly Smooth Stone","GamblersBrew"],"campfire_rested":6,"item_purchase_floors":[2,8,8,38,38,38,53],"current_hp_per_floor":[65,65,64,64,60,60,49,49,49,49,49,46,46,45,66,56,72,46,46,33,22,18,39,25,46,46,33,40,37,35,32,53,15,72,72,67,56,56,44,44,44,31,31,31,52,47,46,45,66,49,72,72,72,13,13],"gold":24,"neow_bonus":"DSIX","is_daily":false,"chose_seed":false,"campfire_upgraded":2,"win_rate":0.0,"timestamp":1611282309,"path_taken":["M","$","M","?","M","R","E","$","T","R","?","M","M","M","R","BOSS","M","?","M","M","?","R","E","R","T","M","?","M","M","E","R","BOSS","M","M","M","$","M","E","?","M","T","E","R","?","?","?","R","BOSS","R","$","E"],"items_purchased_type":["Card","Card","Card","Card","Card","Relic","Potion"],"build_version":"2020-12-22","purchased_purges":2,"victory":false,"max_hp_per_floor":[72,72,72,72,72,72,72,72,72,72,72,72,72,72,72,72,72,72,72,72,72,72,72,72,72,72,72,72,72,72,72,72,72,72,72,72,72,72,72,72,72,72,72,72,72,72,72,72,72,72,72,72,72,72,72],"relic_stats":{"Dream Catcher":2,"counters":[29,129],"Blue Candle":[4],"obtain_stats":[{"infinitespire:BottledMercury":43,"vexMod:MemoryStick":31,"Blue Candle":46,"Oddly Smooth Stone":38,"conspire:RunicOctahedron":34,"vexMod:TanglingVine":17,"aspiration:HiddenCompartment":24,"Anchor":7,"Dream Catcher":40,"infinitespire:Bottled Soul":44,"Molten Egg 2":4,"PureWater":0,"aspiration:DSix":0},{"infinitespire:BottledMercury":24,"vexMod:MemoryStick":17,"Blue Candle":25,"Oddly Smooth Stone":21,"conspire:RunicOctahedron":18,"vexMod:TanglingVine":8,"aspiration:HiddenCompartment":13,"Anchor":4,"Dream Catcher":23,"infinitespire:Bottled Soul":25,"Molten Egg 2":2,"PureWater":0,"aspiration:DSix":0},{"infinitespire:BottledMercury":106,"vexMod:MemoryStick":75,"Blue Candle":110,"Oddly Smooth Stone":94,"conspire:RunicOctahedron":82,"vexMod:TanglingVine":31,"aspiration:HiddenCompartment":56,"Anchor":15,"Dream Catcher":102,"infinitespire:Bottled Soul":110,"Molten Egg 2":7,"PureWater":0,"aspiration:DSix":0}]},"card_choices":[{"not_picked":["Protect","BowlingBash"],"picked":"Evaluate","floor":1.0},{"not_picked":["SashWhip","EmptyFist"],"picked":"CutThroughFate","floor":3.0},{"not_picked":["Fasting2","FearNoEvil+1"],"picked":"Adaptation","floor":5.0},{"not_picked":["BattleHymn","Judgement"],"picked":"Collect","floor":7.0},{"not_picked":["FlurryOfBlows+1","EmptyBody"],"picked":"JustLucky+1","floor":12.0},{"not_picked":["FollowUp+1","Wallop+1"],"picked":"ClearTheMind","floor":13.0},{"not_picked":["Evaluate","BowlingBash+1"],"picked":"LessonLearned+1","floor":14.0},{"not_picked":["Vault","Scrawl"],"picked":"MasterReality","floor":16.0},{"not_picked":["CarveReality+1","Evaluate"],"picked":"ClearTheMind","floor":18.0},{"not_picked":["ReachHeaven+1","ClearTheMind"],"picked":"PathToVictory+1","floor":20.0},{"not_picked":["WreathOfFlame","CutThroughFate+1"],"picked":"LikeWater+1","floor":21.0},{"not_picked":["Consecrate+1","BowlingBash+1"],"picked":"CutThroughFate+1","floor":22.0},{"not_picked":["SashWhip+1","Swivel+1"],"picked":"CutThroughFate+1","floor":24.0},{"not_picked":["EmptyBody","FearNoEvil+1"],"picked":"Weave+1","floor":27.0},{"not_picked":["FearNoEvil+1","Brilliance+1"],"picked":"CrushJoints+1","floor":29.0},{"not_picked":["FlyingSleeves+1","FlurryOfBlows+1"],"picked":"InnerPeace+1","floor":30.0},{"not_picked":["Evaluate","FlyingSleeves+1"],"picked":"DevaForm","floor":31.0},{"not_picked":["Judgement","Ragnarok+1"],"picked":"Devotion","floor":33.0},{"not_picked":["Swivel+1","EmptyBody"],"picked":"Perseverance","floor":35.0},{"not_picked":["SignatureMove+1","EmptyMind+1","BattleHymn+1"],"picked":"SKIP","floor":36.0},{"not_picked":["Evaluate+1","EmptyMind"],"picked":"CutThroughFate+1","floor":37.0},{"not_picked":["FlyingSleeves+1","Conclude+1"],"picked":"CrushJoints+1","floor":39.0},{"not_picked":["JustLucky+1","BowlingBash+1"],"picked":"Prostrate+1","floor":40.0},{"not_picked":["EmptyMind+1","Brilliance+1"],"picked":"Vengeance","floor":42.0},{"not_picked":["CrushJoints+1","FlurryOfBlows+1"],"picked":"ThirdEye+1","floor":44.0},{"not_picked":["PathToVictory+1","BowlingBash+1"],"picked":"Halt+1","floor":45.0},{"not_picked":["Conclude+1","BattleHymn"],"picked":"Consecrate+1","floor":47.0},{"not_picked":["CarveReality+1","EmptyBody+1"],"picked":"Consecrate+1","floor":48.0},{"not_picked":["WreathOfFlame+1","DeusExMachina"],"picked":"ThirdEye+1","floor":49.0}],"player_experience":283896,"relics_obtained":[{"floor":7.0,"key":"Anchor"},{"floor":24.0,"key":"aspiration:HiddenCompartment"},{"floor":31.0,"key":"vexMod:MemoryStick"},{"floor":40.0,"key":"Dream Catcher"},{"floor":43.0,"key":"infinitespire:BottledMercury"},{"floor":44.0,"key":"infinitespire:Bottled Soul"}],"event_choices":[{"cards_removed":["Strike_P"],"damage_healed":0.0,"max_hp_gain":0.0,"max_hp_loss":0.0,"gold_gain":0.0,"event_name":"Purifier","player_choice":"Purged","floor":19.0,"gold_loss":0.0,"damage_taken":0.0}],"is_beta":false,"boss_relics":[{"not_picked":["bronze:MakeshiftBattery","Ectoplasm"],"picked":"vexMod:TanglingVine"},{"not_picked":["SlaversCollar","VioletLotus"],"picked":"conspire:RunicOctahedron"}],"items_purged_floors":[38,53],"is_endless":false,"potions_floor_spawned":[1,3,13,22,24,29,30,31,35,36,39,47],"killed_by":"Shield and Spear","ascension_level":0}}