{"host":"ekyl8r8j8fco3zlk","time":1611318800,"event":{"mods":["ATMod(阿瑾Mod)","Act Like it!","Arknights The Spire","BaseMod","CapriCore","Decade(王小明)","Dota2Spire","Friendly Minions","Gensokyo","Lobotomy","LobotomyExtend","Marisa（F雨　魔理沙）","Minty Spire (QoL Compilation)","READ ME - Guardian Mod","Rare Cards Sparkle","Reimu（博丽灵梦）","StSLib","The Alterego","The Immortal","The Jungle","TheWitcher","Waifu the Spire","WarShipGirlsR/战舰少女R mod","Yakumo Yukari mod","【遗物卡牌】REMEMod"],"gold_per_floor":[129,156,156,183,207,207,236,236,236,275,297,297,317,317,317,409,409,409,409,409,409,409,409,453,298,298,40,73,73,118,198,198,307,307,453,490,527,527,619,673,673,713,713,838,887,887,985,1129,1129,1146,1146],"floor_reached":52,"language":"ZHS","playtime":2475,"items_purged":["Writhe"],"score":878,"play_id":"f70f1830-8b9a-4ac0-a2d8-aee54cc77042","local_time":"20210122203320","is_ascension_mode":false,"campfire_choices":[{"data":"Enlightenment","floor":6.0,"key":"SMITH"},{"data":"AT_RealColorLess","floor":8,"key":"SMITH"},{"data":"SnafuTest:SignYrden","floor":12,"key":"SMITH"},{"data":"SnafuTest:PhantomMemory","floor":15,"key":"SMITH"},{"data":"SnafuTest:PowerEquilibrium","floor":23,"key":"SMITH"},{"data":"SnafuTest:WhiteWolfRise","floor":29,"key":"SMITH"},{"floor":32,"key":"REST"},{"data":"Reaper","floor":41,"key":"SMITH"},{"data":"SnafuTest:BlackSunRise","floor":49,"key":"SMITH"}],"circlet_count":0,"master_deck":["SnafuTest:DefaultCommonAttack","SnafuTest:DefaultCommonAttack+1","SnafuTest:DefaultCommonAttack","SnafuTest:BountyHunt","SnafuTest:DefaultCommonSkill","SnafuTest:DefaultCommonSkill","SnafuTest:DefaultCommonSkill","SnafuTest:SignAxii+1","Enlightenment+1","Reaper+1","AT_RealColorLess+1","SnafuTest:PhantomMemory+1","SnafuTest:PowerFireDamnation","SnafuTest:SuddenPuncture","SnafuTest:WhiteWolfRise+1","SnafuTest:SignYrden+1","SnafuTest:PowerEquilibrium+1","SnafuTest:PayWeaponSmith","SnafuTest:Meditation+1","SnafuTest:BombMoonDust","SnafuTest:BlackSunRise+1","SnafuTest:BombDimeritium+1","SnafuTest:SpellHellfire+1","SnafuTest:MCSuccubusSeduction+1","SnafuTest:SwiftAssault+1","SnafuTest:BombDimeritium+1","SnafuTest:PowerCrimsonRitual"],"relics":["SnafuTest:UnstableMutagenRelic","AT_ATBox","REME_ComplimentaryCards","LetterFromLob","Centennial Puzzle","AT_EbonyIvory","AT_TrinityForce","MutagenicStrength","alterego_mod:SomeoneToFightFor","Gremlin Horn","AT_MibuBalloonWealth","Dota2Spire:Desolator","Bottled Lightning","AT_BellowingDragoncrestRing","SlaversCollar","Bottled Flame","Dota2Spire:AssaultCuirass","Incense Burner","AT_SilvercatRing","Dota2Spire:OctarineCore","Dota2Spire:ShivaGuard"],"acts_visited":["Exordium","TheCity","TheBeyond"],"potions_floor_usage":[10,10,40,40,50,50,50],"damage_taken":[{"damage":5.0,"enemies":"2 Louse","floor":1.0,"turns":3.0},{"damage":0.0,"enemies":"Cultist","floor":2.0,"turns":3.0},{"damage":8.0,"enemies":"Small Slimes","floor":4.0,"turns":5.0},{"damage":20.0,"enemies":"Blue Slaver","floor":5.0,"turns":4.0},{"damage":14,"enemies":"2 Fungi Beasts","floor":7,"turns":6},{"damage":4,"enemies":"Gremlin Nob","floor":10,"turns":2},{"damage":19,"enemies":"3 Louse","floor":11,"turns":3},{"damage":0,"enemies":"Large Slime","floor":13,"turns":3},{"damage":20,"enemies":"Hexaghost","floor":16,"turns":9},{"damage":44,"enemies":"Gremlin Leader","floor":24,"turns":6},{"damage":5,"enemies":"Shell Parasite","floor":28,"turns":2},{"damage":37,"enemies":"REME_1_Revenger","floor":30,"turns":4},{"damage":0,"enemies":"2 Thieves","floor":31,"turns":2},{"damage":12,"enemies":"Champ","floor":33,"turns":5},{"damage":8,"enemies":"3 Darklings","floor":35,"turns":3},{"damage":8,"enemies":"Orb Walker","floor":36,"turns":3},{"damage":12,"enemies":"Maw","floor":37,"turns":5},{"damage":23,"enemies":"Sphere and 2 Shapes","floor":39,"turns":3},{"damage":70,"enemies":"Nemesis","floor":40,"turns":7},{"damage":5,"enemies":"Transient","floor":42,"turns":6},{"damage":0,"enemies":"Mind Bloom Boss Battle","floor":44,"turns":4},{"damage":0,"enemies":"Giant Head","floor":45,"turns":4},{"damage":8,"enemies":"2 Orb Walkers","floor":47,"turns":3},{"damage":0,"enemies":"Reptomancer","floor":48,"turns":2},{"damage":30,"enemies":"Time Eater","floor":50,"turns":6}],"seed_played":"4880423690821379635","potions_obtained":[{"floor":1.0,"key":"ColorlessPotion"},{"floor":5.0,"key":"BlessingOfTheForge"},{"floor":11,"key":"SneckoOil"},{"floor":24,"key":"SpeedPotion"},{"floor":33,"key":"SnafuTest:PlaceholderPotion"},{"floor":35,"key":"Regen Potion"},{"floor":40,"key":"BlessingOfTheForge"},{"floor":42,"key":"Strength Potion"},{"floor":47,"key":"Energy Potion"}],"is_trial":false,"path_per_floor":["M","M","?","M","M","R","M","R","T","E","M","R","M","?","R","B",null,"M","?","?","?","?","R","E","$","T","$","M","R","E","M","R","B",null,"M","M","M","?","M","E","R","M","T","?","E","?","?","E","R","B",null,null],"character_chosen":"THE_WITCHER","items_purchased":["SnafuTest:PayWeaponSmith","Bottled Lightning"],"campfire_rested":1,"item_purchase_floors":[25,27],"current_hp_per_floor":[70,70,75,71,51,51,45,45,45,51,40,40,46,46,46,35,75,75,75,75,75,75,75,40,40,40,40,42,42,5,19,41,68,75,75,74,62,62,39,15,15,28,28,75,75,71,63,71,71,48,48],"gold":1146,"neow_bonus":"RANDOM_COLORLESS","is_daily":false,"chose_seed":false,"campfire_upgraded":8,"win_rate":0.0,"timestamp":1611318800,"path_taken":["M","M","?","M","?","R","M","R","T","E","M","R","M","?","R","BOSS","M","?","?","?","?","R","E","$","T","?","M","R","E","M","R","BOSS","M","M","M","?","M","E","R","M","T","?","E","?","?","E","R","BOSS"],"items_purchased_type":["Card","Relic"],"build_version":"2020-12-22","purchased_purges":1,"victory":true,"max_hp_per_floor":[75,75,75,75,75,75,75,75,75,75,75,75,75,75,75,75,75,75,75,75,75,75,75,75,75,75,75,75,75,75,75,75,75,75,75,75,75,75,75,75,75,75,75,75,75,71,71,71,71,71,71],"card_choices":[{"not_picked":["Blind","Finesse"],"picked":"Enlightenment","floor":0.0},{"not_picked":["SnafuTest:MCSongOfPeace","SnafuTest:SpellTelekinesis","SnafuTest:SpellGloemGuard"],"picked":"SKIP","floor":1.0},{"not_picked":["SnafuTest:SpellTelekinesis","SnafuTest:ExcessiveLevies"],"picked":"SnafuTest:WitchHunt","floor":2.0},{"not_picked":["SnafuTest:NoPass","SnafuTest:FirstAid"],"picked":"SnafuTest:PhantomMemory","floor":4.0},{"not_picked":["SnafuTest:MCMockAndRun","SnafuTest:SpellHellfire"],"picked":"SnafuTest:PowerFireDamnation","floor":5.0},{"not_picked":["SnafuTest:SignYrden","SnafuTest:SpellChainLightning"],"picked":"SnafuTest:SuddenPuncture","floor":7},{"not_picked":["SnafuTest:MCSuccubusSeduction","SnafuTest:PowerCrimsonRitual"],"picked":"SnafuTest:WhiteWolfRise","floor":10},{"not_picked":["SnafuTest:PayGnomePedlar","SnafuTest:PowerFireDamnation"],"picked":"SnafuTest:SignYrden","floor":11},{"not_picked":["SnafuTest:RecklessBlow","SnafuTest:SpellTortoise","SnafuTest:Siege"],"picked":"SKIP","floor":13},{"not_picked":["SnafuTest:SpellCalcinedMetamorphism","SnafuTest:AssassinOfKings"],"picked":"SnafuTest:PowerEquilibrium","floor":16},{"not_picked":["SnafuTest:ExcessiveLevies","SnafuTest:HermitsErudition","SnafuTest:PayHappyHour"],"picked":"SKIP","floor":24},{"not_picked":["SnafuTest:SignYrden","SnafuTest:PayBank+1"],"picked":"SnafuTest:Meditation+1","floor":28},{"not_picked":["SnafuTest:ExcessiveLevies+1","SnafuTest:Portal"],"picked":"SnafuTest:BombMoonDust","floor":30},{"not_picked":["SnafuTest:SignQuen","SnafuTest:SpellChainLightning","SnafuTest:Oriole"],"picked":"SKIP","floor":31},{"not_picked":["SnafuTest:SpellCalcinedMetamorphism","SnafuTest:BloodLineTracing"],"picked":"SnafuTest:BlackSunRise","floor":33},{"not_picked":["SnafuTest:SpellChainLightning","SnafuTest:SpellBlindFury"],"picked":"SnafuTest:BombDimeritium+1","floor":35},{"not_picked":["SnafuTest:MCSongOfPeace","SnafuTest:Oriole"],"picked":"SnafuTest:SpellHellfire+1","floor":36},{"not_picked":["SnafuTest:BombMoonDust","SnafuTest:AncestralRitual","SnafuTest:NoPass"],"picked":"SKIP","floor":37},{"not_picked":["SnafuTest:SwordDance","SnafuTest:PayGnomePedlar+1"],"picked":"SnafuTest:MCSuccubusSeduction+1","floor":39},{"not_picked":["SnafuTest:SpellHellfire+1","SnafuTest:Shooting"],"picked":"SnafuTest:SwiftAssault+1","floor":40},{"not_picked":["SnafuTest:FlashingEvasion+1","SnafuTest:ArmoredSortie"],"picked":"SnafuTest:PaySmithWorkshop+1","floor":42},{"not_picked":["SnafuTest:SignYrden+1","SnafuTest:SpellLivingArmor+1"],"picked":"SnafuTest:BombDimeritium+1","floor":44},{"not_picked":["SnafuTest:MCPlayGwent","SnafuTest:SpellButterflyIllusion+1","SnafuTest:GraveDancingPaleFire"],"picked":"SKIP","floor":45},{"not_picked":["SnafuTest:BombDimeritium","SnafuTest:RecklessBlow"],"picked":"SnafuTest:PowerCrimsonRitual","floor":48}],"player_experience":690301,"relics_obtained":[{"floor":1.0,"key":"LetterFromLob"},{"floor":9,"key":"Centennial Puzzle"},{"floor":10,"key":"AT_EbonyIvory"},{"floor":24,"key":"AT_MibuBalloonWealth"},{"floor":26,"key":"Dota2Spire:Desolator"},{"floor":30,"key":"AT_BellowingDragoncrestRing"},{"floor":40,"key":"Bottled Flame"},{"floor":43,"key":"Dota2Spire:AssaultCuirass"},{"floor":44,"key":"Incense Burner"},{"floor":45,"key":"AT_SilvercatRing"},{"floor":47,"key":"Dota2Spire:OctarineCore"},{"floor":48,"key":"Dota2Spire:ShivaGuard"}],"event_choices":[{"cards_removed":["SnafuTest:WitchHunt"],"damage_healed":5.0,"max_hp_gain":0.0,"max_hp_loss":0.0,"gold_gain":0.0,"event_name":"Bonfire Elementals","player_choice":"Offered Common","floor":3.0,"gold_loss":0.0,"damage_taken":0.0},{"cards_removed":["SnafuTest:WitchHunt"],"damage_healed":5.0,"max_hp_gain":0.0,"max_hp_loss":0.0,"gold_gain":0.0,"event_name":"Bonfire Elementals","player_choice":"Offered Special","floor":3.0,"gold_loss":0.0,"damage_taken":0.0},{"damage_healed":0,"gold_gain":0,"player_choice":"Grow","damage_taken":0,"max_hp_gain":0,"max_hp_loss":0,"event_name":"Living Wall","floor":14,"gold_loss":0,"cards_upgraded":["SnafuTest:SignAxii"]},{"damage_healed":0,"gold_gain":0,"player_choice":"Inject Mutagens","damage_taken":0,"relics_obtained":["MutagenicStrength"],"max_hp_gain":0,"max_hp_loss":0,"event_name":"Drug Dealer","floor":19,"gold_loss":0},{"damage_healed":0,"gold_gain":0,"player_choice":"Choice 2","damage_taken":0,"relics_obtained":["alterego_mod:SomeoneToFightFor"],"max_hp_gain":0,"max_hp_loss":0,"event_name":"爱的神圣花园","floor":20,"gold_loss":0},{"damage_healed":0,"gold_gain":0,"player_choice":"Opened","damage_taken":0,"relics_obtained":["Gremlin Horn"],"max_hp_gain":0,"max_hp_loss":0,"event_name":"The Mausoleum","floor":21,"gold_loss":0,"cards_obtained":["Writhe"]},{"damage_healed":0,"gold_gain":0,"player_choice":"Ignored","damage_taken":0,"max_hp_gain":0,"max_hp_loss":0,"event_name":"Vampires","floor":22,"gold_loss":0},{"damage_healed":0,"gold_gain":0,"player_choice":"Fight","damage_taken":0,"max_hp_gain":0,"max_hp_loss":0,"event_name":"MindBloom","floor":44,"gold_loss":0},{"damage_healed":0,"gold_gain":0,"player_choice":"Max HP","damage_taken":0,"max_hp_gain":0,"max_hp_loss":4,"event_name":"Winding Halls","floor":46,"gold_loss":0},{"damage_healed":0,"gold_gain":0,"player_choice":"Fight","damage_taken":0,"max_hp_gain":0,"max_hp_loss":0,"event_name":"Mysterious Sphere","floor":47,"gold_loss":0}],"is_beta":false,"boss_relics":[{"not_picked":["Runic Pyramid","SnafuTest:EnergyMutagenRelic"],"picked":"AT_TrinityForce"},{"not_picked":["Sozu","Empty Cage"],"picked":"SlaversCollar"}],"items_purged_floors":[25],"is_endless":false,"potions_floor_spawned":[1,5,11,24,33,35,40,42,47,48],"ascension_level":0}}