{"host":"l6vifo5ajdb3p20b","time":1611330612,"event":{"mods":["2.2 Compatiblity","Arknights The Spire","BaseMod","Better Altar","Better Sensory Stone","Better Skull","Better Third Choice","BetterRewards","Block Reminder","Booster Modes","Card Forge","Colored Map","Defuse TimeMaze Blight","Energized Spire","Evolution","Minty Spire (QoL Compilation)","Relic Stats","StSLib","The Marked"],"gold_per_floor":[116,116,136,86,105,105,120,131,131,161,196,196,210,243,243,243,243],"floor_reached":16,"language":"ENG","playtime":879,"items_purged":[],"score":147,"play_id":"35dc64b9-a703-422e-bbb1-93db76a6899a","local_time":"20210122225012","is_ascension_mode":false,"campfire_choices":[{"data":"ats:Mental Burst","floor":6,"key":"SMITH"},{"floor":12,"key":"REST"},{"data":"ats:Dogmatic Field","floor":15,"key":"SMITH"}],"circlet_count":0,"master_deck":["ats:Strike C","ats:Strike G","ats:Strike S","ats:Strike V","ats:Armor Crushing Shot","ats:Defend","ats:Defend","ats:Defend","ats:Emotion Absorption","ats:Closed Bolt Burst Fire+1","ats:Mental Burst+1","ats:Neurotoxin","ats:Burning Ground","ats:Shadow Raid","ats:Dogmatic Field+1","ats:Sunburst","ats:Wolf Pack","ats:Encircling Forest"],"relics":["ats:Sanity","Hammer of Thor","Seething Fire","Anvil of the Gods","EVO:Axolotl","NeowsBlessing","WingedGreaves","ats:Originium","InkBottle","CaptainsWheel","Incense Burner"],"acts_visited":["Exordium"],"potions_floor_usage":[],"damage_taken":[{"damage":0,"enemies":"2 Louse","floor":1,"turns":1},{"damage":0,"enemies":"Jaw Worm","floor":3,"turns":1},{"damage":0,"enemies":"Cultist","floor":5,"turns":1},{"damage":0,"enemies":"3 Louse","floor":7,"turns":2},{"damage":5,"enemies":"Looter","floor":8,"turns":3},{"damage":6,"enemies":"Gremlin Nob","floor":10,"turns":3},{"damage":31,"enemies":"3 Sentries","floor":11,"turns":4},{"damage":38,"enemies":"Blue Slaver","floor":13,"turns":5},{"damage":0,"enemies":"Gremlin Nob","floor":14,"turns":4},{"damage":0,"enemies":"The Guardian","floor":16,"turns":1}],"seed_played":"-4060759286677525898","potions_obtained":[{"floor":5,"key":"Dexterity Potion"},{"floor":11,"key":"FearPotion"},{"floor":13,"key":"ats:Top Emergency Sanity Potion"}],"is_trial":false,"path_per_floor":["M","?","M","?","M","R","M","M","T","E","E","R","M","E","R","B"],"character_chosen":"DOCTOR_CLASS","items_purchased":[],"campfire_rested":1,"item_purchase_floors":[],"current_hp_per_floor":[72,72,72,72,72,72,72,67,67,61,30,51,53,53,53,53,53],"gold":243,"neow_bonus":"THREE_ENEMY_KILL","is_daily":false,"chose_seed":false,"campfire_upgraded":2,"win_rate":0.0,"timestamp":1611330612,"path_taken":["M","?","M","?","?","R","M","M","T","E","E","R","M","E","R","BOSS"],"items_purchased_type":[],"build_version":"2020-12-22","purchased_purges":0,"victory":false,"max_hp_per_floor":[72,72,72,72,72,72,72,72,72,72,72,72,72,72,72,72,72],"relic_stats":{"counters":[10,24],"obtain_stats":[{"CaptainsWheel":11,"NeowsBlessing":0,"ats:Originium":10,"Anvil of the Gods":0,"Hammer of Thor":0,"WingedGreaves":9,"Incense Burner":14,"EVO:Axolotl":0,"ats:Sanity":0,"Seething Fire":0,"InkBottle":10},{"CaptainsWheel":7,"NeowsBlessing":0,"ats:Originium":6,"Anvil of the Gods":0,"Hammer of Thor":0,"WingedGreaves":5,"Incense Burner":9,"EVO:Axolotl":0,"ats:Sanity":0,"Seething Fire":0,"InkBottle":6},{"CaptainsWheel":15,"NeowsBlessing":0,"ats:Originium":11,"Anvil of the Gods":0,"Hammer of Thor":0,"WingedGreaves":8,"Incense Burner":24,"EVO:Axolotl":0,"ats:Sanity":0,"Seething Fire":0,"InkBottle":11}],"InkBottle":[2]},"card_choices":[{"not_picked":["ats:Leaping Hammer","ats:Flexible Camouflage"],"picked":"ats:Closed Bolt Burst Fire","floor":1},{"not_picked":["ats:Revitalization","ats:Closed Bolt Burst Fire"],"picked":"ats:Mental Burst","floor":3},{"not_picked":["ats:Powerful Strike","ats:Magnetic Hammer"],"picked":"ats:Neurotoxin","floor":5},{"not_picked":["ats:Flexible Camouflage","ats:Revitalization"],"picked":"ats:Burning Ground","floor":7},{"not_picked":["ats:Volcano","ats:Hook Shot"],"picked":"ats:Shadow Raid","floor":8},{"not_picked":["ats:Flexible Camouflage","ats:Explosion Area Strengthen"],"picked":"ats:Dogmatic Field","floor":10},{"not_picked":["ats:Powerful Strike","ats:Assault Order"],"picked":"ats:Sunburst","floor":11},{"not_picked":["ats:Apocalypse","ats:Mental Burst"],"picked":"ats:Wolf Pack","floor":13},{"not_picked":["ats:Shadow Raid","ats:Explosion Area Strengthen"],"picked":"ats:Encircling Forest","floor":14}],"player_experience":824136,"relics_obtained":[{"floor":9,"key":"WingedGreaves"},{"floor":10,"key":"ats:Originium"},{"floor":10,"key":"InkBottle"},{"floor":11,"key":"ats:Originium"},{"floor":11,"key":"CaptainsWheel"},{"floor":14,"key":"ats:Originium"},{"floor":14,"key":"Incense Burner"}],"event_choices":[{"damage_healed":0,"gold_gain":0,"player_choice":"Grow","damage_taken":0,"max_hp_gain":0,"max_hp_loss":0,"event_name":"Living Wall","floor":2,"gold_loss":0,"cards_upgraded":["ats:Closed Bolt Burst Fire"]},{"cards_removed":["ats:Defend"],"damage_healed":0,"gold_gain":0,"player_choice":"Card Removal","damage_taken":0,"max_hp_gain":0,"max_hp_loss":0,"event_name":"The Cleric","floor":4,"gold_loss":50}],"is_beta":false,"boss_relics":[],"items_purged_floors":[],"is_endless":false,"potions_floor_spawned":[5,11,13,14],"killed_by":"The Guardian","ascension_level":0}}