{"host":"wha9hktbkslqvblg","time":1611301208,"event":{"mods":["BaseMod","Colored Map","Minty Spire (QoL Compilation)","Relic Stats","SuperFastMode","everything is the same but u backflip on backflip"],"gold_per_floor":[109,109,109,123,11,47,70,70,70,90,90,90],"floor_reached":11,"language":"KOR","playtime":99,"items_purged":["Strike_B"],"score":196,"play_id":"e0f7c327-5813-439a-86c3-3c6b42948766","local_time":"20210122164008","is_ascension_mode":true,"campfire_choices":[{"data":"Zap","floor":8,"key":"SMITH"}],"circlet_count":0,"master_deck":["AscendersBane","Strike_B","Strike_B","Strike_B","Defend_B","Defend_B","Defend_B","Zap+1","Dualcast","Go for the Eyes","Capacitor","Coolheaded","Loop"],"relics":["Cracked Core","NeowsBlessing","Golden Idol","InkBottle","Cables"],"acts_visited":["Exordium"],"potions_floor_usage":[],"damage_taken":[{"damage":0,"enemies":"2 Louse","floor":1,"turns":1},{"damage":0,"enemies":"Small Slimes","floor":4,"turns":1},{"damage":0,"enemies":"Lagavulin","floor":6,"turns":1},{"damage":11,"enemies":"Jaw Worm","floor":7,"turns":3},{"damage":11,"enemies":"2 Fungi Beasts","floor":10,"turns":3},{"damage":0,"enemies":"3 Sentries","floor":11,"turns":1}],"seed_played":"-5490490847890770536","potions_obtained":[{"floor":4,"key":"LiquidBronze"},{"floor":6,"key":"Strength Potion"},{"floor":7,"key":"FocusPotion"}],"is_trial":false,"path_per_floor":["M","?","?","M","$","E","M","R","T","M","E"],"character_chosen":"DEFECT","items_purchased":["Capacitor"],"campfire_rested":0,"item_purchase_floors":[5],"current_hp_per_floor":[64,57,57,57,57,57,46,46,46,35,35,35],"gold":90,"neow_bonus":"THREE_ENEMY_KILL","is_daily":false,"chose_seed":false,"campfire_upgraded":1,"win_rate":0.0,"timestamp":1611301208,"path_taken":["M","?","?","?","$","E","M","R","T","M","E"],"items_purchased_type":["Card"],"build_version":"2020-12-22","purchased_purges":1,"victory":false,"max_hp_per_floor":[71,71,64,64,64,64,64,64,64,64,64,64],"relic_stats":{"counters":[6,10],"Golden Idol":19,"obtain_stats":[{"NeowsBlessing":0,"Golden Idol":3,"Cracked Core":0,"InkBottle":6,"Cables":9},{"NeowsBlessing":0,"Golden Idol":1,"Cracked Core":0,"InkBottle":3,"Cables":4},{"NeowsBlessing":0,"Golden Idol":1,"Cracked Core":0,"InkBottle":3,"Cables":6}],"InkBottle":[1],"Cables":[2,2,0,0,0]},"card_choices":[{"not_picked":["Hologram","Stack","Conserve Battery"],"picked":"SKIP","floor":1},{"not_picked":["Recycle","Rebound"],"picked":"Go for the Eyes","floor":4},{"not_picked":["Leap","Rainbow"],"picked":"Coolheaded","floor":6},{"not_picked":["Redo","Conserve Battery","Storm"],"picked":"SKIP","floor":7},{"not_picked":["Hologram","Cold Snap"],"picked":"Loop","floor":10}],"player_experience":988368,"relics_obtained":[{"floor":6,"key":"InkBottle"},{"floor":9,"key":"Cables"}],"event_choices":[{"cards_removed":["Defend_B"],"damage_healed":0,"gold_gain":0,"player_choice":"Card Removal","damage_taken":7,"max_hp_gain":0,"max_hp_loss":0,"event_name":"Golden Wing","floor":2,"gold_loss":0},{"damage_healed":0,"gold_gain":0,"player_choice":"Lose Max HP","damage_taken":0,"relics_obtained":["Golden Idol"],"max_hp_gain":0,"max_hp_loss":7,"event_name":"Golden Idol","floor":3,"gold_loss":0}],"is_beta":false,"boss_relics":[],"items_purged_floors":[5],"is_endless":false,"potions_floor_spawned":[4,6,7,10],"killed_by":"3 Sentries","ascension_level":20}}