{"host":"ktoxvvst1mwxww91","time":1611304225,"event":{"mods":["BaseMod","Downfall","Hermit","Minty Spire (QoL Compilation)","StSLib","The Blackbeard","The Hierophant","The Mystic","The Necromancer"],"gold_per_floor":[99,117,133,133,146,188,240,259,259,259,259],"floor_reached":9,"language":"ENG","playtime":299,"items_purged":[],"score":69,"play_id":"e22ede53-380b-4e6e-9702-74fdaa486c6c","local_time":"20210122093025","is_ascension_mode":true,"campfire_choices":[{"data":"bronze:Replicate","floor":1,"key":"SMITH"}],"circlet_count":0,"master_deck":["bronze:Strike","bronze:Strike","bronze:Strike","bronze:Strike","bronze:Defend","bronze:Defend","bronze:Defend","bronze:Defend","bronze:Replicate+1","bronze:Goto","bronze:CloningBeam","bronze:MaxOutput","bronze:Shell","bronze:DelayedGuard","bronze:DelayedSlice"],"relics":["Black Star","Nunchaku","CeramicFish","Matryoshka","hexamod:BolsterEngine","Smiling Mask"],"acts_visited":["Exordium"],"potions_floor_usage":[5],"damage_taken":[{"damage":0,"enemies":"Cultist","floor":2,"turns":2},{"damage":0,"enemies":"Small Slimes","floor":3,"turns":3},{"damage":12,"enemies":"Jaw Worm","floor":5,"turns":3},{"damage":33,"enemies":"3 Sentries","floor":6,"turns":9},{"damage":15,"enemies":"Lots of Slimes","floor":8,"turns":4},{"damage":15,"enemies":"Gremlin Nob","floor":9,"turns":3}],"seed_played":"3956212445636751497","potions_obtained":[{"floor":3,"key":"ColorlessPotion"},{"floor":8,"key":"GamblersBrew"}],"is_trial":false,"path_per_floor":["R","M","M","T","M","E","T","M","E"],"character_chosen":"THE_AUTOMATON","items_purchased":[],"campfire_rested":0,"item_purchase_floors":[],"current_hp_per_floor":[70,70,70,70,58,25,25,10,0,0,0],"gold":259,"neow_bonus":"BOSS_RELIC","is_daily":false,"chose_seed":false,"campfire_upgraded":1,"win_rate":0.0,"timestamp":1611304225,"path_taken":["R","M","M","?","?","E","T","M","E"],"items_purchased_type":[],"build_version":"2020-12-22","purchased_purges":0,"victory":false,"max_hp_per_floor":[70,70,70,70,70,70,70,70,70,70,70],"card_choices":[{"not_picked":["bronze:Overheat","bronze:WildBeam"],"picked":"bronze:CloningBeam","floor":2},{"not_picked":["bronze:Branch","bronze:BugBarrage"],"picked":"bronze:MaxOutput","floor":3},{"not_picked":["bronze:Overload","bronze:Branch"],"picked":"bronze:Shell","floor":5},{"not_picked":["bronze:Allocate","bronze:NullPointer"],"picked":"bronze:DelayedGuard","floor":6},{"not_picked":["bronze:Separator","bronze:OilSpill"],"picked":"bronze:DelayedSlice","floor":8}],"player_experience":1157488,"relics_obtained":[{"floor":4,"key":"Nunchaku"},{"floor":6,"key":"CeramicFish"},{"floor":6,"key":"Matryoshka"},{"floor":7,"key":"hexamod:BolsterEngine"},{"floor":7,"key":"Smiling Mask"}],"event_choices":[],"is_beta":false,"boss_relics":[],"items_purged_floors":[],"is_endless":false,"potions_floor_spawned":[3,8],"killed_by":"Gremlin Nob","ascension_level":2}}