{"host":"f0gpob8hq9vgebej","time":1611296713,"event":{"mods":["AchievementEnabler","BaseMod","Minty Spire (QoL Compilation)","Quick Restart","SuperFastMode"],"gold_per_floor":[114,129,54,64,64,64,83,83,83,83,83,158,58,92,92,217,217,202,202,77,91,111,111,111,124,124,124,56,79,79,115,115,238,238,252,252,268,283,105,105,105],"floor_reached":40,"language":"KOR","playtime":886,"items_purged":["Writhe","Strike_G","Strike_G"],"score":566,"play_id":"c9f2baa7-17f4-4d76-968f-a8ecb4cfb49e","local_time":"20210122152512","is_ascension_mode":true,"campfire_choices":[{"data":"After Image","floor":6.0,"key":"SMITH"},{"data":"Prepared","floor":11.0,"key":"SMITH"},{"floor":15.0,"key":"REST"},{"data":"Blade Dance","floor":23.0,"key":"SMITH"},{"data":"Cloak And Dagger","floor":24.0,"key":"SMITH"},{"data":"Finisher","floor":30.0,"key":"SMITH"},{"floor":32.0,"key":"REST"}],"circlet_count":0,"master_deck":["Strike_G","Strike_G","Defend_G","Defend_G","Defend_G","Defend_G","Defend_G","Survivor","Neutralize","After Image+1","Cloak And Dagger+1","Acrobatics","Blade Dance+1","Prepared+1","Backstab","After Image","Backflip","Terror+1","Backflip+1","Finisher+1","Deadly Poison","Venomology","CurseOfTheBell","PiercingWail+1","The Bomb","Tactician","Sadistic Nature+1"],"relics":["Ring of the Snake","StoneCalendar","Pocketwatch","Golden Idol","WingedGreaves","Boot","Unceasing Top","Eternal Feather","Vajra","Calling Bell","Art of War","Frozen Egg 2","Tingsha"],"acts_visited":["Exordium","TheCity","TheBeyond"],"potions_floor_usage":[33,38,40],"damage_taken":[{"damage":1.0,"enemies":"Cultist","floor":1.0,"turns":5.0},{"damage":0.0,"enemies":"Jaw Worm","floor":2.0,"turns":7.0},{"damage":4.0,"enemies":"Small Slimes","floor":4.0,"turns":5.0},{"damage":0.0,"enemies":"2 Fungi Beasts","floor":7.0,"turns":4.0},{"damage":8.0,"enemies":"Lagavulin","floor":14.0,"turns":7.0},{"damage":17.0,"enemies":"Slime Boss","floor":16.0,"turns":8.0},{"damage":8.0,"enemies":"2 Thieves","floor":18.0,"turns":4.0},{"damage":0.0,"enemies":"Shell Parasite","floor":21.0,"turns":8.0},{"damage":12.0,"enemies":"Shelled Parasite and Fungi","floor":22.0,"turns":6.0},{"damage":15.0,"enemies":"Snecko","floor":25.0,"turns":5.0},{"damage":2.0,"enemies":"Centurion and Healer","floor":29.0,"turns":7.0},{"damage":30.0,"enemies":"Gremlin Leader","floor":31.0,"turns":7.0},{"damage":12,"enemies":"Champ","floor":33,"turns":8},{"damage":16,"enemies":"Orb Walker","floor":35,"turns":3},{"damage":0,"enemies":"3 Darklings","floor":37,"turns":5},{"damage":22,"enemies":"Sphere and 2 Shapes","floor":38,"turns":6},{"damage":35,"enemies":"Writhing Mass","floor":40,"turns":1}],"seed_played":"6255767003113980956","potions_obtained":[{"floor":1.0,"key":"Ancient Potion"},{"floor":4.0,"key":"Strength Potion"},{"floor":7.0,"key":"GhostInAJar"},{"floor":14.0,"key":"PowerPotion"},{"floor":18.0,"key":"Explosive Potion"},{"floor":22.0,"key":"SkillPotion"},{"floor":31.0,"key":"SteroidPotion"}],"is_trial":false,"path_per_floor":["M","M","$","M","?","R","M","?","T","?","R","?","$","E","R","B",null,"M","?","$","M","M","R","R","M","T","$","?","M","R","E","R","B",null,"M","?","M","M","$","M"],"character_chosen":"THE_SILENT","items_purchased":["Sadistic Nature+1"],"campfire_rested":2,"item_purchase_floors":[39],"current_hp_per_floor":[62,62,62,58,58,58,58,58,58,41,41,30,30,22,43,26,59,51,51,51,51,39,39,39,24,24,24,24,22,34,4,37,25,59,43,43,43,21,21,0,0],"gold":105,"neow_bonus":"THREE_RARE_CARDS","is_daily":false,"chose_seed":false,"campfire_upgraded":5,"win_rate":0.0,"timestamp":1611296712,"path_taken":["M","M","$","M","?","R","M","?","T","?","R","?","?","E","R","BOSS","M","?","$","?","M","R","R","M","T","?","?","?","R","E","R","BOSS","M","?","M","M","$","M"],"items_purchased_type":["Card"],"build_version":"2020-12-22","purchased_purges":3,"victory":false,"max_hp_per_floor":[70,70,70,70,70,70,70,70,70,70,70,70,70,70,70,70,70,70,70,70,70,70,70,70,70,70,70,70,70,70,70,70,70,70,70,70,70,70,70,70,70],"card_choices":[{"not_picked":["Adrenaline","Malaise"],"picked":"After Image","floor":0.0},{"not_picked":["PiercingWail","Quick Slash"],"picked":"Cloak And Dagger","floor":1.0},{"not_picked":["Deadly Poison","Expertise"],"picked":"Acrobatics","floor":2.0},{"not_picked":["Blur","Dagger Throw"],"picked":"Blade Dance","floor":4.0},{"not_picked":["Predator","Dagger Spray"],"picked":"Prepared","floor":7.0},{"not_picked":["Reflex","Sucker Punch"],"picked":"Backstab","floor":14.0},{"not_picked":["Unload","Tools of the Trade"],"picked":"After Image","floor":16.0},{"not_picked":["Deflect","Outmaneuver"],"picked":"Backflip","floor":18.0},{"not_picked":["PiercingWail","Escape Plan"],"picked":"Terror+1","floor":21.0},{"not_picked":["Deflect+1","Expertise+1"],"picked":"Backflip+1","floor":22.0},{"not_picked":["PiercingWail","Skewer","Acrobatics"],"picked":"SKIP","floor":25.0},{"not_picked":["Bouncing Flask","Quick Slash"],"picked":"Finisher","floor":29.0},{"not_picked":["Dash+1","Prepared"],"picked":"Deadly Poison","floor":31.0},{"not_picked":["Corpse Explosion","Wraith Form v2"],"picked":"Venomology","floor":33},{"not_picked":["Endless Agony","Dodge and Roll"],"picked":"PiercingWail+1","floor":35},{"not_picked":["Discovery","Good Instincts"],"picked":"The Bomb","floor":36},{"not_picked":["Setup+1","Slice+1"],"picked":"Tactician","floor":37},{"not_picked":["PiercingWail+1","Masterful Stab","Poisoned Stab"],"picked":"SKIP","floor":38},{"not_picked":["PiercingWail+1","Masterful Stab","Poisoned Stab"],"picked":"SKIP","floor":38}],"player_experience":206006,"relics_obtained":[{"floor":9.0,"key":"Pocketwatch"},{"floor":14.0,"key":"WingedGreaves"},{"floor":19.0,"key":"Boot"},{"floor":26.0,"key":"Unceasing Top"},{"floor":31.0,"key":"Vajra"},{"floor":34,"key":"Art of War"},{"floor":34,"key":"Frozen Egg 2"},{"floor":34,"key":"Tingsha"}],"event_choices":[{"cards_removed":["Strike_G"],"damage_healed":0.0,"max_hp_gain":0.0,"max_hp_loss":0.0,"gold_gain":0.0,"event_name":"Living Wall","player_choice":"Forget","floor":5.0,"gold_loss":0.0,"damage_taken":0.0},{"damage_healed":0.0,"max_hp_gain":0.0,"max_hp_loss":0.0,"gold_gain":0.0,"event_name":"Dead Adventurer","player_choice":"Searched \u00271\u0027 times","floor":8.0,"gold_loss":0.0,"damage_taken":0.0,"relics_obtained":["StoneCalendar"]},{"damage_healed":0.0,"max_hp_gain":0.0,"max_hp_loss":0.0,"gold_gain":0.0,"event_name":"Golden Idol","player_choice":"Take Damage","floor":10.0,"gold_loss":0.0,"damage_taken":17.0,"relics_obtained":["Golden Idol"]},{"damage_healed":0.0,"max_hp_gain":0.0,"max_hp_loss":0.0,"gold_gain":75.0,"event_name":"World of Goop","player_choice":"Gather Gold","floor":12.0,"gold_loss":0.0,"damage_taken":11.0},{"damage_healed":0.0,"max_hp_gain":0.0,"max_hp_loss":0.0,"gold_gain":0.0,"event_name":"Wheel of Change","player_choice":"Relic","floor":19.0,"gold_loss":0.0,"damage_taken":0.0},{"damage_healed":0.0,"max_hp_gain":0.0,"max_hp_loss":0.0,"gold_gain":0.0,"event_name":"WeMeetAgain","player_choice":"Paid Gold","floor":28.0,"gold_loss":68.0,"damage_taken":0.0,"relics_obtained":["Eternal Feather"]},{"damage_healed":0,"gold_gain":0,"player_choice":"Memory 1","damage_taken":0,"max_hp_gain":0,"max_hp_loss":0,"event_name":"SensoryStone","floor":36,"gold_loss":0}],"is_beta":false,"boss_relics":[{"not_picked":["Fusion Hammer","Velvet Choker","Snecko Eye"]},{"not_picked":["Philosopher\u0027s Stone","Tiny House"],"picked":"Calling Bell"}],"items_purged_floors":[3,13,20],"is_endless":false,"potions_floor_spawned":[1,4,7,14,18,22,31],"killed_by":"Writhing Mass","ascension_level":8}}