{"host":"09mfxacw4jk3l0pd","time":1611284247,"event":{"mods":["A Magickal Journey","Act Like it!","Ascension Reborn","Aspiration","Bard","BaseMod","Challenge The Spire","ChefMod","Colored Map","Colored Powertips","Conspire","GifTheSpireLib","GungeonMod","Halation","Hermit","Highlight Path","Hubris","Mathematician","Minty Spire (QoL Compilation)","Permanent Neow","Quick Restart","Random Character Button","Relic Sorter","Replay The Spire","Robot Space Explorer","Somnambulant","Spire Arcade","StSLib","SuperFastMode","The Animator","The Bladedancer","The Clintock","The Construct","The Cursed","The Death Knight","The Disciple","The Elementalist","The Exalted","The Factory","The Forsaken","The Ghost of Christmas Present","The Hayseed","The Hierophant","The Judge","The Juggle","The Jungle","The Marked","The Necromancer","The Problem Sleuth","The Servant 0.9.4","The Trickster","The Valiant","The Wild Card","TheBandit","TheFirefly","The_Crusader","thorton"],"gold_per_floor":[119,1,21,62,62,62,96,96,123,140,152,152,164,190,190,287,287,304,129,129,54,74,100,117,167,167,178,178,178,178,195,195,294,294,308,326,326,326,132,145,18,18,18,30,50,76,76,87,87,87,87],"floor_reached":50,"language":"ENG","playtime":10943,"items_purged":["Pain","clintock:TheGenomeProject"],"score":567,"play_id":"80213b5e-78de-424f-9437-11bc41a82e0c","local_time":"20210121215727","is_ascension_mode":false,"campfire_choices":[{"data":"clintock:Polymerize","floor":6.0,"key":"SMITH"},{"floor":8.0,"key":"REST"},{"floor":12.0,"key":"REST"},{"floor":15.0,"key":"REST"},{"floor":30.0,"key":"REST"},{"floor":42,"key":"REST"},{"floor":47,"key":"REST"},{"floor":49,"key":"REST"}],"circlet_count":0,"master_deck":["clintock:ClintockStrike","clintock:ClintockStrike","clintock:ClintockStrike","clintock:ClintockDefend","clintock:ClintockDefend","clintock:ClintockDefend","clintock:ClintockDefend","clintock:BaseSynthesis","clintock:Replenish","clintock:DegradedPrimer+1","clintock:Miasma","clintock:MineAndDine","clintock:Interrupt","clintock:Polymerize+1","clintock:DTMP+1","clintock:Thymidine+1","clintock:Deoxyadenosine+1","clintock:Deoxyadenosine","clintock:GeneticsLab","clintock:Bateson9000","clintock:Deoxycytidine+1","clintock:DAMP+1","clintock:ProteinUtilization+1","clintock:Polymerize+1","theForsaken:PlagueCurse","ReplayTheSpireMod:Uncanny Aura","clintock:RandomForest+1","hubris:DuctTapeCard"],"relics":["clintock:BiomoleculePool","halation:PinkSoulGem","aspiration:Nostalgia","RobotSpaceExplorer:RoboCore","Pantograph","Iron Hammer","hubris:TenFootPole","Gremlin Food","Ring of Chaos","theJungle:ShellPeas","WarpedTongs","DeathKnight:PutricidesVial","Simple Rune","Bromod:ArcaneEnergize","theForsaken:PlagueMask","Replay:Rubber Ducky","hubris:DuctTape","DemoMod:ClearGuonStone"],"acts_visited":["Exordium","Exordium","TheBeyond"],"potions_floor_usage":[33,33,33,36,45,46,46,48],"damage_taken":[{"damage":2.0,"enemies":"Cultist","floor":1.0,"turns":4.0},{"damage":1.0,"enemies":"Small Slimes","floor":3.0,"turns":4.0},{"damage":24.0,"enemies":"conspire:MimicChest","floor":4.0,"turns":7.0},{"damage":35.0,"enemies":"3 Sentries","floor":7.0,"turns":12.0},{"damage":5.0,"enemies":"conspire:RoseBush","floor":10.0,"turns":2.0},{"damage":0.0,"enemies":"3 Louse","floor":11.0,"turns":2.0},{"damage":11.0,"enemies":"Gremlin Gang","floor":13.0,"turns":4.0},{"damage":58.0,"enemies":"Fading Forest","floor":16.0,"turns":11.0},{"damage":9.0,"enemies":"theJungle:MUSHROOMGANG","floor":18.0,"turns":7.0},{"damage":0.0,"enemies":"Shell Parasite","floor":22.0,"turns":7.0},{"damage":9.0,"enemies":"theJungle:Cassacara","floor":23.0,"turns":6.0},{"damage":0.0,"enemies":"theJungle:JungleHuntersEncounter","floor":24.0,"turns":12.0},{"damage":14.0,"enemies":"Snake Plant","floor":27.0,"turns":5.0},{"damage":16.0,"enemies":"theJungle:Lyon","floor":31.0,"turns":5.0},{"damage":13,"enemies":"theJungle:QueenSpyder","floor":33,"turns":13},{"damage":5,"enemies":"3 Shapes","floor":35,"turns":9},{"damage":26,"enemies":"Orb Walker","floor":36,"turns":7},{"damage":19,"enemies":"Jaw Worm Horde","floor":40,"turns":9},{"damage":23,"enemies":"Sphere and 2 Shapes","floor":44,"turns":8},{"damage":34,"enemies":"4 Shapes","floor":45,"turns":7},{"damage":0,"enemies":"Nemesis","floor":46,"turns":9},{"damage":16,"enemies":"Writhing Mass","floor":48,"turns":9},{"damage":94,"enemies":"Donu and Deca","floor":50,"turns":8}],"seed_played":"4189260518304414442","potions_obtained":[{"floor":3.0,"key":"Elixir"},{"floor":4.0,"key":"LifebloodPotion"},{"floor":13.0,"key":"Languid Potion"},{"floor":16.0,"key":"Explosive Potion"},{"floor":18.0,"key":"Fire Potion"},{"floor":24.0,"key":"Ancient Potion"},{"floor":32.0,"key":"Strength Potion"},{"floor":32.0,"key":"BlessingOfTheForge"},{"floor":33,"key":"SkillPotion"},{"floor":36,"key":"DuplicationPotion"},{"floor":44,"key":"AttackPotion"},{"floor":45,"key":"DemoMod:LeadSkinPotion"}],"is_trial":false,"path_per_floor":["M","$","M","?","?","R","E","R","T","M","M","R","M","T","R","B",null,"M","?","?","$","M","E","M","?","T","M","?","?","R","M","R_BF","B",null,"M","M","?","?","$","M","$","R","T","M","M","E","R","M","R","B"],"character_chosen":"CLINTOCK_CLASS","items_purchased":["clintock:Miasma","clintock:MineAndDine","ReplayTheSpireMod:Uncanny Aura","ColorlessPotion","clintock:MetabolicPathways"],"campfire_rested":7,"item_purchase_floors":[2,2,39,41,41],"current_hp_per_floor":[78,78,77,53,53,53,18,42,42,37,37,61,50,50,74,34,80,71,71,71,71,71,62,62,57,57,43,43,43,67,51,51,66,80,75,49,49,49,49,30,30,54,54,31,18,21,45,29,53,0,0],"gold":87,"neow_bonus":"NOSTALGIA","is_daily":false,"chose_seed":false,"campfire_upgraded":1,"win_rate":0.0,"timestamp":1611284247,"path_taken":["M","?","M","?","?","R","E","R","T","M","?","R","?","?","R","BOSS","M","?","?","$","?","E","?","?","T","M","?","?","R","M","R_BF","BOSS","M","M","?","?","$","?","$","R","T","M","M","E","R","M","R","BOSS"],"items_purchased_type":["Card","Card","Card","Potion","Card"],"build_version":"2020-12-22","purchased_purges":2,"victory":false,"max_hp_per_floor":[80,80,80,80,80,80,80,80,80,80,80,80,80,80,80,80,80,80,80,80,80,80,80,80,80,80,80,80,80,80,80,80,80,80,80,80,80,80,80,80,80,80,80,80,80,80,80,80,80,80,80],"card_choices":[{"not_picked":["clintock:ImpulsiveShot","clintock:Eureka"],"picked":"clintock:DegradedPrimer","floor":1.0},{"not_picked":["clintock:TelomereErosion","clintock:Excavate"],"picked":"clintock:Interrupt","floor":3.0},{"not_picked":["clintock:Sting","clintock:Obstruct"],"picked":"clintock:Polymerize","floor":4.0},{"not_picked":["clintock:Recombination","clintock:SuspendAnimation"],"picked":"clintock:DTMP","floor":7.0},{"not_picked":["clintock:Bateson9000","clintock:Sting"],"picked":"clintock:Thymidine","floor":10.0},{"not_picked":["clintock:SampleSwap","clintock:Eureka"],"picked":"clintock:Deoxyadenosine","floor":11.0},{"not_picked":["clintock:Excavate","clintock:Ketosis"],"picked":"clintock:Deoxyadenosine","floor":13.0},{"not_picked":["clintock:DnaMicroarray","clintock:BoloPunch"],"picked":"clintock:TheGenomeProject","floor":16.0},{"not_picked":["clintock:EnergyMetabolism+1","clintock:Jab"],"picked":"clintock:GeneticsLab","floor":18.0},{"not_picked":["clintock:Mitosis","clintock:Eureka","clintock:DegradedPrimer"],"picked":"SKIP","floor":22.0},{"not_picked":["clintock:Miasma+1","clintock:SuspendAnimation","clintock:Deoxyadenosine"],"picked":"SKIP","floor":23.0},{"not_picked":["clintock:Jab","clintock:Efflux"],"picked":"clintock:Bateson9000","floor":24.0},{"not_picked":["clintock:Efflux","clintock:ProteinUtilization+1"],"picked":"clintock:Deoxycytidine+1","floor":27.0},{"not_picked":["clintock:ATPReserves","clintock:Immunodeficiency+1"],"picked":"clintock:DAMP","floor":31.0},{"not_picked":["clintock:TheGenomeProject","clintock:MendelPro"],"picked":"clintock:Contamination","floor":33},{"not_picked":["clintock:ImpulsiveShot+1","clintock:Deoxyguanosine+1"],"picked":"clintock:ProteinUtilization+1","floor":35},{"not_picked":["clintock:Excavate+1","clintock:Immunodeficiency"],"picked":"clintock:Polymerize","floor":36},{"not_picked":["clintock:Miasma","clintock:Outbreak"],"picked":"clintock:RandomForest+1","floor":40},{"not_picked":["clintock:Epidemic","clintock:Deoxycytidine","clintock:Recombination+1"],"picked":"SKIP","floor":44},{"not_picked":["clintock:VectorFlow","clintock:Centrifuge+1","clintock:TelomereErosion+1"],"picked":"SKIP","floor":45},{"not_picked":["clintock:DTMP","clintock:ATPReserves","clintock:DegradedPrimer+1"],"picked":"SKIP","floor":46},{"not_picked":["clintock:Centrifuge+1","clintock:Eureka+1","clintock:Interrupt"],"picked":"SKIP","floor":48}],"player_experience":129129,"relics_obtained":[{"floor":4.0,"key":"Pantograph"},{"floor":7.0,"key":"Iron Hammer"},{"floor":9.0,"key":"hubris:TenFootPole"},{"floor":14.0,"key":"Gremlin Food"},{"floor":23.0,"key":"DeathKnight:PutricidesVial"},{"floor":26.0,"key":"Simple Rune"},{"floor":43,"key":"hubris:DuctTape"},{"floor":46,"key":"DemoMod:ClearGuonStone"}],"event_choices":[{"damage_healed":0.0,"max_hp_gain":0.0,"max_hp_loss":0.0,"gold_gain":0.0,"event_name":"Upgrade Shrine","player_choice":"Upgraded","floor":5.0,"gold_loss":0.0,"damage_taken":0.0,"cards_upgraded":["clintock:DegradedPrimer"]},{"damage_healed":0.0,"max_hp_gain":0.0,"max_hp_loss":0.0,"gold_gain":0.0,"event_name":"Accursed Blacksmith","player_choice":"Rummage","floor":20.0,"gold_loss":0.0,"damage_taken":0.0,"relics_obtained":["WarpedTongs"],"cards_obtained":["Pain"]},{"cards_removed":["clintock:ClintockStrike"],"damage_healed":0.0,"max_hp_gain":0.0,"max_hp_loss":0.0,"gold_gain":0.0,"event_name":"Purifier","player_choice":"Purged","floor":29.0,"gold_loss":0.0,"damage_taken":0.0},{"damage_healed":0,"gold_gain":0,"player_choice":"Obtain Plague Curse","damage_taken":0,"max_hp_gain":0,"max_hp_loss":0,"event_name":"Plague Doctor","floor":37,"gold_loss":0,"cards_obtained":["theForsaken:PlagueCurse"]},{"damage_healed":0,"gold_gain":0,"player_choice":"Gave Potion","damage_taken":0,"relics_obtained":["Replay:Rubber Ducky"],"max_hp_gain":0,"max_hp_loss":0,"event_name":"WeMeetAgain","floor":38,"gold_loss":0}],"is_beta":false,"boss_relics":[{"not_picked":["Snecko Eye","Cursed Key"],"picked":"Ring of Chaos"},{"not_picked":["halation:Risk","Empty Cage"],"picked":"Bromod:ArcaneEnergize"}],"items_purged_floors":[21,39],"is_endless":false,"potions_floor_spawned":[3,4,13,16,18,24,33,36,44,45],"killed_by":"Donu and Deca","ascension_level":0}}