{"host":"mal0jdk4f6ubgyb8","time":1611349957,"event":{"mods":["100% Spire Juice","Act Like it!","Arknights The Spire","Aspiration","BaseMod","Gensokyo","Hallownest","Koishi","Luminous","Marisa£®ÏF”Í°°ƒß¿Ì…≥£©","Minty Spire (QoL Compilation)","Quick Restart","Reimu£®≤©¿ˆ¡È√Œ£©","Relic Stats","Remilia£®¿Ÿ√◊¿Ú—«£©","StSLib","The Bug Knight","WarShipGirlsR/’ΩΩ¢…Ÿ≈ÆR mod","Yakumo Yukari mod","Youmu£®ªÍ∆«—˝√Œ£©","Yuri Mod","Yuyuko"],"gold_per_floor":[118,135,168,168,168,168,216,229,255,14,41,72,104,157,157,276,276,290,290,290,245,275,329,108,28,28,97,134,167,167,238,238,358,358,398,167,225,256,286,356,356,382,406,456,456,456],"floor_reached":45,"language":"ZHS","playtime":2081,"items_purged":["Defend_RM"],"score":726,"play_id":"af1ffb84-3b4a-4398-9b45-89f3badf529c","local_time":"20210123051237","is_ascension_mode":true,"campfire_choices":[{"floor":6.0,"key":"RECALL"},{"data":"Apotheosis","floor":15.0,"key":"SMITH"},{"data":"EquivalentExchange","floor":30,"key":"SMITH"},{"data":"TransientEternity","floor":32,"key":"SMITH"},{"data":"CeilingFear","floor":41,"key":"SMITH"}],"circlet_count":0,"master_deck":["Strike_RM","Strike_RM","Strike_RM","Strike_RM","Defend_RM","Defend_RM","ScarletShoot","FavorOfDestiny","ScarletImprint","VampireKiss","ScarletImprint","Apotheosis+1","NightDance","FavorOfDestiny","NightDance","ScarletImprint","RedRainbow","TransientEternity+1","RedRainbow+1","EquivalentExchange+1","Hallownest:skillCityofTearsMap","RedRainbow+1","NightDance","StarOfDavid","RedRainbow","CeilingFear+1","RedRainbow+1","BloodyCatastrophe+1","MillenniumVampire+1","BombardNight+1","BombardNight","BloodAndWine+1","ScarletImprint+1"],"relics":["ScarletHat","Boot","Nunchaku","HollowMod:StagPassRelic","Odd Mushroom","Ornamental Fan","ScarletEmblem","Juzu Bracelet","ScarletDevilRocket","TheAbacus","Pen Nib","StrikeDummy","Anchor","APieceOfRedMist","aspiration:Nostalgia","Coronal","Singing Bowl","Potion Belt","PreservedInsect"],"acts_visited":["Exordium","Exordium","Hallownest:CityofTears"],"potions_floor_usage":[33,33,33,37,40,42,45],"damage_taken":[{"damage":2.0,"enemies":"Jaw Worm","floor":1.0,"turns":4.0},{"damage":0.0,"enemies":"Small Slimes","floor":2.0,"turns":4.0},{"damage":1.0,"enemies":"Cultist","floor":3.0,"turns":5.0},{"damage":18.0,"enemies":"3 Sentries","floor":7.0,"turns":15.0},{"damage":8.0,"enemies":"2 Fungi Beasts","floor":8.0,"turns":4.0},{"damage":0.0,"enemies":"The Mushroom Lair","floor":11.0,"turns":4.0},{"damage":7.0,"enemies":"Large Slime","floor":12.0,"turns":6.0},{"damage":13.0,"enemies":"Gremlin Nob","floor":13.0,"turns":3.0},{"damage":8.0,"enemies":"Looter","floor":14.0,"turns":5.0},{"damage":5.0,"enemies":"Hexaghost","floor":16.0,"turns":12.0},{"damage":0.0,"enemies":"Hallownest:Flukemon_and_Top","floor":18.0,"turns":5.0},{"damage":0.0,"enemies":"Hallownest:3_Youths","floor":22.0,"turns":5.0},{"damage":24.0,"enemies":"Hallownest:eliteSoulWarrior","floor":23.0,"turns":10.0},{"damage":22.0,"enemies":"Hallownest:eliteWatcherKnight","floor":27.0,"turns":13.0},{"damage":0.0,"enemies":"Hallownest:monsterShrumalOgre","floor":28.0,"turns":4.0},{"damage":0,"enemies":"Hallownest:3_Mistakes","floor":29,"turns":3},{"damage":4,"enemies":"Hallownest:Nosk","floor":31,"turns":9},{"damage":28,"enemies":"Hallownest:BossGrimm","floor":33,"turns":4},{"damage":23,"enemies":"Hallownest:Shield_Heavy","floor":35,"turns":5},{"damage":35,"enemies":"Hallownest:3_Siblings","floor":37,"turns":6},{"damage":13,"enemies":"Hallownest:2_Wing_and_1_Kings","floor":38,"turns":6},{"damage":5,"enemies":"Hallownest:2_Great","floor":39,"turns":6},{"damage":32,"enemies":"Hallownest:eliteHiveKnight","floor":40,"turns":5},{"damage":17,"enemies":"Hallownest:eliteCollector","floor":42,"turns":5},{"damage":24,"enemies":"Hallownest:2_Wandering_and_1_Horned","floor":44,"turns":5},{"damage":32,"enemies":"Hallownest:eliteHiveKnight","floor":45,"turns":3}],"seed_played":"-5205688287435641336","potions_obtained":[{"floor":3.0,"key":"GrandPatriotsElixir:ReiMu"},{"floor":7.0,"key":"SpeedPotion"},{"floor":8.0,"key":"EssenceOfSteel"},{"floor":11.0,"key":"EntropicBrew"},{"floor":16.0,"key":"PowerPotion"},{"floor":18.0,"key":"GrandPatriotsElixir:ReiMu"},{"floor":22.0,"key":"Swift Potion"},{"floor":29,"key":"AttackPotion"},{"floor":37,"key":"Energy Potion"},{"floor":38,"key":"DuplicationPotion"},{"floor":42,"key":"Strength Potion"},{"floor":42,"key":"BlessingOfTheForge"}],"is_trial":false,"path_per_floor":["M","M","M","?","?","R","E","M","T","$","?","M","E","M","R","B",null,"M","?","?","?","M","E","$","?","T","E","M","M","R","E","R","B",null,"M","$","M","M","M","E","R","E","T","M","E"],"character_chosen":"REMILIA","items_purchased":["Apotheosis","NightDance","TheAbacus","BloodyCatastrophe","aspiration:Nostalgia"],"campfire_rested":0,"item_purchase_floors":[10,10,24,36,36],"current_hp_per_floor":[73,73,74,62,55,55,37,29,29,29,31,26,18,10,10,17,61,65,65,61,67,70,49,49,49,49,37,41,45,45,47,47,40,71,53,53,25,26,24,27,27,30,30,16,0,0],"gold":456,"neow_bonus":"RANDOM_COMMON_RELIC","is_daily":false,"chose_seed":false,"campfire_upgraded":4,"win_rate":0.0,"timestamp":1611349957,"path_taken":["M","M","M","?","?","R","E","M","T","?","?","M","E","?","R","BOSS","M","?","?","?","M","E","$","?","T","E","M","M","R","E","R","BOSS","M","$","M","M","M","E","R","E","T","M","E"],"items_purchased_type":["Card","Card","Relic","Card","Relic"],"build_version":"2020-12-22","purchased_purges":1,"victory":false,"max_hp_per_floor":[75,75,75,75,75,75,75,75,75,75,75,75,75,75,75,75,75,75,75,75,81,81,81,81,81,81,81,81,81,81,81,81,81,81,81,81,81,81,81,81,81,83,83,83,83,83],"relic_stats":{"Nunchaku":[44],"TheAbacus":[90],"Singing Bowl":2,"counters":[26,156],"Ornamental Fan":[372],"Pen Nib":[27],"PreservedInsect":67,"Juzu Bracelet":0,"Boot":[77],"obtain_stats":[{"Potion Belt":42,"ScarletDevilRocket":23,"Singing Bowl":40,"aspiration:Nostalgia":36,"Pen Nib":26,"PreservedInsect":43,"Juzu Bracelet":19,"ScarletEmblem":17,"Odd Mushroom":11,"Boot":0,"HollowMod:StagPassRelic":7,"ScarletHat":0,"Nunchaku":4,"Anchor":31,"APieceOfRedMist":34,"TheAbacus":24,"Ornamental Fan":13,"Coronal":36,"StrikeDummy":27},{"Potion Belt":24,"ScarletDevilRocket":13,"Singing Bowl":23,"aspiration:Nostalgia":19,"Pen Nib":13,"PreservedInsect":24,"Juzu Bracelet":11,"ScarletEmblem":10,"Odd Mushroom":6,"Boot":0,"HollowMod:StagPassRelic":4,"ScarletHat":0,"Nunchaku":3,"Anchor":17,"APieceOfRedMist":18,"TheAbacus":13,"Ornamental Fan":8,"Coronal":19,"StrikeDummy":14},{"Potion Belt":148,"ScarletDevilRocket":82,"Singing Bowl":143,"aspiration:Nostalgia":120,"Pen Nib":82,"PreservedInsect":148,"Juzu Bracelet":67,"ScarletEmblem":62,"Odd Mushroom":36,"Boot":0,"HollowMod:StagPassRelic":28,"ScarletHat":0,"Nunchaku":13,"Anchor":111,"APieceOfRedMist":115,"TheAbacus":82,"Ornamental Fan":45,"Coronal":120,"StrikeDummy":95}]},"card_choices":[{"not_picked":["BloodyTrap","BadLadyScramble","DiffusionOfMisfortune"],"picked":"SKIP","floor":1.0},{"not_picked":["RedMagic","ChainGang"],"picked":"FavorOfDestiny","floor":2.0},{"not_picked":["UnstableMagic","StarOfDavid"],"picked":"ScarletImprint","floor":3.0},{"not_picked":["NightLord","ScarletImprint"],"picked":"VampireKiss","floor":7.0},{"not_picked":["UnstableMagic","CharismaGuard"],"picked":"ScarletImprint","floor":8.0},{"not_picked":["BloodHunter","StarOfDavid"],"picked":"FavorOfDestiny","floor":11.0},{"not_picked":["TricksterDevil","TwelveNightmare"],"picked":"NightDance","floor":12.0},{"not_picked":["ScarletGensokyo","GlobalNightmare"],"picked":"ScarletImprint","floor":13.0},{"not_picked":["UnderTheZenith","CharismaGuard"],"picked":"RedRainbow","floor":14.0},{"not_picked":["BloodRain","HeartBreak"],"picked":"TransientEternity","floor":16.0},{"not_picked":["Stigmanizer","EndlessAdversity"],"picked":"RedRainbow+1","floor":18.0},{"not_picked":["VampireFantasy","Ultimatum","EndlessAdversity"],"picked":"SKIP","floor":22.0},{"not_picked":["CharismaGuard","MastersStateliness"],"picked":"EquivalentExchange","floor":23.0},{"not_picked":["StarOfDavid","DevilSight"],"picked":"RedRainbow+1","floor":27.0},{"not_picked":["MastersStateliness","DiffusionOfMisfortune"],"picked":"NightDance","floor":28.0},{"not_picked":["CharismaGuard","ForbiddenFruit+1"],"picked":"StarOfDavid","floor":29},{"not_picked":["UnderTheZenith","EmergencyRegeneration"],"picked":"RedRainbow","floor":31},{"not_picked":["QueenOfMidnight","ChaoticDestiny"],"picked":"CeilingFear","floor":33},{"not_picked":["FitfulNightmare","FavorOfDestiny"],"picked":"RedRainbow+1","floor":35},{"not_picked":["VampireClaw","SuperhumanBloodyKnife+1"],"picked":"MillenniumVampire+1","floor":37},{"not_picked":["EmergencyRegeneration+1","DevilSight"],"picked":"BombardNight+1","floor":38},{"not_picked":["EndlessAdversity+1","DiffusionOfMisfortune"],"picked":"BombardNight","floor":39},{"not_picked":["DiffusionOfMisfortune+1","CharismaGuard+1"],"picked":"BloodAndWine+1","floor":40},{"not_picked":["EndlessAdversity","BlasphemousPunishment+1","NightLord"],"picked":"Singing Bowl","floor":42},{"not_picked":["Ultimatum","Septette+1"],"picked":"ScarletImprint+1","floor":44}],"player_experience":338158,"relics_obtained":[{"floor":7.0,"key":"HollowMod:StagPassRelic"},{"floor":11.0,"key":"Odd Mushroom"},{"floor":13.0,"key":"Ornamental Fan"},{"floor":23.0,"key":"ScarletDevilRocket"},{"floor":26.0,"key":"Pen Nib"},{"floor":27.0,"key":"StrikeDummy"},{"floor":31,"key":"Anchor"},{"floor":40,"key":"Singing Bowl"},{"floor":42,"key":"Potion Belt"},{"floor":43,"key":"PreservedInsect"}],"event_choices":[{"damage_healed":0.0,"max_hp_gain":0.0,"max_hp_loss":0.0,"gold_gain":0.0,"event_name":"Scrap Ooze","player_choice":"Success","floor":4.0,"gold_loss":0.0,"damage_taken":12.0,"relics_obtained":["Nunchaku"]},{"cards_removed":["RedMoon"],"damage_healed":0.0,"max_hp_gain":0.0,"max_hp_loss":0.0,"gold_gain":0.0,"event_name":"Golden Wing","player_choice":"Card Removal","floor":5.0,"gold_loss":0.0,"damage_taken":7.0},{"damage_healed":0.0,"max_hp_gain":0.0,"max_hp_loss":0.0,"gold_gain":0.0,"event_name":"Mushrooms","player_choice":"Fought Mushrooms","floor":11.0,"gold_loss":0.0,"damage_taken":0.0}],"is_beta":false,"boss_relics":[{"not_picked":["Runic Dome","Philosopher\u0027s Stone"],"picked":"ScarletEmblem"},{"not_picked":["SlaversCollar","Snecko Eye"],"picked":"APieceOfRedMist"}],"items_purged_floors":[24],"is_endless":false,"potions_floor_spawned":[1,3,7,8,11,18,22,29,31,37,39,42],"killed_by":"Hallownest:eliteHiveKnight","ascension_level":5}}