{"host":"c44ey07ufggfw2m8","time":1611304536,"event":{"mods":["2.2 Compatiblity","BaseMod","Colored Map","DeckTracker","Highlight Path","Keyboard Shortcuts","Minty Spire (QoL Compilation)","Permanent Neow","Quick Restart","StSLib","SuperFastMode","UnlockEverythingMod"],"gold_per_floor":[114,39,50,50,61,61,94,106,106,106,126,139,139,151,151,252,252,271,15,25,25,25,25,25],"floor_reached":23,"language":"KOR","playtime":713,"items_purged":["Writhe","Strike_G"],"score":261,"play_id":"027ef1fb-acd5-40ff-8a97-3f74a3540ece","local_time":"20210122173536","is_ascension_mode":true,"campfire_choices":[{"data":"Skewer","floor":6.0,"key":"SMITH"},{"data":"Deadly Poison","floor":10.0,"key":"SMITH"},{"data":"A Thousand Cuts","floor":13.0,"key":"SMITH"},{"floor":15.0,"key":"REST"}],"circlet_count":0,"master_deck":["Strike_G","Strike_G","Defend_G","Defend_G","Defend_G","Defend_G","Defend_G","Survivor","Neutralize","Skewer+1","A Thousand Cuts+1","Flying Knee","Escape Plan","Quick Slash","Deadly Poison+1","Dash","Acrobatics","Backflip","Deadly Poison","Wraith Form v2","Bouncing Flask","Backflip","Tactician"],"relics":["Ring of the Snake","Blue Candle","Pear","Sundial","Coffee Dripper","MealTicket"],"acts_visited":["Exordium","TheCity"],"potions_floor_usage":[16,16,23],"damage_taken":[{"damage":0.0,"enemies":"Jaw Worm","floor":1.0,"turns":4.0},{"damage":0.0,"enemies":"2 Louse","floor":3.0,"turns":2.0},{"damage":6.0,"enemies":"Small Slimes","floor":5.0,"turns":5.0},{"damage":25.0,"enemies":"Gremlin Nob","floor":7.0,"turns":4.0},{"damage":0.0,"enemies":"Looter","floor":8.0,"turns":2.0},{"damage":1.0,"enemies":"Exordium Wildlife","floor":11.0,"turns":3.0},{"damage":0.0,"enemies":"2 Fungi Beasts","floor":12.0,"turns":3.0},{"damage":4.0,"enemies":"Exordium Thugs","floor":14.0,"turns":5.0},{"damage":12,"enemies":"Slime Boss","floor":16,"turns":9},{"damage":0,"enemies":"Chosen","floor":18,"turns":5},{"damage":15,"enemies":"Spheric Guardian","floor":20,"turns":5},{"damage":19,"enemies":"Slavers","floor":23,"turns":4}],"seed_played":"-4442648203956967249","potions_obtained":[{"floor":8.0,"key":"BlessingOfTheForge"},{"floor":11.0,"key":"Weak Potion"},{"floor":16,"key":"SkillPotion"},{"floor":18,"key":"CultistPotion"}],"is_trial":false,"path_per_floor":["M","$","M","?","M","R","E","M","T","R","M","M","R","M","R","B",null,"M","$","M","?","$","E"],"character_chosen":"THE_SILENT","items_purchased":["MealTicket"],"campfire_rested":1,"item_purchase_floors":[19],"current_hp_per_floor":[63,63,63,51,45,45,30,30,30,30,29,29,29,25,49,37,69,69,69,54,54,69,50,50],"gold":25,"neow_bonus":"TRANSFORM_TWO_CARDS","is_daily":false,"chose_seed":false,"campfire_upgraded":3,"win_rate":0.0,"timestamp":1611304536,"path_taken":["M","$","M","?","M","R","E","M","T","R","M","M","R","M","R","BOSS","M","$","M","?","$","E"],"items_purchased_type":["Relic"],"build_version":"2020-12-22","purchased_purges":2,"victory":false,"max_hp_per_floor":[70,70,70,70,70,70,80,80,80,80,80,80,80,80,80,80,80,80,80,80,80,80,80,80],"card_choices":[{"not_picked":["Outmaneuver","Catalyst"],"picked":"Flying Knee","floor":1.0},{"not_picked":["Eviscerate","Blur"],"picked":"Escape Plan","floor":3.0},{"not_picked":["PiercingWail","Outmaneuver"],"picked":"Quick Slash","floor":5.0},{"not_picked":["Phantasmal Killer","Endless Agony"],"picked":"Deadly Poison","floor":7.0},{"not_picked":["Setup","Sucker Punch"],"picked":"Dash","floor":8.0},{"not_picked":["Finisher","Heel Hook"],"picked":"Acrobatics","floor":11.0},{"not_picked":["Dagger Spray","Prepared"],"picked":"Backflip","floor":12.0},{"not_picked":["Tactician","Poisoned Stab"],"picked":"Deadly Poison","floor":14.0},{"not_picked":["Die Die Die","Tools of the Trade"],"picked":"Wraith Form v2","floor":16},{"not_picked":["Deadly Poison","Poisoned Stab"],"picked":"Bouncing Flask","floor":18},{"not_picked":["Riddle With Holes","Slice"],"picked":"Backflip","floor":20}],"player_experience":51747,"relics_obtained":[{"floor":7.0,"key":"Pear"},{"floor":9.0,"key":"Sundial"}],"event_choices":[{"damage_healed":0.0,"max_hp_gain":0.0,"max_hp_loss":0.0,"gold_gain":0.0,"event_name":"Scrap Ooze","player_choice":"Success","floor":4.0,"gold_loss":0.0,"damage_taken":12.0,"relics_obtained":["Blue Candle"]},{"damage_healed":0,"gold_gain":0,"player_choice":"Read","damage_taken":0,"max_hp_gain":0,"max_hp_loss":0,"event_name":"The Library","floor":21,"gold_loss":0,"cards_obtained":["Tactician"]}],"is_beta":false,"boss_relics":[{"not_picked":["WristBlade","Tiny House"],"picked":"Coffee Dripper"}],"items_purged_floors":[2,19],"is_endless":false,"potions_floor_spawned":[8,11,16,18],"killed_by":"Slavers","ascension_level":7}}