{"host":"t7mx8yfj1no5p62f","time":1611280236,"event":{"mods":["BaseMod","Bestiary","Colored Map","Colored Powertips","Minty Spire (QoL Compilation)","Relic Stats","StSLib"],"gold_per_floor":[111,128,31,51,51,51,66,98,98,115,115,131,131,143,143,216,216,236,236,266,181,194,194,221,232,232,6,6,6,36,36,36],"floor_reached":31,"language":"ENG","playtime":818,"items_purged":[],"score":675,"play_id":"942f4a19-58c4-439f-8e04-b11814645431","local_time":"20210121205036","is_ascension_mode":true,"campfire_choices":[{"data":"Whirlwind","floor":6,"key":"SMITH"},{"data":"Inflame","floor":11,"key":"SMITH"},{"data":"True Grit","floor":15,"key":"SMITH"},{"data":"Rage","floor":23,"key":"SMITH"},{"data":"Second Wind","floor":29,"key":"SMITH"}],"circlet_count":0,"master_deck":["AscendersBane","Defend_R","Defend_R","Defend_R","Defend_R","Bash","Wild Strike","Whirlwind+1","Second Wind+1","Inflame+1","Rage+1","Perfected Strike","Shrug It Off","True Grit+1","Reaper","Bite","Bite","Bite","Bite","Bite","Armaments+1","Sword Boomerang+1","Inflame"],"relics":["SacredBark","Bottled Tornado","StrikeDummy","CultistMask","Coffee Dripper","Red Mask","Pen Nib","Blood Vial","Ornamental Fan","Strange Spoon","Boot"],"acts_visited":["Exordium","TheCity"],"potions_floor_usage":[8,16,20,20,22,24,30],"damage_taken":[{"damage":5,"enemies":"2 Louse","floor":1,"turns":4},{"damage":2,"enemies":"Cultist","floor":2,"turns":4},{"damage":3,"enemies":"Small Slimes","floor":4,"turns":3},{"damage":18,"enemies":"Red Slaver","floor":7,"turns":5},{"damage":8,"enemies":"Gremlin Nob","floor":8,"turns":3},{"damage":2,"enemies":"2 Fungi Beasts","floor":10,"turns":2},{"damage":7,"enemies":"Looter","floor":12,"turns":3},{"damage":8,"enemies":"3 Louse","floor":14,"turns":2},{"damage":0,"enemies":"Slime Boss","floor":16,"turns":5},{"damage":14,"enemies":"Chosen","floor":18,"turns":4},{"damage":45,"enemies":"Masked Bandits","floor":20,"turns":4},{"damage":9,"enemies":"2 Thieves","floor":22,"turns":3},{"damage":27,"enemies":"Slavers","floor":24,"turns":3},{"damage":17,"enemies":"Chosen and Byrds","floor":25,"turns":5},{"damage":40,"enemies":"Gremlin Leader","floor":30,"turns":7},{"damage":44,"enemies":"Snecko","floor":31,"turns":6}],"seed_played":"-403073176179925025","potions_obtained":[{"floor":2,"key":"Energy Potion"},{"floor":10,"key":"DuplicationPotion"},{"floor":16,"key":"FearPotion"},{"floor":18,"key":"EssenceOfSteel"},{"floor":20,"key":"Explosive Potion"},{"floor":22,"key":"Regen Potion"}],"is_trial":false,"path_per_floor":["M","M","$","M","?","R","M","E","T","M","R","M","?","M","R","B",null,"M","?","?","?","M","R","E","M","T","$","?","R","E","M"],"character_chosen":"IRONCLAD","items_purchased":["Second Wind","PowerPotion","Strange Spoon","SpeedPotion"],"campfire_rested":0,"item_purchase_floors":[3,3,27,27],"current_hp_per_floor":[63,61,61,58,58,58,40,32,32,30,30,23,23,15,15,15,60,53,52,15,15,16,16,34,30,30,30,30,30,17,0,0],"gold":36,"neow_bonus":"BOSS_RELIC","is_daily":false,"chose_seed":false,"campfire_upgraded":5,"win_rate":0.0,"timestamp":1611280236,"path_taken":["M","M","$","M","?","R","M","E","T","?","R","M","?","?","R","BOSS","M","?","?","?","M","R","E","M","T","?","?","R","E","M"],"items_purchased_type":["Card","Potion","Relic","Potion"],"build_version":"2020-12-22","purchased_purges":0,"victory":false,"max_hp_per_floor":[75,75,75,75,75,75,75,75,75,75,75,75,75,75,75,75,75,75,52,52,52,52,52,52,52,52,52,52,52,52,52,52],"relic_stats":{"Blood Vial":6,"Strange Spoon":[1],"counters":[16,63],"Ornamental Fan":[4],"Pen Nib":[3],"Boot":[0],"obtain_stats":[{"Blood Vial":24,"Strange Spoon":27,"Ornamental Fan":26,"SacredBark":0,"CultistMask":13,"Pen Nib":21,"Coffee Dripper":17,"Red Mask":20,"Bottled Tornado":8,"StrikeDummy":9,"Boot":30,"Burning Blood":0},{"Blood Vial":13,"Strange Spoon":14,"Ornamental Fan":14,"SacredBark":0,"CultistMask":7,"Pen Nib":11,"Coffee Dripper":9,"Red Mask":11,"Bottled Tornado":5,"StrikeDummy":5,"Boot":15,"Burning Blood":0},{"Blood Vial":45,"Strange Spoon":50,"Ornamental Fan":50,"SacredBark":0,"CultistMask":24,"Pen Nib":39,"Coffee Dripper":31,"Red Mask":39,"Bottled Tornado":19,"StrikeDummy":19,"Boot":57,"Burning Blood":0}]},"card_choices":[{"not_picked":["Flex","Bloodletting"],"picked":"Wild Strike","floor":1},{"not_picked":["Twin Strike","Ghostly Armor"],"picked":"Whirlwind","floor":2},{"not_picked":["True Grit","Sever Soul"],"picked":"Inflame","floor":4},{"not_picked":["Rupture","Iron Wave"],"picked":"Perfected Strike","floor":7},{"not_picked":["Whirlwind","Bloodletting","Flex"],"picked":"SKIP","floor":8},{"not_picked":["Dual Wield","Clash"],"picked":"Shrug It Off","floor":10},{"not_picked":["Iron Wave","Cleave","Dark Embrace"],"picked":"SKIP","floor":12},{"not_picked":["Wild Strike","Pummel"],"picked":"True Grit","floor":14},{"not_picked":["Feed","Double Tap"],"picked":"Reaper","floor":16},{"not_picked":["Seeing Red","True Grit","Anger"],"picked":"SKIP","floor":18},{"not_picked":["Seeing Red","True Grit","Anger"],"picked":"SKIP","floor":18},{"not_picked":["Seeing Red","True Grit","Anger"],"picked":"SKIP","floor":18},{"not_picked":["Flex","Wild Strike"],"picked":"Armaments+1","floor":22},{"not_picked":["Fiend Fire","Fire Breathing+1","Combust"],"picked":"SKIP","floor":24},{"not_picked":["Reckless Charge","Twin Strike"],"picked":"Sword Boomerang+1","floor":25},{"not_picked":["Clothesline","Uppercut"],"picked":"Inflame","floor":30}],"player_experience":1805902,"relics_obtained":[{"floor":8,"key":"Bottled Tornado"},{"floor":9,"key":"StrikeDummy"},{"floor":20,"key":"Red Mask"},{"floor":24,"key":"Blood Vial"},{"floor":26,"key":"Ornamental Fan"},{"floor":30,"key":"Boot"}],"event_choices":[{"damage_healed":0,"gold_gain":0,"cards_transformed":["Strike_R"],"player_choice":"Transformed","damage_taken":0,"max_hp_gain":0,"max_hp_loss":0,"event_name":"Transmorgrifier","floor":5,"gold_loss":0,"cards_obtained":["Rage"]},{"damage_healed":0,"gold_gain":0,"player_choice":"Trade","damage_taken":0,"relics_obtained":["CultistMask"],"max_hp_gain":0,"max_hp_loss":0,"event_name":"FaceTrader","floor":13,"gold_loss":0},{"damage_healed":0,"gold_gain":0,"player_choice":"Became a vampire","damage_taken":0,"max_hp_gain":0,"max_hp_loss":23,"event_name":"Vampires","floor":19,"gold_loss":0,"cards_obtained":["Bite","Bite","Bite","Bite","Bite"]},{"damage_healed":0,"gold_gain":0,"player_choice":"Fought Bandits","damage_taken":0,"max_hp_gain":0,"max_hp_loss":0,"event_name":"Masked Bandits","floor":20,"gold_loss":0},{"damage_healed":0,"gold_gain":0,"player_choice":"Obtained Relic","damage_taken":0,"relics_obtained":["Pen Nib"],"max_hp_gain":0,"max_hp_loss":0,"event_name":"Addict","floor":21,"gold_loss":85},{"damage_healed":0,"gold_gain":0,"player_choice":"Ignored","damage_taken":0,"max_hp_gain":0,"max_hp_loss":0,"event_name":"The Mausoleum","floor":28,"gold_loss":0}],"is_beta":false,"boss_relics":[{"not_picked":["Busted Crown","Tiny House"],"picked":"Coffee Dripper"}],"items_purged_floors":[],"is_endless":false,"potions_floor_spawned":[2,4,10,16,18,20,22],"killed_by":"Snecko","ascension_level":20}}