{"host":"6eo4thp7fob519hm","time":1611340436,"event":{"mods":["BaseMod","Block Reminder","Colored Map","Colored Powertips","DeckTracker","Googly Eyes","Highlight Path","Minty Spire (QoL Compilation)","Quick Restart"],"gold_per_floor":[115,115,190,190,200,200,230,246,246,264,264,264,280,293,293,293,293],"floor_reached":16,"language":"ENG","playtime":390,"items_purged":[],"score":127,"play_id":"3a0bf530-b7b6-410e-8793-aa4b15d437b6","local_time":"20210123000356","is_ascension_mode":false,"campfire_choices":[{"data":"Body Slam","floor":6.0,"key":"SMITH"},{"data":"Metallicize","floor":11.0,"key":"SMITH"},{"data":"Entrench","floor":15.0,"key":"SMITH"}],"circlet_count":0,"master_deck":["Strike_R","Strike_R","Strike_R","Strike_R","Defend_R","Defend_R","Defend_R","Defend_R","Bash","Body Slam+1","Entrench+1","Metallicize+1"],"relics":["Burning Blood","NeowsBlessing","Singing Bowl","Sundial","Meat on the Bone","Kunai"],"acts_visited":["Exordium"],"potions_floor_usage":[16],"damage_taken":[{"damage":0.0,"enemies":"Cultist","floor":1.0,"turns":1.0},{"damage":0.0,"enemies":"2 Louse","floor":5.0,"turns":1.0},{"damage":0.0,"enemies":"Gremlin Nob","floor":7.0,"turns":1.0},{"damage":5.0,"enemies":"Small Slimes","floor":8.0,"turns":4.0},{"damage":6.0,"enemies":"2 Fungi Beasts","floor":10.0,"turns":5.0},{"damage":5.0,"enemies":"Large Slime","floor":13.0,"turns":9.0},{"damage":10.0,"enemies":"3 Louse","floor":14.0,"turns":2.0},{"damage":28,"enemies":"The Guardian","floor":16,"turns":4}],"seed_played":"-6335023842415573018","potions_obtained":[{"floor":1.0,"key":"BlessingOfTheForge"},{"floor":5.0,"key":"Explosive Potion"},{"floor":10.0,"key":"EssenceOfSteel"}],"is_trial":false,"path_per_floor":["M","T","?","?","M","R","E","M","T","M","R","?","M","M","R","B"],"character_chosen":"IRONCLAD","items_purchased":[],"campfire_rested":0,"item_purchase_floors":[],"current_hp_per_floor":[80,80,69,62,68,68,74,77,77,79,79,72,75,73,73,45,45],"gold":293,"neow_bonus":"THREE_ENEMY_KILL","is_daily":false,"chose_seed":false,"campfire_upgraded":3,"win_rate":0.0,"timestamp":1611340436,"path_taken":["M","?","?","?","M","R","E","M","T","M","R","?","M","M","R","BOSS"],"items_purchased_type":[],"build_version":"2020-12-22","purchased_purges":0,"victory":false,"max_hp_per_floor":[80,80,80,80,80,80,80,82,82,84,84,84,86,88,88,88,88],"card_choices":[{"not_picked":["Evolve","Rage"],"picked":"Body Slam","floor":1.0},{"not_picked":["Sword Boomerang","Thunderclap"],"picked":"Entrench","floor":5.0},{"not_picked":["Flame Barrier","Twin Strike"],"picked":"Metallicize","floor":7.0},{"not_picked":["Feel No Pain","Feed","Warcry"],"picked":"Singing Bowl","floor":8.0},{"not_picked":["Sword Boomerang","Hemokinesis","Carnage"],"picked":"Singing Bowl","floor":10.0},{"not_picked":["Flex","Metallicize","Whirlwind"],"picked":"Singing Bowl","floor":13.0},{"not_picked":["Warcry","Bloodletting","Thunderclap"],"picked":"Singing Bowl","floor":14.0}],"player_experience":584399,"relics_obtained":[{"floor":2.0,"key":"Singing Bowl"},{"floor":7.0,"key":"Meat on the Bone"},{"floor":9.0,"key":"Kunai"}],"event_choices":[{"damage_healed":0.0,"max_hp_gain":0.0,"max_hp_loss":0.0,"gold_gain":75.0,"event_name":"World of Goop","player_choice":"Gather Gold","floor":3.0,"gold_loss":0.0,"damage_taken":11.0},{"damage_healed":0.0,"max_hp_gain":0.0,"max_hp_loss":0.0,"gold_gain":0.0,"event_name":"Scrap Ooze","player_choice":"Success","floor":4.0,"gold_loss":0.0,"damage_taken":7.0,"relics_obtained":["Sundial"]},{"cards_removed":["Strike_R"],"damage_healed":0.0,"max_hp_gain":0.0,"max_hp_loss":0.0,"gold_gain":0.0,"event_name":"Golden Wing","player_choice":"Card Removal","floor":12.0,"gold_loss":0.0,"damage_taken":7.0}],"is_beta":false,"boss_relics":[],"items_purged_floors":[],"is_endless":false,"potions_floor_spawned":[1,5,10],"killed_by":"The Guardian","ascension_level":0}}