{"host":"q0qnzbgdx8oqogg9","time":1611302023,"event":{"mods":["BaseMod","Minty Spire (QoL Compilation)","StSLib"],"gold_per_floor":[20,20,36,55,72,72,86,86,109,136,160,17,55,79,79,187,187,206,215,140,40,59,98,98,137,137,164,187,212,225,250,250,354,381,395,44,56,56,82,82,82,118,143,182,210,210,210],"floor_reached":46,"language":"ENG","playtime":2173,"items_purged":["Strike_B","Shame","Double Energy+1"],"score":607,"play_id":"0f91121a-64fc-4531-a1d1-036e248ef177","local_time":"20210122025343","is_ascension_mode":true,"campfire_choices":[{"data":"Zap","floor":6.0,"key":"SMITH"},{"data":"Dualcast","floor":8.0,"key":"SMITH"},{"data":"Streamline","floor":15.0,"key":"SMITH"},{"floor":32.0,"key":"REST"},{"floor":41.0,"key":"REST"}],"circlet_count":0,"master_deck":["Defend_B+1","Zap+1","Dualcast+1","Go for the Eyes","Streamline+1","Sweeping Beam","Melter","Conserve Battery+1","Auto Shields","Defragment","Capacitor","Cold Snap","Rebound","Electrodynamics","Capacitor+1","Undo","Leap+1","Rebound+1","Defragment","Steam+1","Coolheaded","Consume","Buffer","Redo+1","Turbo+1","Glacier","Good Instincts","FTL","Ball Lightning","Loop","Stack","Reinforced Body"],"relics":["Cracked Core","CeramicFish","Strawberry","Fusion Hammer","Orichalcum","Art of War","MealTicket","Letter Opener","War Paint","Astrolabe","StrikeDummy","Bottled Flame","PreservedInsect","White Beast Statue"],"acts_visited":["Exordium","TheCity","TheBeyond"],"potions_floor_usage":[46],"damage_taken":[{"damage":1.0,"enemies":"2 Louse","floor":1.0,"turns":3.0},{"damage":0.0,"enemies":"Cultist","floor":3.0,"turns":3.0},{"damage":8.0,"enemies":"Small Slimes","floor":4.0,"turns":3.0},{"damage":11.0,"enemies":"Exordium Thugs","floor":5.0,"turns":5.0},{"damage":4.0,"enemies":"Red Slaver","floor":7.0,"turns":3.0},{"damage":8.0,"enemies":"Large Slime","floor":10.0,"turns":4.0},{"damage":0.0,"enemies":"3 Louse","floor":11.0,"turns":2.0},{"damage":12.0,"enemies":"Lagavulin","floor":13.0,"turns":7.0},{"damage":0.0,"enemies":"Looter","floor":14.0,"turns":2.0},{"damage":10.0,"enemies":"The Guardian","floor":16.0,"turns":12.0},{"damage":4.0,"enemies":"Shell Parasite","floor":18.0,"turns":5.0},{"damage":4.0,"enemies":"Spheric Guardian","floor":22.0,"turns":3.0},{"damage":18.0,"enemies":"Slavers","floor":23.0,"turns":5.0},{"damage":45.0,"enemies":"Gremlin Leader","floor":25.0,"turns":8.0},{"damage":0.0,"enemies":"3 Cultists","floor":27.0,"turns":3.0},{"damage":5.0,"enemies":"Centurion and Healer","floor":28.0,"turns":8.0},{"damage":7.0,"enemies":"Shelled Parasite and Fungi","floor":29.0,"turns":7.0},{"damage":1.0,"enemies":"3 Cultists","floor":30.0,"turns":5.0},{"damage":0.0,"enemies":"Cultist and Chosen","floor":31.0,"turns":4.0},{"damage":25.0,"enemies":"Champ","floor":33.0,"turns":12.0},{"damage":34.0,"enemies":"3 Darklings","floor":35.0,"turns":4.0},{"damage":0.0,"enemies":"Orb Walker","floor":37.0,"turns":5.0},{"damage":0.0,"enemies":"Sphere and 2 Shapes","floor":39.0,"turns":5.0},{"damage":38.0,"enemies":"Giant Head","floor":42.0,"turns":14.0},{"damage":34.0,"enemies":"Reptomancer","floor":44.0,"turns":7.0},{"damage":7.0,"enemies":"3 Darklings","floor":45.0,"turns":4.0},{"damage":34,"enemies":"Nemesis","floor":46,"turns":4}],"seed_played":"745213996602271582","potions_obtained":[{"floor":2.0,"key":"Fruit Juice"},{"floor":2.0,"key":"Swift Potion"},{"floor":2.0,"key":"Fire Potion"},{"floor":7.0,"key":"GamblersBrew"},{"floor":14.0,"key":"DuplicationPotion"},{"floor":23.0,"key":"GamblersBrew"},{"floor":30.0,"key":"Weak Potion"},{"floor":33.0,"key":"Block Potion"},{"floor":37.0,"key":"PowerPotion"},{"floor":44.0,"key":"SpeedPotion"},{"floor":45.0,"key":"CultistPotion"}],"is_trial":false,"path_per_floor":["M","?","M","M","M","R","M","R","T","M","M","$","E","M","R","B",null,"M","?","?","$","M","E","?","E","T","M","M","M","M","M","R","B",null,"M","$","M","T","M","?","R","E","T","E","M","E"],"character_chosen":"DEFECT","items_purchased":["Capacitor","Glacier","Good Instincts","FTL"],"campfire_rested":2,"item_purchase_floors":[12,36,36,36],"current_hp_per_floor":[74,74,74,66,55,55,51,51,51,43,43,43,38,38,38,28,82,78,78,78,78,74,56,56,11,11,11,11,4,3,3,29,4,87,53,68,68,68,68,68,83,45,45,11,4,0,0],"gold":210,"neow_bonus":"REMOVE_TWO","is_daily":false,"chose_seed":false,"campfire_upgraded":3,"win_rate":0.0,"timestamp":1611302023,"path_taken":["M","?","M","M","?","R","M","R","T","M","M","?","E","M","R","BOSS","M","?","?","$","M","E","?","E","T","M","M","M","M","?","R","BOSS","M","$","M","?","M","?","R","E","T","E","M","E"],"items_purchased_type":["Card","Card","Card","Card"],"build_version":"2020-12-22","purchased_purges":3,"victory":false,"max_hp_per_floor":[75,75,75,75,75,75,75,75,75,75,75,75,82,82,82,82,82,82,82,82,82,82,82,82,82,82,82,87,87,87,87,87,87,87,87,87,87,87,87,83,83,83,83,83,83,83,83],"card_choices":[{"not_picked":["Turbo","Loop"],"picked":"Go for the Eyes","floor":1.0},{"not_picked":["Barrage","Hologram"],"picked":"Streamline","floor":3.0},{"not_picked":["Beam Cell","Hello World"],"picked":"Sweeping Beam","floor":4.0},{"not_picked":["Double Energy","Amplify"],"picked":"Melter","floor":5.0},{"not_picked":["Coolheaded","Sweeping Beam"],"picked":"Conserve Battery","floor":7.0},{"not_picked":["Hologram","Ball Lightning"],"picked":"Auto Shields","floor":10.0},{"not_picked":["Genetic Algorithm","Leap"],"picked":"Defragment","floor":11.0},{"not_picked":["Lockon","Reprogram"],"picked":"Cold Snap","floor":13.0},{"not_picked":["Compile Driver","Rip and Tear"],"picked":"Rebound","floor":14.0},{"not_picked":["Reboot","Rainbow"],"picked":"Electrodynamics","floor":16.0},{"not_picked":["Gash","Cold Snap"],"picked":"Capacitor+1","floor":18.0},{"not_picked":["Sunder","Go for the Eyes+1"],"picked":"Undo","floor":22.0},{"not_picked":["Streamline","Go for the Eyes+1"],"picked":"Leap+1","floor":23.0},{"not_picked":["Heatsinks","Ball Lightning"],"picked":"Rebound+1","floor":25.0},{"not_picked":["Conserve Battery","Compile Driver"],"picked":"Defragment","floor":27.0},{"not_picked":["Undo","Leap"],"picked":"Steam+1","floor":28.0},{"not_picked":["Scrape","Fusion"],"picked":"Coolheaded","floor":29.0},{"not_picked":["Streamline","Lockon+1","Rainbow"],"picked":"SKIP","floor":30.0},{"not_picked":["Hologram","Compile Driver+1"],"picked":"Consume","floor":31.0},{"not_picked":["Electrodynamics","Fission"],"picked":"Buffer","floor":33.0},{"not_picked":["Stack+1","Reprogram","Melter+1"],"picked":"SKIP","floor":35.0},{"not_picked":["Go for the Eyes","Force Field","Compile Driver+1"],"picked":"SKIP","floor":37.0},{"not_picked":["Force Field+1","Steam+1"],"picked":"Ball Lightning","floor":39.0},{"not_picked":["Recycle+1","Loop","Self Repair"],"picked":"SKIP","floor":42.0},{"not_picked":["Recycle+1","Self Repair"],"picked":"Loop","floor":42.0},{"not_picked":["Go for the Eyes+1","Stack","Conserve Battery"],"picked":"SKIP","floor":44.0},{"not_picked":["Go for the Eyes+1","Conserve Battery"],"picked":"Stack","floor":44.0},{"not_picked":["Hyperbeam","FTL"],"picked":"Reinforced Body","floor":45.0}],"player_experience":249994,"relics_obtained":[{"floor":9.0,"key":"CeramicFish"},{"floor":13.0,"key":"Strawberry"},{"floor":23.0,"key":"Art of War"},{"floor":25.0,"key":"Letter Opener"},{"floor":26.0,"key":"War Paint"},{"floor":38.0,"key":"StrikeDummy"},{"floor":42.0,"key":"Bottled Flame"},{"floor":43.0,"key":"PreservedInsect"},{"floor":44.0,"key":"White Beast Statue"}],"event_choices":[{"damage_healed":0.0,"max_hp_gain":0.0,"max_hp_loss":0.0,"gold_gain":0.0,"event_name":"Lab","player_choice":"Got Potions","floor":2.0,"gold_loss":0.0,"damage_taken":0.0},{"damage_healed":0.0,"max_hp_gain":0.0,"max_hp_loss":0.0,"gold_gain":0.0,"event_name":"Addict","player_choice":"Stole Relic","floor":19.0,"gold_loss":0.0,"damage_taken":0.0,"relics_obtained":["Orichalcum"],"cards_obtained":["Shame"]},{"cards_removed":["Strike_B"],"damage_healed":0.0,"max_hp_gain":0.0,"max_hp_loss":0.0,"gold_gain":0.0,"event_name":"Beggar","player_choice":"Gave Gold","floor":20.0,"gold_loss":75.0,"damage_taken":0.0},{"damage_healed":0.0,"max_hp_gain":0.0,"max_hp_loss":0.0,"gold_gain":0.0,"event_name":"WeMeetAgain","player_choice":"Gave Potion","floor":24.0,"gold_loss":0.0,"damage_taken":0.0,"relics_obtained":["MealTicket"]},{"damage_healed":0.0,"max_hp_gain":0.0,"max_hp_loss":4.0,"gold_gain":0.0,"event_name":"Winding Halls","player_choice":"Max HP","floor":40.0,"gold_loss":0.0,"damage_taken":0.0}],"is_beta":false,"boss_relics":[{"not_picked":["FrozenCore","SacredBark"],"picked":"Fusion Hammer"},{"not_picked":["SlaversCollar","Empty Cage"],"picked":"Astrolabe"}],"items_purged_floors":[12,21,36],"is_endless":false,"potions_floor_spawned":[4,7,11,13,14,22,23,30,33,37,44,45],"killed_by":"Nemesis","ascension_level":3}}