{"host":"qsusua7l529r8z9k","time":1611291755,"event":{"mods":["BaseMod","Minty Spire (QoL Compilation)","Spicy Shops","StSLib"],"gold_per_floor":[109,59,59,59,75,105,105,136,136,149,169,169,198,217,217,217,217],"floor_reached":16,"language":"ZHS","playtime":1857,"items_purged":[],"score":182,"play_id":"b7b77595-8f68-4d75-9c4e-9b07a2ef1aec","local_time":"20210122130235","is_ascension_mode":true,"campfire_choices":[{"data":"Hyperbeam","floor":7,"key":"SMITH"},{"data":"Reinforced Body","floor":12,"key":"SMITH"},{"data":"Hologram","floor":15,"key":"SMITH"}],"circlet_count":0,"master_deck":["AscendersBane","Strike_B","Strike_B","Strike_B","Strike_B","Defend_B","Defend_B","Defend_B","Defend_B","Zap","Dualcast","Hyperbeam+1","Go for the Eyes","Amplify","Reinforced Body+1","Rebound","Hologram+1"],"relics":["Cracked Core","StrikeDummy","Mango","The Courier","Matryoshka","Odd Mushroom"],"acts_visited":["Exordium"],"potions_floor_usage":[],"damage_taken":[{"damage":0.0,"enemies":"Cultist","floor":1.0,"turns":2.0},{"damage":12.0,"enemies":"Jaw Worm","floor":5.0,"turns":3.0},{"damage":20,"enemies":"Lagavulin","floor":6,"turns":6},{"damage":13,"enemies":"Gremlin Nob","floor":8,"turns":3},{"damage":0,"enemies":"2 Louse","floor":10,"turns":3},{"damage":0,"enemies":"Large Slime","floor":11,"turns":5},{"damage":6,"enemies":"The Mushroom Lair","floor":13,"turns":3},{"damage":0,"enemies":"3 Louse","floor":14,"turns":1},{"damage":33,"enemies":"Slime Boss","floor":16,"turns":3}],"seed_played":"3124954772756858215","potions_obtained":[{"floor":1.0,"key":"CultistPotion"},{"floor":10,"key":"PotionOfCapacity"}],"is_trial":false,"path_per_floor":["M","?","T","$","M","E","R","E","T","M","M","R","?","M","R","B"],"character_chosen":"DEFECT","items_purchased":[],"campfire_rested":0,"item_purchase_floors":[],"current_hp_per_floor":[68,68,68,68,56,50,50,37,37,37,37,37,31,31,31,0,0],"gold":217,"neow_bonus":"THREE_RARE_CARDS","is_daily":false,"chose_seed":false,"campfire_upgraded":3,"win_rate":0.0,"timestamp":1611291755,"path_taken":["M","?","?","$","M","E","R","E","T","M","?","R","?","M","R","BOSS"],"items_purchased_type":[],"build_version":"2020-12-22","purchased_purges":0,"victory":false,"max_hp_per_floor":[75,72,72,72,72,86,86,86,86,86,86,86,86,86,86,86,86],"card_choices":[{"not_picked":["Rainbow","Reboot"],"picked":"Hyperbeam","floor":0.0},{"not_picked":["Turbo","Compile Driver"],"picked":"Go for the Eyes","floor":1.0},{"not_picked":["Redo","Barrage","Multi-Cast"],"picked":"SKIP","floor":5.0},{"not_picked":["Stack","Rebound"],"picked":"Amplify","floor":6},{"not_picked":["Tempest","Blizzard","Force Field"],"picked":"SKIP","floor":8},{"not_picked":["Cold Snap","Rip and Tear"],"picked":"Reinforced Body","floor":10},{"not_picked":["BootSequence","Stack"],"picked":"Rebound","floor":11},{"not_picked":["Stack","Barrage"],"picked":"Hologram","floor":13},{"not_picked":["Compile Driver","Conserve Battery","Rebound"],"picked":"SKIP","floor":14}],"player_experience":441878,"relics_obtained":[{"floor":3.0,"key":"StrikeDummy"},{"floor":6,"key":"Mango"},{"floor":8,"key":"The Courier"},{"floor":9,"key":"Matryoshka"},{"floor":13,"key":"Odd Mushroom"}],"event_choices":[{"cards_removed":["Parasite"],"damage_healed":0.0,"max_hp_gain":0.0,"max_hp_loss":0.0,"gold_gain":0.0,"event_name":"The Cleric","player_choice":"Card Removal","floor":2.0,"gold_loss":50.0,"damage_taken":0.0},{"damage_healed":0,"gold_gain":0,"player_choice":"Fought Mushrooms","damage_taken":0,"max_hp_gain":0,"max_hp_loss":0,"event_name":"Mushrooms","floor":13,"gold_loss":0}],"is_beta":false,"boss_relics":[],"items_purged_floors":[],"is_endless":false,"potions_floor_spawned":[1,10,11,13],"killed_by":"Slime Boss","ascension_level":13}}