{"host":"ipnf7ktf1pyxq9u3","time":1611277407,"event":{"mods":["Act Like it!","Aspiration","BaseMod","BetterRewards","Conspire","Downfall","Gremlin Mod","Hallownest","Hermit","Hubris","Infinite Spire","Lobotomy","Minty Spire (QoL Compilation)","Reworked Bosses","Shade Mod","Shop Mod","StSLib","The Bug Knight","The Construct","The Cursed","The Factory","The Forsaken","The Hierophant","The Jungle","The Necromancer"],"gold_per_floor":[99,99,99,99,99,199,226,226,255,165,65,82,109,126,141,236,236,136,156,41,41,53,80,132,117,132,144,44,60,60,77,95,200,200,200,216,228,448,448,448,472,472,492,508,536,386,415,432,444,444,444,444],"floor_reached":50,"language":"ENG","playtime":3437,"items_purged":["champ:Defend","champ:Strike","champ:Defend","champ:Strike"],"score":662,"play_id":"69838f62-020d-49bb-ab06-0f3f5b2424da","local_time":"20210122120327","is_ascension_mode":true,"campfire_choices":[{"floor":1.0,"key":"RECALL"},{"data":"champ:SkillfulDodge","floor":11.0,"key":"SMITH"},{"data":"champ:Duel","floor":18.0,"key":"SMITH"},{"data":"champ:DefensiveStyle","floor":28.0,"key":"SMITH"},{"data":"champ:Lariat","floor":30.0,"key":"SMITH"},{"data":"champ:ShieldThrow","floor":35.0,"key":"SMITH"},{"data":"champ:ShieldWall","floor":42.0,"key":"SMITH"}],"circlet_count":0,"master_deck":["champ:Strike","champ:Strike","champ:Defend","champ:Defend","champ:Execute","champ:Taunt+1","champ:Lariat+1","champ:SkillfulDodge+1","champ:VampiricStrike","champ:Duel+1","champ:DefensiveStyle+1","champ:VampiricStrike","champ:ShieldWall+1","champ:ArenaPreparation","champ:Haymaker","champ:Circumvent","champ:ShieldThrow+1"],"relics":["champ:ChampionCrown","downfall:HeartsMalice","hubris:Reverence","downfall:HeartBlessingRed","aspiration:FetidBarrel","hubris:Backtick","infinitespire:WardingShard","downfall:HeartBlessingGreen","aspiration:Stabinomicon","hubris:ToyBattleship","downfall:HeartBlessingBlue","conspire:SpecialSausage","hubris:Potato","infinitespire:Lucky Rock","Dream Catcher","Boot"],"acts_visited":["Exordium","TheCity","TheBeyond"],"potions_floor_usage":[],"damage_taken":[{"damage":0.0,"enemies":"Small Slimes","floor":2.0,"turns":1.0},{"damage":0.0,"enemies":"2 Louse","floor":3.0,"turns":1.0},{"damage":0.0,"enemies":"3 Sentries","floor":9.0,"turns":1.0},{"damage":10.0,"enemies":"downfall:FleeingMerchant","floor":10.0,"turns":4.0},{"damage":10.0,"enemies":"Cultist","floor":12.0,"turns":3.0},{"damage":0.0,"enemies":"Lagavulin","floor":13.0,"turns":6.0},{"damage":0.0,"enemies":"Lots of Slimes","floor":14.0,"turns":3.0},{"damage":10.0,"enemies":"2 Fungi Beasts","floor":15.0,"turns":4.0},{"damage":21.0,"enemies":"DF_ARCHETYPE_STREAMLINE","floor":16.0,"turns":10.0},{"damage":17.0,"enemies":"Shell Parasite","floor":19.0,"turns":4.0},{"damage":21.0,"enemies":"downfall:FleeingMerchant","floor":20.0,"turns":4.0},{"damage":0.0,"enemies":"Chosen","floor":22.0,"turns":4.0},{"damage":10.0,"enemies":"Book of Stabbing","floor":23.0,"turns":5.0},{"damage":10.0,"enemies":"downfall:FleeingMerchant","floor":25.0,"turns":4.0},{"damage":0.0,"enemies":"Snecko","floor":26.0,"turns":4.0},{"damage":12.0,"enemies":"Centurion and Healer","floor":27.0,"turns":6.0},{"damage":0.0,"enemies":"Snake Plant","floor":29.0,"turns":2.0},{"damage":0.0,"enemies":"Shelled Parasite and Fungi","floor":31.0,"turns":4.0},{"damage":21.0,"enemies":"Sentry and Sphere","floor":32.0,"turns":5.0},{"damage":20.0,"enemies":"WA_ARCHETYPE_CALM","floor":33.0,"turns":10.0},{"damage":0.0,"enemies":"3 Shapes","floor":36.0,"turns":4.0},{"damage":0.0,"enemies":"Orb Walker","floor":37.0,"turns":2.0},{"damage":10.0,"enemies":"downfall:FleeingMerchant","floor":38.0,"turns":3.0},{"damage":14.0,"enemies":"3 Darklings","floor":43.0,"turns":3.0},{"damage":0.0,"enemies":"Writhing Mass","floor":44.0,"turns":4.0},{"damage":10,"enemies":"Reptomancer","floor":45,"turns":10},{"damage":25,"enemies":"Nightmare","floor":47,"turns":9},{"damage":0,"enemies":"4 Shapes","floor":48,"turns":3},{"damage":0,"enemies":"Jaw Worm Horde","floor":49,"turns":4},{"damage":90,"enemies":"IC_BLOCK_ARCHETYPE","floor":50,"turns":4}],"seed_played":"-9030015595990985197","potions_obtained":[{"floor":12.0,"key":"Fire Potion"},{"floor":13.0,"key":"hexamod:SoulburnPotion"},{"floor":14.0,"key":"Regen Potion"},{"floor":16.0,"key":"Dexterity Potion"},{"floor":23.0,"key":"LiquidBronze"}],"is_trial":false,"path_per_floor":["R","M","M","?","?","?","T","?","E","$","R","M","E","M","M","B",null,"R","M","$","?","M","E","T","$","M","M","R","M","R","M","M","B",null,"R","M","M","$","?","?","T","R","M","M","E","$","NM","M","M","B"],"character_chosen":"THE_CHAMP","items_purchased":[],"campfire_rested":0,"item_purchase_floors":[],"current_hp_per_floor":[90,90,90,90,90,90,90,90,90,90,90,90,90,90,90,69,90,90,83,82,90,90,90,90,90,90,88,98,98,98,98,87,77,100,100,100,100,100,100,100,100,100,86,86,86,86,66,66,66,0,0,0],"gold":444,"neow_bonus":"THREE_ENEMY_KILL","is_daily":false,"chose_seed":false,"campfire_upgraded":6,"win_rate":0.0,"timestamp":1611277407,"path_taken":["R","M","M","?","?","?","T","?","E","$","R","M","E","?","M","BOSS","R","M","?","?","M","E","T","$","M","M","R","?","R","M","M","BOSS","R","M","M","$","?","?","T","R","M","?","E","$","NM","M","M","BOSS"],"items_purchased_type":[],"build_version":"2020-12-22","purchased_purges":4,"victory":false,"max_hp_per_floor":[90,90,90,90,90,90,90,90,90,90,90,90,90,90,90,90,90,90,90,90,90,90,90,90,90,90,90,100,100,100,100,100,100,100,100,100,100,100,100,100,100,100,100,100,100,100,100,100,100,100,100,100],"card_choices":[{"not_picked":["champ:AdrenalArmor","champ:BerserkersShout"],"picked":"champ:Lariat","floor":2.0},{"not_picked":["champ:BringItOn","champ:Shatter","champ:Lariat"],"picked":"SKIP","floor":3.0},{"not_picked":["champ:ArenaPreparation","champ:Duel"],"picked":"champ:SkillfulDodge","floor":9.0},{"not_picked":["champ:RisingSlash","champ:Circumvent"],"picked":"champ:VampiricStrike","floor":10.0},{"not_picked":["champ:AdrenalArmor","champ:Encircle"],"picked":"champ:Duel","floor":12.0},{"not_picked":["champ:TornadoPunch","champ:Parry"],"picked":"champ:DefensiveStyle","floor":13.0},{"not_picked":["champ:BerserkersShout","champ:IronFortress","champ:CrownThrow"],"picked":"SKIP","floor":14.0},{"not_picked":["champ:DeathBlow","champ:StanceDance","champ:StrikeOfGenius"],"picked":"SKIP","floor":15.0},{"not_picked":["champ:Devastate","champ:StrikeOfGenius"],"picked":"champ:VampiricStrike","floor":16.0},{"not_picked":["champ:Backstep","champ:Lariat"],"picked":"champ:ShieldWall","floor":19.0},{"not_picked":["champ:FancyFootwork","champ:FalseCounter+1","champ:DefensiveShout"],"picked":"SKIP","floor":20.0},{"not_picked":["champ:ShieldSlam+1","champ:PerfectedStrike","champ:CrownThrow"],"picked":"SKIP","floor":22.0},{"not_picked":["champ:FancyFootwork","champ:PerfectedStrike"],"picked":"champ:ArenaPreparation","floor":23.0},{"not_picked":["champ:ViciousMockery","champ:PerfectedStrike+1"],"picked":"champ:Haymaker","floor":25.0},{"not_picked":["champ:Encircle","champ:Lariat+1","champ:FalseCounter"],"picked":"SKIP","floor":26.0},{"not_picked":["champ:CalledShot","champ:BladeFlurry+1","champ:PerfectedStrike+1"],"picked":"SKIP","floor":27.0},{"not_picked":["champ:CalledShot","champ:CrownThrow+1"],"picked":"champ:Circumvent","floor":29.0},{"not_picked":["champ:StanceDance","champ:FanOfKnives","champ:FocusedBerserking+1"],"picked":"SKIP","floor":31.0},{"not_picked":["champ:FanOfKnives","champ:FlashCut","champ:SkillfulDodge"],"picked":"SKIP","floor":32.0},{"not_picked":["champ:HeavySlash","champ:CheapShot"],"picked":"champ:ShieldThrow","floor":33.0},{"not_picked":["champ:BladeFlurry","champ:Backstep+1","champ:BringItOn+1"],"picked":"SKIP","floor":36.0},{"not_picked":["champ:FocusedBerserking+1","champ:ShieldSlam+1","champ:SetATrap+1"],"picked":"SKIP","floor":37.0},{"not_picked":["champ:Endure+1","champ:FanOfKnives","champ:Shatter+1"],"picked":"SKIP","floor":38.0},{"not_picked":["champ:Haymaker","champ:PerfectedStrike","champ:Encircle+1"],"picked":"SKIP","floor":43.0},{"not_picked":["champ:FalseCounter+1","champ:Encircle","champ:FaceSlap"],"picked":"SKIP","floor":44.0},{"not_picked":["champ:LastStand","champ:Circumvent","champ:Duel+1"],"picked":"SKIP","floor":45},{"not_picked":["champ:Haymaker+1","champ:FanOfKnives+1","champ:EnGarde"],"picked":"SKIP","floor":47},{"not_picked":["champ:Devastate","champ:AdrenalArmor+1","champ:EndlessRage"],"picked":"SKIP","floor":48},{"not_picked":["champ:Duel+1","champ:GladiatorStyle+1","champ:DeathBlow+1"],"picked":"SKIP","floor":49}],"player_experience":616348,"relics_obtained":[{"floor":9.0,"key":"hubris:Reverence"},{"floor":13.0,"key":"aspiration:FetidBarrel"},{"floor":23.0,"key":"aspiration:Stabinomicon"},{"floor":24.0,"key":"hubris:ToyBattleship"},{"floor":39.0,"key":"hubris:Potato"},{"floor":41.0,"key":"infinitespire:Lucky Rock"},{"floor":45,"key":"Dream Catcher"},{"floor":47,"key":"Boot"}],"event_choices":[{"damage_healed":0.0,"max_hp_gain":0.0,"max_hp_loss":0.0,"gold_gain":0.0,"event_name":"conspire:Investor","player_choice":"Leave","floor":4.0,"gold_loss":0.0,"damage_taken":0.0}],"is_beta":false,"boss_relics":[{"not_picked":["champ:ChampionCrownUpgraded","aspiration:SecretTechniqueScroll"],"picked":"hubris:Backtick"},{"not_picked":["aspiration:RitualDagger","theForsaken:PaleLantern"],"picked":"conspire:SpecialSausage"}],"items_purged_floors":[10,20,38,46],"is_endless":false,"potions_floor_spawned":[12,13,14,15,16,23,27,29,32,36,44,45,48],"killed_by":"IC_BLOCK_ARCHETYPE","ascension_level":1}}