{"host":"ji1fk25fd1ga4ji1","time":1611357707,"event":{"mods":["2.2 Compatiblity","BaseMod","Colored Map","DeckTracker","Minty Spire (QoL Compilation)","Permanent Neow","Quick Restart","StSLib","SuperFastMode"],"gold_per_floor":[19,30,30,46,66,66,98,117,117,117,143,161,161,190,190,286,286,302,314,330,330,350,350,375,375,399,206,238,258,269,295,295,396,396,411,421,351,351,351,351,186,186,186,186,201,201,212,243,243,243,243,243,23,56,56],"floor_reached":56,"language":"KOR","playtime":1326,"items_purged":["Strike_R","Strike_R","Strike_R","Shockwave+1"],"score":1329,"play_id":"f3f54ed4-806c-4ae6-bc47-1dbcf4cfd100","local_time":"20210123082147","is_ascension_mode":true,"campfire_choices":[{"data":"Blood for Blood","floor":6.0,"key":"SMITH"},{"data":"Cleave","floor":10.0,"key":"SMITH"},{"data":"Disarm","floor":15,"key":"SMITH"},{"data":"Fire Breathing","floor":23,"key":"SMITH"},{"data":"Power Through","floor":25,"key":"SMITH"},{"floor":32,"key":"RECALL"},{"data":"Evolve","floor":40,"key":"SMITH"},{"data":"Dual Wield","floor":42,"key":"SMITH"},{"data":"Disarm","floor":44,"key":"SMITH"},{"data":"Wild Strike","floor":46,"key":"SMITH"},{"data":"Pummel","floor":49,"key":"SMITH"},{"data":"Bash","floor":52,"key":"SMITH"}],"circlet_count":0,"master_deck":["Defend_R+1","Bash+1","Blood for Blood+1","Pummel+1","Cleave+1","Shrug It Off+1","Fire Breathing+1","Disarm+1","Warcry+1","Power Through+1","True Grit+1","Disarm+1","Wild Strike+1","Twin Strike+1","Feel No Pain+1","Disarm+1","Evolve+1","Dual Wield+1"],"relics":["Burning Blood","Question Card","Eternal Feather","Thread and Needle","HornCleat","Philosopher\u0027s Stone","InkBottle","Membership Card","Nunchaku","Mango","Astrolabe","War Paint","Bag of Preparation","Unceasing Top","Cauldron","Red Skull","Happy Flower"],"acts_visited":["Exordium","TheCity","TheBeyond","TheEnding"],"potions_floor_usage":[14,18,28,33,48,48,48,55],"damage_taken":[{"damage":6.0,"enemies":"Cultist","floor":1.0,"turns":3.0},{"damage":5.0,"enemies":"Small Slimes","floor":2.0,"turns":3.0},{"damage":5.0,"enemies":"Jaw Worm","floor":4.0,"turns":4.0},{"damage":11.0,"enemies":"Red Slaver","floor":5.0,"turns":3.0},{"damage":20.0,"enemies":"Gremlin Nob","floor":7.0,"turns":4.0},{"damage":11.0,"enemies":"3 Louse","floor":8.0,"turns":3.0},{"damage":31.0,"enemies":"Lagavulin","floor":11.0,"turns":5.0},{"damage":2.0,"enemies":"Large Slime","floor":12.0,"turns":5.0},{"damage":11,"enemies":"3 Sentries","floor":14,"turns":4},{"damage":34,"enemies":"Slime Boss","floor":16,"turns":7},{"damage":2,"enemies":"Shell Parasite","floor":18,"turns":3},{"damage":8,"enemies":"Chosen","floor":19,"turns":3},{"damage":9,"enemies":"Centurion and Healer","floor":20,"turns":7},{"damage":12,"enemies":"Chosen and Byrds","floor":22,"turns":6},{"damage":20,"enemies":"Gremlin Leader","floor":24,"turns":6},{"damage":6,"enemies":"Slavers","floor":28,"turns":4},{"damage":1,"enemies":"Cultist and Chosen","floor":29,"turns":6},{"damage":26,"enemies":"Snecko","floor":30,"turns":5},{"damage":11,"enemies":"Book of Stabbing","floor":31,"turns":7},{"damage":41,"enemies":"Champ","floor":33,"turns":13},{"damage":0,"enemies":"3 Shapes","floor":35,"turns":4},{"damage":11,"enemies":"3 Darklings","floor":36,"turns":6},{"damage":6,"enemies":"Spire Growth","floor":45,"turns":6},{"damage":0,"enemies":"Jaw Worm Horde","floor":47,"turns":6},{"damage":34,"enemies":"Reptomancer","floor":48,"turns":7},{"damage":38,"enemies":"Donu and Deca","floor":50,"turns":7},{"damage":57,"enemies":"Shield and Spear","floor":54,"turns":7},{"damage":59,"enemies":"The Heart","floor":55,"turns":8}],"seed_played":"7714747793846896018","potions_obtained":[{"floor":1.0,"key":"Ancient Potion"},{"floor":4.0,"key":"Fire Potion"},{"floor":8.0,"key":"FearPotion"},{"floor":11.0,"key":"SteroidPotion"},{"floor":16,"key":"AttackPotion"},{"floor":19,"key":"SteroidPotion"},{"floor":28,"key":"Ancient Potion"},{"floor":47,"key":"Explosive Potion"},{"floor":53,"key":"FairyPotion"},{"floor":53,"key":"DistilledChaos"},{"floor":53,"key":"Energy Potion"}],"is_trial":false,"path_per_floor":["M","M","$","M","M","R","E","M","T","R","E","M","?","E","R","B",null,"M","M","M","?","M","R","E","R","T","$","E","M","M","E","R","B",null,"M","M","$","?","?","R","$","R","T","R","M","R","M","E","R","B",null,"R","$","E","B",null],"character_chosen":"IRONCLAD","items_purchased":["Membership Card","Dual Wield","War Paint","BloodPotion","Cauldron","Red Skull"],"campfire_rested":0,"item_purchase_floors":[27,37,41,41,53,53],"current_hp_per_floor":[80,80,80,80,75,75,61,56,56,62,37,41,41,36,42,14,80,80,78,75,75,69,78,64,73,73,73,73,78,58,67,76,41,94,94,89,89,89,89,94,94,94,94,94,94,94,94,84,93,61,94,94,94,43,18],"gold":56,"neow_bonus":"REMOVE_TWO","is_daily":false,"chose_seed":false,"campfire_upgraded":11,"win_rate":0.0,"timestamp":1611357707,"path_taken":["M","M","$","M","?","R","E","M","T","R","E","M","?","E","R","BOSS","M","M","M","?","M","R","E","R","T","$","E","M","?","E","R","BOSS","M","M","$","?","?","R","$","R","T","R","?","R","M","E","R","BOSS","R","$","E","BOSS"],"items_purchased_type":["Relic","Card","Relic","Potion","Relic","Relic"],"build_version":"2020-12-22","purchased_purges":4,"victory":true,"max_hp_per_floor":[80,80,80,80,80,80,80,80,80,80,80,80,80,80,80,80,80,80,80,80,80,80,80,80,80,80,80,80,80,80,94,94,94,94,94,94,94,94,94,94,94,94,94,94,94,94,94,94,94,94,94,94,94,94,94],"card_choices":[{"not_picked":["Sentinel","Body Slam"],"picked":"Blood for Blood","floor":1.0},{"not_picked":["Burning Pact","Iron Wave","Flame Barrier"],"picked":"SKIP","floor":2.0},{"not_picked":["Warcry","Body Slam","Perfected Strike"],"picked":"SKIP","floor":4.0},{"not_picked":["Pommel Strike","Bloodletting"],"picked":"Pummel","floor":5.0},{"not_picked":["Body Slam","Armaments","Sword Boomerang"],"picked":"SKIP","floor":7.0},{"not_picked":["Pommel Strike","Dual Wield","Body Slam"],"picked":"Cleave","floor":8.0},{"not_picked":["Bludgeon","Evolve","Headbutt"],"picked":"Shrug It Off","floor":11.0},{"not_picked":["Intimidate","Armaments","Sword Boomerang"],"picked":"Fire Breathing","floor":12.0},{"not_picked":["Twin Strike","Spot Weakness","Rampage"],"picked":"Disarm","floor":14},{"not_picked":["Juggernaut","Corruption","Fiend Fire"],"picked":"Immolate","floor":16},{"not_picked":["Thunderclap","Iron Wave","Headbutt"],"picked":"Warcry+1","floor":18},{"not_picked":["Havoc","Anger","Entrench+1"],"picked":"Power Through","floor":19},{"not_picked":["Uppercut","Armaments+1","Exhume","Blood for Blood+1"],"picked":"SKIP","floor":20},{"not_picked":["Armaments","Flex","Twin Strike"],"picked":"True Grit+1","floor":22},{"not_picked":["Shockwave","True Grit","Clothesline","Whirlwind"],"picked":"SKIP","floor":24},{"not_picked":["Shockwave","Thunderclap","Pommel Strike","Sever Soul+1"],"picked":"SKIP","floor":28},{"not_picked":["Sever Soul","Fiend Fire","Warcry","Cleave"],"picked":"SKIP","floor":29},{"not_picked":["Dropkick","Armaments","Metallicize"],"picked":"Disarm","floor":30},{"not_picked":["Cleave","Pommel Strike","Sever Soul"],"picked":"Wild Strike","floor":31},{"not_picked":["Blood for Blood+1","Shrug It Off","Rampage+1"],"picked":"Disarm+1","floor":35},{"not_picked":["Armaments","True Grit","Clothesline"],"picked":"Evolve","floor":36},{"not_picked":["Heavy Blade","Body Slam","Perfected Strike","Twin Strike"],"picked":"SKIP","floor":45},{"not_picked":["Clash+1","Havoc+1","Warcry+1","Thunderclap"],"picked":"SKIP","floor":47},{"not_picked":["Clothesline","Intimidate","Heavy Blade+1","Clash+1"],"picked":"SKIP","floor":48},{"not_picked":["Havoc","Sword Boomerang","Armaments+1","Twin Strike+1"],"picked":"SKIP","floor":54}],"player_experience":474001,"relics_obtained":[{"floor":7.0,"key":"Question Card"},{"floor":9.0,"key":"Eternal Feather"},{"floor":11.0,"key":"Thread and Needle"},{"floor":14,"key":"HornCleat"},{"floor":24,"key":"InkBottle"},{"floor":28,"key":"Nunchaku"},{"floor":31,"key":"Mango"},{"floor":43,"key":"Bag of Preparation"},{"floor":48,"key":"Unceasing Top"},{"floor":54,"key":"Happy Flower"}],"event_choices":[{"damage_healed":0,"gold_gain":0,"player_choice":"Ignored","damage_taken":0,"max_hp_gain":0,"max_hp_loss":0,"event_name":"Shining Light","floor":13,"gold_loss":0},{"damage_healed":0,"gold_gain":0,"player_choice":"Bought 0 Potions","damage_taken":0,"max_hp_gain":0,"max_hp_loss":0,"event_name":"The Woman in Blue","floor":21,"gold_loss":0},{"damage_healed":0,"gold_gain":0,"player_choice":"Ignored","damage_taken":0,"max_hp_gain":0,"max_hp_loss":0,"event_name":"Tomb of Lord Red Mask","floor":38,"gold_loss":0},{"cards_removed":["Immolate"],"damage_healed":0,"gold_gain":0,"player_choice":"Removed Attack","damage_taken":0,"max_hp_gain":0,"max_hp_loss":0,"event_name":"Falling","floor":39,"gold_loss":0}],"is_beta":false,"boss_relics":[{"not_picked":["Busted Crown","Cursed Key"],"picked":"Philosopher\u0027s Stone"},{"not_picked":["Snecko Eye","Fusion Hammer"],"picked":"Astrolabe"}],"items_purged_floors":[27,37,41,53],"is_endless":false,"potions_floor_spawned":[1,4,8,11,16,19,24,28,29,31,47,54],"ascension_level":1}}