{"host":"bxd97rc2ofc6op20","time":1611350241,"event":{"mods":["BaseMod","Colored Map","Colored Powertips","Googly Eyes","Highlight Path","Minty Spire (QoL Compilation)","Quick Restart","Rare Cards Sparkle"],"gold_per_floor":[14,30,30,30,43,84,84,127,127,155,184,184,215,239,239,348,348,373,402,447,483,483,483,483],"floor_reached":23,"language":"ENG","playtime":1802,"items_purged":[],"score":268,"play_id":"40fdb7dd-ce56-4ce2-a4ad-a4d37829cd66","local_time":"20210122131721","is_ascension_mode":true,"campfire_choices":[{"data":"Dualcast","floor":7,"key":"SMITH"},{"data":"FTL","floor":12,"key":"SMITH"},{"floor":15,"key":"REST"}],"circlet_count":0,"master_deck":["Strike_B","Strike_B","Defend_B","Defend_B","Defend_B","Defend_B","Zap","Dualcast+1","BootSequence","Capacitor","Compile Driver","Melter","Cold Snap","FTL+1","Lockon","Conserve Battery","Gash","Gash","Core Surge","Defragment","Sunder","Ghostly","Ghostly","Ghostly","Ghostly","Ghostly","Amplify"],"relics":["Cracked Core","Pantograph","CeramicFish","Singing Bowl","Gremlin Horn","Nuclear Battery","Red Mask","Nloth\u0027s Gift"],"acts_visited":["TheCity"],"potions_floor_usage":[2,8,13,14],"damage_taken":[{"damage":1,"enemies":"Cultist","floor":1,"turns":3},{"damage":0,"enemies":"2 Louse","floor":2,"turns":3},{"damage":0,"enemies":"Jaw Worm","floor":5,"turns":2},{"damage":24,"enemies":"Gremlin Nob","floor":6,"turns":4},{"damage":11,"enemies":"Lagavulin","floor":8,"turns":6},{"damage":3,"enemies":"Large Slime","floor":10,"turns":5},{"damage":1,"enemies":"3 Louse","floor":11,"turns":3},{"damage":23,"enemies":"Gremlin Nob","floor":13,"turns":4},{"damage":9,"enemies":"Gremlin Gang","floor":14,"turns":4},{"damage":21,"enemies":"Slime Boss","floor":16,"turns":12},{"damage":0,"enemies":"Spheric Guardian","floor":18,"turns":2},{"damage":5,"enemies":"2 Thieves","floor":19,"turns":4},{"damage":14,"enemies":"Masked Bandits","floor":21,"turns":5},{"damage":32,"enemies":"Book of Stabbing","floor":23,"turns":7}],"seed_played":"-9074711373778360395","potions_obtained":[{"floor":2,"key":"Fruit Juice"},{"floor":6,"key":"Dexterity Potion"},{"floor":8,"key":"Fruit Juice"},{"floor":10,"key":"Regen Potion"}],"is_trial":false,"path_per_floor":["M","M","$","?","M","E","R","E","T","M","M","R","E","M","R","B",null,"M","M","?","?","?","E"],"character_chosen":"DEFECT","items_purchased":[],"campfire_rested":1,"item_purchase_floors":[],"current_hp_per_floor":[74,79,79,76,76,52,52,41,41,38,37,37,21,24,50,54,87,87,82,43,29,29,0,0],"gold":483,"neow_bonus":"TRANSFORM_TWO_CARDS","is_daily":false,"chose_seed":false,"campfire_upgraded":2,"win_rate":0.0,"timestamp":1611350241,"path_taken":["M","M","?","?","M","E","R","E","T","M","M","R","E","M","R","BOSS","M","M","?","?","?","E"],"items_purchased_type":[],"build_version":"2020-12-22","purchased_purges":0,"victory":false,"max_hp_per_floor":[75,80,80,80,80,80,80,80,80,80,80,80,87,87,87,87,87,87,87,43,43,43,43,43],"card_choices":[{"not_picked":["Sweeping Beam","Cold Snap"],"picked":"Compile Driver","floor":1},{"not_picked":["Compile Driver","Turbo"],"picked":"Melter","floor":2},{"not_picked":["Stack","Beam Cell"],"picked":"Cold Snap","floor":5},{"not_picked":["Melter","Chaos"],"picked":"FTL","floor":6},{"not_picked":["Capacitor","Stack"],"picked":"Lockon","floor":8},{"not_picked":["Reinforced Body","Sweeping Beam"],"picked":"Conserve Battery","floor":10},{"not_picked":["Self Repair","Barrage"],"picked":"Gash","floor":11},{"not_picked":["Blizzard","Rebound","Meteor Strike"],"picked":"Singing Bowl","floor":13},{"not_picked":["Loop","Storm"],"picked":"Gash","floor":14},{"not_picked":["Thunder Strike","Meteor Strike"],"picked":"Core Surge","floor":16},{"not_picked":["Conserve Battery","Beam Cell"],"picked":"Defragment","floor":18},{"not_picked":["Redo","Leap"],"picked":"Sunder","floor":19},{"not_picked":["Cold Snap","Streamline"],"picked":"Amplify","floor":21}],"player_experience":357886,"relics_obtained":[{"floor":6,"key":"CeramicFish"},{"floor":8,"key":"Kunai"},{"floor":9,"key":"Singing Bowl"},{"floor":13,"key":"Gremlin Horn"},{"floor":21,"key":"Red Mask"}],"event_choices":[{"damage_healed":0,"gold_gain":0,"player_choice":"Success","damage_taken":3,"relics_obtained":["Pantograph"],"max_hp_gain":0,"max_hp_loss":0,"event_name":"Scrap Ooze","floor":4,"gold_loss":0},{"damage_healed":0,"gold_gain":0,"player_choice":"Became a Ghost","damage_taken":0,"max_hp_gain":0,"max_hp_loss":44,"event_name":"Ghosts","floor":20,"gold_loss":0,"cards_obtained":["Ghostly","Ghostly","Ghostly","Ghostly","Ghostly"]},{"damage_healed":0,"gold_gain":0,"player_choice":"Fought Bandits","damage_taken":0,"max_hp_gain":0,"max_hp_loss":0,"event_name":"Masked Bandits","floor":21,"gold_loss":0},{"damage_healed":0,"gold_gain":0,"player_choice":"Traded Relic","damage_taken":0,"relics_obtained":["Nloth\u0027s Gift"],"max_hp_gain":0,"max_hp_loss":0,"event_name":"N\u0027loth","floor":22,"relics_lost":["Kunai"],"gold_loss":0}],"is_beta":false,"boss_relics":[{"not_picked":["Velvet Choker","Astrolabe"],"picked":"Nuclear Battery"}],"items_purged_floors":[],"is_endless":false,"potions_floor_spawned":[2,6,8,10],"killed_by":"Book of Stabbing","ascension_level":3}}