{"host":"fxrgx7wt2cpkbhka","time":1611288319,"event":{"mods":["AchievementEnabler","BaseMod","Colored Powertips","Minty Spire (QoL Compilation)","Permanent Neow","Quick Restart","Slay-I","StSLib","Waifu the Spire"],"gold_per_floor":[117,117,13,32,32,32,50,50,50,50,69,82,82,98,98,193,193,207,207,207,207,225,225,260,260,308,358,358,368,467,501,501,501,501],"floor_reached":33,"language":"ENG","playtime":1391,"items_purged":[],"score":410,"play_id":"3c1767f7-f1ec-4553-aa1f-414ed74dc039","local_time":"20210121200519","is_ascension_mode":true,"campfire_choices":[{"data":"Terror","floor":6,"key":"SMITH"},{"data":"Footwork","floor":8,"key":"SMITH"},{"floor":13,"key":"REST"},{"data":"Leg Sweep","floor":15,"key":"SMITH"},{"data":"Blur","floor":23,"key":"SMITH"},{"floor":28,"key":"REST"},{"floor":32,"key":"REST"}],"circlet_count":0,"master_deck":["AscendersBane","Strike_G","Strike_G","Strike_G","Strike_G","Defend_G","Defend_G","Defend_G","Defend_G","Defend_G","Survivor","Neutralize","Sucker Punch","Footwork+1","Blur+1","Terror+1","Dagger Spray","Backflip","Leg Sweep+1","Unload+1","Cloak And Dagger","Slice+1","Slice+1","Necronomicurse","Underhanded Strike+1"],"relics":["Ring of the Snake","Bottled Tornado","Oddly Smooth Stone","Runic Pyramid","Paper Crane","MutagenicStrength","Lantern","Necronomicon","Snake Skull","Vajra","Ancient Tea Set"],"acts_visited":["Exordium","TheCity"],"potions_floor_usage":[24],"damage_taken":[{"damage":6,"enemies":"Jaw Worm","floor":1,"turns":5},{"damage":4,"enemies":"Cultist","floor":4,"turns":6},{"damage":0,"enemies":"Small Slimes","floor":7,"turns":3},{"damage":0,"enemies":"Blue Slaver","floor":11,"turns":4},{"damage":24,"enemies":"Gremlin Gang","floor":12,"turns":7},{"damage":10,"enemies":"Exordium Thugs","floor":14,"turns":4},{"damage":24,"enemies":"The Guardian","floor":16,"turns":23},{"damage":0,"enemies":"Shell Parasite","floor":18,"turns":7},{"damage":0,"enemies":"Chosen","floor":22,"turns":6},{"damage":45,"enemies":"Gremlin Leader","floor":24,"turns":18},{"damage":4,"enemies":"3 Cultists","floor":29,"turns":6},{"damage":8,"enemies":"Slavers","floor":31,"turns":8},{"damage":51,"enemies":"Collector","floor":33,"turns":5}],"seed_played":"3643702802654909336","potions_obtained":[{"floor":1,"key":"Ancient Potion"},{"floor":7,"key":"FearPotion"},{"floor":12,"key":"ColorlessPotion"},{"floor":31,"key":"SpeedPotion"}],"is_trial":false,"path_per_floor":["M","?","$","M","?","R","M","R","T","?","M","M","R","M","R","B",null,"M","?","?","?","M","R","E","?","T","T","R","M","?","E","R","B"],"character_chosen":"THE_SILENT","items_purchased":["Footwork","Blur"],"campfire_rested":3,"item_purchase_floors":[3,3],"current_hp_per_floor":[64,64,64,60,53,53,53,53,53,53,53,29,52,42,42,18,62,62,62,62,62,62,62,17,1,1,1,24,20,20,12,35,0,0],"gold":501,"neow_bonus":"TEN_PERCENT_HP_BONUS","is_daily":false,"chose_seed":false,"campfire_upgraded":4,"win_rate":0.0,"timestamp":1611288319,"path_taken":["M","?","$","?","?","R","M","R","T","?","?","M","R","M","R","BOSS","M","?","?","?","?","R","E","?","T","?","R","?","?","E","R","BOSS"],"items_purchased_type":["Card","Card"],"build_version":"2020-12-22","purchased_purges":0,"victory":false,"max_hp_per_floor":[77,77,77,77,77,77,77,77,77,77,77,77,77,77,77,77,77,77,77,77,77,77,77,77,77,77,77,77,77,77,77,77,77,77],"card_choices":[{"not_picked":["All Out Attack","Quick Slash"],"picked":"Sucker Punch","floor":1},{"not_picked":["Backflip","Deflect"],"picked":"Terror","floor":4},{"not_picked":["Sucker Punch","Adrenaline"],"picked":"Dagger Spray","floor":7},{"not_picked":["Prepared","Infinite Blades"],"picked":"Backflip","floor":11},{"not_picked":["Deflect","Slice","Deadly Poison"],"picked":"SKIP","floor":12},{"not_picked":["Glass Knife","PiercingWail"],"picked":"Leg Sweep","floor":14},{"not_picked":["Tools of the Trade","Glass Knife"],"picked":"Unload","floor":16},{"not_picked":["Dagger Spray","Bouncing Flask+1"],"picked":"Cloak And Dagger","floor":18},{"not_picked":["Acrobatics","Dagger Throw"],"picked":"Slice+1","floor":22},{"not_picked":["Riddle With Holes","Flying Knee"],"picked":"Slice+1","floor":24},{"not_picked":["Wraith Form v2","Quick Slash"],"picked":"Underhanded Strike+1","floor":29},{"not_picked":["Reflex","Expertise","Catalyst"],"picked":"SKIP","floor":31}],"player_experience":727613,"relics_obtained":[{"floor":9,"key":"Bottled Tornado"},{"floor":24,"key":"Lantern"},{"floor":25,"key":"Necronomicon"},{"floor":26,"key":"Snake Skull"},{"floor":27,"key":"Vajra"},{"floor":31,"key":"Ancient Tea Set"}],"event_choices":[{"damage_healed":0,"gold_gain":0,"cards_transformed":["Strike_G"],"player_choice":"Transformed","damage_taken":0,"max_hp_gain":0,"max_hp_loss":0,"event_name":"Transmorgrifier","floor":2,"gold_loss":0,"cards_obtained":["Concentrate"]},{"cards_removed":["Concentrate"],"damage_healed":0,"gold_gain":0,"player_choice":"Card Removal","damage_taken":7,"max_hp_gain":0,"max_hp_loss":0,"event_name":"Golden Wing","floor":5,"gold_loss":0},{"damage_healed":0,"gold_gain":0,"player_choice":"Gave Potion","damage_taken":0,"relics_obtained":["Oddly Smooth Stone"],"max_hp_gain":0,"max_hp_loss":0,"event_name":"WeMeetAgain","floor":10,"gold_loss":0},{"damage_healed":0,"gold_gain":0,"player_choice":"Opened","damage_taken":0,"relics_obtained":["Paper Crane"],"max_hp_gain":0,"max_hp_loss":0,"event_name":"The Mausoleum","floor":19,"gold_loss":0},{"damage_healed":0,"gold_gain":0,"player_choice":"Inject Mutagens","damage_taken":0,"relics_obtained":["MutagenicStrength"],"max_hp_gain":0,"max_hp_loss":0,"event_name":"Drug Dealer","floor":20,"gold_loss":0},{"damage_healed":0,"gold_gain":0,"player_choice":"Upgraded","damage_taken":0,"max_hp_gain":0,"max_hp_loss":0,"event_name":"Upgrade Shrine","floor":21,"gold_loss":0,"cards_upgraded":["Unload"]},{"damage_healed":0,"gold_gain":0,"player_choice":"Obtained Book","damage_taken":16,"max_hp_gain":0,"max_hp_loss":0,"event_name":"Cursed Tome","floor":25,"gold_loss":0},{"damage_healed":0,"gold_gain":99,"player_choice":"Stole From Cult","damage_taken":0,"max_hp_gain":0,"max_hp_loss":0,"event_name":"Nest","floor":30,"gold_loss":0}],"is_beta":false,"boss_relics":[{"not_picked":["Philosopher\u0027s Stone","Empty Cage"],"picked":"Runic Pyramid"}],"items_purged_floors":[],"is_endless":false,"potions_floor_spawned":[1,7,12,31],"killed_by":"Collector","ascension_level":10}}