{"host":"oqvelqkxh74plq6q","time":1611300888,"event":{"mods":["ATMod(°¢èªMod)","AchievementEnabler","BaseMod","Better Match","Better-Laid Plans","BetterRewards","BshForSts","Conspire","Good Game Mod","Jedi Mod","Minty Spire (QoL Compilation)","MostiFishMod","Poor People Problems","Quick Restart","Relic Stats","Remilia£¨ÀÙÃ×ÀòÑÇ£©","Shop Mod","Spicy Shops","StSLib","TestMod","Youmu£¨»êÆÇÑýÃÎ£©","vexMod","óô»ðÖ¸ÄÏ"],"gold_per_floor":[119,219,239,250,36,36,55,65,65,75,75,75,110,285,285,386,386,403,417,434,99,99,99],"floor_reached":22,"language":"ZHS","playtime":1232,"items_purged":["Strike_R","Strike_R","Strike_R"],"score":273,"play_id":"53c085d5-014b-4f48-a379-484ae90cf37d","local_time":"20210122153448","is_ascension_mode":true,"campfire_choices":[{"data":"Flex","floor":6.0,"key":"SMITH"},{"data":"AT_BodySlamDance","floor":11.0,"key":"SMITH"},{"data":"MostiFishMod:PerfectParry","floor":15.0,"key":"SMITH"}],"circlet_count":0,"master_deck":["Strike_R","Strike_R","Defend_R","Defend_R","Defend_R","Defend_R","Bash","Twin Strike","Sever Soul","Flex+1","Clothesline","AT_BodySlamDance+1","MostiFishMod:PerfectParry+1","MostiFishMod:BrandingRite","Doubt","Reaper","Adrenaline","Sword Boomerang+1","Body Slam","Body Slam+1"],"relics":["Burning Blood","REME:ComplimentaryCards","DaveBox","AT_ATBox","testmod-TestBox","NeowsBlessing","testmod-HeartOfDaVinci","The Courier","SynthV:TestCard","testmod-RealStoneCalender","Blue Candle","jedi:sprinkler","HoveringKite","AT_Manta"],"acts_visited":["Exordium","TheCity"],"potions_floor_usage":[],"damage_taken":[{"damage":0.0,"enemies":"Jaw Worm","floor":1.0,"turns":1.0},{"damage":0.0,"enemies":"Cultist","floor":3.0,"turns":1.0},{"damage":0.0,"enemies":"Small Slimes","floor":4.0,"turns":1.0},{"damage":11.0,"enemies":"Blue Slaver","floor":7.0,"turns":3.0},{"damage":10.0,"enemies":"Gremlin Gang","floor":8.0,"turns":3.0},{"damage":12.0,"enemies":"Looter","floor":10.0,"turns":3.0},{"damage":20.0,"enemies":"Lagavulin","floor":13.0,"turns":4.0},{"damage":12.0,"enemies":"Hexaghost","floor":16.0,"turns":7.0},{"damage":17,"enemies":"2 Thieves","floor":18,"turns":4},{"damage":28,"enemies":"Spheric Guardian","floor":19,"turns":4},{"damage":23,"enemies":"Snecko","floor":20,"turns":3},{"damage":34,"enemies":"conspire:MimicChest","floor":22,"turns":5}],"seed_played":"-33341462850637211","potions_obtained":[{"floor":3.0,"key":"Swift Potion"},{"floor":8.0,"key":"testmod-TestPotion"},{"floor":16.0,"key":"SneckoOil"},{"floor":20,"key":"Dexterity Potion"}],"is_trial":false,"path_per_floor":["M","?","M","M","$","R","M","M","T","M","R","$","E","?","R","B",null,"M","M","M","$","?"],"character_chosen":"IRONCLAD","items_purchased":["testmod-RealStoneCalender","Flex","AT_Manta"],"campfire_rested":0,"item_purchase_floors":[5,5,21],"current_hp_per_floor":[78,78,80,80,80,80,75,71,71,65,65,65,51,51,51,45,71,61,39,30,30,0,0],"gold":99,"neow_bonus":"THREE_ENEMY_KILL","is_daily":false,"chose_seed":false,"campfire_upgraded":3,"win_rate":0.0,"timestamp":1611300888,"path_taken":["M","?","M","M","$","R","?","M","T","M","R","$","E","?","R","BOSS","M","M","M","$","?"],"items_purchased_type":["Relic","Card","Relic"],"build_version":"2020-12-22","purchased_purges":3,"victory":false,"max_hp_per_floor":[80,80,80,80,80,80,80,80,80,80,80,80,80,80,80,80,80,80,80,80,80,80,80],"relic_stats":{"counters":[12,39],"Blue Candle":[4],"HoveringKite":[0],"obtain_stats":[{"AT_ATBox":0,"testmod-TestBox":0,"DaveBox":0,"NeowsBlessing":0,"AT_Manta":21,"Blue Candle":9,"HoveringKite":17,"The Courier":0,"Burning Blood":0,"testmod-RealStoneCalender":5,"REME:ComplimentaryCards":0,"SynthV:TestCard":1,"testmod-HeartOfDaVinci":0,"jedi:sprinkler":13},{"AT_ATBox":0,"testmod-TestBox":0,"DaveBox":0,"NeowsBlessing":0,"AT_Manta":11,"Blue Candle":5,"HoveringKite":8,"The Courier":0,"Burning Blood":0,"testmod-RealStoneCalender":3,"REME:ComplimentaryCards":0,"SynthV:TestCard":1,"testmod-HeartOfDaVinci":0,"jedi:sprinkler":7},{"AT_ATBox":0,"testmod-TestBox":0,"DaveBox":0,"NeowsBlessing":0,"AT_Manta":34,"Blue Candle":9,"HoveringKite":23,"The Courier":0,"Burning Blood":0,"testmod-RealStoneCalender":3,"REME:ComplimentaryCards":0,"SynthV:TestCard":1,"testmod-HeartOfDaVinci":0,"jedi:sprinkler":16}],"Burning Blood":56},"card_choices":[{"not_picked":["Combust","Wild Strike","Cleave"],"picked":"SKIP","floor":1.0},{"not_picked":["Warcry","True Grit","Shrug It Off","MostiFishMod:NewArrival"],"picked":"Twin Strike","floor":3.0},{"not_picked":["Twin Strike","Power Through","Iron Wave","Cleave"],"picked":"Sever Soul","floor":4.0},{"not_picked":["Body Slam","True Grit","Pommel Strike","Iron Wave"],"picked":"Clothesline","floor":7.0},{"not_picked":["Clash","Shrug It Off","Evolve","Warcry"],"picked":"AT_BodySlamDance","floor":8.0},{"not_picked":["AT_IchimonjiDouble","Dual Wield","True Grit","Twin Strike","Pummel"],"picked":"SKIP","floor":10.0},{"not_picked":["Reckless Charge","Perfected Strike","MostiFishMod:PerfectStrikeMKII","Clash"],"picked":"MostiFishMod:BrandingRite","floor":13.0},{"not_picked":["Exhume","MostiFishMod:ChineseTea","Fiend Fire","Demon Form"],"picked":"Reaper","floor":16.0},{"not_picked":["Pommel Strike","AT_GerminateFire","jedi:controlledanger","Twin Strike+1"],"picked":"Sword Boomerang+1","floor":18},{"not_picked":["Perfected Strike+1","Dark Embrace","Hemokinesis","Havoc"],"picked":"Body Slam","floor":19},{"not_picked":["jedi:MakeshiftSword","Feel No Pain","Sword Boomerang+1","Combust"],"picked":"Body Slam+1","floor":20}],"player_experience":118834,"relics_obtained":[{"floor":1.0,"key":"SynthV:TestCard"},{"floor":9.0,"key":"Blue Candle"},{"floor":13.0,"key":"jedi:sprinkler"}],"event_choices":[{"damage_healed":0.0,"max_hp_gain":0.0,"max_hp_loss":0.0,"gold_gain":100.0,"event_name":"Wheel of Change","player_choice":"Gold","floor":2.0,"gold_loss":0.0,"damage_taken":0.0},{"damage_healed":0.0,"max_hp_gain":0.0,"max_hp_loss":0.0,"gold_gain":175.0,"event_name":"Liars Game","player_choice":"AGREE","floor":14.0,"gold_loss":0.0,"damage_taken":0.0,"cards_obtained":["Doubt"]}],"is_beta":false,"boss_relics":[{"not_picked":["NightmareShop","FrostBlade"],"picked":"HoveringKite"}],"items_purged_floors":[5,5,21],"is_endless":false,"potions_floor_spawned":[3,8,10,16,20],"killed_by":"conspire:MimicChest","ascension_level":9}}