{"host":"0ricjaa7rfq9v76t","time":1611304981,"event":{"mods":["AchievementEnabler","Aspiration","BaseMod","Better Vampires","BetterRewards","Colored Powertips","Highlight Path","Hubris","Infinite Spire","Minty Spire (QoL Compilation)","Quick Restart","Rare Cards Sparkle","Relic Sorter","Replay The Spire","StSLib","SuperFastMode","Synergy Search","The Cursed","The Disciple","The Jungle","The Marked","The Runesmith","Uncapped"],"gold_per_floor":[112,112,127,127,50,82,82,82,82,82,52,64,79,89,89,192,192,202,202,202,212,212,241,241,257,257,257,257,257],"floor_reached":28,"language":"ENG","playtime":1439,"items_purged":["Strike_B"],"score":263,"play_id":"55dbec44-76f2-4f4e-be12-9c018c960bb2","local_time":"20210122164301","is_ascension_mode":false,"campfire_choices":[{"floor":8,"key":"REST"},{"data":"ReplayGash","floor":10,"key":"SMITH"},{"floor":15,"key":"REST"},{"floor":24,"key":"DIG"}],"circlet_count":0,"master_deck":["Strike_B","Strike_B","Defend_B","Defend_B","Defend_B","Zap+1","Dualcast","hubris:PowerSurge+1","Aggregate","Conserve Battery","Reinforced Body","ReplayGash+1","FIFO Queue","Turbo","Machine Learning","hubris:Rewind","infinitespire:NeuralNetwork","Hello World","All For One"],"relics":["Cracked Core","hubris:Icosahedron","Replay:Baseball","infinitespire:SolderingIron","Runic Pyramid","Quantum Egg","Shovel","Juzu Bracelet","Replay:Ringing Soul"],"acts_visited":["Exordium","TheCity"],"potions_floor_usage":[16,16,23,25,27,27],"damage_taken":[{"damage":3,"enemies":"Small Slimes","floor":1,"turns":3},{"damage":0,"enemies":"Cultist","floor":3,"turns":3},{"damage":21,"enemies":"3 Sentries","floor":6,"turns":7},{"damage":9,"enemies":"2 Louse","floor":12,"turns":2},{"damage":5,"enemies":"Exordium Thugs","floor":13,"turns":4},{"damage":7,"enemies":"Large Slime","floor":14,"turns":5},{"damage":44,"enemies":"Hexaghost","floor":16,"turns":13},{"damage":12,"enemies":"3 Byrds","floor":18,"turns":4},{"damage":20,"enemies":"Spheric Guardian","floor":21,"turns":5},{"damage":3,"enemies":"Book of Stabbing","floor":23,"turns":5},{"damage":1,"enemies":"Chosen and Byrds","floor":25,"turns":4},{"damage":27,"enemies":"3 Cultists","floor":27,"turns":5},{"damage":16,"enemies":"Shelled Parasite and Fungi","floor":28,"turns":1}],"seed_played":"8628594460460387878","potions_obtained":[{"floor":1,"key":"Elixir"},{"floor":11,"key":"SmokeBomb"},{"floor":11,"key":"EssenceOfSteel"},{"floor":16,"key":"Block Potion"},{"floor":23,"key":"Swift Potion"},{"floor":25,"key":"PowerPotion"}],"is_trial":false,"path_per_floor":["M","?","M","?","$","E","?","R","T","R","?","M","M","M","R","B",null,"M","?","AVR","M","?","E","R","M","T","M","M"],"character_chosen":"DEFECT","items_purchased":["hubris:PowerSurge","ReplayGash"],"campfire_rested":2,"item_purchase_floors":[0,5],"current_hp_per_floor":[72,72,72,72,72,51,36,58,58,58,58,49,44,37,59,15,75,63,63,63,43,43,40,40,39,39,12,0,0],"gold":257,"neow_bonus":"","is_daily":false,"chose_seed":false,"campfire_upgraded":1,"win_rate":0.0,"timestamp":1611304981,"path_taken":["M","?","?","?","$","E","?","R","T","R","?","M","M","?","R","BOSS","M","?","AVR","M","?","E","R","M","T","M","M"],"items_purchased_type":["Card","Card"],"build_version":"2020-12-22","purchased_purges":1,"victory":false,"max_hp_per_floor":[75,75,75,75,75,75,75,75,75,75,75,75,75,75,75,75,75,75,75,75,75,75,75,75,75,75,75,75,75],"card_choices":[{"not_picked":["Hologram","Go for the Eyes","Darkness"],"picked":"SKIP","floor":1},{"not_picked":["Hologram","Compile Driver"],"picked":"Reinforced Body","floor":3},{"not_picked":["Steam","Lockon","Leap"],"picked":"SKIP","floor":6},{"not_picked":["BootSequence","Conserve Battery"],"picked":"FIFO Queue","floor":12},{"not_picked":["ReplayTheSpireMod:System Scan","Stack","Compile Driver"],"picked":"SKIP","floor":13},{"not_picked":["Steam","Redo"],"picked":"Turbo","floor":14},{"not_picked":["ReplayTheSpireMod:Omega Cannon","Amplify"],"picked":"Machine Learning","floor":16},{"not_picked":["Panic Button","Go for the Eyes","ReplaySort+1"],"picked":"SKIP","floor":18},{"not_picked":["Leap+1","hubris:PowerSurge+1","Hologram"],"picked":"SKIP","floor":21},{"not_picked":["Compile Driver","Rebound"],"picked":"Hello World","floor":23},{"not_picked":["Doom and Gloom","Redo"],"picked":"All For One","floor":25}],"player_experience":195401,"relics_obtained":[{"floor":6,"key":"Replay:Baseball"},{"floor":9,"key":"infinitespire:SolderingIron"},{"floor":23,"key":"Shovel"},{"floor":24,"key":"Juzu Bracelet"},{"floor":26,"key":"Replay:Ringing Soul"}],"event_choices":[{"damage_healed":0,"gold_gain":0,"cards_transformed":["Strike_B"],"player_choice":"Transformed","damage_taken":0,"max_hp_gain":0,"max_hp_loss":0,"event_name":"Transmorgrifier","floor":2,"gold_loss":0,"cards_obtained":["Conserve Battery"]},{"cards_removed":["Defend_B"],"damage_healed":0,"gold_gain":0,"player_choice":"Forget","damage_taken":0,"max_hp_gain":0,"max_hp_loss":0,"event_name":"Living Wall","floor":4,"gold_loss":0},{"damage_healed":0,"gold_gain":0,"player_choice":"Entered Light","damage_taken":15,"max_hp_gain":0,"max_hp_loss":0,"event_name":"Shining Light","floor":7,"gold_loss":0,"cards_upgraded":["Zap","hubris:PowerSurge"]},{"damage_healed":0,"gold_gain":0,"player_choice":"Bought 2 Potions","damage_taken":0,"max_hp_gain":0,"max_hp_loss":0,"event_name":"The Woman in Blue","floor":11,"gold_loss":0},{"damage_healed":0,"gold_gain":0,"player_choice":"0 cards matched","damage_taken":0,"max_hp_gain":0,"max_hp_loss":0,"event_name":"Match and Keep!","floor":22,"gold_loss":0,"cards_obtained":[]}],"is_beta":false,"boss_relics":[{"not_picked":["aspiration:MobileForge","Replay:Bronze Core"],"picked":"Runic Pyramid"}],"items_purged_floors":[20],"is_endless":false,"potions_floor_spawned":[1,12,16,23,25,27],"killed_by":"Shelled Parasite and Fungi","ascension_level":0}}