{"host":"q8niu1x2pgv94o1d","time":1611341145,"event":{"mods":["AchievementEnabler","BaseMod","Colored Map","Colored Powertips","Minty Spire (QoL Compilation)","StSLib"],"gold_per_floor":[114,189,189,70,89,117,117,134,134,167,167,195,195,205,205,279,279,289,289,316,332,247,247,276,276,276,308,308,308,336,336,336,413,413,429,429,429,429,429,463,463,492,492,492,518,534,58,71,71,71,71,71],"floor_reached":51,"language":"ENG","playtime":4120,"items_purged":["Defend_G"],"score":1831,"play_id":"6e63605f-7ba2-4e1d-91eb-bc11b2ac8e9b","local_time":"20210122194545","is_ascension_mode":true,"campfire_choices":[{"data":"Blade Dance","floor":7.0,"key":"SMITH"},{"data":"Accuracy","floor":13.0,"key":"SMITH"},{"data":"Blade Dance","floor":15.0,"key":"SMITH"},{"data":"After Image","floor":23.0,"key":"SMITH"},{"data":"Doppelganger","floor":25.0,"key":"SMITH"},{"data":"Terror","floor":28.0,"key":"SMITH"},{"floor":32.0,"key":"REST"},{"data":"Storm of Steel","floor":41.0,"key":"SMITH"},{"floor":44.0,"key":"RECALL"},{"data":"Leg Sweep","floor":49.0,"key":"SMITH"}],"circlet_count":0,"master_deck":["AscendersBane","Strike_G+1","Strike_G","Strike_G","Strike_G","Defend_G","Defend_G","Defend_G","Defend_G","Survivor","Neutralize+1","Blade Dance+1","Accuracy+1","Escape Plan","Backflip","Backstab","Leg Sweep+1","Blade Dance+1","After Image+1","Outmaneuver","Doppelganger+1","Terror+1","Acrobatics","After Image","Blade Dance","Storm of Steel+1","Glass Knife+1","Die Die Die+1","Blur+1","Cloak And Dagger"],"relics":["Ring of the Snake","NeowsBlessing","Tiny Chest","StrikeDummy","Blue Candle","FossilizedHelix","WarpedTongs","Meat on the Bone","Philosopher\u0027s Stone","Enchiridion","Bag of Marbles","Molten Egg 2","Whetstone","MealTicket","WingedGreaves","Sundial","SlaversCollar","Regal Pillow","Pen Nib","Ninja Scroll","Mercury Hourglass","Potion Belt","HornCleat"],"acts_visited":["Exordium","TheCity","TheBeyond"],"potions_floor_usage":[51,51],"damage_taken":[{"damage":0.0,"enemies":"2 Louse","floor":1.0,"turns":1.0},{"damage":0.0,"enemies":"Jaw Worm","floor":5.0,"turns":1.0},{"damage":0.0,"enemies":"Gremlin Nob","floor":6.0,"turns":1.0},{"damage":0.0,"enemies":"Cultist","floor":8.0,"turns":2.0},{"damage":12.0,"enemies":"3 Sentries","floor":10.0,"turns":7.0},{"damage":0.0,"enemies":"Lagavulin","floor":12.0,"turns":4.0},{"damage":3.0,"enemies":"Looter","floor":14.0,"turns":3.0},{"damage":15.0,"enemies":"Hexaghost","floor":16.0,"turns":7.0},{"damage":6.0,"enemies":"Shell Parasite","floor":18.0,"turns":3.0},{"damage":0.0,"enemies":"3 Byrds","floor":21.0,"turns":4.0},{"damage":1.0,"enemies":"Gremlin Leader","floor":24.0,"turns":6.0},{"damage":0.0,"enemies":"Book of Stabbing","floor":27.0,"turns":3.0},{"damage":11.0,"enemies":"Gremlin Leader","floor":30.0,"turns":5.0},{"damage":13.0,"enemies":"Automaton","floor":33.0,"turns":10.0},{"damage":12.0,"enemies":"3 Darklings","floor":35.0,"turns":5.0},{"damage":0.0,"enemies":"Nemesis","floor":40.0,"turns":5.0},{"damage":10.0,"enemies":"Reptomancer","floor":42.0,"turns":5.0},{"damage":0.0,"enemies":"Giant Head","floor":45.0,"turns":4.0},{"damage":0.0,"enemies":"3 Shapes","floor":46.0,"turns":3.0},{"damage":0.0,"enemies":"Spire Growth","floor":48.0,"turns":3.0},{"damage":10.0,"enemies":"Awakened One","floor":50.0,"turns":10.0},{"damage":76,"enemies":"Time Eater","floor":51,"turns":9}],"seed_played":"373131443407907875","potions_obtained":[{"floor":1.0,"key":"Fire Potion"},{"floor":8.0,"key":"Ancient Potion"},{"floor":16.0,"key":"Block Potion"},{"floor":18.0,"key":"EssenceOfSteel"},{"floor":30.0,"key":"DistilledChaos"},{"floor":35.0,"key":"Weak Potion"},{"floor":40.0,"key":"FairyPotion"},{"floor":42.0,"key":"AttackPotion"}],"is_trial":false,"path_per_floor":["M","?","?","$","M","E","R","M","T","E","?","E","R","M","R","B",null,"M","?","T","M","?","R","E","R","T","E","R","?","E","T","R","B",null,"M","?","?","?","T","E","R","E","T","R","E","M","$","M","R","B","B"],"character_chosen":"THE_SILENT","items_purchased":["Accuracy","Escape Plan","HornCleat","Ancient Potion","SteroidPotion"],"campfire_rested":1,"item_purchase_floors":[4,4,47,47,47],"current_hp_per_floor":[59,48,48,48,48,48,48,48,48,36,36,36,36,45,45,42,60,54,33,33,45,45,45,44,44,44,44,44,26,27,27,48,47,65,53,53,53,53,53,53,53,43,43,43,43,43,58,58,58,48,0,0],"gold":71,"neow_bonus":"THREE_ENEMY_KILL","is_daily":false,"chose_seed":false,"campfire_upgraded":8,"win_rate":0.0,"timestamp":1611341145,"path_taken":["M","?","?","$","?","E","R","M","T","E","?","E","R","M","R","BOSS","M","?","?","?","?","R","E","R","T","E","R","?","E","?","R","BOSS","M","?","?","?","?","E","R","E","T","R","E","?","$","M","R","BOSS","BOSS"],"items_purchased_type":["Card","Card","Relic","Potion","Potion"],"build_version":"2020-12-22","purchased_purges":1,"victory":false,"max_hp_per_floor":[66,66,66,66,66,66,66,66,66,66,66,66,66,66,66,66,66,66,66,66,66,66,66,66,66,66,66,66,71,71,71,71,71,71,71,71,71,71,71,71,71,71,71,71,71,71,71,71,71,71,71,71],"card_choices":[{"not_picked":["Endless Agony","Outmaneuver"],"picked":"Blade Dance","floor":1.0},{"not_picked":["Choke","Deadly Poison"],"picked":"Backflip","floor":5.0},{"not_picked":["Distraction","Slice","Acrobatics"],"picked":"SKIP","floor":6.0},{"not_picked":["Distraction","Slice","Acrobatics"],"picked":"SKIP","floor":6.0},{"not_picked":["Poisoned Stab","Deadly Poison"],"picked":"Backstab","floor":8.0},{"not_picked":["Slice","All Out Attack","Masterful Stab"],"picked":"SKIP","floor":10.0},{"not_picked":["Venomology","Dash"],"picked":"Leg Sweep","floor":12.0},{"not_picked":["Infinite Blades","Predator"],"picked":"Blade Dance","floor":14.0},{"not_picked":["Burst","Die Die Die"],"picked":"After Image","floor":16.0},{"not_picked":["Slice","Dodge and Roll"],"picked":"Outmaneuver","floor":18.0},{"not_picked":["Outmaneuver","All Out Attack","Reflex"],"picked":"SKIP","floor":21.0},{"not_picked":["Dodge and Roll","Slice+1"],"picked":"Doppelganger","floor":24.0},{"not_picked":["Dagger Throw+1","Dodge and Roll"],"picked":"Terror","floor":27.0},{"not_picked":["Flying Knee+1","Bullet Time"],"picked":"Acrobatics","floor":30.0},{"not_picked":["A Thousand Cuts","Grand Finale+1"],"picked":"After Image","floor":33.0},{"not_picked":["Bane+1","Deflect"],"picked":"Blade Dance","floor":35.0},{"not_picked":["Well Laid Plans","Dagger Throw+1"],"picked":"Storm of Steel","floor":40.0},{"not_picked":["Setup+1","Poisoned Stab+1"],"picked":"Glass Knife+1","floor":42.0},{"not_picked":["Flying Knee+1","Outmaneuver+1"],"picked":"Die Die Die+1","floor":45.0},{"not_picked":["Deadly Poison","Prepared"],"picked":"Blur+1","floor":46.0},{"not_picked":["Backstab+1","All Out Attack+1"],"picked":"Cloak And Dagger","floor":48.0}],"player_experience":1804469,"relics_obtained":[{"floor":6.0,"key":"StrikeDummy"},{"floor":9.0,"key":"Blue Candle"},{"floor":10.0,"key":"FossilizedHelix"},{"floor":12.0,"key":"Meat on the Bone"},{"floor":19.0,"key":"Enchiridion"},{"floor":20.0,"key":"Bag of Marbles"},{"floor":24.0,"key":"Whetstone"},{"floor":27.0,"key":"MealTicket"},{"floor":30.0,"key":"WingedGreaves"},{"floor":31.0,"key":"Sundial"},{"floor":39.0,"key":"Regal Pillow"},{"floor":40.0,"key":"Pen Nib"},{"floor":42.0,"key":"Ninja Scroll"},{"floor":43.0,"key":"Mercury Hourglass"},{"floor":45.0,"key":"Potion Belt"}],"event_choices":[{"damage_healed":0.0,"max_hp_gain":0.0,"max_hp_loss":0.0,"gold_gain":75.0,"event_name":"World of Goop","player_choice":"Gather Gold","floor":2.0,"gold_loss":0.0,"damage_taken":11.0},{"damage_healed":0.0,"max_hp_gain":0.0,"max_hp_loss":0.0,"gold_gain":0.0,"event_name":"WeMeetAgain","player_choice":"Gave Potion","floor":3.0,"gold_loss":0.0,"damage_taken":0.0,"relics_obtained":["Tiny Chest"]},{"damage_healed":0.0,"max_hp_gain":0.0,"max_hp_loss":0.0,"gold_gain":0.0,"event_name":"Accursed Blacksmith","player_choice":"Rummage","floor":11.0,"gold_loss":0.0,"damage_taken":0.0,"relics_obtained":["WarpedTongs"],"cards_obtained":["Pain"]},{"damage_healed":0.0,"max_hp_gain":0.0,"max_hp_loss":0.0,"gold_gain":0.0,"event_name":"Cursed Tome","player_choice":"Obtained Book","floor":19.0,"gold_loss":0.0,"damage_taken":21.0},{"damage_healed":0.0,"max_hp_gain":0.0,"max_hp_loss":0.0,"gold_gain":0.0,"event_name":"Addict","player_choice":"Obtained Relic","floor":22.0,"gold_loss":85.0,"damage_taken":0.0,"relics_obtained":["Molten Egg 2"]},{"damage_healed":0.0,"max_hp_gain":5.0,"max_hp_loss":0.0,"gold_gain":0.0,"event_name":"Forgotten Altar","player_choice":"Shed Blood","floor":29.0,"gold_loss":0.0,"damage_taken":23.0},{"cards_removed":["Strike_G"],"damage_healed":0.0,"max_hp_gain":0.0,"max_hp_loss":0.0,"gold_gain":0.0,"event_name":"Falling","player_choice":"Removed Attack","floor":36.0,"gold_loss":0.0,"damage_taken":0.0},{"damage_healed":0.0,"max_hp_gain":0.0,"max_hp_loss":0.0,"gold_gain":0.0,"event_name":"Mysterious Sphere","player_choice":"Ignored","floor":37.0,"gold_loss":0.0,"damage_taken":0.0},{"cards_removed":["Pain"],"damage_healed":0.0,"max_hp_gain":0.0,"max_hp_loss":0.0,"gold_gain":0.0,"event_name":"Fountain of Cleansing","player_choice":"Removed Curses","floor":38.0,"gold_loss":0.0,"damage_taken":0.0}],"is_beta":false,"boss_relics":[{"not_picked":["Black Star","Sozu"],"picked":"Philosopher\u0027s Stone"},{"not_picked":["Runic Dome","HoveringKite"],"picked":"SlaversCollar"}],"items_purged_floors":[47],"is_endless":false,"potions_floor_spawned":[1,8,16,18,30,35,40,42,48],"killed_by":"Time Eater","ascension_level":20}}