{"host":"l84l8xigz5v5foa2","time":1611308194,"event":{"mods":["2.2 Compatiblity","AchievementEnabler","BaseMod","Better Note","Better Vampires","Card Filter","Colored Map","DeckTracker","Gremlin Skip","Hermit","Highlight Path","Keyboard Shortcuts","Minty Spire (QoL Compilation)","Permanent Neow","Quick Restart","Relic Filter","Relic Stats","Shop Mod","StSLib","SuperFastMode","Transform Curses","Unknown Chances"],"gold_per_floor":[109,109,128,145,162,162,172,172,199,124,124,137,137,3,3,102,102,119,119,119,389,405,435,435,465,465,465,497,497,522,472,472,577,577,593,274,329,329,345,345,356,388,415,415,265,265,281,281,281,281,281,281,16,43,43],"floor_reached":56,"language":"KOR","playtime":4412,"items_purged":["hermit:Cheat","hermit:Strike_Hermit","hermit:Defend_Hermit","Injury","hermit:Strike_Hermit"],"score":1861,"play_id":"f1b7f8dd-4739-46a7-9e48-0dca49d231df","local_time":"20210122183634","is_ascension_mode":true,"campfire_choices":[{"data":"hermit:LoneWolf","floor":6.0,"key":"SMITH"},{"data":"hermit:Vantage","floor":11.0,"key":"SMITH"},{"data":"hermit:GhostlyPresence","floor":13.0,"key":"SMITH"},{"data":"hermit:LuckOfTheDraw","floor":15.0,"key":"SMITH"},{"data":"hermit:Roughhouse","floor":24.0,"key":"SMITH"},{"data":"hermit:LuckOfTheDraw","floor":27.0,"key":"SMITH"},{"floor":29.0,"key":"REST"},{"data":"hermit:Dive","floor":32.0,"key":"SMITH"},{"data":"Thinking Ahead","floor":40,"key":"SMITH"},{"floor":44,"key":"RECALL"},{"data":"hermit:Gestalt","floor":46,"key":"SMITH"},{"data":"hermit:Snipe","floor":49,"key":"SMITH"},{"data":"hermit:Deadeye","floor":52,"key":"SMITH"}],"circlet_count":0,"master_deck":["hermit:Defend_Hermit","hermit:Covet","hermit:Deadeye+1","hermit:LoneWolf+1","hermit:GhostlyPresence+1","hermit:Vantage+1","hermit:Spite","hermit:Snipe+1","hermit:LuckOfTheDraw+1","hermit:Roughhouse+1","hermit:Dive+1","hermit:LuckOfTheDraw+1","hermit:Glare+1","Thinking Ahead+1","hermit:Gestalt+1","Flash of Steel"],"relics":["Empty Cage","Centennial Puzzle","Cursed Key","InkBottle","CaptainsWheel","Pocketwatch","Dream Catcher","Philosopher\u0027s Stone","Prayer Wheel","Nunchaku","Toy Ornithopter"],"acts_visited":["Exordium","TheCity","TheBeyond","TheEnding"],"potions_floor_usage":[41,55],"damage_taken":[{"damage":0.0,"enemies":"2 Louse","floor":1.0,"turns":2.0},{"damage":0.0,"enemies":"Cultist","floor":3.0,"turns":3.0},{"damage":7.0,"enemies":"Small Slimes","floor":4.0,"turns":3.0},{"damage":4.0,"enemies":"Exordium Thugs","floor":5.0,"turns":5.0},{"damage":4.0,"enemies":"3 Louse","floor":7.0,"turns":4.0},{"damage":4.0,"enemies":"Lots of Slimes","floor":12.0,"turns":4.0},{"damage":0.0,"enemies":"Hexaghost","floor":16.0,"turns":5.0},{"damage":0.0,"enemies":"Spheric Guardian","floor":18.0,"turns":4.0},{"damage":0.0,"enemies":"Chosen","floor":22.0,"turns":3.0},{"damage":10.0,"enemies":"Slavers","floor":23.0,"turns":7.0},{"damage":0.0,"enemies":"Gremlin Leader","floor":25.0,"turns":4.0},{"damage":19.0,"enemies":"Slavers","floor":28.0,"turns":3.0},{"damage":0.0,"enemies":"Book of Stabbing","floor":30.0,"turns":3.0},{"damage":0.0,"enemies":"Collector","floor":33.0,"turns":3.0},{"damage":8,"enemies":"3 Darklings","floor":35,"turns":4},{"damage":22,"enemies":"2 Orb Walkers","floor":37,"turns":5},{"damage":0,"enemies":"Orb Walker","floor":39,"turns":3},{"damage":0,"enemies":"Maw","floor":41,"turns":5},{"damage":0,"enemies":"Giant Head","floor":42,"turns":4},{"damage":0,"enemies":"Sphere and 2 Shapes","floor":47,"turns":2},{"damage":5,"enemies":"Donu and Deca","floor":50,"turns":5},{"damage":0,"enemies":"Shield and Spear","floor":54,"turns":1},{"damage":0,"enemies":"The Heart","floor":55,"turns":3}],"seed_played":"8480121427420190407","potions_obtained":[{"floor":1.0,"key":"Weak Potion"},{"floor":3.0,"key":"SpeedPotion"},{"floor":12.0,"key":"Weak Potion"},{"floor":25.0,"key":"Swift Potion"},{"floor":28.0,"key":"Dexterity Potion"},{"floor":30.0,"key":"FairyPotion"},{"floor":37,"key":"Block Potion"},{"floor":41,"key":"EssenceOfSteel"},{"floor":47,"key":"Regen Potion"}],"is_trial":false,"path_per_floor":["M","?","M","M","M","R","M","?","T","$","R","M","R","$","R","B",null,"M","?","$","?","M","E","R","E","T","R","E","R","E","?","R","B",null,"M","$","?","?","M","R","M","E","T","R","$","R","M","?","R","B",null,"R","$","E","B",null],"character_chosen":"HERMIT","items_purchased":["hermit:LuckOfTheDraw","Thinking Ahead","Flash of Steel"],"campfire_rested":1,"item_purchase_floors":[14,36,53],"current_hp_per_floor":[68,68,68,61,57,57,53,58,58,58,58,54,54,54,54,54,74,74,74,74,47,47,37,37,37,37,37,18,42,42,42,42,42,71,63,63,41,41,41,41,41,41,41,41,41,41,41,41,41,36,69,69,69,69,74],"gold":43,"neow_bonus":"BOSS_RELIC","is_daily":false,"chose_seed":false,"campfire_upgraded":11,"win_rate":0.0,"timestamp":1611308194,"path_taken":["M","?","M","?","M","R","M","?","T","?","R","M","R","$","R","BOSS","M","?","$","?","?","E","R","E","T","R","E","R","E","?","R","BOSS","M","$","?","?","M","R","?","E","T","R","$","R","M","?","R","BOSS","R","$","E","BOSS"],"items_purchased_type":["Card","Card","Card"],"build_version":"2020-12-22","purchased_purges":5,"victory":true,"max_hp_per_floor":[75,75,75,75,75,75,75,80,80,80,80,80,80,80,80,80,80,80,80,80,80,80,80,80,80,80,80,80,80,80,80,80,80,80,80,80,80,80,80,80,80,80,80,80,80,80,80,80,80,80,80,80,80,80,80],"relic_stats":{"Centennial Puzzle":[18],"Dream Catcher":0,"Nunchaku":[9],"counters":[23,85],"Prayer Wheel":3,"Cursed Key":1,"obtain_stats":[{"Centennial Puzzle":9,"CaptainsWheel":25,"Dream Catcher":30,"Nunchaku":42,"Philosopher\u0027s Stone":34,"Prayer Wheel":37,"Empty Cage":0,"Cursed Key":17,"hermit:Momento":0,"InkBottle":23,"Toy Ornithopter":54,"Pocketwatch":28},{"Centennial Puzzle":5,"CaptainsWheel":11,"Dream Catcher":13,"Nunchaku":19,"Philosopher\u0027s Stone":14,"Prayer Wheel":16,"Empty Cage":0,"Cursed Key":7,"hermit:Momento":0,"InkBottle":10,"Toy Ornithopter":22,"Pocketwatch":12},{"Centennial Puzzle":17,"CaptainsWheel":44,"Dream Catcher":50,"Nunchaku":74,"Philosopher\u0027s Stone":53,"Prayer Wheel":62,"Empty Cage":0,"Cursed Key":26,"hermit:Momento":0,"InkBottle":40,"Toy Ornithopter":82,"Pocketwatch":47}],"InkBottle":[64],"Toy Ornithopter":5,"Pocketwatch":[0]},"card_choices":[{"not_picked":["hermit:Combo","hermit:EyeOfTheStorm"],"picked":"hermit:Deadeye","floor":1.0},{"not_picked":["hermit:Spite","hermit:Headshot"],"picked":"hermit:LoneWolf","floor":3.0},{"not_picked":["hermit:Grudge","hermit:SprayPray"],"picked":"hermit:GhostlyPresence","floor":4.0},{"not_picked":["hermit:Roulette","hermit:ItchyTrigger"],"picked":"hermit:Vantage","floor":5.0},{"not_picked":["hermit:SprayPray","hermit:CalledShot"],"picked":"hermit:Spite","floor":7.0},{"not_picked":["hermit:HoleUp","hermit:Quickdraw"],"picked":"hermit:Snipe","floor":12.0},{"not_picked":["hermit:Magnum","hermit:Dissolve"],"picked":"hermit:Roughhouse","floor":16.0},{"not_picked":["hermit:Grudge+1","hermit:SprayPray","hermit:Malice"],"picked":"SKIP","floor":18.0},{"not_picked":["hermit:Grudge+1","hermit:SprayPray","hermit:Malice"],"picked":"SKIP","floor":18.0},{"not_picked":["hermit:Scavenge","hermit:NoHoldsBarred"],"picked":"hermit:Dive","floor":22.0},{"not_picked":["hermit:Roulette+1","hermit:Horror+1","hermit:LoneWolf"],"picked":"SKIP","floor":23.0},{"not_picked":["hermit:Roulette","hermit:Deadeye"],"picked":"hermit:LuckOfTheDraw","floor":25.0},{"not_picked":["hermit:Vantage","hermit:DeadMansHand","hermit:LowProfile"],"picked":"SKIP","floor":28.0},{"not_picked":["hermit:Enervate","hermit:FatalDesire"],"picked":"hermit:Glare+1","floor":30.0},{"not_picked":["hermit:Feint+1","hermit:Roulette+1","hermit:Quickdraw+1"],"picked":"SKIP","floor":35},{"not_picked":["hermit:SprayPray+1","hermit:Spite+1","hermit:Snipe+1"],"picked":"SKIP","floor":39},{"not_picked":["hermit:CursedWeapon","hermit:SprayPray+1","hermit:Virtue"],"picked":"SKIP","floor":39},{"not_picked":["hermit:WideOpen+1","hermit:Horror","hermit:Quickdraw"],"picked":"SKIP","floor":41},{"not_picked":["hermit:TrackingShot+1","hermit:Ricochet","hermit:CalledShot"],"picked":"SKIP","floor":41},{"not_picked":["hermit:WideOpen+1","hermit:Horror","hermit:Quickdraw"],"picked":"SKIP","floor":41},{"not_picked":["hermit:TrackingShot+1","hermit:Ricochet","hermit:CalledShot"],"picked":"SKIP","floor":41},{"not_picked":["hermit:LoneWolf","hermit:Headshot+1","hermit:LowProfile"],"picked":"SKIP","floor":42},{"not_picked":["hermit:Dive","hermit:HoleUp","hermit:Reprieve"],"picked":"SKIP","floor":47},{"not_picked":["hermit:Roulette","hermit:Manifest","hermit:LoneWolf+1"],"picked":"SKIP","floor":47},{"not_picked":["hermit:Grudge","hermit:GoldenBullet","hermit:Roulette+1"],"picked":"SKIP","floor":54}],"player_experience":1449491,"relics_obtained":[{"floor":9.0,"key":"Centennial Puzzle"},{"floor":23.0,"key":"InkBottle"},{"floor":25.0,"key":"CaptainsWheel"},{"floor":28.0,"key":"Pocketwatch"},{"floor":30.0,"key":"Dream Catcher"},{"floor":37,"key":"Prayer Wheel"},{"floor":42,"key":"Nunchaku"},{"floor":54,"key":"Toy Ornithopter"}],"event_choices":[{"damage_healed":0.0,"max_hp_gain":0.0,"max_hp_loss":0.0,"gold_gain":0.0,"cards_transformed":["hermit:Strike_Hermit"],"event_name":"Transmorgrifier","player_choice":"Transformed","floor":2.0,"gold_loss":0.0,"damage_taken":0.0,"cards_obtained":["hermit:Cheat"]},{"damage_healed":0.0,"max_hp_gain":5.0,"max_hp_loss":0.0,"gold_gain":0.0,"event_name":"Big Fish","player_choice":"Donut","floor":8.0,"gold_loss":0.0,"damage_taken":0.0},{"damage_healed":0.0,"max_hp_gain":0.0,"max_hp_loss":0.0,"gold_gain":0.0,"event_name":"The Mausoleum","player_choice":"Ignored","floor":19.0,"gold_loss":0.0,"damage_taken":0.0},{"damage_healed":0.0,"max_hp_gain":0.0,"max_hp_loss":0.0,"gold_gain":270.0,"event_name":"Knowing Skull","player_choice":"GOLD GOLD GOLD ","floor":21.0,"potions_obtained":[],"gold_loss":0.0,"damage_taken":27.0,"cards_obtained":[]},{"damage_healed":0.0,"max_hp_gain":0.0,"max_hp_loss":0.0,"gold_gain":0.0,"event_name":"The Joust","player_choice":"Bet on Owner","floor":31.0,"gold_loss":50.0,"damage_taken":0.0},{"damage_healed":0,"gold_gain":0,"player_choice":"Fight","damage_taken":0,"max_hp_gain":0,"max_hp_loss":0,"event_name":"Mysterious Sphere","floor":37,"gold_loss":0},{"damage_healed":0,"gold_gain":0,"cards_transformed":["hermit:Defend_Hermit"],"player_choice":"Transformed","damage_taken":0,"max_hp_gain":0,"max_hp_loss":0,"event_name":"Transmorgrifier","floor":38,"gold_loss":0,"cards_obtained":["hermit:Gestalt"]},{"cards_removed":["hermit:Snapshot"],"damage_healed":0,"gold_gain":0,"player_choice":"Removed Attack","damage_taken":0,"max_hp_gain":0,"max_hp_loss":0,"event_name":"Falling","floor":48,"gold_loss":0}],"is_beta":false,"boss_relics":[{"not_picked":["SacredBark","Astrolabe"],"picked":"Cursed Key"},{"not_picked":["Velvet Choker","Calling Bell"],"picked":"Philosopher\u0027s Stone"}],"items_purged_floors":[10,14,36,45,53],"is_endless":false,"potions_floor_spawned":[1,3,12,25,28,30,37,41,47,54],"ascension_level":6}}