{"host":"xkyjkr020mio9edy","time":1611289967,"event":{"mods":["BaseMod","Clockwork Mod","Colored Map","Colored Powertips","Downfall","Glutton Mod","Gold Saver","Minty Spire (QoL Compilation)","Quick Restart","StSLib","TheHeartMod"],"gold_per_floor":[50779,50779,50796,50273,50284,50619,50639,50251,50251,50251,50251,50279,50291,50307,50307,50411,50411,50423,50024,50038,50038,50138,50167,49908,49639,49688,49718,49718,49728,49728,49728,49728,49823,49823,49843,49856,49542,49642,49642,49667,49679,49679,49679,49679,49712,49732,49782,49799,49799,49799,49799,49799,49599,49627,49627],"floor_reached":56,"language":"ENG","playtime":4153,"items_purged":["Normality","downfall:Aged"],"score":1528,"play_id":"38025b2d-3f21-499f-b3c0-7c2d0b91ae4c","local_time":"20210121233247","is_ascension_mode":false,"campfire_choices":[{"floor":15,"key":"RECALL"},{"floor":28,"key":"REST"},{"data":"champ:GladiatorStyle","floor":30,"key":"SMITH"},{"data":"Apotheosis","floor":32,"key":"SMITH"},{"data":"champ:UltimateStance","floor":42,"key":"SMITH"},{"data":"Electrodynamics","floor":49,"key":"SMITH"},{"data":"champ:VampiricStrike","floor":52,"key":"SMITH"}],"circlet_count":0,"master_deck":["champ:Defend","champ:Defend","champ:Defend","champ:Execute+1","champ:Taunt+1","champ:ShieldSlam","champ:ShieldWall","champ:IronFortress","champ:TornadoPunch","champ:Circumvent","champ:IronFortress","champ:Shatter","champ:GladiatorStyle+1","champ:UltimateStance+1","champ:StrikeOfGenius","champ:BerserkersShout","champ:Lariat","champ:TripleStrike","champ:Parry+1","Apotheosis+1","champ:ArenaPreparation","champ:VampiricStrike+1","downfall:Malfunctioning","champ:EnragedBash","champ:ShieldWall","downfall:Haunted","champ:DancingMaster","champ:EnGarde","champ:AdrenalArmor+1","Bite","Bite","Bite","Bite","Bite","champ:HoldFirm","champ:Backstep+1","Mind Blast+1","Writhe","champ:Backstep+1","champ:Haymaker","champ:DeathBlow","Clockwork:Friction+1","sneckomod:UnknownClassGUARDIAN+1","Parasite","Injury","Glutton:GoldenArmor+1","Electrodynamics+1","Redo+1","Clockwork:ChargingShield+1","Clockwork:ChargingBlade+1"],"relics":["champ:ChampionCrown","NeowsBlessing","champ:FightingForDummies","Happy Flower","Membership Card","Old Coin","Juzu Bracelet","champ:GladiatorsBookOfMartialProwess","Ginger","Sozu","Ice Cream","Dream Catcher","Chemical X","downfall:ExtraCursedKey","Matryoshka","Pen Nib","Bag of Preparation","OrangePellets","DollysMirror","Nunchaku","Boot","MealTicket","Strawberry","Mercury Hourglass","Astrolabe","PrismaticShard","PreservedInsect","Pear","Blood Vial","Toxic Egg 2","Ornamental Fan","CaptainsWheel","Medical Kit","Bottled Flame","InkBottle"],"acts_visited":["Exordium","TheCity","TheBeyond","TheEnding"],"potions_floor_usage":[14,14,16,16,16,36,55],"damage_taken":[{"damage":0,"enemies":"2 Louse","floor":1,"turns":1},{"damage":0,"enemies":"Cultist","floor":3,"turns":1},{"damage":0,"enemies":"Jaw Worm","floor":5,"turns":1},{"damage":40,"enemies":"Lagavulin","floor":6,"turns":7},{"damage":10,"enemies":"Lots of Slimes","floor":7,"turns":5},{"damage":30,"enemies":"3 Sentries","floor":12,"turns":8},{"damage":17,"enemies":"Blue Slaver","floor":13,"turns":4},{"damage":25,"enemies":"Exordium Thugs","floor":14,"turns":4},{"damage":69,"enemies":"The Guardian","floor":16,"turns":7},{"damage":26,"enemies":"Chosen","floor":18,"turns":6},{"damage":13,"enemies":"Shell Parasite","floor":20,"turns":3},{"damage":90,"enemies":"Gremlin Leader","floor":23,"turns":6},{"damage":69,"enemies":"Slavers","floor":27,"turns":5},{"damage":50,"enemies":"3 Cultists","floor":29,"turns":4},{"damage":83,"enemies":"Automaton","floor":33,"turns":6},{"damage":26,"enemies":"3 Shapes","floor":35,"turns":3},{"damage":69,"enemies":"3 Darklings","floor":36,"turns":5},{"damage":69,"enemies":"Nemesis","floor":40,"turns":5},{"damage":15,"enemies":"4 Shapes","floor":41,"turns":4},{"damage":61,"enemies":"Giant Head","floor":45,"turns":6},{"damage":47,"enemies":"Transient","floor":46,"turns":5},{"damage":40,"enemies":"Mind Bloom Boss Battle","floor":47,"turns":6},{"damage":35,"enemies":"Spire Growth","floor":48,"turns":4},{"damage":112,"enemies":"Time Eater","floor":50,"turns":9},{"damage":122,"enemies":"Shield and Spear","floor":54,"turns":6},{"damage":248,"enemies":"The Heart","floor":55,"turns":12}],"seed_played":"-4001809155105992231","potions_obtained":[{"floor":1,"key":"Ancient Potion"},{"floor":6,"key":"EntropicBrew"},{"floor":13,"key":"Strength Potion"},{"floor":16,"key":"Explosive Potion"}],"is_trial":false,"path_per_floor":["M","?","M","$","M","E","M","$","T","?","?","E","M","M","R","B",null,"M","$","M","?","?","E","$","$","T","E","R","M","R","?","R","B",null,"M","M","$","?","?","E","M","R","T","?","E","M","?","M","R","B",null,"R","$","E","B",null],"character_chosen":"THE_CHAMP","items_purchased":["champ:FightingForDummies","Happy Flower","Membership Card","champ:IronFortress","champ:TornadoPunch","champ:Circumvent","Juzu Bracelet","champ:GladiatorsBookOfMartialProwess","Panache","champ:UltimateStance","Ice Cream","Dream Catcher","Chemical X","Apotheosis","Pen Nib","Bag of Preparation","OrangePellets","DollysMirror","Nunchaku","Boot","PrismaticShard","PreservedInsect","Pear","champ:DeathBlow","Medical Kit","Bottled Flame"],"campfire_rested":1,"item_purchase_floors":[4,4,4,4,4,4,8,8,8,8,19,19,19,19,24,24,24,25,25,25,37,37,37,37,53,53],"current_hp_per_floor":[5000,5000,5000,5000,5000,4980,4975,4975,4975,3975,3940,3915,3908,3898,3898,3884,5000,4989,4989,4976,4976,4981,4951,4951,4951,4958,4924,5012,5007,5007,3508,3508,3484,3508,3486,3473,3498,3498,3498,3464,3453,3453,3453,3453,3451,3432,3424,3423,3423,3402,3518,3518,3518,3444,3266],"gold":49627,"neow_bonus":"THREE_ENEMY_KILL","is_daily":false,"chose_seed":false,"campfire_upgraded":5,"win_rate":0.0,"timestamp":1611289967,"path_taken":["M","?","?","$","M","E","M","?","T","?","?","E","M","M","R","BOSS","M","$","M","?","?","E","?","$","T","E","R","M","R","?","R","BOSS","M","M","$","?","?","E","M","R","T","?","E","M","?","M","R","BOSS","R","$","E","BOSS"],"items_purchased_type":["Relic","Relic","Relic","Card","Card","Card","Relic","Relic","Card","Card","Relic","Relic","Relic","Card","Relic","Relic","Relic","Relic","Relic","Relic","Relic","Relic","Relic","Card","Relic","Relic"],"build_version":"2020-12-22","purchased_purges":2,"victory":true,"max_hp_per_floor":[5000,5000,5000,5000,5000,5000,5000,5000,5000,5000,5000,5000,5000,5000,5000,5000,5000,5000,5000,5000,5000,5005,5005,5005,5005,5012,5012,5012,5012,5012,3508,3508,3508,3508,3508,3508,3518,3518,3518,3518,3518,3518,3518,3518,3518,3518,3518,3518,3518,3518,3518,3518,3518,3518,3518],"card_choices":[{"not_picked":["champ:RecklessLeap","champ:PerfectedStrike"],"picked":"champ:ShieldSlam","floor":1},{"not_picked":["champ:TornadoPunch","champ:Haymaker"],"picked":"champ:ShieldWall","floor":3},{"not_picked":["champ:CalledShot","champ:DefensiveShout"],"picked":"champ:IronFortress","floor":5},{"not_picked":["champ:TornadoPunch","champ:DefensiveShout"],"picked":"champ:Shatter","floor":6},{"not_picked":["champ:FlashCut","champ:EndlessRage"],"picked":"champ:GladiatorStyle","floor":7},{"not_picked":["champ:ShieldSlam","champ:CrookedStrike"],"picked":"champ:StrikeOfGenius","floor":12},{"not_picked":["champ:SetATrap","champ:CrownThrow"],"picked":"champ:BerserkersShout","floor":13},{"not_picked":["champ:Circumvent","champ:AdrenalArmor"],"picked":"champ:Lariat","floor":14},{"not_picked":["champ:DancingMaster","champ:HoldFirm"],"picked":"champ:TripleStrike","floor":16},{"not_picked":["champ:Lariat+1","champ:BringItOn"],"picked":"champ:Parry+1","floor":18},{"not_picked":["champ:PerfectedStrike+1","champ:Duel"],"picked":"champ:ArenaPreparation","floor":20},{"not_picked":["champ:FalseCounter+1","champ:CalledShot"],"picked":"champ:EnragedBash","floor":23},{"not_picked":["champ:Shatter","champ:PerfectedStrike"],"picked":"champ:DancingMaster","floor":27},{"not_picked":["champ:CrownThrow","champ:BringItOn"],"picked":"champ:EnGarde","floor":28},{"not_picked":["champ:Backstep","champ:FalseCounter"],"picked":"champ:AdrenalArmor+1","floor":29},{"not_picked":["champ:ShieldThrow","champ:HeavySlash"],"picked":"champ:HoldFirm","floor":33},{"not_picked":["champ:PreciseThrust+1","champ:FancyFootwork+1"],"picked":"champ:Backstep+1","floor":35},{"not_picked":["champ:Duel+1","champ:Circumvent+1"],"picked":"champ:Haymaker","floor":36},{"not_picked":["Slimebound:SpikyOuterGoop+1","bronze:Format"],"picked":"Clockwork:Friction+1","floor":40},{"not_picked":["Redo","Protect"],"picked":"sneckomod:UnknownClassGUARDIAN+1","floor":41},{"not_picked":["bronze:OilSpill","champ:AdrenalArmor+1"],"picked":"Glutton:GoldenArmor+1","floor":45},{"not_picked":["Dodge and Roll+1","Clockwork:CogToss"],"picked":"Electrodynamics","floor":46},{"not_picked":["hexamod:GhostLash+1","Guardian:Clone+1"],"picked":"Redo+1","floor":47},{"not_picked":["Clockwork:CogToss+1","theHeart:Crush+1"],"picked":"Clockwork:ChargingShield+1","floor":48},{"not_picked":["Slimebound:SlimeSlap","sneckomod:UnknownCommonAttack+1"],"picked":"Clockwork:ChargingBlade+1","floor":54}],"player_experience":105399,"relics_obtained":[{"floor":6,"key":"Old Coin"},{"floor":12,"key":"Ginger"},{"floor":23,"key":"Matryoshka"},{"floor":26,"key":"MealTicket"},{"floor":26,"key":"Strawberry"},{"floor":27,"key":"Mercury Hourglass"},{"floor":40,"key":"Blood Vial"},{"floor":43,"key":"Toxic Egg 2"},{"floor":45,"key":"Ornamental Fan"},{"floor":47,"key":"CaptainsWheel"},{"floor":54,"key":"InkBottle"}],"event_choices":[{"damage_healed":0,"gold_gain":0,"player_choice":"Upgraded","damage_taken":0,"max_hp_gain":0,"max_hp_loss":0,"event_name":"Upgrade Shrine","floor":2,"gold_loss":0,"cards_upgraded":["champ:Execute"]},{"damage_healed":0,"gold_gain":0,"player_choice":"Entered Light","damage_taken":1000,"max_hp_gain":0,"max_hp_loss":0,"event_name":"Shining Light","floor":10,"gold_loss":0,"cards_upgraded":["champ:Strike","champ:Taunt"]},{"damage_healed":0,"gold_gain":0,"player_choice":"Obtain J.A.X.","damage_taken":0,"max_hp_gain":0,"max_hp_loss":0,"event_name":"Drug Dealer","floor":21,"gold_loss":0,"cards_obtained":["J.A.X."]},{"damage_healed":0,"gold_gain":0,"player_choice":"Became a vampire","damage_taken":0,"max_hp_gain":0,"max_hp_loss":1504,"event_name":"Vampires","floor":31,"gold_loss":0,"cards_obtained":["Bite","Bite","Bite","Bite","Bite"]},{"damage_healed":0,"gold_gain":100,"player_choice":"Pray","damage_taken":0,"max_hp_gain":0,"max_hp_loss":0,"event_name":"Golden Shrine","floor":38,"gold_loss":0},{"cards_removed":["Panache"],"damage_healed":0,"gold_gain":0,"player_choice":"Removed Power","damage_taken":0,"max_hp_gain":0,"max_hp_loss":0,"event_name":"Falling","floor":39,"gold_loss":0},{"damage_healed":0,"gold_gain":0,"player_choice":"Ignored","damage_taken":0,"max_hp_gain":0,"max_hp_loss":0,"event_name":"Tomb of Lord Red Mask","floor":44,"gold_loss":0},{"damage_healed":0,"gold_gain":0,"player_choice":"Fight","damage_taken":0,"max_hp_gain":0,"max_hp_loss":0,"event_name":"MindBloom","floor":47,"gold_loss":0}],"is_beta":false,"boss_relics":[{"not_picked":["SacredBark","Busted Crown"],"picked":"Sozu"},{"not_picked":["Philosopher\u0027s Stone","Coffee Dripper"],"picked":"Astrolabe"}],"items_purged_floors":[24,25],"is_endless":false,"potions_floor_spawned":[1,6,13,16,20,35,45,46,48],"ascension_level":0}}