{"host":"lnt5dzsuhru0aonl","time":1611325209,"event":{"mods":["2.2 Compatiblity","BaseMod","Colored Map","Colored Powertips","DeckTracker","Keyboard Shortcuts","Minty Spire (QoL Compilation)","Permanent Neow","Rare Cards Sparkle","StSLib","SuperFastMode","everything is the same but u backflip on backflip"],"gold_per_floor":[117,129,147,161,171,171,171,171,196,196,196,210,210,228,228,228,228],"floor_reached":16,"language":"KOR","playtime":324,"items_purged":[],"score":188,"play_id":"fbcc2fbd-c350-460d-ac98-4a5b8db41243","local_time":"20210122232009","is_ascension_mode":true,"campfire_choices":[{"data":"Body Slam","floor":6.0,"key":"SMITH"},{"data":"Evolve","floor":8.0,"key":"SMITH"},{"data":"Fire Breathing","floor":10.0,"key":"SMITH"},{"data":"Feel No Pain","floor":13,"key":"SMITH"},{"data":"Bash","floor":15,"key":"SMITH"}],"circlet_count":0,"master_deck":["AscendersBane","Strike_R","Strike_R","Strike_R","Strike_R","Strike_R","Defend_R","Defend_R","Defend_R","Defend_R","Bash+1","Fire Breathing+1","Burning Pact","Evolve+1","Body Slam+1","Feel No Pain+1","Fire Breathing","Feed"],"relics":["Burning Blood","NeowsBlessing","Nunchaku","Ancient Tea Set"],"acts_visited":["Exordium"],"potions_floor_usage":[12,16],"damage_taken":[{"damage":0.0,"enemies":"Cultist","floor":1.0,"turns":1.0},{"damage":0.0,"enemies":"Jaw Worm","floor":2.0,"turns":1.0},{"damage":0.0,"enemies":"Small Slimes","floor":3.0,"turns":1.0},{"damage":9.0,"enemies":"3 Louse","floor":4.0,"turns":4.0},{"damage":30.0,"enemies":"Large Slime","floor":5.0,"turns":5.0},{"damage":6,"enemies":"Looter","floor":12,"turns":2},{"damage":41,"enemies":"Gremlin Gang","floor":14,"turns":7},{"damage":38,"enemies":"Slime Boss","floor":16,"turns":3}],"seed_played":"6539108079661916322","potions_obtained":[{"floor":1.0,"key":"LiquidMemories"},{"floor":3.0,"key":"AttackPotion"},{"floor":12,"key":"Dexterity Potion"}],"is_trial":false,"path_per_floor":["M","M","M","M","M","R","T","R","T","R","?","M","R","M","R","B"],"character_chosen":"IRONCLAD","items_purchased":[],"campfire_rested":0,"item_purchase_floors":[],"current_hp_per_floor":[74,75,75,72,48,48,48,48,48,48,48,48,48,13,13,0,0],"gold":228,"neow_bonus":"THREE_ENEMY_KILL","is_daily":false,"chose_seed":false,"campfire_upgraded":5,"win_rate":0.0,"timestamp":1611325209,"path_taken":["M","?","M","M","M","R","?","R","T","R","?","M","R","?","R","BOSS"],"items_purchased_type":[],"build_version":"2020-12-22","purchased_purges":0,"victory":false,"max_hp_per_floor":[75,75,75,75,75,75,75,75,75,75,75,75,75,75,75,75,75],"card_choices":[{"not_picked":["Searing Blow","Anger"],"picked":"Fire Breathing","floor":1.0},{"not_picked":["Perfected Strike","Anger","Heavy Blade"],"picked":"SKIP","floor":2.0},{"not_picked":["Shrug It Off","Headbutt"],"picked":"Burning Pact","floor":3.0},{"not_picked":["Pommel Strike","True Grit"],"picked":"Evolve","floor":4.0},{"not_picked":["Hemokinesis","True Grit"],"picked":"Body Slam","floor":5.0},{"not_picked":["Headbutt","Blood for Blood"],"picked":"Fire Breathing","floor":12},{"not_picked":["Whirlwind","Inflame"],"picked":"Feed","floor":14}],"player_experience":730287,"relics_obtained":[{"floor":7.0,"key":"Nunchaku"},{"floor":9.0,"key":"Ancient Tea Set"}],"event_choices":[{"damage_healed":0,"gold_gain":0,"player_choice":"1 cards matched","damage_taken":0,"max_hp_gain":0,"max_hp_loss":0,"event_name":"Match and Keep!","floor":11,"gold_loss":0,"cards_obtained":["Feel No Pain"]}],"is_beta":false,"boss_relics":[],"items_purged_floors":[],"is_endless":false,"potions_floor_spawned":[1,3,12],"killed_by":"Slime Boss","ascension_level":20}}