{"host":"ptk1shuto3uimndw","time":1611310606,"event":{"mods":["AchievementEnabler","BaseMod","Bestiary","Colored Map","Colored Powertips","Curses Come First","Minty Spire (QoL Compilation)","Quick Restart","Rare Cards Sparkle","Relic Stats","StSLib","Uncapped"],"gold_per_floor":[119,44,44,44,63,98,98,141,222,258,281,281,281,261,261,381,381,402,402,418,418,418,449,490,534,534,534,534,550,550,590,590,721,721,739,755,774,410,431,431,469,469,469,508,587,170,184,209,209,209],"floor_reached":51,"language":"ENG","playtime":1402,"items_purged":["Strike_P","SignatureMove","Nirvana+1"],"score":1408,"play_id":"17caf98a-44b7-4b44-b008-9fc6f3f7dfa7","local_time":"20210122111646","is_ascension_mode":true,"campfire_choices":[{"data":"ReachHeaven","floor":7.0,"key":"SMITH"},{"data":"Conclude","floor":12.0,"key":"SMITH"},{"data":"Vigilance","floor":13.0,"key":"SMITH"},{"data":"Defend_P","floor":15.0,"key":"SMITH"},{"data":"TalkToTheHand","floor":27.0,"key":"SMITH"},{"data":"EmptyFist","floor":30.0,"key":"SMITH"},{"data":"Ragnarok","floor":32.0,"key":"SMITH"},{"floor":49.0,"key":"REST"}],"circlet_count":0,"master_deck":["AscendersBane","Eruption","Vigilance+1","Conclude+1","ReachHeaven+1","Omniscience","LikeWater+1","EmptyFist+1","Tantrum","TalkToTheHand+1","Fasting2+1","Ragnarok+1","Devotion+1","Swivel","ReachHeaven","EmptyBody","CutThroughFate","Omniscience","SandsOfTime","TalkToTheHand","WaveOfTheHand+1","ReachHeaven+1","SandsOfTime","SandsOfTime"],"relics":["Snecko Eye","Golden Idol","Orichalcum","Vajra","Frozen Egg 2","WingedGreaves","SlaversCollar","MutagenicStrength","Blood Vial","Tiny Chest","Bird Faced Urn","Smiling Mask","Blue Candle","Pandora\u0027s Box","DollysMirror","PreservedInsect","Mummified Hand","Oddly Smooth Stone","White Beast Statue","Akabeko","Orrery"],"acts_visited":["Exordium","TheCity","TheBeyond"],"potions_floor_usage":[50,50],"damage_taken":[{"damage":0.0,"enemies":"Small Slimes","floor":1.0,"turns":2.0},{"damage":0.0,"enemies":"Cultist","floor":5.0,"turns":2.0},{"damage":10.0,"enemies":"Gremlin Nob","floor":6.0,"turns":3.0},{"damage":0.0,"enemies":"Lagavulin","floor":8.0,"turns":3.0},{"damage":2.0,"enemies":"3 Sentries","floor":10.0,"turns":4.0},{"damage":0.0,"enemies":"2 Louse","floor":11.0,"turns":2.0},{"damage":0.0,"enemies":"Slime Boss","floor":16.0,"turns":4.0},{"damage":0.0,"enemies":"Chosen","floor":18.0,"turns":4.0},{"damage":0.0,"enemies":"3 Byrds","floor":20.0,"turns":3.0},{"damage":12.0,"enemies":"Gremlin Leader","floor":23.0,"turns":2.0},{"damage":26.0,"enemies":"Book of Stabbing","floor":24.0,"turns":5.0},{"damage":0.0,"enemies":"Gremlin Leader","floor":25.0,"turns":3.0},{"damage":0.0,"enemies":"Snecko","floor":29.0,"turns":3.0},{"damage":5.0,"enemies":"Book of Stabbing","floor":31.0,"turns":2.0},{"damage":14.0,"enemies":"Collector","floor":33.0,"turns":5.0},{"damage":0.0,"enemies":"3 Darklings","floor":35.0,"turns":2.0},{"damage":21.0,"enemies":"Orb Walker","floor":36.0,"turns":4.0},{"damage":0.0,"enemies":"4 Shapes","floor":37.0,"turns":2.0},{"damage":0.0,"enemies":"Spire Growth","floor":39.0,"turns":4.0},{"damage":27.0,"enemies":"Reptomancer","floor":41.0,"turns":3.0},{"damage":8.0,"enemies":"Giant Head","floor":44.0,"turns":3.0},{"damage":0.0,"enemies":"Maw","floor":47.0,"turns":3.0},{"damage":16.0,"enemies":"Sphere and 2 Shapes","floor":48.0,"turns":3.0},{"damage":19,"enemies":"Awakened One","floor":50,"turns":5}],"seed_played":"-3017827447067542403","potions_obtained":[{"floor":1.0,"key":"PowerPotion"},{"floor":14.0,"key":"PowerPotion"},{"floor":36.0,"key":"Strength Potion"}],"is_trial":false,"path_per_floor":["M","$","?","?","M","E","R","E","T","E","M","R","R","?","R","B",null,"M","?","M","?","?","E","E","E","T","R","?","M","R","E","R","B",null,"M","M","M","$","M","?","E","?","T","E","T","$","M","M","R","B",null],"character_chosen":"WATCHER","items_purchased":["DollysMirror","SandsOfTime","StancePotion","Akabeko","Orrery","SandsOfTime"],"campfire_rested":1,"item_purchase_floors":[38,38,38,46,46,46],"current_hp_per_floor":[65,65,65,70,70,60,60,60,60,58,58,58,58,58,58,58,69,69,69,69,69,69,57,33,35,35,35,35,39,39,38,38,34,63,65,48,52,52,60,60,37,37,37,35,35,35,41,27,47,36],"gold":209,"neow_bonus":"BOSS_RELIC","is_daily":false,"chose_seed":false,"campfire_upgraded":7,"win_rate":0.0,"timestamp":1611310606,"path_taken":["M","$","?","?","M","E","R","E","T","E","M","R","R","?","R","BOSS","M","?","M","?","?","E","E","E","T","R","?","M","R","E","R","BOSS","M","M","M","$","M","?","E","?","T","E","?","$","?","M","R","BOSS"],"items_purchased_type":["Relic","Card","Potion","Relic","Relic","Card"],"build_version":"2020-12-22","purchased_purges":3,"victory":true,"max_hp_per_floor":[72,72,67,72,72,72,72,72,72,72,72,72,72,72,72,72,72,72,72,72,72,72,72,72,72,72,72,72,72,72,72,72,72,72,72,72,72,72,72,72,72,68,68,68,68,68,68,68,68,68],"relic_stats":{"counters":[24,76],"Golden Idol":186,"Blue Candle":[0],"PreservedInsect":130,"Orichalcum":[72],"Smiling Mask":125,"Blood Vial":28,"Mummified Hand":[9],"Bird Faced Urn":[38],"Snecko Eye":[131,141,108,124],"Tiny Chest":1,"Pandora\u0027s Box":["SignatureMove","Swivel","ReachHeaven","EmptyBody","Nirvana","CutThroughFate"],"obtain_stats":[{"Golden Idol":3,"Blue Candle":31,"Vajra":8,"Oddly Smooth Stone":44,"PreservedInsect":41,"Orichalcum":6,"Frozen Egg 2":9,"Smiling Mask":26,"White Beast Statue":45,"Akabeko":46,"Blood Vial":23,"SlaversCollar":17,"DollysMirror":38,"Mummified Hand":43,"MutagenicStrength":21,"Bird Faced Urn":25,"Snecko Eye":0,"Orrery":46,"Tiny Chest":24,"Pandora\u0027s Box":34,"WingedGreaves":10,"PureWater":0},{"Golden Idol":1,"Blue Candle":14,"Vajra":4,"Oddly Smooth Stone":21,"PreservedInsect":20,"Orichalcum":3,"Frozen Egg 2":4,"Smiling Mask":12,"White Beast Statue":21,"Akabeko":21,"Blood Vial":10,"SlaversCollar":7,"DollysMirror":18,"Mummified Hand":20,"MutagenicStrength":9,"Bird Faced Urn":12,"Snecko Eye":0,"Orrery":21,"Tiny Chest":11,"Pandora\u0027s Box":15,"WingedGreaves":5,"PureWater":0},{"Golden Idol":2,"Blue Candle":42,"Vajra":10,"Oddly Smooth Stone":65,"PreservedInsect":62,"Orichalcum":7,"Frozen Egg 2":10,"Smiling Mask":37,"White Beast Statue":65,"Akabeko":65,"Blood Vial":29,"SlaversCollar":20,"DollysMirror":55,"Mummified Hand":62,"MutagenicStrength":27,"Bird Faced Urn":37,"Snecko Eye":0,"Orrery":65,"Tiny Chest":34,"Pandora\u0027s Box":47,"WingedGreaves":14,"PureWater":0}]},"card_choices":[{"not_picked":["FlurryOfBlows","JustLucky"],"picked":"Conclude","floor":1.0},{"not_picked":["FlurryOfBlows","PathToVictory","CutThroughFate"],"picked":"SKIP","floor":5.0},{"not_picked":["ThirdEye","CutThroughFate"],"picked":"ReachHeaven","floor":6.0},{"not_picked":["Weave","Crescendo","EmptyBody"],"picked":"SKIP","floor":8.0},{"not_picked":["BowlingBash","Adaptation+1","Evaluate"],"picked":"SKIP","floor":10.0},{"not_picked":["ClearTheMind","FlyingSleeves","Adaptation+1"],"picked":"SKIP","floor":11.0},{"not_picked":["Establishment+1","Devotion+1"],"picked":"Omniscience","floor":16.0},{"not_picked":["WaveOfTheHand","ClearTheMind","JustLucky"],"picked":"SKIP","floor":18.0},{"not_picked":["Swivel+1","Adaptation+1"],"picked":"LikeWater+1","floor":20.0},{"not_picked":["EmptyMind","Vengeance","MasterReality+1"],"picked":"SKIP","floor":23.0},{"not_picked":["Consecrate","Conclude+1"],"picked":"Tantrum","floor":24.0},{"not_picked":["Consecrate+1","Collect"],"picked":"TalkToTheHand","floor":25.0},{"not_picked":["Consecrate","Meditate"],"picked":"Fasting2+1","floor":29.0},{"not_picked":["Evaluate","Crescendo"],"picked":"Ragnarok","floor":31.0},{"not_picked":["MasterReality+1","Establishment+1"],"picked":"Devotion+1","floor":33.0},{"not_picked":["FlyingSleeves+1","Halt","JustLucky"],"picked":"SKIP","floor":35.0},{"not_picked":["Weave","Vengeance","DeceiveReality"],"picked":"SKIP","floor":36.0},{"not_picked":["BattleHymn+1","Prostrate","FlyingSleeves+1"],"picked":"SKIP","floor":37.0},{"not_picked":["ThirdEye","Crescendo+1"],"picked":"TalkToTheHand","floor":39.0},{"not_picked":["EmptyBody","CutThroughFate"],"picked":"WaveOfTheHand+1","floor":41.0},{"not_picked":["WindmillStrike+1","Vengeance+1","CutThroughFate"],"picked":"SKIP","floor":44.0},{"not_picked":["PathToVictory","FlyingSleeves"],"picked":"ReachHeaven+1","floor":46.0},{"not_picked":["CutThroughFate","JustLucky"],"picked":"SandsOfTime","floor":46.0},{"not_picked":["Pray","Weave","Crescendo"],"picked":"SKIP","floor":47.0},{"not_picked":["FlyingSleeves","Perseverance","Halt"],"picked":"SKIP","floor":48.0}],"player_experience":313044,"relics_obtained":[{"floor":6.0,"key":"Orichalcum"},{"floor":8.0,"key":"Vajra"},{"floor":9.0,"key":"Frozen Egg 2"},{"floor":10.0,"key":"WingedGreaves"},{"floor":23.0,"key":"Blood Vial"},{"floor":24.0,"key":"Tiny Chest"},{"floor":25.0,"key":"Bird Faced Urn"},{"floor":26.0,"key":"Smiling Mask"},{"floor":31.0,"key":"Blue Candle"},{"floor":41.0,"key":"PreservedInsect"},{"floor":43.0,"key":"Mummified Hand"},{"floor":44.0,"key":"Oddly Smooth Stone"},{"floor":45.0,"key":"White Beast Statue"}],"event_choices":[{"damage_healed":0.0,"max_hp_gain":0.0,"max_hp_loss":5.0,"gold_gain":0.0,"event_name":"Golden Idol","player_choice":"Lose Max HP","floor":3.0,"gold_loss":0.0,"damage_taken":0.0,"relics_obtained":["Golden Idol"]},{"damage_healed":0.0,"max_hp_gain":5.0,"max_hp_loss":0.0,"gold_gain":0.0,"event_name":"Big Fish","player_choice":"Donut","floor":4.0,"gold_loss":0.0,"damage_taken":0.0},{"damage_healed":0.0,"max_hp_gain":0.0,"max_hp_loss":0.0,"gold_gain":0.0,"event_name":"The Woman in Blue","player_choice":"Bought 1 Potion","floor":14.0,"gold_loss":0.0,"damage_taken":0.0},{"damage_healed":0.0,"max_hp_gain":0.0,"max_hp_loss":0.0,"gold_gain":0.0,"event_name":"Vampires","player_choice":"Ignored","floor":19.0,"gold_loss":0.0,"damage_taken":0.0},{"damage_healed":0.0,"max_hp_gain":0.0,"max_hp_loss":0.0,"gold_gain":0.0,"event_name":"Drug Dealer","player_choice":"Inject Mutagens","floor":21.0,"gold_loss":0.0,"damage_taken":0.0,"relics_obtained":["MutagenicStrength"]},{"damage_healed":0.0,"max_hp_gain":0.0,"max_hp_loss":0.0,"gold_gain":0.0,"event_name":"The Library","player_choice":"Read","floor":22.0,"gold_loss":0.0,"damage_taken":0.0,"cards_obtained":["EmptyFist"]},{"cards_removed":["Strike_P"],"damage_healed":0.0,"max_hp_gain":0.0,"max_hp_loss":0.0,"gold_gain":0.0,"event_name":"Purifier","player_choice":"Purged","floor":28.0,"gold_loss":0.0,"damage_taken":0.0},{"damage_healed":0.0,"max_hp_gain":0.0,"max_hp_loss":0.0,"gold_gain":0.0,"event_name":"Tomb of Lord Red Mask","player_choice":"Ignored","floor":40.0,"gold_loss":0.0,"damage_taken":0.0},{"damage_healed":0.0,"max_hp_gain":0.0,"max_hp_loss":4.0,"gold_gain":0.0,"event_name":"Winding Halls","player_choice":"Max HP","floor":42.0,"gold_loss":0.0,"damage_taken":0.0}],"is_beta":false,"boss_relics":[{"not_picked":["Busted Crown","Fusion Hammer"],"picked":"SlaversCollar"},{"not_picked":["Tiny House","Empty Cage"],"picked":"Pandora\u0027s Box"}],"items_purged_floors":[2,38,46],"is_endless":false,"potions_floor_spawned":[1,16,20,24,25,29,31,36,41,44,47,48],"ascension_level":12}}