{"host":"2fgwwnzqc97k7iys","time":1611355941,"event":{"mods":["BaseMod","Colored Map","Minty Spire (QoL Compilation)","Quick Restart","Relic Stats"],"gold_per_floor":[113,113,138,154,175,175,175,195,195,48,48,48],"floor_reached":11,"language":"ENG","playtime":545,"items_purged":["Defend_R"],"score":94,"play_id":"82f97d38-1071-4087-a764-0290cbcb4cf4","local_time":"20210122165221","is_ascension_mode":true,"campfire_choices":[{"data":"Bash","floor":6,"key":"SMITH"}],"circlet_count":0,"master_deck":["Strike_R","Strike_R","Strike_R+1","Strike_R","Strike_R","Defend_R+1","Defend_R","Defend_R","Bash+1","Offering","Sword Boomerang","Disarm","Armaments","Shrug It Off","Flame Barrier"],"relics":["Burning Blood","Golden Idol","Toy Ornithopter"],"acts_visited":["Exordium"],"potions_floor_usage":[],"damage_taken":[{"damage":8,"enemies":"Jaw Worm","floor":1,"turns":4},{"damage":13,"enemies":"Small Slimes","floor":3,"turns":3},{"damage":6,"enemies":"Cultist","floor":4,"turns":2},{"damage":15,"enemies":"Red Slaver","floor":5,"turns":3},{"damage":20,"enemies":"Blue Slaver","floor":8,"turns":3},{"damage":34,"enemies":"Lagavulin","floor":11,"turns":8}],"seed_played":"-6727816661871152224","potions_obtained":[{"floor":3,"key":"SpeedPotion"},{"floor":8,"key":"Fire Potion"}],"is_trial":false,"path_per_floor":["M","?","M","M","M","R","?","M","T","$","E"],"character_chosen":"IRONCLAD","items_purchased":["Flame Barrier"],"campfire_rested":0,"item_purchase_floors":[10],"current_hp_per_floor":[70,70,63,63,54,54,39,25,25,25,0,0],"gold":48,"neow_bonus":"ONE_RANDOM_RARE_CARD","is_daily":false,"chose_seed":false,"campfire_upgraded":1,"win_rate":0.0,"timestamp":1611355941,"path_taken":["M","?","M","M","M","R","?","M","T","?","E"],"items_purchased_type":["Card"],"build_version":"2020-12-22","purchased_purges":1,"victory":false,"max_hp_per_floor":[80,74,74,74,74,74,74,74,74,74,74,74],"relic_stats":{"counters":[6,23],"Golden Idol":16,"obtain_stats":[{"Golden Idol":2,"Burning Blood":0,"Toy Ornithopter":9},{"Golden Idol":1,"Burning Blood":0,"Toy Ornithopter":5},{"Golden Idol":4,"Burning Blood":0,"Toy Ornithopter":15}],"Burning Blood":30,"Toy Ornithopter":0},"card_choices":[{"not_picked":["Bloodletting","Feel No Pain"],"picked":"Sword Boomerang","floor":1},{"not_picked":["Sever Soul","Power Through","Body Slam"],"picked":"SKIP","floor":3},{"not_picked":["Twin Strike","Rage"],"picked":"Disarm","floor":4},{"not_picked":["Headbutt","Anger"],"picked":"Armaments","floor":5},{"not_picked":["Iron Wave","Dark Embrace"],"picked":"Shrug It Off","floor":8}],"player_experience":485427,"relics_obtained":[{"floor":9,"key":"Toy Ornithopter"}],"event_choices":[{"damage_healed":0,"gold_gain":0,"player_choice":"Lose Max HP","damage_taken":0,"relics_obtained":["Golden Idol"],"max_hp_gain":0,"max_hp_loss":6,"event_name":"Golden Idol","floor":2,"gold_loss":0},{"damage_healed":0,"gold_gain":0,"player_choice":"Entered Light","damage_taken":15,"max_hp_gain":0,"max_hp_loss":0,"event_name":"Shining Light","floor":7,"gold_loss":0,"cards_upgraded":["Defend_R","Strike_R"]}],"is_beta":false,"boss_relics":[],"items_purged_floors":[10],"is_endless":false,"potions_floor_spawned":[3,8],"killed_by":"Lagavulin","ascension_level":9}}