{"host":"njb27ds59h4j3ikk","time":1611298259,"event":{"mods":["AchievementEnabler","BaseMod","Better Altar","Better Match","Better Note","Better Sensory Stone","Better Skull","Better Third Choice","BetterRewards","Downfall","Hermit","Hubris","Minty Spire (QoL Compilation)","Permanent Neow","Quarter Circle Forward PUNCH!","Quick Restart","Rare Cards Sparkle","Shop Mod","StSLib","Trackpad","Transform Curses"],"gold_per_floor":[99,118,118,118,144,166,192,226,226,226,276,276,311,375,400,509,509,409,432,707,707,716,716,739,739,739,748,782,807,359,387,416,521,521,421,447,447,469,478,156,156,185,185,185,210,57,99,99,124,124],"floor_reached":51,"language":"ENG","playtime":2016,"items_purged":[],"score":801,"play_id":"02ca44a9-f50e-4058-b99f-e0e8f8f87040","local_time":"20210122015059","is_ascension_mode":false,"campfire_choices":[{"data":"bronze:Replicate","floor":1.0,"key":"SMITH"},{"data":"bronze:DelayedSlice","floor":12.0,"key":"SMITH"},{"data":"bronze:Overheat","floor":18.0,"key":"SMITH"},{"floor":26.0,"key":"RECALL"},{"data":"bronze:Format","floor":35.0,"key":"SMITH"},{"data":"bronze:Return","floor":43.0,"key":"SMITH"},{"data":"expansioncontent:Hexaburn","floor":48,"key":"SMITH"}],"circlet_count":0,"master_deck":["bronze:Strike","bronze:Strike","bronze:Strike","bronze:Defend","bronze:Defend","bronze:Defend","bronze:Defend","bronze:Replicate+1","bronze:Goto","bronze:Overheat+1","bronze:Iterate","bronze:ItsAFeature","bronze:DelayedSlice+1","bronze:FollowUp+1","bronze:Flail+1","bronze:ChosenStrike+1","bronze:RecursiveStrike+1","bronze:Backtrace+1","bronze:WhirlingStrike+1","bronze:ShipIt+1","bronze:OilSpill+1","bronze:DelayedSlice+1","bronze:WildBeam+1","bronze:OilSpill+1","Panache","bronze:WhirlingStrike+1","bronze:DigitalCarnage+1","bronze:Branch+1","bronze:Format+1","bronze:DelayedSlice+1","bronze:DelayedGuard+1","expansioncontent:Hexaburn+1","bronze:NullPointer+1","bronze:Return+1","bronze:WildBeam+1","bronze:WildBeam+1","bronze:Branch+1","bronze:HardenedForm","bronze:ForLoop+1"],"relics":["bronze:PlatinumCore","Omamori","hubris:Icosahedron","MealTicket","CeramicFish","Juzu Bracelet","Centennial Puzzle","Molten Egg 2","Ancient Tea Set","expansioncontent:StudyCardRelic","downfall:HeartBlessingBlue","Happy Flower","downfall:KnowingSkull","hubris:SlimyHat","Question Card","HandDrill","downfall:HeartBlessingRed","Chemical X","trackpad:ByrdCharm","Lantern","hexamod:BolsterEngine","hubris:Towel","ClockworkSouvenir","Meat on the Bone"],"acts_visited":["Exordium","TheCity","TheBeyond"],"potions_floor_usage":[50,50,50],"damage_taken":[{"damage":1.0,"enemies":"Jaw Worm","floor":2.0,"turns":3.0},{"damage":5.0,"enemies":"Small Slimes","floor":5.0,"turns":3.0},{"damage":6.0,"enemies":"Cultist","floor":6.0,"turns":3.0},{"damage":18.0,"enemies":"3 Sentries","floor":8.0,"turns":8.0},{"damage":31.0,"enemies":"Lagavulin","floor":13.0,"turns":4.0},{"damage":12.0,"enemies":"3 Sentries","floor":14.0,"turns":3.0},{"damage":6.0,"enemies":"Exordium Wildlife","floor":15.0,"turns":2.0},{"damage":61.0,"enemies":"SI_SHIV_ARCHETYPE","floor":16.0,"turns":9.0},{"damage":16.0,"enemies":"3 Byrds","floor":19.0,"turns":3.0},{"damage":0.0,"enemies":"Chosen","floor":22.0,"turns":1.0},{"damage":21.0,"enemies":"Slavers","floor":28.0,"turns":2.0},{"damage":26.0,"enemies":"Centurion and Healer","floor":29.0,"turns":3.0},{"damage":3.0,"enemies":"downfall:FleeingMerchant","floor":30.0,"turns":4.0},{"damage":21.0,"enemies":"Snake Plant","floor":31.0,"turns":2.0},{"damage":1.0,"enemies":"Snecko","floor":32.0,"turns":3.0},{"damage":35.0,"enemies":"DF_ARCHETYPE_CLAW","floor":33.0,"turns":5.0},{"damage":9.0,"enemies":"3 Darklings","floor":36.0,"turns":2.0},{"damage":18.0,"enemies":"3 Shapes","floor":38.0,"turns":1.0},{"damage":0.0,"enemies":"downfall:FleeingMerchant","floor":40.0,"turns":2.0},{"damage":2.0,"enemies":"Maw","floor":42.0,"turns":4.0},{"damage":0.0,"enemies":"Writhing Mass","floor":45.0,"turns":2.0},{"damage":1.0,"enemies":"Giant Head","floor":47.0,"turns":5.0},{"damage":0,"enemies":"3 Darklings","floor":49,"turns":2},{"damage":40,"enemies":"WA_ARCHETYPE_DIVINITY","floor":50,"turns":7}],"seed_played":"-6448279428392090077","potions_obtained":[{"floor":8.0,"key":"BlessingOfTheForge"},{"floor":15.0,"key":"SteroidPotion"},{"floor":28.0,"key":"Regen Potion"},{"floor":33.0,"key":"DistilledChaos"},{"floor":38.0,"key":"Fire Potion"},{"floor":42.0,"key":"Block Potion"}],"is_trial":false,"path_per_floor":["R","M","?","?","M","M","T","E","?","?","T","R","E","?","M","B",null,"R","M","?","?","M","?","T","?","R","?","E","M","$","M","M","B",null,"R","M","?","M","?","$","T","M","R","?","M","$","E","R","M","B",null],"character_chosen":"THE_AUTOMATON","items_purchased":["HandDrill","bronze:OilSpill+1","Fruit Juice","Panache","bronze:WhirlingStrike+1","Chemical X","bronze:Return","bronze:WildBeam+1","trackpad:ByrdCharm","Lantern","ClockworkSouvenir"],"campfire_rested":0,"item_purchase_floors":[30,30,30,30,30,40,40,40,40,40,46],"current_hp_per_floor":[70,69,69,34,29,23,23,52,55,55,55,55,24,61,55,12,73,83,67,67,48,48,41,41,41,41,41,20,57,74,53,52,29,88,88,79,79,61,61,76,76,74,74,74,74,88,87,87,87,47],"gold":124,"neow_bonus":"RANDOM_COMMON_RELIC","is_daily":false,"chose_seed":false,"campfire_upgraded":6,"win_rate":0.0,"timestamp":1611298259,"path_taken":["R","M","?","?","M","M","T","E","?","?","?","R","E","?","M","BOSS","R","M","?","?","M","?","T","?","R","?","E","M","$","M","M","BOSS","R","M","?","M","?","$","T","M","R","?","M","$","E","R","M","BOSS"],"items_purchased_type":["Relic","Card","Potion","Card","Card","Relic","Card","Card","Relic","Relic","Relic"],"build_version":"2020-12-22","purchased_purges":0,"victory":true,"max_hp_per_floor":[70,70,70,70,70,70,70,70,73,73,73,73,73,73,73,73,73,83,83,83,83,83,83,83,83,83,83,83,83,88,88,88,88,88,88,88,88,88,88,88,88,88,88,88,88,88,88,88,88,88],"card_choices":[{"not_picked":["bronze:FineTuning","bronze:Safeguard"],"picked":"bronze:Overheat","floor":2.0},{"not_picked":["bronze:BitShift","bronze:ForLoop"],"picked":"bronze:Iterate","floor":5.0},{"not_picked":["bronze:Branch","bronze:Overheat"],"picked":"bronze:ItsAFeature","floor":6.0},{"not_picked":["bronze:ItsAFeature","bronze:Invalidate"],"picked":"bronze:DelayedSlice","floor":8.0},{"not_picked":["bronze:Assembly","bronze:BuggyMess"],"picked":"bronze:FollowUp+1","floor":13.0},{"not_picked":["bronze:Turbo","bronze:FineTuning"],"picked":"bronze:Flail+1","floor":14.0},{"not_picked":["bronze:BuggyMess","bronze:Iterate+1"],"picked":"bronze:ChosenStrike+1","floor":15.0},{"not_picked":["bronze:CleanCode","bronze:Verify"],"picked":"bronze:RecursiveStrike+1","floor":16.0},{"not_picked":["bronze:Return+1","bronze:ForceShield"],"picked":"bronze:Backtrace+1","floor":19.0},{"not_picked":["bronze:Frontload+1","bronze:Return"],"picked":"bronze:WhirlingStrike+1","floor":22.0},{"not_picked":["bronze:BitShift","bronze:DelayedSlice+1"],"picked":"bronze:OilSpill+1","floor":28.0},{"not_picked":["bronze:ForceShield","bronze:Flail+1","bronze:Invalidate+1"],"picked":"bronze:DelayedSlice+1","floor":29.0},{"not_picked":["bronze:HardenedForm","bronze:Format","bronze:SpaghettiCode"],"picked":"bronze:WildBeam+1","floor":30.0},{"not_picked":["bronze:WildBeam+1","bronze:CutThrough+1","bronze:OilSpill+1"],"picked":"bronze:DigitalCarnage+1","floor":31.0},{"not_picked":["bronze:BugBarrage+1","bronze:ItsAFeature","bronze:GetLatest"],"picked":"bronze:Branch+1","floor":32.0},{"not_picked":["bronze:ThunderWave+1","bronze:ShipIt+1","bronze:Verify"],"picked":"bronze:Format","floor":33.0},{"not_picked":["bronze:WhirlingStrike+1","bronze:Frontload","bronze:DigitalCarnage+1"],"picked":"bronze:DelayedSlice+1","floor":36.0},{"not_picked":["bronze:Overheat+1","bronze:DelayedSlice+1","bronze:ChosenStrike+1"],"picked":"bronze:DelayedGuard+1","floor":38.0},{"not_picked":["expansioncontent:Chronoboost","expansioncontent:LastStand","expansioncontent:PrepareCrush"],"picked":"expansioncontent:Hexaburn","floor":39.0},{"not_picked":["bronze:CutThrough+1","bronze:FineTuning","bronze:Invalidate"],"picked":"bronze:NullPointer+1","floor":40.0},{"not_picked":["bronze:ItsAFeature+1","bronze:DarkDash+1","bronze:Invalidate+1"],"picked":"bronze:WildBeam+1","floor":42.0},{"not_picked":["bronze:CloningBeam+1","bronze:ChildClass","bronze:Optimize+1"],"picked":"bronze:Branch+1","floor":45.0},{"not_picked":["bronze:FollowUp+1","bronze:Fortify+1","bronze:BitShift+1"],"picked":"bronze:HardenedForm","floor":47},{"not_picked":["bronze:ChildClass","bronze:Overheat+1","bronze:BronzeOrb+1"],"picked":"bronze:ForLoop+1","floor":49}],"player_experience":1286283,"relics_obtained":[{"floor":7.0,"key":"Juzu Bracelet"},{"floor":8.0,"key":"Centennial Puzzle"},{"floor":13.0,"key":"Molten Egg 2"},{"floor":14.0,"key":"Ancient Tea Set"},{"floor":24.0,"key":"hubris:SlimyHat"},{"floor":28.0,"key":"Question Card"},{"floor":41.0,"key":"hexamod:BolsterEngine"},{"floor":47,"key":"Meat on the Bone"}],"event_choices":[{"damage_healed":0.0,"max_hp_gain":0.0,"max_hp_loss":0.0,"gold_gain":0.0,"event_name":"betterSkull:BetterSkull","player_choice":"RE RE ","floor":4.0,"gold_loss":0.0,"damage_taken":39.0,"cards_upgraded":[],"relics_obtained":["MealTicket","CeramicFish"]},{"damage_healed":0.0,"max_hp_gain":0.0,"max_hp_loss":0.0,"gold_gain":0.0,"event_name":"betterSkull:BetterSkull","player_choice":"RE ","floor":21.0,"gold_loss":0.0,"damage_taken":21.0,"cards_upgraded":[],"relics_obtained":["Happy Flower"]}],"is_beta":false,"boss_relics":[{"not_picked":["trackpad:StolenKidneys","hubris:TerracottaHorce"],"picked":"expansioncontent:StudyCardRelic"},{"not_picked":["Coffee Dripper","Empty Cage"],"picked":"bronze:PlatinumCore"}],"items_purged_floors":[],"is_endless":false,"potions_floor_spawned":[8,15,28,33,38,42],"ascension_level":0}}