{"host":"bplbr8uekuotory4","time":1611299062,"event":{"mods":["Act Like it!","BaseMod","Custom Start","Gensokyo","GungeonMod","Hermit","KinomotoSakuraMod(木之本樱)","Marisa（F雨　魔理沙）","Minty Spire (QoL Compilation)","Prisma Mod","Quick Restart","Reimu（博丽灵梦）","Replay The Spire","SOS（斯巴达之子）","Spicy Shops","StSLib","TestMod","The Blackbeard","The Cursed","The Marked","The Mystic","The Poker Player","The Runesmith","The Saiyan","The Senshi","The Servant 0.9.4","Yuri Mod","[IsaacMod]以撒尖塔"],"gold_per_floor":[115,115,0,76,88,123,123,43,113,288,288,288,46,57,57,159,159,172,172,172,0,15,50,50,63,63,95,95,145,545,555,555,652,652,667,164,164,212,229,262,115,115,185,239,239,239,239,270,339,339,339,339,339,364,864],"floor_reached":56,"language":"ZHS","playtime":2029,"items_purged":["Doubt"],"score":1783,"play_id":"7e4dcca4-5fa2-4fd2-8b00-3bbbfd9e706b","local_time":"20210122150422","is_ascension_mode":false,"metric_token":1814,"campfire_choices":[{"data":"PokerPlayerMod:ClubShade","floor":7,"key":"SMITH"},{"data":"PokerPlayerMod:Mulligan","floor":11,"key":"SMITH"},{"data":"PokerPlayerMod:FakeSymbols","floor":15,"key":"SMITH"},{"data":"PokerPlayerMod:Raise","floor":24,"key":"SMITH"},{"floor":32,"key":"RECALL"},{"data":"PokerPlayerMod:FillThePot","floor":52,"key":"SMITH"}],"circlet_count":0,"master_deck":["PokerPlayerMod:Diamond1","PokerPlayerMod:Diamond2","PokerPlayerMod:Diamond3","PokerPlayerMod:Diamond4","PokerPlayerMod:Diamond5","PokerPlayerMod:Spade1","PokerPlayerMod:Spade2","PokerPlayerMod:Spade3","PokerPlayerMod:Spade4","PokerPlayerMod:Club1","PokerPlayerMod:Club2","PokerPlayerMod:BadJoker+1","PokerPlayerMod:ClubShade+1","PokerPlayerMod:FillThePot+1","PokerPlayerMod:FakeSymbols+1","PokerPlayerMod:ChangeRules+1","PokerPlayerMod:Club7","PokerPlayerMod:Spade10+","PokerPlayerMod:Club3","PokerPlayerMod:ItsShowtime+1","PokerPlayerMod:JackOfSpades+1","PokerPlayerMod:Sharpen+1","PokerPlayerMod:DiamondStrike+1","PokerPlayerMod:CloakAndDiamond+1","PokerPlayerMod:SecondChance+1"],"relics":["PokerPlayerMod:DeckCase","testmod-TestBox","HushsDoor","MaYiHuaBei","DemoMod:ClearGuonStone","ReplayTheSpireMod:Lightbulb","Strawberry","DemoMod:GlassGuonStoneRelic","testmod-Brilliant","testmod-ArcanaOfDestiny","DemoMod:SuperHotWatch","PokerPlayerMod:CoolBox","Honey Jar","GuppysTail","GuppysCollar","GuppysPaw","Leech","testmod-CasingShield","Prayer Wheel","Juzu Bracelet","Eternal Feather","DemoMod:LamentConfigurum","testmod-KeyOfTheVoid","GuppysHairball","Replay:Towering Pillar of Hats","RuthlessExorcism:ReiMu","HowToJump","Guide Book","BookofShadows","CatCart","Meat on the Bone","Pen Nib","Kunai"],"acts_visited":["Exordium","TheCity","TheBeyond","TheEnding"],"potions_floor_usage":[23,55,55,55],"damage_taken":[{"damage":0,"enemies":"2 Louse","floor":1,"turns":1},{"damage":0,"enemies":"Cultist","floor":5,"turns":1},{"damage":0,"enemies":"3 Sentries","floor":6,"turns":1},{"damage":0,"enemies":"Small Slimes","floor":14,"turns":1},{"damage":0,"enemies":"Hexaghost","floor":16,"turns":8},{"damage":0,"enemies":"Spheric Guardian","floor":18,"turns":3},{"damage":0,"enemies":"Chosen","floor":22,"turns":2},{"damage":0,"enemies":"Slavers","floor":23,"turns":2},{"damage":0,"enemies":"Shelled Parasite and Fungi","floor":25,"turns":1},{"damage":5,"enemies":"Replay:Snechameleon","floor":27,"turns":2},{"damage":0,"enemies":"Hiden Room Battle","floor":29,"turns":2},{"damage":0,"enemies":"Snecko","floor":31,"turns":2},{"damage":0,"enemies":"Pondfish","floor":33,"turns":3},{"damage":0,"enemies":"Orb Walker","floor":35,"turns":1},{"damage":0,"enemies":"2 Orb Walkers","floor":38,"turns":2},{"damage":0,"enemies":"3 Shapes","floor":39,"turns":1},{"damage":0,"enemies":"Giant Head","floor":40,"turns":3},{"damage":0,"enemies":"Orin","floor":44,"turns":3},{"damage":0,"enemies":"Reptomancer","floor":48,"turns":1},{"damage":0,"enemies":"Awakened One","floor":50,"turns":4},{"damage":0,"enemies":"Shield and Spear","floor":54,"turns":2},{"damage":4,"enemies":"The Heart","floor":55,"turns":3}],"seed_played":"2441674494670765319","potions_obtained":[{"floor":5,"key":"Cursed Concoction"},{"floor":14,"key":"Elixir"},{"floor":18,"key":"Explosive Potion"},{"floor":27,"key":"DuplicationPotion"},{"floor":31,"key":"PowerPotion"},{"floor":38,"key":"ZuzhouPotion:ReiMu"},{"floor":54,"key":"testmod-TestPotion"}],"is_trial":false,"path_per_floor":["M","?","$","?","M","E","R","$","T","?","R","T","$","M","R","B",null,"M","?","?","$","M","E","R","M","T","E","?","?","?","M","R","B",null,"M","$","?","?","M","E","$","?","T","?","T","?","?","E","R","B",null,"R","$","E","B",null],"character_chosen":"THE_POKER_PLAYER","items_purchased":["Flash of Steel","ReplayTheSpireMod:Lightbulb","PokerPlayerMod:FillThePot","PokerPlayerMod:CoolBox","GuppysTail","GuppysCollar","GuppysPaw","Leech","testmod-CasingShield","GuppysHairball","Replay:Towering Pillar of Hats","PokerPlayerMod:Sharpen+1","RuthlessExorcism:ReiMu","Guide Book"],"campfire_rested":0,"item_purchase_floors":[3,3,8,13,17,17,17,21,21,34,36,36,36,41],"current_hp_per_floor":[52,37,37,31,31,40,40,40,40,40,40,40,40,40,40,46,26,26,52,52,52,52,52,52,52,52,48,48,35,35,37,52,52,42,42,42,42,42,42,42,42,42,42,42,42,42,40,40,40,40,40,40,40,40,39],"gold":864,"neow_bonus":"THREE_ENEMY_KILL","is_daily":false,"chose_seed":false,"campfire_upgraded":5,"win_rate":0.0,"timestamp":1611299062,"path_taken":["M","?","$","?","?","E","R","?","T","?","R","?","$","M","R","BOSS","M","?","?","$","M","E","R","?","T","E","?","?","?","M","R","BOSS","M","$","?","?","M","E","$","?","T","?","?","?","?","E","R","BOSS","R","$","E","BOSS"],"items_purchased_type":["Card","Relic","Card","Relic","Relic","Relic","Relic","Relic","Relic","Relic","Relic","Card","Relic","Relic"],"build_version":"2020-12-22","purchased_purges":1,"victory":true,"max_hp_per_floor":[52,52,52,59,59,59,59,59,59,59,59,59,59,59,59,59,26,26,52,52,52,52,52,52,52,52,52,52,52,52,52,52,52,42,42,42,42,42,42,42,42,42,42,42,42,42,40,40,40,40,40,40,40,40,40],"card_choices":[{"not_picked":["PokerPlayerMod:Spade7","PokerPlayerMod:Club1"],"picked":"PokerPlayerMod:Heart4","floor":1},{"not_picked":["PokerPlayerMod:Diamond4","PokerPlayerMod:Diamond3"],"picked":"PokerPlayerMod:ClubsClub","floor":4},{"not_picked":["PokerPlayerMod:Spade2","PokerPlayerMod:Spade7"],"picked":"PokerPlayerMod:ClubShade","floor":5},{"not_picked":["PokerPlayerMod:Diamond6","PokerPlayerMod:Spade8"],"picked":"PokerPlayerMod:Heart1","floor":6},{"not_picked":["PokerPlayerMod:HotShotCut","PokerPlayerMod:SpadeStrike"],"picked":"PokerPlayerMod:FakeSymbols","floor":14},{"not_picked":["PokerPlayerMod:WasteCollection","PokerPlayerMod:GamblerForm"],"picked":"PokerPlayerMod:ChangeRules","floor":16},{"not_picked":["PokerPlayerMod:Heart2","PokerPlayerMod:Spade3","PokerPlayerMod:SpadeStrike"],"picked":"PokerPlayerMod:DartThrow+1","floor":18},{"not_picked":["PokerPlayerMod:SpadeStrike","PokerPlayerMod:Manipulation","PokerPlayerMod:Spade4"],"picked":"PokerPlayerMod:Raise","floor":22},{"not_picked":["PokerPlayerMod:Spade3","PokerPlayerMod:Diamond1","PokerPlayerMod:Heart8"],"picked":"PokerPlayerMod:Club7","floor":23},{"not_picked":["PokerPlayerMod:Diamond5","PokerPlayerMod:Club3","PokerPlayerMod:Heart3"],"picked":"PokerPlayerMod:Spade10+","floor":25},{"not_picked":["PokerPlayerMod:Spade7","PokerPlayerMod:Spade4","PokerPlayerMod:Club2"],"picked":"PokerPlayerMod:DiamondStrike","floor":25},{"not_picked":["PokerPlayerMod:Spade7","PokerPlayerMod:Configure","PokerPlayerMod:Heart2"],"picked":"PokerPlayerMod:ClubDance","floor":27},{"not_picked":["PokerPlayerMod:Diamond3","PokerPlayerMod:Diamond4","PokerPlayerMod:FakeSymbols"],"picked":"PokerPlayerMod:Club3","floor":29},{"not_picked":["PokerPlayerMod:Spade3","PokerPlayerMod:Configure","PokerPlayerMod:Spade6"],"picked":"PokerPlayerMod:MagicTrick","floor":31},{"not_picked":["PokerPlayerMod:PoorCopy","PokerPlayerMod:Diamond4","PokerPlayerMod:Raise"],"picked":"PokerPlayerMod:Diamond2","floor":31},{"not_picked":["PokerPlayerMod:Diamond7","PokerPlayerMod:Spade9","PokerPlayerMod:Heart7"],"picked":"PokerPlayerMod:ItsShowtime","floor":33},{"not_picked":["PokerPlayerMod:DiamondStrike","PokerPlayerMod:Diamond1","PokerPlayerMod:Diamond4"],"picked":"PokerPlayerMod:Heart4","floor":35},{"not_picked":["PokerPlayerMod:Spade5","PokerPlayerMod:Diamond1","PokerPlayerMod:HeartStrike"],"picked":"PokerPlayerMod:JackOfSpades+1","floor":35},{"not_picked":["PokerPlayerMod:JackOfSpades","PokerPlayerMod:Diamond4","PokerPlayerMod:Spade4"],"picked":"PokerPlayerMod:Heart5","floor":38},{"not_picked":["PokerPlayerMod:Club1","PokerPlayerMod:Configure+1","PokerPlayerMod:Diamond1","PokerPlayerMod:Spade8"],"picked":"SKIP","floor":39},{"not_picked":["PokerPlayerMod:Spade3","PokerPlayerMod:Heart9","PokerPlayerMod:ClubStrike+1","PokerPlayerMod:Club1"],"picked":"SKIP","floor":39},{"not_picked":["PokerPlayerMod:Club2","PokerPlayerMod:MagicTrick","PokerPlayerMod:CloakAndDiamond"],"picked":"PokerPlayerMod:DiamondStrike+1","floor":40},{"not_picked":["PokerPlayerMod:Diamond2","PokerPlayerMod:Raise+1","PokerPlayerMod:ClubsClub+1"],"picked":"PokerPlayerMod:CloakAndDiamond+1","floor":44},{"not_picked":["PokerPlayerMod:CloakAndDiamond+1","PokerPlayerMod:StackedDeck","PokerPlayerMod:Manipulation+1","PokerPlayerMod:CardBurn+1"],"picked":"SKIP","floor":48},{"not_picked":["PokerPlayerMod:Heart6","PokerPlayerMod:RiskyBet+1","PokerPlayerMod:DiamondStrike+1"],"picked":"PokerPlayerMod:SecondChance+1","floor":54}],"player_experience":1187134,"relics_obtained":[{"floor":4,"key":"Strawberry"},{"floor":6,"key":"testmod-Brilliant"},{"floor":9,"key":"testmod-ArcanaOfDestiny"},{"floor":12,"key":"DemoMod:SuperHotWatch"},{"floor":23,"key":"Prayer Wheel"},{"floor":27,"key":"Juzu Bracelet"},{"floor":29,"key":"Eternal Feather"},{"floor":29,"key":"DemoMod:LamentConfigurum"},{"floor":40,"key":"HowToJump"},{"floor":43,"key":"BookofShadows"},{"floor":44,"key":"CatCart"},{"floor":45,"key":"Meat on the Bone"},{"floor":48,"key":"Pen Nib"},{"floor":54,"key":"Kunai"}],"event_choices":[{"damage_healed":0,"gold_gain":175,"player_choice":"AGREE","damage_taken":0,"max_hp_gain":0,"max_hp_loss":0,"event_name":"Liars Game","floor":10,"gold_loss":0,"cards_obtained":["Doubt"]},{"damage_healed":0,"gold_gain":0,"player_choice":"Swap Relic","damage_taken":0,"relics_obtained":["testmod-HarvestTotem"],"max_hp_gain":0,"max_hp_loss":0,"event_name":"给自己的盒子","floor":19,"relics_lost":["testmod-HarvestTotem"],"gold_loss":0},{"damage_healed":0,"gold_gain":0,"player_choice":"Ignored","damage_taken":0,"max_hp_gain":0,"max_hp_loss":0,"event_name":"Ghosts","floor":20,"gold_loss":0},{"cards_removed":["PokerPlayerMod:Heart1"],"damage_healed":0,"gold_gain":0,"player_choice":"Elegance","damage_taken":0,"max_hp_gain":0,"max_hp_loss":0,"event_name":"PokerPlayerMod:BackToBasicsPoker","floor":28,"gold_loss":0},{"damage_healed":0,"gold_gain":0,"player_choice":"Fight","damage_taken":0,"max_hp_gain":0,"max_hp_loss":0,"event_name":"HidenRoomEvent","floor":29,"gold_loss":0},{"damage_healed":0,"gold_gain":400,"player_choice":"Sell","damage_taken":0,"max_hp_gain":0,"max_hp_loss":0,"event_name":"恩洛斯的盘子","floor":30,"relics_lost":["NeowsBlessing"],"gold_loss":0},{"damage_healed":0,"gold_gain":0,"player_choice":"0 cards matched","damage_taken":0,"max_hp_gain":0,"max_hp_loss":0,"event_name":"Match and Keep!","floor":37,"gold_loss":0,"cards_obtained":[]},{"damage_healed":0,"gold_gain":0,"player_choice":"Fight","damage_taken":0,"max_hp_gain":0,"max_hp_loss":0,"event_name":"Mysterious Sphere","floor":38,"gold_loss":0},{"damage_healed":0,"gold_gain":0,"player_choice":"Upgraded","damage_taken":0,"max_hp_gain":0,"max_hp_loss":0,"event_name":"Upgrade Shrine","floor":42,"gold_loss":0,"cards_upgraded":["PokerPlayerMod:BadJoker"]},{"damage_healed":0,"gold_gain":0,"player_choice":"Fight","damage_taken":0,"max_hp_gain":0,"max_hp_loss":0,"event_name":"OrinTheCat","floor":44,"gold_loss":0},{"damage_healed":0,"gold_gain":0,"player_choice":"Ignored","damage_taken":0,"max_hp_gain":0,"max_hp_loss":0,"event_name":"SecretPortal","floor":46,"gold_loss":0},{"damage_healed":0,"gold_gain":0,"player_choice":"Max HP","damage_taken":0,"max_hp_gain":0,"max_hp_loss":2,"event_name":"Winding Halls","floor":47,"gold_loss":0}],"is_beta":false,"boss_relics":[{"not_picked":["Replay:Wanted Poster","Empty Cage"],"picked":"Honey Jar"},{"not_picked":[]},{"not_picked":["Astrolabe","Black Star"],"picked":"testmod-KeyOfTheVoid"},{"not_picked":[]}],"items_purged_floors":[21],"is_endless":false,"potions_floor_spawned":[5,14,18,27,31,38,39,44,54],"ascension_level":0}}