{"host":"roqztpbdbchtekes","time":1611322806,"event":{"mods":["A Magickal Journey","AchievementEnabler","BaseMod","Better Note","Better Third Choice","BetterRewards","Block Reminder","Colored Map","Colored Powertips","Curses Come First","DeckTracker","Minty Spire (QoL Compilation)","Relic Stats","Spicy Shops","StSLib"],"gold_per_floor":[117,131,131,131,71,71,89,89,89,89,89],"floor_reached":10,"language":"ENG","playtime":245,"items_purged":[],"score":76,"play_id":"6327cd89-f1ad-465c-aec1-0b5b017e67e1","local_time":"20210122144006","is_ascension_mode":true,"campfire_choices":[{"data":"Compile Driver","floor":6,"key":"SMITH"}],"circlet_count":0,"master_deck":["Strike_B","Strike_B","Defend_B","Defend_B","Defend_B","Zap+1","Dualcast","Compile Driver+1","Hologram","Leap","Regret","Darkness"],"relics":["Cracked Core","Bag of Marbles","Golden Idol","The Courier"],"acts_visited":["Exordium"],"potions_floor_usage":[],"damage_taken":[{"damage":10,"enemies":"Jaw Worm","floor":1,"turns":4},{"damage":0,"enemies":"Small Slimes","floor":2,"turns":2},{"damage":0,"enemies":"2 Louse","floor":7,"turns":2},{"damage":17,"enemies":"Gremlin Nob","floor":10,"turns":2}],"seed_played":"2524074925538096125","potions_obtained":[],"is_trial":false,"path_per_floor":["M","M","?","?","$","R","M","?","T","E"],"character_chosen":"DEFECT","items_purchased":["Bag of Marbles"],"campfire_rested":0,"item_purchase_floors":[5],"current_hp_per_floor":[40,40,40,33,33,33,33,15,15,0,0],"gold":89,"neow_bonus":"TRANSFORM_TWO_CARDS","is_daily":false,"chose_seed":false,"campfire_upgraded":1,"win_rate":0.0,"timestamp":1611322806,"path_taken":["M","M","?","?","?","R","M","?","T","E"],"items_purchased_type":["Relic"],"build_version":"2020-12-22","purchased_purges":0,"victory":false,"max_hp_per_floor":[75,75,75,75,75,75,75,75,75,75,75],"relic_stats":{"counters":[113,449],"Golden Idol":0,"obtain_stats":[{"Tiny House":34,"CeramicFish":7,"Vajra":36,"Runic Capacitor":30,"Ginger":39,"Whetstone":0,"Sling":0,"Old Coin":41,"Sozu":17,"Blood Vial":45,"Centennial Puzzle":40,"HornCleat":54,"MealTicket":36,"Kunai":34,"Toxic Egg 2":8,"Pear":23,"Happy Flower":20,"Dead Branch":12,"Blue Candle":26,"Velvet Choker":17,"Oddly Smooth Stone":8,"Pen Nib":14,"Question Card":14,"Akabeko":9,"WarpedTongs":11,"Bird Faced Urn":0,"Bronze Scales":44,"Molten Egg 2":19,"StrikeDummy":26,"Unceasing Top":6,"Meat on the Bone":9,"Pocketwatch":37,"Lantern":43,"Singing Bowl":8,"SacredBark":34,"Bag of Preparation":9,"Juzu Bracelet":13,"Incense Burner":0,"Emotion Chip":34,"Dream Catcher":27,"Nunchaku":7,"Matryoshka":24,"TheAbacus":0,"Shovel":14,"Mummified Hand":28,"Pantograph":8,"Gambling Chip":0,"WingedGreaves":13,"Red Mask":38,"Chemical X":0,"Cracked Core":0,"InkBottle":48,"NeowsBlessing":0,"Golden Idol":3,"PreservedInsect":29,"The Courier":43,"Orichalcum":0,"MawBank":13,"Mercury Hourglass":9,"Nuclear Battery":17,"Calling Bell":34,"DataDisk":34,"CaptainsWheel":38,"Anchor":45,"Ornamental Fan":42,"Orrery":13,"Bag of Marbles":46,"Bottled Lightning":10,"Membership Card":0,"FossilizedHelix":0},{"Tiny House":49,"CeramicFish":11,"Vajra":26,"Runic Capacitor":48,"Ginger":29,"Whetstone":35,"Sling":61,"Old Coin":76,"Sozu":44,"Blood Vial":77,"Centennial Puzzle":53,"HornCleat":60,"MealTicket":26,"Kunai":25,"Toxic Egg 2":4,"Pear":47,"Happy Flower":20,"Dead Branch":64,"Blue Candle":70,"Velvet Choker":67,"Oddly Smooth Stone":99,"Pen Nib":18,"Question Card":66,"Akabeko":89,"WarpedTongs":16,"Bird Faced Urn":0,"Bronze Scales":32,"Molten Egg 2":68,"StrikeDummy":21,"Unceasing Top":3,"Meat on the Bone":11,"Pocketwatch":51,"Lantern":31,"Singing Bowl":89,"SacredBark":74,"Bag of Preparation":39,"Juzu Bracelet":42,"Incense Burner":93,"Emotion Chip":25,"Dream Catcher":71,"Nunchaku":84,"Matryoshka":21,"TheAbacus":61,"Shovel":92,"Mummified Hand":71,"Pantograph":15,"Gambling Chip":61,"WingedGreaves":6,"Red Mask":51,"Chemical X":80,"Cracked Core":0,"InkBottle":34,"NeowsBlessing":12,"Golden Idol":86,"PreservedInsect":23,"The Courier":31,"Orichalcum":35,"MawBank":42,"Mercury Hourglass":15,"Nuclear Battery":19,"Calling Bell":25,"DataDisk":25,"CaptainsWheel":28,"Anchor":55,"Ornamental Fan":31,"Orrery":91,"Bag of Marbles":56,"Bottled Lightning":40,"Membership Card":80,"FossilizedHelix":35},{"Tiny House":184,"CeramicFish":43,"Vajra":96,"Runic Capacitor":177,"Ginger":107,"Whetstone":128,"Sling":234,"Old Coin":312,"Sozu":164,"Blood Vial":314,"Centennial Puzzle":198,"HornCleat":228,"MealTicket":96,"Kunai":94,"Toxic Egg 2":15,"Pear":174,"Happy Flower":74,"Dead Branch":245,"Blue Candle":276,"Velvet Choker":261,"Oddly Smooth Stone":393,"Pen Nib":62,"Question Card":251,"Akabeko":347,"WarpedTongs":54,"Bird Faced Urn":0,"Bronze Scales":118,"Molten Egg 2":267,"StrikeDummy":77,"Unceasing Top":11,"Meat on the Bone":43,"Pocketwatch":191,"Lantern":113,"Singing Bowl":347,"SacredBark":301,"Bag of Preparation":143,"Juzu Bracelet":153,"Incense Burner":362,"Emotion Chip":94,"Dream Catcher":280,"Nunchaku":338,"Matryoshka":77,"TheAbacus":234,"Shovel":357,"Mummified Hand":280,"Pantograph":51,"Gambling Chip":234,"WingedGreaves":21,"Red Mask":191,"Chemical X":327,"Cracked Core":0,"InkBottle":124,"NeowsBlessing":46,"Golden Idol":342,"PreservedInsect":84,"The Courier":113,"Orichalcum":128,"MawBank":153,"Mercury Hourglass":51,"Nuclear Battery":70,"Calling Bell":94,"DataDisk":94,"CaptainsWheel":103,"Anchor":205,"Ornamental Fan":113,"Orrery":353,"Bag of Marbles":210,"Bottled Lightning":147,"Membership Card":327,"FossilizedHelix":128}]},"card_choices":[{"not_picked":["Tempest","Barrage"],"picked":"Leap","floor":1},{"not_picked":["Compile Driver","Leap","Aggregate"],"picked":"SKIP","floor":2},{"not_picked":["Redo","Steam"],"picked":"Darkness","floor":7}],"player_experience":319645,"relics_obtained":[{"floor":9,"key":"The Courier"}],"event_choices":[{"damage_healed":0,"gold_gain":0,"player_choice":"Grow","damage_taken":0,"max_hp_gain":0,"max_hp_loss":0,"event_name":"Living Wall","floor":3,"gold_loss":0,"cards_upgraded":["Zap"]},{"cards_removed":["Defend_B"],"damage_healed":0,"gold_gain":0,"player_choice":"Card Removal","damage_taken":7,"max_hp_gain":0,"max_hp_loss":0,"event_name":"Golden Wing","floor":4,"gold_loss":0},{"damage_healed":0,"gold_gain":0,"player_choice":"Take Damage","damage_taken":18,"relics_obtained":["Golden Idol"],"max_hp_gain":0,"max_hp_loss":0,"event_name":"Golden Idol","floor":8,"gold_loss":0}],"is_beta":false,"boss_relics":[],"items_purged_floors":[],"is_endless":false,"potions_floor_spawned":[],"killed_by":"Gremlin Nob","ascension_level":7}}