{"host":"ujwf7luo72v11cip","time":1611314282,"event":{"mods":["BaseMod","BetterRewards","Colored Powertips","Minty Spire (QoL Compilation)","Quick Restart","Rare Cards Sparkle","Replay The Spire","StSLib","The Animator"],"gold_per_floor":[117,23,81,101,120,120,152,177,177,177,177,203,203,203,203,301,301,312,25,25,35,35,35,66,66,66],"floor_reached":25,"language":"ENG","playtime":1818,"items_purged":[],"score":235,"play_id":"ee26d66c-0d75-4246-8fdc-207a50d17c19","local_time":"20210122061802","is_ascension_mode":false,"campfire_choices":[{"data":"Armaments","floor":6,"key":"SMITH"},{"floor":10,"key":"REST"},{"floor":15,"key":"REST"},{"floor":23,"key":"REST"}],"circlet_count":0,"master_deck":["Strike_R","Strike_R","Strike_R","Strike_R","Strike_R","Defend_R","Defend_R","Defend_R+1","Defend_R","Bash","Anger+1","Armaments+1","Shrug It Off","Clothesline","Anger","Double Tap","Twin Strike","Ghostly Armor","Metallicize","Replay:Many Hands","Blood for Blood+1","Transmutation","Infernal Blade","Shockwave","Infernal Blade","Body Slam"],"relics":["Burning Blood","NeowsBlessing","ReplayFunnel","WingedGreaves","Paper Frog","Replay:Arrowhead","ReplayTheSpireMod:Spearhead","Pen Nib","Black Star","Gambling Chip","Divine Protection"],"acts_visited":["Exordium","TheCity"],"potions_floor_usage":[8],"damage_taken":[{"damage":0,"enemies":"Small Slimes","floor":1,"turns":1},{"damage":0,"enemies":"Cultist","floor":4,"turns":1},{"damage":0,"enemies":"Jaw Worm","floor":5,"turns":1},{"damage":25,"enemies":"3 Sentries","floor":7,"turns":9},{"damage":12,"enemies":"Lagavulin","floor":8,"turns":8},{"damage":53,"enemies":"Gremlin Nob","floor":12,"turns":5},{"damage":17,"enemies":"Hexaghost","floor":16,"turns":15},{"damage":22,"enemies":"Chosen","floor":18,"turns":6},{"damage":21,"enemies":"2 Thieves","floor":21,"turns":4},{"damage":65,"enemies":"Gremlin Leader","floor":24,"turns":8},{"damage":15,"enemies":"Centurion and Healer","floor":25,"turns":5}],"seed_played":"-2198046476636650601","potions_obtained":[{"floor":3,"key":"LifebloodPotion"},{"floor":3,"key":"Venom Potion"},{"floor":7,"key":"Doom Potion"}],"is_trial":false,"path_per_floor":["M","$","?","M","M","R","E","E","T","R","?","E","?","?","R","B",null,"M","$","?","M","$","R","E","M"],"character_chosen":"IRONCLAD","items_purchased":["Armaments","Shrug It Off","Transmutation","Infernal Blade","Shockwave"],"campfire_rested":3,"item_purchase_floors":[2,2,19,19,19],"current_hp_per_floor":[80,80,48,54,60,60,41,35,35,59,59,12,12,12,36,25,80,64,64,64,49,49,73,14,0,0],"gold":66,"neow_bonus":"THREE_ENEMY_KILL","is_daily":false,"chose_seed":false,"campfire_upgraded":1,"win_rate":0.0,"timestamp":1611314282,"path_taken":["M","$","?","?","M","R","E","E","T","R","?","E","?","?","R","BOSS","M","?","?","M","$","R","E","M"],"items_purchased_type":["Card","Card","Card","Card","Card"],"build_version":"2020-12-22","purchased_purges":0,"victory":false,"max_hp_per_floor":[80,80,80,80,80,80,80,80,80,80,80,80,80,80,80,80,80,80,80,80,80,80,80,80,80,80],"card_choices":[{"not_picked":["ReplayTheSpireMod:Strike From Hell","Seeing Red"],"picked":"Anger","floor":1},{"not_picked":["True Grit","Flex"],"picked":"Clothesline","floor":3},{"not_picked":["Warcry","Run Through"],"picked":"Anger","floor":4},{"not_picked":["Body Slam","Shrug It Off"],"picked":"Double Tap","floor":5},{"not_picked":["ReplayTheSpireMod:Strike From Hell","Shrug It Off"],"picked":"Twin Strike","floor":7},{"not_picked":["True Grit","Sever Soul"],"picked":"Ghostly Armor","floor":8},{"not_picked":["Sever Soul","ReplayTheSpireMod:Strike From Hell"],"picked":"Metallicize","floor":12},{"not_picked":["Hemogenesis","Impervious"],"picked":"Replay:Many Hands","floor":16},{"not_picked":["Pommel Strike+1","Perfected Strike"],"picked":"Blood for Blood+1","floor":18},{"not_picked":["Headbutt","Sword Boomerang"],"picked":"Infernal Blade","floor":21},{"not_picked":["Replay:Undeath\u0027s Touch+1","Clash"],"picked":"Body Slam","floor":24}],"player_experience":0,"relics_obtained":[{"floor":3,"key":"ReplayFunnel"},{"floor":7,"key":"WingedGreaves"},{"floor":8,"key":"Paper Frog"},{"floor":9,"key":"Replay:Arrowhead"},{"floor":12,"key":"ReplayTheSpireMod:Spearhead"},{"floor":24,"key":"Gambling Chip"},{"floor":24,"key":"Divine Protection"}],"event_choices":[{"damage_healed":0,"gold_gain":0,"player_choice":"Searched \u00272\u0027 times","damage_taken":0,"relics_obtained":["Pen Nib"],"max_hp_gain":0,"max_hp_loss":0,"event_name":"Dead Adventurer","floor":13,"gold_loss":0},{"damage_healed":0,"gold_gain":0,"player_choice":"Upgraded","damage_taken":0,"max_hp_gain":0,"max_hp_loss":0,"event_name":"Upgrade Shrine","floor":14,"gold_loss":0,"cards_upgraded":["Anger"]},{"damage_healed":0,"gold_gain":0,"player_choice":"Ignored","damage_taken":0,"max_hp_gain":0,"max_hp_loss":0,"event_name":"Vampires","floor":20,"gold_loss":0}],"is_beta":false,"boss_relics":[{"not_picked":["Fusion Hammer","Sozu"],"picked":"Black Star"}],"items_purged_floors":[],"is_endless":false,"potions_floor_spawned":[7],"killed_by":"Centurion and Healer","ascension_level":0}}