{"host":"mi0eibewekhugwl1","time":1611318590,"event":{"mods":["AchievementEnabler","BaseMod","Colored Map","Colored Powertips","DeckTracker","Keyboard Shortcuts","Minty Spire (QoL Compilation)","Quick Restart","Rare Cards Sparkle","Relic Stats","StSLib","SuperFastMode","everything is the same but u backflip on backflip"],"gold_per_floor":[12,12,27,42,60,60,135,135,158,158,184,202,202,213,213,213,213],"floor_reached":16,"language":"KOR","playtime":299,"items_purged":[],"score":204,"play_id":"a987a8cc-5aa8-4546-9148-630641fb5431","local_time":"20210122212950","is_ascension_mode":true,"campfire_choices":[{"data":"Bludgeon","floor":6.0,"key":"SMITH"},{"data":"Dark Embrace","floor":8.0,"key":"SMITH"},{"data":"Whirlwind","floor":15,"key":"SMITH"}],"circlet_count":0,"master_deck":["AscendersBane","Strike_R","Strike_R","Strike_R","Strike_R","Strike_R","Defend_R","Defend_R","Defend_R","Defend_R","Bash","Bludgeon+1","Second Wind","Dark Embrace+1","Pommel Strike","Whirlwind+1","Disarm","Power Through"],"relics":["Burning Blood","Strawberry","Boot"],"acts_visited":["Exordium"],"potions_floor_usage":[14,16],"damage_taken":[{"damage":0.0,"enemies":"Cultist","floor":1.0,"turns":2.0},{"damage":6.0,"enemies":"Small Slimes","floor":3.0,"turns":2.0},{"damage":2.0,"enemies":"2 Louse","floor":4.0,"turns":3.0},{"damage":19.0,"enemies":"2 Fungi Beasts","floor":5.0,"turns":5.0},{"damage":25.0,"enemies":"3 Sentries","floor":11.0,"turns":11.0},{"damage":18.0,"enemies":"Exordium Thugs","floor":12.0,"turns":5.0},{"damage":11,"enemies":"Gremlin Gang","floor":14,"turns":2},{"damage":35,"enemies":"Slime Boss","floor":16,"turns":8}],"seed_played":"4867476885667041667","potions_obtained":[{"floor":1.0,"key":"Dexterity Potion"},{"floor":5.0,"key":"SpeedPotion"},{"floor":12.0,"key":"AttackPotion"}],"is_trial":false,"path_per_floor":["M","T","M","M","M","R","?","R","T","?","E","M","?","M","R","B"],"character_chosen":"IRONCLAD","items_purchased":[],"campfire_rested":0,"item_purchase_floors":[],"current_hp_per_floor":[74,74,74,75,62,62,51,51,58,63,44,32,32,27,27,0,0],"gold":213,"neow_bonus":"THREE_RARE_CARDS","is_daily":false,"chose_seed":false,"campfire_upgraded":3,"win_rate":0.0,"timestamp":1611318590,"path_taken":["M","?","M","M","M","R","?","R","T","?","E","M","?","M","R","BOSS"],"items_purchased_type":[],"build_version":"2020-12-22","purchased_purges":0,"victory":false,"max_hp_per_floor":[75,75,75,75,75,75,75,75,82,87,87,87,87,87,87,87,87],"relic_stats":{"counters":[8,38],"Boot":[0],"obtain_stats":[{"Strawberry":9,"Boot":11,"Burning Blood":0},{"Strawberry":4,"Boot":5,"Burning Blood":0},{"Strawberry":12,"Boot":23,"Burning Blood":0}],"Burning Blood":39},"card_choices":[{"not_picked":["Brutality","Impervious"],"picked":"Bludgeon","floor":0.0},{"not_picked":["Uppercut","Flex","Iron Wave"],"picked":"SKIP","floor":1.0},{"not_picked":["True Grit","Combust"],"picked":"Second Wind","floor":3.0},{"not_picked":["Pommel Strike","Iron Wave"],"picked":"Dark Embrace","floor":4.0},{"not_picked":["Sentinel","Flex"],"picked":"Pommel Strike","floor":5.0},{"not_picked":["Shockwave","Sever Soul"],"picked":"Whirlwind","floor":11.0},{"not_picked":["Hemokinesis","Heavy Blade"],"picked":"Disarm","floor":12.0},{"not_picked":["Warcry","Cleave"],"picked":"Power Through","floor":14}],"player_experience":1755974,"relics_obtained":[{"floor":9.0,"key":"Strawberry"},{"floor":11.0,"key":"Boot"}],"event_choices":[{"damage_healed":0.0,"max_hp_gain":0.0,"max_hp_loss":0.0,"gold_gain":75.0,"event_name":"World of Goop","player_choice":"Gather Gold","floor":7.0,"gold_loss":0.0,"damage_taken":11.0},{"damage_healed":0.0,"max_hp_gain":5.0,"max_hp_loss":0.0,"gold_gain":0.0,"event_name":"Big Fish","player_choice":"Donut","floor":10.0,"gold_loss":0.0,"damage_taken":0.0},{"damage_healed":0,"gold_gain":0,"player_choice":"Leave","damage_taken":0,"max_hp_gain":0,"max_hp_loss":0,"event_name":"FaceTrader","floor":13,"gold_loss":0}],"is_beta":false,"boss_relics":[],"items_purged_floors":[],"is_endless":false,"potions_floor_spawned":[1,5,12],"killed_by":"Slime Boss","ascension_level":20}}