{"host":"eeeqmyc7a1933jos","time":1611334073,"event":{"mods":["2.2 Compatiblity","Act Like it!","BaseMod","CapriCore","Colored Powertips","Conspire","Downfall","Elementarium","Friendly Minions","Gensokyo","GifTheSpireLib","Gremlin Mod","Hallownest","Hermit","Hubris","Infinite Spire","Jorbs\u0027s Wanderer Trilogy","Marisa????????","Mimic Mod","Minty Spire (QoL Compilation)","Pale of the Ancients","Random Character Button","Random Character Mod","Rare Cards Sparkle","Reimu??????","Relic Sorter","Relic Stats","SIMod","StSLib","The Administrix","The Bug Knight","The Disciple","The Dragon Tamer","The Hierophant","The Immortal","The Marked","The Mystic","The Runesmith","The Senshi","The Servant 0.9.4","The Vixen","TheFirefly","Wandering Minibosses"],"gold_per_floor":[109,109,109,109,127,153,47,65,118,118,118,153,71,98,98,201,201,220,180,430,430,470,470,505,505,505,534,552,565,565,575,575,677,677,677],"floor_reached":34,"language":"ENG","playtime":2175,"items_purged":[],"score":471,"play_id":"5aa57e97-bfa1-4b48-88e2-197e86ff081e","local_time":"20210122174753","is_ascension_mode":true,"campfire_choices":[{"data":"TreasureHunter","floor":10.0,"key":"SMITH"},{"data":"EventHorizon","floor":15.0,"key":"SMITH"},{"data":"BinaryStars","floor":23.0,"key":"SMITH"},{"data":"MilkyWay","floor":25.0,"key":"SMITH"},{"data":"StarlightTyphoon","floor":30.0,"key":"SMITH"},{"data":"MysteriousBeam","floor":32.0,"key":"SMITH"}],"circlet_count":0,"master_deck":["Strike_MRS","Strike_MRS","Strike_MRS","Defend_MRS","Defend_MRS","Defend_MRS","MasterSpark","UpSweep","MysteriousBeam+1","LuminesStrike","TreasureHunter+1","MagicAbsorber","Gensokyo:MarisaTwilightSpark+1","Gensokyo:SummonJeweledCobra","WitchLeyline","EventHorizon+1","GasGiant","BinaryStars+1","CurseOfTheBell","Writhe","MilkyWay+1","Orbital","StarlightTyphoon+1","WitchLeyline+1"],"relics":["MiniHakkero","Gensokyo:Companionship","Gensokyo:CelestialsFlawlessClothing","Nunchaku","Juzu Bracelet","Blood Vial","infinitespire:Beetle Shell","Calling Bell","Tiny Chest","hubris:MysteriousPyramids","CaptainsWheel","HandmadeGrimoire","infinitespire:Satchel","Vajra","hubris:PeanutButter","theSenshi:SailorFukuRelic","hubris:SlimyHat"],"acts_visited":["Exordium","Gensokyo:Gensokyo"],"potions_floor_usage":[],"damage_taken":[{"damage":0.0,"enemies":"Gensokyo:2_Kodama","floor":1.0,"turns":3.0},{"damage":0.0,"enemies":"Gensokyo:Gryphon","floor":5.0,"turns":2.0},{"damage":20.0,"enemies":"Gensokyo:Aya","floor":6.0,"turns":4.0},{"damage":5.0,"enemies":"Gensokyo:Python","floor":8.0,"turns":4.0},{"damage":16.0,"enemies":"Gensokyo:Cirno","floor":12.0,"turns":7.0},{"damage":8.0,"enemies":"Gensokyo:Aya","floor":14.0,"turns":4.0},{"damage":11.0,"enemies":"Gensokyo:Reimu","floor":16.0,"turns":7.0},{"damage":20.0,"enemies":"Gensokyo:3_Dogs","floor":18.0,"turns":5.0},{"damage":2.0,"enemies":"Gensokyo:Chomper","floor":22.0,"turns":7.0},{"damage":11.0,"enemies":"Gensokyo:Tenshi","floor":24.0,"turns":5.0},{"damage":24.0,"enemies":"Gensokyo:Koishi","floor":27.0,"turns":5.0},{"damage":0.0,"enemies":"Gensokyo:Chomper","floor":28.0,"turns":3.0},{"damage":0.0,"enemies":"Gensokyo:Swordslinger","floor":29.0,"turns":3.0},{"damage":16.0,"enemies":"Gensokyo:Slime_Group","floor":31.0,"turns":3.0},{"damage":13.0,"enemies":"Gensokyo:Eternal_Rivals","floor":33.0,"turns":7.0}],"seed_played":"-5127182674241986467","potions_obtained":[{"floor":5.0,"key":"champ:CounterPotion"},{"floor":8.0,"key":"SteroidPotion"},{"floor":14.0,"key":"Strength Potion"},{"floor":16.0,"key":"DuplicationPotion"},{"floor":27.0,"key":"Fire Potion"}],"is_trial":false,"path_per_floor":["M","?","?","?","M","E","COS","M","T","R","?","E","$","?","R","B",null,"M","?","?","?","MIM","R","E","R","T","E","M","M","R","M","R","B",null],"character_chosen":"MARISA","items_purchased":["EventHorizon"],"campfire_rested":0,"item_purchase_floors":[13],"current_hp_per_floor":[82,62,62,82,82,62,62,57,57,57,57,41,41,35,35,26,82,62,62,62,62,62,62,53,53,53,31,33,35,35,21,21,10,10,10],"gold":677,"neow_bonus":"TEN_PERCENT_HP_BONUS","is_daily":false,"chose_seed":false,"campfire_upgraded":6,"win_rate":0.0,"timestamp":1611334073,"path_taken":["M","?","?","?","?","E","COS","M","T","R","?","E","$","?","R","BOSS","M","?","?","?","?","R","E","R","T","E","M","M","R","M","R","BOSS"],"items_purchased_type":["Card"],"build_version":"2020-12-22","purchased_purges":0,"victory":false,"max_hp_per_floor":[82,82,82,82,82,82,82,82,82,82,82,82,82,82,82,82,82,82,82,78,78,78,78,78,78,78,78,78,78,78,78,78,78,78,78],"relic_stats":{"Blood Vial":18,"Nunchaku":[13],"counters":[15,69],"Tiny Chest":1,"Juzu Bracelet":1,"obtain_stats":[{"Vajra":24,"infinitespire:Beetle Shell":14,"Juzu Bracelet":9,"hubris:SlimyHat":27,"Gensokyo:CelestialsFlawlessClothing":2,"hubris:MysteriousPyramids":17,"Blood Vial":12,"Calling Bell":17,"Frozen Eye":27,"Nunchaku":6,"CaptainsWheel":17,"Gensokyo:Companionship":14,"infinitespire:Satchel":24,"Tiny Chest":17,"hubris:PeanutButter":26,"HandmadeGrimoire":22,"MiniHakkero":0,"theSenshi:SailorFukuRelic":27},{"Vajra":10,"infinitespire:Beetle Shell":6,"Juzu Bracelet":4,"hubris:SlimyHat":11,"Gensokyo:CelestialsFlawlessClothing":1,"hubris:MysteriousPyramids":7,"Blood Vial":5,"Calling Bell":7,"Frozen Eye":10,"Nunchaku":3,"CaptainsWheel":7,"Gensokyo:Companionship":6,"infinitespire:Satchel":10,"Tiny Chest":7,"hubris:PeanutButter":10,"HandmadeGrimoire":9,"MiniHakkero":0,"theSenshi:SailorFukuRelic":11},{"Vajra":48,"infinitespire:Beetle Shell":24,"Juzu Bracelet":13,"hubris:SlimyHat":53,"Gensokyo:CelestialsFlawlessClothing":3,"hubris:MysteriousPyramids":31,"Blood Vial":20,"Calling Bell":31,"Frozen Eye":48,"Nunchaku":9,"CaptainsWheel":31,"Gensokyo:Companionship":21,"infinitespire:Satchel":48,"Tiny Chest":31,"hubris:PeanutButter":48,"HandmadeGrimoire":43,"MiniHakkero":0,"theSenshi:SailorFukuRelic":53}]},"card_choices":[{"not_picked":["GravityBeat","IllusionStar"],"picked":"MysteriousBeam","floor":1.0},{"not_picked":["Acceleration","AsteroidBelt"],"picked":"LuminesStrike","floor":5.0},{"not_picked":["Acceleration","AlicesGift"],"picked":"TreasureHunter","floor":6.0},{"not_picked":["ShootingEcho","PowerUp"],"picked":"MagicAbsorber","floor":8.0},{"not_picked":["DC","SatelliteIllusion"],"picked":"WitchLeyline","floor":12.0},{"not_picked":["StarBarrage","Acceleration"],"picked":"GasGiant","floor":14.0},{"not_picked":["SatelliteIllusion","AbsoluteMagnitude"],"picked":"BinaryStars","floor":16.0},{"not_picked":["AsteroidBelt","StarBarrage+1","IllusionStar"],"picked":"SKIP","floor":18.0},{"not_picked":["GalacticHalo+1","ShootingEcho"],"picked":"MilkyWay","floor":22.0},{"not_picked":["MysteriousBeam+1","DeepEcoloBomb+1"],"picked":"Orbital","floor":24.0},{"not_picked":["AlicesGift","FairyDestructionRay"],"picked":"StarlightTyphoon","floor":27.0},{"not_picked":["6A","EarthLightRay+1"],"picked":"WitchLeyline+1","floor":28.0},{"not_picked":["GalacticHalo","DeepEcoloBomb","CollectingQuirk"],"picked":"SKIP","floor":29.0},{"not_picked":["DC","DarkSpark","UnstableBomb"],"picked":"SKIP","floor":31.0}],"player_experience":1619869,"relics_obtained":[{"floor":6.0,"key":"Nunchaku"},{"floor":9.0,"key":"Juzu Bracelet"},{"floor":12.0,"key":"Blood Vial"},{"floor":14.0,"key":"infinitespire:Beetle Shell"},{"floor":17.0,"key":"Tiny Chest"},{"floor":17.0,"key":"hubris:MysteriousPyramids"},{"floor":17.0,"key":"CaptainsWheel"},{"floor":22.0,"key":"HandmadeGrimoire"},{"floor":24.0,"key":"infinitespire:Satchel"},{"floor":24.0,"key":"Vajra"},{"floor":26.0,"key":"hubris:PeanutButter"},{"floor":27.0,"key":"theSenshi:SailorFukuRelic"},{"floor":27.0,"key":"hubris:SlimyHat"}],"event_choices":[],"is_beta":false,"boss_relics":[{"not_picked":["SacredBark","Fusion Hammer"],"picked":"Calling Bell"}],"items_purged_floors":[],"is_endless":false,"potions_floor_spawned":[5,8,14,16,24,27,29,31],"ascension_level":4}}