{"host":"5p9hybygolzp0efr","time":1611327334,"event":{"mods":["AchievementEnabler","BaseMod","Bestiary","Colored Map","Googly Eyes","Minty Spire (QoL Compilation)","Permanent Neow","Relic Stats"],"gold_per_floor":[117,137,157,172,16,44,62,62,107,107,140,20,55,72,72,168,168,178,99,99,118,130,130,165,165,191,204,204,218,218,218,218,313,313,325,325,152,167,179,209,222,253,253,253,253,253,273,302,302,302,302,302,73,102,102],"floor_reached":56,"language":"ENG","playtime":3787,"items_purged":["Strike_B"],"score":1300,"play_id":"16392dc7-08e7-494d-ab13-cc0bf54b5531","local_time":"20210122225534","is_ascension_mode":true,"campfire_choices":[{"floor":8.0,"key":"RECALL"},{"floor":15.0,"key":"REST"},{"data":"Defragment","floor":23.0,"key":"SMITH"},{"data":"Self Repair","floor":25.0,"key":"SMITH"},{"floor":32.0,"key":"REST"},{"data":"Biased Cognition","floor":46,"key":"SMITH"},{"data":"Loop","floor":49,"key":"SMITH"},{"data":"Reinforced Body","floor":52,"key":"SMITH"}],"circlet_count":0,"master_deck":["Strike_B+1","Strike_B+1","Defend_B+1","Defend_B+1","Defend_B+1","Zap","Dualcast","Defragment","Defragment","Cold Snap","Gash","Coolheaded","Streamline","Barrage","FTL","Defragment+1","Machine Learning","Gash+1","Self Repair+1","Sunder+1","Echo Form","Gash","Core Surge","White Noise","Glacier","Multi-Cast","Defragment","Jack Of All Trades","Coolheaded","Loop+1","Static Discharge+1","Electrodynamics","Reinforced Body+1","Biased Cognition+1","Blizzard+1","Capacitor"],"relics":["Velvet Choker","OrangePellets","Lantern","MealTicket","Blue Candle","Bag of Preparation","Calling Bell","Art of War","White Beast Statue","Ginger","Strawberry","Ancient Tea Set","SlaversCollar","InkBottle","Potion Belt","Calipers","Omamori","Happy Flower","StrikeDummy"],"acts_visited":["Exordium","TheCity","TheBeyond","TheEnding"],"potions_floor_usage":[54,54,55,55,55],"damage_taken":[{"damage":1.0,"enemies":"Cultist","floor":1.0,"turns":3.0},{"damage":6.0,"enemies":"2 Louse","floor":2.0,"turns":2.0},{"damage":0.0,"enemies":"Small Slimes","floor":3.0,"turns":3.0},{"damage":2.0,"enemies":"3 Louse","floor":4.0,"turns":4.0},{"damage":6.0,"enemies":"Lagavulin","floor":6.0,"turns":9.0},{"damage":8.0,"enemies":"2 Fungi Beasts","floor":7.0,"turns":3.0},{"damage":24.0,"enemies":"3 Sentries","floor":11.0,"turns":7.0},{"damage":22.0,"enemies":"Gremlin Nob","floor":13.0,"turns":4.0},{"damage":4.0,"enemies":"Blue Slaver","floor":14.0,"turns":4.0},{"damage":5.0,"enemies":"The Guardian","floor":16.0,"turns":10.0},{"damage":5.0,"enemies":"3 Byrds","floor":18.0,"turns":4.0},{"damage":14.0,"enemies":"Shell Parasite","floor":21.0,"turns":6.0},{"damage":10.0,"enemies":"Chosen and Byrds","floor":22.0,"turns":8.0},{"damage":27.0,"enemies":"Gremlin Leader","floor":24.0,"turns":7.0},{"damage":5.0,"enemies":"Centurion and Healer","floor":27.0,"turns":6.0},{"damage":36.0,"enemies":"Snake Plant","floor":29.0,"turns":5.0},{"damage":19.0,"enemies":"Champ","floor":33.0,"turns":10.0},{"damage":22,"enemies":"3 Darklings","floor":35,"turns":8},{"damage":11,"enemies":"Orb Walker","floor":38,"turns":9},{"damage":14,"enemies":"3 Darklings","floor":39,"turns":7},{"damage":33,"enemies":"Nemesis","floor":40,"turns":5},{"damage":1,"enemies":"Spire Growth","floor":41,"turns":6},{"damage":19,"enemies":"Reptomancer","floor":42,"turns":6},{"damage":0,"enemies":"Writhing Mass","floor":47,"turns":8},{"damage":13,"enemies":"Giant Head","floor":48,"turns":7},{"damage":3,"enemies":"Time Eater","floor":50,"turns":16},{"damage":48,"enemies":"Shield and Spear","floor":54,"turns":6},{"damage":32,"enemies":"The Heart","floor":55,"turns":17}],"seed_played":"6256504369103179611","potions_obtained":[{"floor":2.0,"key":"SteroidPotion"},{"floor":3.0,"key":"FearPotion"},{"floor":4.0,"key":"Weak Potion"},{"floor":16.0,"key":"DuplicationPotion"},{"floor":38,"key":"Ancient Potion"},{"floor":40,"key":"Explosive Potion"},{"floor":42,"key":"PowerPotion"},{"floor":47,"key":"ColorlessPotion"},{"floor":54,"key":"AttackPotion"}],"is_trial":false,"path_per_floor":["M","M","M","M","$","E","M","R","T","?","E","$","E","M","R","B",null,"M","$","?","M","M","R","E","R","T","M","?","M","?","?","R","B",null,"M","?","$","M","M","E","M","E","T","?","?","R","M","E","R","B",null,"R","$","E","B",null],"character_chosen":"DEFECT","items_purchased":["OrangePellets","Barrage","Self Repair","Defragment","Jack Of All Trades","Capacitor","Happy Flower"],"campfire_rested":2,"item_purchase_floors":[5,12,19,37,37,53,53],"current_hp_per_floor":[74,68,68,66,66,60,52,52,52,52,28,43,21,17,39,34,75,70,75,82,75,72,72,59,59,59,74,74,58,42,42,68,59,87,75,75,87,87,87,74,87,78,78,78,78,78,87,87,87,87,87,87,87,39,7],"gold":102,"neow_bonus":"BOSS_RELIC","is_daily":false,"chose_seed":false,"campfire_upgraded":5,"win_rate":0.0,"timestamp":1611327334,"path_taken":["M","M","M","M","?","E","M","R","T","?","E","$","E","?","R","BOSS","M","$","?","M","M","R","E","R","T","M","?","M","?","?","R","BOSS","M","?","$","M","M","E","?","E","T","?","?","R","M","E","R","BOSS","R","$","E","BOSS"],"items_purchased_type":["Relic","Card","Card","Card","Card","Card","Relic"],"build_version":"2020-12-22","purchased_purges":1,"victory":true,"max_hp_per_floor":[75,75,75,75,75,75,75,75,75,75,75,75,75,75,75,75,75,75,75,82,82,82,82,82,82,82,82,82,82,87,87,87,87,87,87,87,87,87,87,87,87,87,87,87,87,87,87,87,87,87,87,87,87,87,87],"relic_stats":{"OrangePellets":[13],"Happy Flower":[7],"counters":[28,189],"Blue Candle":[0],"MealTicket":32,"Bag of Preparation":[40],"Art of War":[20],"Ginger":[28],"obtain_stats":[{"Potion Belt":42,"Lantern":6,"Calipers":43,"Happy Flower":53,"Blue Candle":11,"Velvet Choker":0,"Bag of Preparation":13,"Omamori":48,"Ginger":17,"Ancient Tea Set":24,"White Beast Statue":17,"Calling Bell":17,"OrangePellets":5,"SlaversCollar":34,"Strawberry":20,"MealTicket":9,"Art of War":17,"Cracked Core":0,"StrikeDummy":54,"InkBottle":40},{"Potion Belt":23,"Lantern":5,"Calipers":23,"Happy Flower":26,"Blue Candle":7,"Velvet Choker":0,"Bag of Preparation":8,"Omamori":25,"Ginger":10,"Ancient Tea Set":14,"White Beast Statue":10,"Calling Bell":10,"OrangePellets":4,"SlaversCollar":17,"Strawberry":11,"MealTicket":6,"Art of War":10,"Cracked Core":0,"StrikeDummy":27,"InkBottle":21},{"Potion Belt":136,"Lantern":21,"Calipers":136,"Happy Flower":167,"Blue Candle":31,"Velvet Choker":0,"Bag of Preparation":35,"Omamori":151,"Ginger":49,"Ancient Tea Set":74,"White Beast Statue":49,"Calling Bell":49,"OrangePellets":12,"SlaversCollar":95,"Strawberry":53,"MealTicket":24,"Art of War":49,"Cracked Core":0,"StrikeDummy":172,"InkBottle":124}],"InkBottle":[28]},"card_choices":[{"not_picked":["Leap","Chaos"],"picked":"Defragment","floor":1.0},{"not_picked":["Fusion","Steam"],"picked":"Defragment","floor":2.0},{"not_picked":["Beam Cell","Streamline"],"picked":"Cold Snap","floor":3.0},{"not_picked":["Stack","Ball Lightning"],"picked":"Gash","floor":4.0},{"not_picked":["Recycle","Steam","Turbo"],"picked":"SKIP","floor":6.0},{"not_picked":["Cold Snap","Heatsinks"],"picked":"Coolheaded","floor":7.0},{"not_picked":["Thunder Strike","Recycle"],"picked":"Streamline","floor":11.0},{"not_picked":["Heatsinks","Steam"],"picked":"FTL","floor":13.0},{"not_picked":["Reinforced Body","Rip and Tear"],"picked":"Defragment","floor":14.0},{"not_picked":["Hyperbeam","Meteor Strike"],"picked":"Machine Learning","floor":16.0},{"not_picked":["Conserve Battery","Steam"],"picked":"Gash+1","floor":18.0},{"not_picked":["Go for the Eyes","Streamline"],"picked":"Sunder+1","floor":21.0},{"not_picked":["Gash","Rebound+1"],"picked":"Echo Form","floor":22.0},{"not_picked":["Streamline","Go for the Eyes","Sweeping Beam+1"],"picked":"SKIP","floor":24.0},{"not_picked":["Rebound+1","Skim"],"picked":"Gash","floor":27.0},{"not_picked":["BootSequence","Beam Cell"],"picked":"Glacier","floor":29.0},{"not_picked":["Echo Form","Hyperbeam"],"picked":"Multi-Cast","floor":33.0},{"not_picked":["Rebound+1","Go for the Eyes+1","Coolheaded"],"picked":"SKIP","floor":35},{"not_picked":["Darkness+1","Stack"],"picked":"Coolheaded","floor":38},{"not_picked":["Force Field","Turbo"],"picked":"Loop","floor":39},{"not_picked":["Rebound","Ball Lightning"],"picked":"Static Discharge+1","floor":40},{"not_picked":["Gash+1","Melter"],"picked":"Electrodynamics","floor":41},{"not_picked":["Doom and Gloom","Barrage"],"picked":"Reinforced Body","floor":42},{"not_picked":["Hello World","Leap"],"picked":"Blizzard+1","floor":47},{"not_picked":["Redo+1","Coolheaded+1","Fusion+1"],"picked":"SKIP","floor":48},{"not_picked":["Darkness+1","Barrage+1","Hologram"],"picked":"SKIP","floor":54}],"player_experience":492524,"relics_obtained":[{"floor":6.0,"key":"Lantern"},{"floor":9.0,"key":"MealTicket"},{"floor":11.0,"key":"Blue Candle"},{"floor":13.0,"key":"Bag of Preparation"},{"floor":17.0,"key":"Art of War"},{"floor":17.0,"key":"White Beast Statue"},{"floor":17.0,"key":"Ginger"},{"floor":24.0,"key":"Ancient Tea Set"},{"floor":40,"key":"InkBottle"},{"floor":42,"key":"Potion Belt"},{"floor":43,"key":"Calipers"},{"floor":48,"key":"Omamori"},{"floor":54,"key":"StrikeDummy"}],"event_choices":[{"damage_healed":0.0,"max_hp_gain":0.0,"max_hp_loss":0.0,"gold_gain":0.0,"event_name":"The Woman in Blue","player_choice":"Bought 0 Potions","floor":10.0,"gold_loss":0.0,"damage_taken":0.0},{"damage_healed":0.0,"max_hp_gain":0.0,"max_hp_loss":0.0,"gold_gain":0.0,"event_name":"The Mausoleum","player_choice":"Opened","floor":20.0,"gold_loss":0.0,"damage_taken":0.0,"relics_obtained":["Strawberry"]},{"damage_healed":0.0,"max_hp_gain":0.0,"max_hp_loss":0.0,"gold_gain":0.0,"cards_transformed":["Defend_B","Strike_B"],"event_name":"Drug Dealer","player_choice":"Became Test Subject","floor":28.0,"gold_loss":0.0,"damage_taken":0.0,"cards_obtained":["Core Surge","White Noise"]},{"damage_healed":0.0,"max_hp_gain":5.0,"max_hp_loss":0.0,"gold_gain":0.0,"event_name":"Forgotten Altar","player_choice":"Shed Blood","floor":30.0,"gold_loss":0.0,"damage_taken":21.0},{"damage_healed":0.0,"max_hp_gain":0.0,"max_hp_loss":0.0,"gold_gain":0.0,"event_name":"Back to Basics","player_choice":"Simplicity","floor":31.0,"gold_loss":0.0,"damage_taken":0.0,"cards_upgraded":["Strike_B","Strike_B","Defend_B","Defend_B","Defend_B"]},{"damage_healed":0,"gold_gain":0,"player_choice":"Ignored","damage_taken":0,"max_hp_gain":0,"max_hp_loss":0,"event_name":"SecretPortal","floor":36,"gold_loss":0},{"damage_healed":0,"gold_gain":0,"player_choice":"Ignored","damage_taken":0,"max_hp_gain":0,"max_hp_loss":0,"event_name":"Tomb of Lord Red Mask","floor":44,"gold_loss":0},{"damage_healed":0,"gold_gain":0,"player_choice":"1 cards matched","damage_taken":0,"max_hp_gain":0,"max_hp_loss":0,"event_name":"Match and Keep!","floor":45,"gold_loss":0,"cards_obtained":["Biased Cognition"]}],"is_beta":false,"boss_relics":[{"not_picked":["Nuclear Battery","Tiny House"],"picked":"Calling Bell"},{"not_picked":["Pandora\u0027s Box","Black Star"],"picked":"SlaversCollar"}],"items_purged_floors":[12],"is_endless":false,"potions_floor_spawned":[2,3,4,16,18,21,22,24,27,29,33,35,38,39,40,41,42,47,48,54],"ascension_level":1}}