{"host":"vfh4a5lsno7fg1vy","time":1611292882,"event":{"mods":["BaseMod","Minty Spire (QoL Compilation)","StSLib","Synergy Search"],"gold_per_floor":[115,290,290,309,328,328,343,343,343,343,357,357,375,386,386,487,487,498,498,21,32,32,32,32],"floor_reached":23,"language":"KOR","playtime":1111,"items_purged":[],"score":233,"play_id":"1a783df2-24f6-4cae-90b6-aaf0a70b604d","local_time":"20210122142122","is_ascension_mode":false,"campfire_choices":[{"data":"BattleHymn","floor":6.0,"key":"SMITH"},{"floor":10.0,"key":"REST"},{"data":"Vigilance","floor":12.0,"key":"SMITH"},{"floor":15.0,"key":"REST"}],"circlet_count":0,"master_deck":["Strike_P","Strike_P","Strike_P","Strike_P","Defend_P","Defend_P","Defend_P","Defend_P","Eruption+1","Vigilance+1","PathToVictory","InnerPeace","BattleHymn+1","WreathOfFlame","Nirvana","JustLucky","DeceiveReality","Brilliance","SashWhip","Worship","Protect"],"relics":["Sozu","Dead Branch","Runic Pyramid","Toolbox","Bottled Lightning"],"acts_visited":[],"potions_floor_usage":[],"damage_taken":[{"damage":0.0,"enemies":"Small Slimes","floor":1.0,"turns":2.0},{"damage":7.0,"enemies":"Cultist","floor":4.0,"turns":3.0},{"damage":0.0,"enemies":"2 Louse","floor":5.0,"turns":2.0},{"damage":17.0,"enemies":"Red Slaver","floor":7.0,"turns":4.0},{"damage":7.0,"enemies":"2 Fungi Beasts","floor":11.0,"turns":3.0},{"damage":9.0,"enemies":"Blue Slaver","floor":13.0,"turns":3.0},{"damage":0.0,"enemies":"Large Slime","floor":14.0,"turns":3.0},{"damage":0.0,"enemies":"Slime Boss","floor":16.0,"turns":6.0},{"damage":25.0,"enemies":"Shell Parasite","floor":18.0,"turns":5.0},{"damage":17.0,"enemies":"Spheric Guardian","floor":21.0,"turns":4.0},{"damage":37,"enemies":"Slavers","floor":23,"turns":2}],"seed_played":"167922258093932668","potions_obtained":[],"is_trial":false,"path_per_floor":["M","?","?","M","M","R","M","?","T","R","M","R","M","M","R","B",null,"M","?","$","M","$","E"],"character_chosen":"WATCHER","items_purchased":["Toolbox","Bottled Lightning","Worship"],"campfire_rested":2,"item_purchase_floors":[20,20,20],"current_hp_per_floor":[72,72,72,65,65,65,48,41,41,62,55,55,46,46,67,67,72,47,47,47,30,30,0,0],"gold":32,"neow_bonus":"BOSS_RELIC","is_daily":false,"chose_seed":false,"campfire_upgraded":2,"win_rate":0.0,"timestamp":1611292882,"path_taken":["M","?","?","M","M","R","?","?","T","R","M","R","M","M","R","BOSS","M","?","$","?","?","E"],"items_purchased_type":["Relic","Relic","Card"],"build_version":"2020-12-22","purchased_purges":0,"victory":false,"max_hp_per_floor":[72,72,72,72,72,72,72,72,72,72,72,72,72,72,72,72,72,72,72,72,72,72,72,72],"card_choices":[{"not_picked":["SignatureMove","BowlingBash"],"picked":"PathToVictory","floor":1.0},{"not_picked":["SignatureMove","FlyingSleeves"],"picked":"InnerPeace","floor":4.0},{"not_picked":["WaveOfTheHand","Vengeance"],"picked":"BattleHymn","floor":5.0},{"not_picked":["Halt","FlyingSleeves"],"picked":"WreathOfFlame","floor":7.0},{"not_picked":["Halt","FlyingSleeves"],"picked":"Nirvana","floor":11.0},{"not_picked":["InnerPeace","Meditate"],"picked":"JustLucky","floor":13.0},{"not_picked":["Tantrum","Wallop"],"picked":"DeceiveReality","floor":14.0},{"not_picked":["LessonLearned","DeusExMachina"],"picked":"Brilliance","floor":16.0},{"not_picked":["Sanctity","Nirvana+1"],"picked":"SashWhip","floor":18.0},{"not_picked":["WreathOfFlame","EmptyFist"],"picked":"Protect","floor":21.0}],"player_experience":256074,"relics_obtained":[{"floor":9.0,"key":"Dead Branch"}],"event_choices":[{"damage_healed":0.0,"max_hp_gain":0.0,"max_hp_loss":0.0,"gold_gain":175.0,"event_name":"Liars Game","player_choice":"AGREE","floor":2.0,"gold_loss":0.0,"damage_taken":0.0,"cards_obtained":["Doubt"]},{"damage_healed":0.0,"max_hp_gain":0.0,"max_hp_loss":0.0,"gold_gain":0.0,"event_name":"Accursed Blacksmith","player_choice":"Forge","floor":3.0,"gold_loss":0.0,"damage_taken":0.0,"cards_upgraded":["Eruption"]},{"cards_removed":["Doubt"],"damage_healed":0.0,"max_hp_gain":0.0,"max_hp_loss":0.0,"gold_gain":0.0,"event_name":"Golden Wing","player_choice":"Card Removal","floor":8.0,"gold_loss":0.0,"damage_taken":7.0},{"damage_healed":0.0,"max_hp_gain":0.0,"max_hp_loss":0.0,"gold_gain":0.0,"event_name":"The Woman in Blue","player_choice":"Bought 0 Potions","floor":19.0,"gold_loss":0.0,"damage_taken":0.0}],"is_beta":false,"boss_relics":[{"not_picked":["SacredBark","Busted Crown"],"picked":"Runic Pyramid"}],"items_purged_floors":[],"is_endless":false,"potions_floor_spawned":[4,11,14,16,18,21],"killed_by":"Slavers","ascension_level":0}}