{"host":"0ueeacaatm8t6jyh","time":1611306926,"event":{"mods":["AchievementEnabler","BaseMod","Colored Powertips","Minty Spire (QoL Compilation)","Quick Restart","Rare Cards Sparkle","Shop Mod","StSLib"],"gold_per_floor":[111,186,22,172,8,8,38,49,73,100,100,100,110,143,143,221,221,241,191,191,191,209,243,243,259,339,339,389,407,407,420,420,496,496,509,365,377,60,60,60,91,91,115,148,148,148,148,163,163,163,163,163],"floor_reached":51,"language":"ZHS","playtime":2061,"items_purged":["Strike_R","Strike_R","Flex"],"score":1524,"play_id":"7be41aa5-e81e-4c8e-8aae-d61e44ece8d2","local_time":"20210122171526","is_ascension_mode":true,"campfire_choices":[{"data":"Uppercut","floor":6.0,"key":"SMITH"},{"data":"Offering","floor":15.0,"key":"SMITH"},{"data":"Fiend Fire","floor":24.0,"key":"SMITH"},{"data":"Inflame","floor":30.0,"key":"SMITH"},{"data":"Impervious","floor":32.0,"key":"SMITH"},{"floor":40.0,"key":"RECALL"},{"data":"Bludgeon","floor":42.0,"key":"SMITH"},{"data":"Shockwave","floor":49.0,"key":"SMITH"}],"circlet_count":0,"master_deck":["AscendersBane","Uppercut+1","Inflame+1","Offering+1","Pommel Strike","Intimidate","Spot Weakness","Fiend Fire+1","Impervious+1","Dark Embrace","Bludgeon+1","Barricade","Seeing Red","Feel No Pain","Seeing Red","Shockwave+1","Second Wind","Whirlwind+1"],"relics":["Burning Blood","NeowsBlessing","Membership Card","Thread and Needle","Red Skull","Bronze Scales","Shuriken","InkBottle","Snecko Eye","Ginger","Pantograph","Pandora\u0027s Box","Lantern","Prayer Wheel","Gambling Chip","Bag of Marbles","Orichalcum"],"acts_visited":["Exordium","TheCity","TheBeyond"],"potions_floor_usage":[50,50],"damage_taken":[{"damage":0.0,"enemies":"2 Louse","floor":1.0,"turns":1.0},{"damage":0.0,"enemies":"Gremlin Nob","floor":7.0,"turns":1.0},{"damage":0.0,"enemies":"Jaw Worm","floor":8.0,"turns":1.0},{"damage":29.0,"enemies":"Lagavulin","floor":10.0,"turns":6.0},{"damage":0.0,"enemies":"Small Slimes","floor":13.0,"turns":3.0},{"damage":8.0,"enemies":"Gremlin Nob","floor":14.0,"turns":3.0},{"damage":29.0,"enemies":"Slime Boss","floor":16.0,"turns":9.0},{"damage":6.0,"enemies":"2 Thieves","floor":18.0,"turns":2.0},{"damage":6.0,"enemies":"Shell Parasite","floor":22.0,"turns":1.0},{"damage":30.0,"enemies":"Book of Stabbing","floor":23.0,"turns":5.0},{"damage":6.0,"enemies":"Centurion and Healer","floor":25.0,"turns":5.0},{"damage":11.0,"enemies":"Shelled Parasite and Fungi","floor":29.0,"turns":3.0},{"damage":6.0,"enemies":"Snake Plant","floor":31.0,"turns":2.0},{"damage":38.0,"enemies":"Champ","floor":33.0,"turns":7.0},{"damage":6.0,"enemies":"3 Shapes","floor":35.0,"turns":3.0},{"damage":0.0,"enemies":"3 Darklings","floor":37.0,"turns":3.0},{"damage":44.0,"enemies":"Reptomancer","floor":41.0,"turns":5.0},{"damage":6.0,"enemies":"Giant Head","floor":44.0,"turns":2.0},{"damage":6.0,"enemies":"Sphere and 2 Shapes","floor":48.0,"turns":3.0},{"damage":43,"enemies":"Awakened One","floor":50,"turns":8},{"damage":50,"enemies":"Time Eater","floor":51,"turns":5}],"seed_played":"-7148422349131699685","potions_obtained":[{"floor":7.0,"key":"Energy Potion"},{"floor":8.0,"key":"GamblersBrew"},{"floor":10.0,"key":"PowerPotion"},{"floor":22.0,"key":"Weak Potion"},{"floor":23.0,"key":"Dexterity Potion"},{"floor":29.0,"key":"Strength Potion"},{"floor":35.0,"key":"EssenceOfSteel"},{"floor":37.0,"key":"Regen Potion"},{"floor":44.0,"key":"Swift Potion"}],"is_trial":false,"path_per_floor":["M","?","$","?","$","R","E","M","T","E","?","?","M","E","R","B",null,"M","$","?","?","M","E","R","M","T","?","?","M","R","M","R","B",null,"M","$","M","$","?","R","E","R","T","E","?","?","$","M","R","B","B"],"character_chosen":"IRONCLAD","items_purchased":["Inflame","Membership Card","Lantern","Prayer Wheel","Gambling Chip"],"campfire_rested":0,"item_purchase_floors":[3,5,36,38,38],"current_hp_per_floor":[74,63,63,63,63,63,69,75,75,52,41,41,47,45,45,22,62,62,62,62,62,62,38,38,38,38,53,53,48,48,48,48,41,67,67,67,73,73,73,73,35,35,35,35,35,35,35,35,35,23,0,0],"gold":163,"neow_bonus":"THREE_ENEMY_KILL","is_daily":false,"chose_seed":false,"campfire_upgraded":7,"win_rate":0.0,"timestamp":1611306926,"path_taken":["M","?","?","?","$","R","E","M","T","E","?","?","?","E","R","BOSS","M","$","?","?","M","E","R","?","T","?","?","M","R","M","R","BOSS","M","$","M","$","?","R","E","R","T","E","?","?","$","M","R","BOSS","BOSS"],"items_purchased_type":["Card","Relic","Relic","Relic","Relic"],"build_version":"2020-12-22","purchased_purges":3,"victory":false,"max_hp_per_floor":[75,75,75,75,75,75,75,75,75,75,75,75,75,75,75,75,75,75,75,75,75,75,75,75,75,75,75,75,75,75,75,75,75,75,75,75,75,75,75,75,75,75,75,75,75,75,75,75,75,75,75,75],"card_choices":[{"not_picked":["Clothesline","Perfected Strike"],"picked":"Uppercut","floor":1.0},{"not_picked":["Iron Wave","Headbutt"],"picked":"Offering","floor":7.0},{"not_picked":["Warcry","Wild Strike"],"picked":"Pommel Strike","floor":8.0},{"not_picked":["True Grit","Rampage"],"picked":"Intimidate","floor":10.0},{"not_picked":["Dropkick","Uppercut","Clothesline"],"picked":"SKIP","floor":13.0},{"not_picked":["Body Slam","True Grit"],"picked":"Spot Weakness","floor":14.0},{"not_picked":["Double Tap","Immolate"],"picked":"Fiend Fire","floor":16.0},{"not_picked":["True Grit","Clash+1","Intimidate"],"picked":"SKIP","floor":18.0},{"not_picked":["Sword Boomerang","Spot Weakness","Body Slam"],"picked":"SKIP","floor":22.0},{"not_picked":["Body Slam+1","Rage","Ghostly Armor"],"picked":"SKIP","floor":23.0},{"not_picked":["Anger","Iron Wave","Cleave"],"picked":"SKIP","floor":25.0},{"not_picked":["Flame Barrier","Dropkick","Headbutt"],"picked":"SKIP","floor":29.0},{"not_picked":["Seeing Red","Body Slam","Flex+1"],"picked":"SKIP","floor":31.0},{"not_picked":["Berserk","Double Tap"],"picked":"Bludgeon","floor":33.0},{"not_picked":["Clothesline","Thunderclap+1"],"picked":"Shockwave","floor":35.0},{"not_picked":["Pommel Strike+1","Warcry+1"],"picked":"Second Wind","floor":37.0},{"not_picked":["Battle Trance","Cleave","Sever Soul"],"picked":"SKIP","floor":41.0},{"not_picked":["Rage","Feel No Pain"],"picked":"Whirlwind+1","floor":44.0},{"not_picked":["Feel No Pain+1","Dropkick","Fire Breathing"],"picked":"SKIP","floor":48.0},{"not_picked":["Rage","Pommel Strike","Clothesline+1"],"picked":"SKIP","floor":48.0}],"player_experience":452201,"relics_obtained":[{"floor":7.0,"key":"Thread and Needle"},{"floor":9.0,"key":"Red Skull"},{"floor":10.0,"key":"Bronze Scales"},{"floor":14.0,"key":"InkBottle"},{"floor":23.0,"key":"Ginger"},{"floor":26.0,"key":"Pantograph"},{"floor":41.0,"key":"Bag of Marbles"},{"floor":44.0,"key":"Orichalcum"}],"event_choices":[{"damage_healed":0.0,"max_hp_gain":0.0,"max_hp_loss":0.0,"gold_gain":75.0,"event_name":"World of Goop","player_choice":"Gather Gold","floor":2.0,"gold_loss":0.0,"damage_taken":11.0},{"damage_healed":0.0,"max_hp_gain":0.0,"max_hp_loss":0.0,"gold_gain":150.0,"event_name":"Liars Game","player_choice":"AGREE","floor":4.0,"gold_loss":0.0,"damage_taken":0.0,"cards_obtained":["Doubt"]},{"damage_healed":0.0,"max_hp_gain":0.0,"max_hp_loss":0.0,"gold_gain":0.0,"event_name":"Scrap Ooze","player_choice":"Success","floor":11.0,"gold_loss":0.0,"damage_taken":11.0,"relics_obtained":["Shuriken"]},{"cards_removed":["Doubt"],"damage_healed":0.0,"max_hp_gain":0.0,"max_hp_loss":0.0,"gold_gain":0.0,"event_name":"Fountain of Cleansing","player_choice":"Removed Curses","floor":12.0,"gold_loss":0.0,"damage_taken":0.0},{"damage_healed":0.0,"max_hp_gain":0.0,"max_hp_loss":0.0,"gold_gain":0.0,"cards_transformed":["Strike_R","Strike_R"],"event_name":"Drug Dealer","player_choice":"Became Test Subject","floor":20.0,"gold_loss":0.0,"damage_taken":0.0,"cards_obtained":["Impervious","Dark Embrace"]},{"damage_healed":0.0,"max_hp_gain":0.0,"max_hp_loss":0.0,"gold_gain":0.0,"event_name":"Vampires","player_choice":"Ignored","floor":21.0,"gold_loss":0.0,"damage_taken":0.0},{"damage_healed":15.0,"max_hp_gain":0.0,"max_hp_loss":0.0,"gold_gain":0.0,"event_name":"The Library","player_choice":"Heal","floor":27.0,"gold_loss":0.0,"damage_taken":0.0},{"damage_healed":0.0,"max_hp_gain":0.0,"max_hp_loss":0.0,"gold_gain":50.0,"event_name":"Nest","player_choice":"Stole From Cult","floor":28.0,"gold_loss":0.0,"damage_taken":0.0},{"damage_healed":0.0,"max_hp_gain":0.0,"max_hp_loss":0.0,"gold_gain":0.0,"event_name":"Tomb of Lord Red Mask","player_choice":"Ignored","floor":39.0,"gold_loss":0.0,"damage_taken":0.0},{"cards_removed":["Bash"],"damage_healed":0.0,"max_hp_gain":0.0,"max_hp_loss":0.0,"gold_gain":0.0,"event_name":"Falling","player_choice":"Removed Attack","floor":45.0,"gold_loss":0.0,"damage_taken":0.0},{"damage_healed":0.0,"max_hp_gain":0.0,"max_hp_loss":0.0,"gold_gain":0.0,"event_name":"The Moai Head","player_choice":"Ignored","floor":46.0,"gold_loss":0.0,"damage_taken":0.0}],"is_beta":false,"boss_relics":[{"not_picked":["Mark of Pain","Velvet Choker"],"picked":"Snecko Eye"},{"not_picked":["Fusion Hammer","Black Blood"],"picked":"Pandora\u0027s Box"}],"items_purged_floors":[3,19,36],"is_endless":false,"potions_floor_spawned":[7,8,10,22,23,29,31,35,37,44,48],"killed_by":"Time Eater","ascension_level":20}}