{"host":"359hz4210ybch7ku","time":1611296900,"event":{"mods":["BaseMod","Block Reminder","Colored Map","Colored Powertips","Highlight Path","Minty Spire (QoL Compilation)","Slay the Relics Exporter","StSLib"],"gold_per_floor":[118,135,150,170,182,182,216,274,353,353,376,265,274,17,17,123,123,152,197,220,247,247,247,280,280,305,328,373,399,219,239,239,353,353,368,394,421,435,489,489,513,513,593,130,221,244,17,30,30,30],"floor_reached":51,"language":"ENG","playtime":5961,"items_purged":["Parasite","Clash","Parasite","Parasite"],"score":746,"play_id":"e84f27ab-26f0-4467-8337-1534bfb2dbbf","local_time":"20210121222820","is_ascension_mode":false,"campfire_choices":[{"data":"Combust","floor":6.0,"key":"SMITH"},{"data":"Rupture","floor":10.0,"key":"SMITH"},{"data":"Reaper","floor":15.0,"key":"SMITH"},{"data":"Infernal Blade","floor":23.0,"key":"SMITH"},{"data":"Ghostly","floor":25.0,"key":"SMITH"},{"data":"Ghostly","floor":32.0,"key":"SMITH"},{"data":"Ghostly","floor":40.0,"key":"SMITH"},{"data":"Ghostly","floor":42,"key":"SMITH"},{"data":"Limit Break","floor":49,"key":"SMITH"}],"circlet_count":0,"master_deck":["Defend_R+1","Defend_R+1","Bash","Demon Form","Blood for Blood","Anger","Rupture+1","Cleave","Thunderclap","Combust+1","Dropkick","Feed","Twin Strike","Blood for Blood","Anger","Reaper+1","Limit Break","Infernal Blade+1","Ghostly+1","Ghostly+1","Ghostly+1","Ghostly+1","Ghostly","Headbutt+1","Heavy Blade+1","Combust+1","Bite","Bite","Bite","Bite","Bite","Hemokinesis","Berserk","Berserk","Spot Weakness","Master of Strategy","Sadistic Nature","Panache","Hemokinesis+1","Limit Break+1","Panache","Enlightenment","Rupture","Impervious"],"relics":["Burning Blood","CeramicFish","Lizard Tail","Paper Frog","Orrery","Membership Card","Runic Cube","Bag of Marbles","Cursed Key","TungstenRod","Mummified Hand","Red Skull","Meat on the Bone","Brimstone","Bag of Preparation"],"acts_visited":["Exordium","TheCity","TheBeyond"],"potions_floor_usage":[44,50],"damage_taken":[{"damage":5.0,"enemies":"Cultist","floor":1.0,"turns":4.0},{"damage":7.0,"enemies":"2 Louse","floor":2.0,"turns":2.0},{"damage":13.0,"enemies":"Jaw Worm","floor":3.0,"turns":3.0},{"damage":14.0,"enemies":"Blue Slaver","floor":4.0,"turns":3.0},{"damage":0.0,"enemies":"2 Fungi Beasts","floor":5.0,"turns":2.0},{"damage":30.0,"enemies":"Gremlin Nob","floor":7.0,"turns":4.0},{"damage":28.0,"enemies":"Gremlin Nob","floor":8.0,"turns":4.0},{"damage":16.0,"enemies":"Exordium Wildlife","floor":11.0,"turns":3.0},{"damage":11.0,"enemies":"Slime Boss","floor":16.0,"turns":8.0},{"damage":29.0,"enemies":"3 Byrds","floor":18.0,"turns":4.0},{"damage":14.0,"enemies":"Spheric Guardian","floor":20.0,"turns":4.0},{"damage":28.0,"enemies":"Snake Plant","floor":21.0,"turns":5.0},{"damage":11.0,"enemies":"Slavers","floor":24.0,"turns":6.0},{"damage":7.0,"enemies":"Sentry and Sphere","floor":27.0,"turns":6.0},{"damage":4.0,"enemies":"Chosen and Byrds","floor":29.0,"turns":5.0},{"damage":7.0,"enemies":"Cultist and Chosen","floor":31.0,"turns":4.0},{"damage":48.0,"enemies":"Collector","floor":33.0,"turns":6.0},{"damage":12.0,"enemies":"Orb Walker","floor":35.0,"turns":3.0},{"damage":8.0,"enemies":"3 Shapes","floor":36.0,"turns":4.0},{"damage":49.0,"enemies":"Maw","floor":38.0,"turns":6.0},{"damage":39.0,"enemies":"2 Orb Walkers","floor":39.0,"turns":4.0},{"damage":13,"enemies":"4 Shapes","floor":41,"turns":6},{"damage":20,"enemies":"Writhing Mass","floor":46,"turns":4},{"damage":0,"enemies":"3 Darklings","floor":48,"turns":4},{"damage":23,"enemies":"Time Eater","floor":50,"turns":7}],"seed_played":"1730545556972674144","potions_obtained":[{"floor":3.0,"key":"FairyPotion"},{"floor":4.0,"key":"ColorlessPotion"},{"floor":24.0,"key":"Energy Potion"},{"floor":27.0,"key":"Explosive Potion"},{"floor":31.0,"key":"SteroidPotion"},{"floor":33.0,"key":"DuplicationPotion"},{"floor":35.0,"key":"FearPotion"},{"floor":36.0,"key":"Energy Potion"}],"is_trial":false,"path_per_floor":["M","M","M","M","M","R","E","?","T","R","M","$","?","$","R","B",null,"M","?","M","M","?","R","E","R","T","M","?","M","$","M","R","B",null,"M","M","?","M","?","R","M","R","T","$","T","M","$","M","R","B",null],"character_chosen":"IRONCLAD","items_purchased":["Orrery","Membership Card","Reaper","Berserk","PowerPotion","DistilledChaos","Red Skull","Limit Break","Block Potion","Fruit Juice","Panache","Enlightenment","Rupture","GamblersBrew","Brimstone","Bag of Preparation"],"campfire_rested":0,"item_purchase_floors":[12,14,14,30,30,30,44,44,44,44,44,44,44,44,47,47],"current_hp_per_floor":[57,56,49,41,47,47,23,30,30,30,20,20,40,40,40,45,77,62,40,43,21,21,21,28,28,28,32,32,51,51,52,52,18,52,46,46,36,13,16,16,11,11,11,16,16,34,34,44,44,36],"gold":30,"neow_bonus":"TRANSFORM_TWO_CARDS","is_daily":false,"chose_seed":false,"campfire_upgraded":9,"win_rate":0.0,"timestamp":1611296900,"path_taken":["M","?","M","?","M","R","E","?","T","R","M","?","?","$","R","BOSS","M","?","M","M","?","R","E","R","T","?","?","M","$","M","R","BOSS","M","M","?","M","?","R","M","R","T","$","?","M","$","M","R","BOSS"],"items_purchased_type":["Relic","Relic","Card","Card","Potion","Potion","Relic","Card","Potion","Potion","Card","Card","Card","Potion","Relic","Relic"],"build_version":"2020-12-22","purchased_purges":4,"victory":true,"max_hp_per_floor":[80,80,80,80,80,80,80,80,80,80,80,80,80,77,77,77,77,80,40,43,43,43,43,46,46,46,49,49,52,52,52,52,52,52,52,52,52,52,52,52,52,52,52,54,54,54,51,51,51,51],"card_choices":[{"not_picked":["Warcry","Twin Strike"],"picked":"Anger","floor":1.0},{"not_picked":["Flame Barrier","Reckless Charge"],"picked":"Rupture","floor":2.0},{"not_picked":["Body Slam","Sword Boomerang"],"picked":"Cleave","floor":3.0},{"not_picked":["Cleave","Anger"],"picked":"Thunderclap","floor":4.0},{"not_picked":["Anger","Demon Form"],"picked":"Combust","floor":5.0},{"not_picked":["Thunderclap","Clothesline","Feel No Pain"],"picked":"SKIP","floor":7.0},{"not_picked":["Flex","Intimidate"],"picked":"Clash","floor":11.0},{"not_picked":["Uppercut","Metallicize"],"picked":"Dropkick","floor":12.0},{"not_picked":["Armaments","Intimidate"],"picked":"Feed","floor":12.0},{"not_picked":["Carnage","Cleave"],"picked":"Twin Strike","floor":12.0},{"not_picked":["Iron Wave","Warcry"],"picked":"Blood for Blood","floor":12.0},{"not_picked":["Armaments","Shrug It Off"],"picked":"Anger","floor":12.0},{"not_picked":["Barricade","Demon Form"],"picked":"Limit Break","floor":16.0},{"not_picked":["Cleave","Thunderclap"],"picked":"Infernal Blade","floor":18.0},{"not_picked":["Power Through","Shockwave"],"picked":"Headbutt+1","floor":20.0},{"not_picked":["Entrench","Sever Soul+1"],"picked":"Heavy Blade+1","floor":21.0},{"not_picked":["Armaments","Second Wind","Blood for Blood"],"picked":"SKIP","floor":24.0},{"not_picked":["Perfected Strike","Iron Wave"],"picked":"Combust+1","floor":27.0},{"not_picked":["Dropkick","True Grit"],"picked":"Hemokinesis","floor":29.0},{"not_picked":["Fiend Fire","Armaments","True Grit+1"],"picked":"SKIP","floor":31.0},{"not_picked":["Bludgeon","Corruption"],"picked":"Berserk","floor":33.0},{"not_picked":["Fire Breathing+1","Clothesline+1","Iron Wave+1"],"picked":"SKIP","floor":35.0},{"not_picked":["Clothesline","Sword Boomerang+1"],"picked":"Spot Weakness","floor":36.0},{"not_picked":["Magnetism","HandOfGreed"],"picked":"Master of Strategy","floor":37.0},{"not_picked":["HandOfGreed","Purity"],"picked":"Sadistic Nature","floor":37.0},{"not_picked":["Metamorphosis","Trip"],"picked":"Panache","floor":37.0},{"not_picked":["Entrench","Sword Boomerang","Whirlwind"],"picked":"SKIP","floor":38.0},{"not_picked":["Headbutt+1","Clothesline+1"],"picked":"Hemokinesis+1","floor":41},{"not_picked":["Heavy Blade","Clothesline+1"],"picked":"Impervious","floor":46},{"not_picked":["Pummel+1","Feel No Pain+1","Perfected Strike"],"picked":"SKIP","floor":48}],"player_experience":251230,"relics_obtained":[{"floor":7.0,"key":"CeramicFish"},{"floor":8.0,"key":"Lizard Tail"},{"floor":9.0,"key":"Paper Frog"},{"floor":24.0,"key":"Bag of Marbles"},{"floor":26.0,"key":"Blood Vial"},{"floor":39.0,"key":"TungstenRod"},{"floor":43,"key":"Mummified Hand"},{"floor":45,"key":"Meat on the Bone"}],"event_choices":[{"damage_healed":0.0,"max_hp_gain":0.0,"max_hp_loss":0.0,"gold_gain":30.0,"event_name":"Dead Adventurer","player_choice":"Searched \u00273\u0027 times","floor":8.0,"gold_loss":0.0,"damage_taken":0.0},{"damage_healed":20.0,"max_hp_gain":0.0,"max_hp_loss":0.0,"gold_gain":0.0,"event_name":"Mushrooms","player_choice":"Healed and dodged fight","floor":13.0,"gold_loss":0.0,"damage_taken":0.0,"cards_obtained":["Parasite"]},{"damage_healed":0.0,"max_hp_gain":0.0,"max_hp_loss":40.0,"gold_gain":0.0,"event_name":"Ghosts","player_choice":"Became a Ghost","floor":19.0,"gold_loss":0.0,"damage_taken":0.0,"cards_obtained":["Ghostly","Ghostly","Ghostly","Ghostly","Ghostly"]},{"damage_healed":0.0,"max_hp_gain":0.0,"max_hp_loss":0.0,"gold_gain":0.0,"event_name":"Back to Basics","player_choice":"Simplicity","floor":22.0,"gold_loss":0.0,"damage_taken":0.0,"cards_upgraded":["Strike_R","Strike_R","Strike_R","Strike_R","Strike_R","Defend_R","Defend_R"]},{"damage_healed":0.0,"max_hp_gain":0.0,"max_hp_loss":0.0,"gold_gain":0.0,"event_name":"Vampires","player_choice":"Became a vampire (Vial)","floor":28.0,"relics_lost":["Blood Vial"],"gold_loss":0.0,"damage_taken":0.0,"cards_obtained":["Bite","Bite","Bite","Bite","Bite"]},{"damage_healed":0.0,"max_hp_gain":0.0,"max_hp_loss":0.0,"gold_gain":0.0,"event_name":"SensoryStone","player_choice":"Memory 3","floor":37.0,"gold_loss":0.0,"damage_taken":10.0},{"damage_healed":0.0,"max_hp_gain":0.0,"max_hp_loss":0.0,"gold_gain":0.0,"event_name":"Mysterious Sphere","player_choice":"Fight","floor":39.0,"gold_loss":0.0,"damage_taken":0.0}],"is_beta":false,"boss_relics":[{"not_picked":["Sozu","Empty Cage"],"picked":"Runic Cube"},{"not_picked":["Fusion Hammer","Calling Bell"],"picked":"Cursed Key"}],"items_purged_floors":[14,30,44,47],"is_endless":false,"potions_floor_spawned":[3,4,24,27,31,33,35,36,48],"ascension_level":0}}