{"host":"nbmmy2ys5j9alw05","time":1611289538,"event":{"mods":["AchievementEnabler","BaseMod","Bestiary","Better Vampires","Colored Map","Colored Powertips","Googly Eyes","Minty Spire (QoL Compilation)","Quick Restart","StSLib","The Hierophant","The IronCluck","everything is the same but u backflip on backflip"],"gold_per_floor":[115,134,146,146,146,146,213,254,281,281,305,305,349,407,407,391,391],"floor_reached":16,"language":"ENG","playtime":502,"items_purged":[],"score":146,"play_id":"b6503eea-a8f4-4a59-a727-e2cfd31c0b8f","local_time":"20210121202538","is_ascension_mode":true,"campfire_choices":[{"data":"hierophant:CoinFling","floor":6,"key":"SMITH"},{"data":"hierophant:Punish","floor":10,"key":"SMITH"},{"floor":15,"key":"REST"}],"circlet_count":0,"master_deck":["hierophant:Strike_Hierophant","hierophant:Strike_Hierophant","hierophant:Strike_Hierophant","hierophant:Strike_Hierophant","hierophant:Punish+1","hierophant:Defend_Hierophant","hierophant:Defend_Hierophant+1","hierophant:Defend_Hierophant+1","hierophant:Defend_Hierophant","hierophant:ChurchCoffers","hierophant:Doubloon","hierophant:CoinFling+1","hierophant:Bribe","hierophant:RustyCrate","hierophant:Doubloon","hierophant:Doubloon","hierophant:Doubloon","hierophant:CursedGold","hierophant:Doubloon","hierophant:RecallFunds"],"relics":["hierophant:PropheticMaskRelic","War Paint","Golden Idol","Ancient Tea Set","PreservedInsect","CeramicFish","Odd Mushroom"],"acts_visited":["Exordium"],"potions_floor_usage":[7],"damage_taken":[{"damage":0,"enemies":"2 Louse","floor":1,"turns":2},{"damage":0,"enemies":"Small Slimes","floor":2,"turns":3},{"damage":0,"enemies":"Cultist","floor":3,"turns":4},{"damage":15,"enemies":"3 Sentries","floor":7,"turns":5},{"damage":1,"enemies":"Exordium Wildlife","floor":8,"turns":4},{"damage":1,"enemies":"3 Louse","floor":11,"turns":3},{"damage":25,"enemies":"Gremlin Nob","floor":13,"turns":4},{"damage":6,"enemies":"The Mushroom Lair","floor":14,"turns":4},{"damage":22,"enemies":"Slime Boss","floor":16,"turns":6}],"seed_played":"2642921141851861691","potions_obtained":[{"floor":1,"key":"Explosive Potion"},{"floor":2,"key":"BlessingOfTheForge"},{"floor":3,"key":"Dexterity Potion"},{"floor":8,"key":"FearPotion"}],"is_trial":false,"path_per_floor":["M","M","M","?","?","R","E","M","T","R","M","?","E","?","R","B"],"character_chosen":"HIEROPHANT","items_purchased":[],"campfire_rested":1,"item_purchase_floors":[],"current_hp_per_floor":[75,75,75,75,57,57,42,41,41,41,40,65,40,34,56,34,34],"gold":391,"neow_bonus":"RANDOM_COMMON_RELIC","is_daily":false,"chose_seed":false,"campfire_upgraded":2,"win_rate":0.0,"timestamp":1611289538,"path_taken":["M","M","M","?","?","R","E","M","T","R","M","?","E","?","R","BOSS"],"items_purchased_type":[],"build_version":"2020-12-22","purchased_purges":0,"victory":false,"max_hp_per_floor":[75,75,75,75,75,75,75,75,75,75,75,75,75,75,75,75,75],"card_choices":[{"not_picked":["hierophant:Empathy","hierophant:AuricShield"],"picked":"hierophant:CoinFling","floor":1},{"not_picked":["hierophant:Patience","hierophant:AuricBeam"],"picked":"hierophant:Bribe","floor":2},{"not_picked":["hierophant:AuricBeam","hierophant:FlamingChariot"],"picked":"hierophant:RustyCrate","floor":3},{"not_picked":["hierophant:HolyVerse","hierophant:Invocation","hierophant:Bribe"],"picked":"SKIP","floor":7},{"not_picked":["hierophant:FlamingChariot","hierophant:ThreeLashes","hierophant:ArchangelShield"],"picked":"SKIP","floor":8},{"not_picked":["hierophant:Exaltation","hierophant:Refuge"],"picked":"hierophant:CursedGold","floor":11},{"not_picked":["hierophant:ThreeLashes","hierophant:Shelter","hierophant:Empathy"],"picked":"SKIP","floor":13},{"not_picked":["hierophant:PristineSoul","hierophant:Refuge"],"picked":"hierophant:RecallFunds","floor":14}],"player_experience":528729,"relics_obtained":[{"floor":7,"key":"Ancient Tea Set"},{"floor":9,"key":"PreservedInsect"},{"floor":13,"key":"CeramicFish"},{"floor":14,"key":"Odd Mushroom"}],"event_choices":[{"damage_healed":0,"gold_gain":0,"player_choice":"Ignored","damage_taken":0,"max_hp_gain":0,"max_hp_loss":0,"event_name":"Liars Game","floor":4,"gold_loss":0},{"damage_healed":0,"gold_gain":0,"player_choice":"Take Damage","damage_taken":18,"relics_obtained":["Golden Idol"],"max_hp_gain":0,"max_hp_loss":0,"event_name":"Golden Idol","floor":5,"gold_loss":0},{"damage_healed":25,"gold_gain":0,"player_choice":"Banana","damage_taken":0,"max_hp_gain":0,"max_hp_loss":0,"event_name":"Big Fish","floor":12,"gold_loss":0},{"damage_healed":0,"gold_gain":0,"player_choice":"Fought Mushrooms","damage_taken":0,"max_hp_gain":0,"max_hp_loss":0,"event_name":"Mushrooms","floor":14,"gold_loss":0}],"is_beta":false,"boss_relics":[],"items_purged_floors":[],"is_endless":false,"potions_floor_spawned":[1,2,3,8,14],"killed_by":"Slime Boss","ascension_level":2}}