{"host":"k7udt7atmcuzf6l0","time":1611312095,"event":{"mods":["AchievementEnabler","BaseMod","Colored Map","Colored Powertips","Highlight Path","Minty Spire (QoL Compilation)","Quick Restart","Rare Cards Sparkle","StSLib","UnlockEverythingMod"],"gold_per_floor":[110,134,14,14,30,30,40,58,58,58,90,103,103,103,103,206,206,206,206,45,45,0,0,0,0,0,0,0,0,0,0,0,0,0],"floor_reached":33,"language":"ZHT","playtime":1309,"items_purged":[],"score":315,"play_id":"d922ac8e-d267-43b5-aa06-f2ef9228af4f","local_time":"20210122184135","is_ascension_mode":false,"campfire_choices":[{"data":"Flex","floor":6.0,"key":"SMITH"},{"data":"Armaments","floor":10.0,"key":"SMITH"},{"data":"Flex","floor":13.0,"key":"SMITH"},{"data":"Warcry","floor":15.0,"key":"SMITH"},{"data":"Berserk","floor":23,"key":"SMITH"},{"data":"Dual Wield","floor":25,"key":"SMITH"},{"data":"Feed","floor":27,"key":"SMITH"},{"floor":32,"key":"REST"}],"circlet_count":0,"master_deck":["Strike_R","Strike_R","Strike_R","Strike_R","Strike_R","Defend_R","Defend_R","Defend_R","Defend_R","Bash","Flex+1","Armaments+1","Pummel","Feed+1","Warcry+1","Flex+1","Berserk+1","Whirlwind","Reaper","Heavy Blade+1","Dual Wield+1","Warcry+1","Dropkick+1"],"relics":["Burning Blood","NeowsBlessing","Regal Pillow","Toy Ornithopter","Ancient Tea Set","Ectoplasm","Centennial Puzzle","Pen Nib"],"acts_visited":["Exordium","TheCity"],"potions_floor_usage":[22,24,31],"damage_taken":[{"damage":0.0,"enemies":"Cultist","floor":1.0,"turns":1.0},{"damage":0.0,"enemies":"2 Louse","floor":5.0,"turns":1.0},{"damage":0.0,"enemies":"Jaw Worm","floor":7.0,"turns":1.0},{"damage":12.0,"enemies":"Blue Slaver","floor":8.0,"turns":2.0},{"damage":41.0,"enemies":"Lagavulin","floor":11.0,"turns":7.0},{"damage":11.0,"enemies":"Red Slaver","floor":12.0,"turns":5.0},{"damage":40.0,"enemies":"The Guardian","floor":16.0,"turns":10.0},{"damage":28.0,"enemies":"Shell Parasite","floor":18.0,"turns":4.0},{"damage":22,"enemies":"2 Thieves","floor":22,"turns":4},{"damage":37,"enemies":"Snecko","floor":24,"turns":6},{"damage":0,"enemies":"Slavers","floor":29,"turns":1},{"damage":65,"enemies":"Shelled Parasite and Fungi","floor":30,"turns":7},{"damage":5,"enemies":"Cultist and Chosen","floor":31,"turns":3},{"damage":109,"enemies":"Collector","floor":33,"turns":6}],"seed_played":"-54137973927178558","potions_obtained":[{"floor":5.0,"key":"EntropicBrew"},{"floor":7.0,"key":"ElixirPotion"},{"floor":11.0,"key":"Energy Potion"},{"floor":18.0,"key":"PowerPotion"},{"floor":30,"key":"Fire Potion"}],"is_trial":false,"path_per_floor":["M","T","$","?","M","R","M","M","T","R","E","M","R","?","R","B",null,"M","?","$","?","M","R","M","R","T","R","$","E","M","M","R","B"],"character_chosen":"IRONCLAD","items_purchased":["Armaments","Pummel","Reaper"],"campfire_rested":1,"item_purchase_floors":[3,3,20],"current_hp_per_floor":[80,80,80,80,80,80,80,74,74,74,48,43,43,70,70,44,86,64,64,64,86,77,77,59,59,59,59,59,65,14,24,68,0,0],"gold":0,"neow_bonus":"THREE_ENEMY_KILL","is_daily":false,"chose_seed":false,"campfire_upgraded":7,"win_rate":0.0,"timestamp":1611312095,"path_taken":["M","?","$","?","M","R","?","M","T","R","E","M","R","?","R","BOSS","M","?","$","?","M","R","M","R","T","R","$","E","M","M","R","BOSS"],"items_purchased_type":["Card","Card","Card"],"build_version":"2020-12-22","purchased_purges":0,"victory":false,"max_hp_per_floor":[80,80,80,80,80,80,80,80,80,80,83,83,83,83,83,86,86,86,86,86,86,89,89,89,89,89,89,89,89,93,97,97,97,97],"card_choices":[{"not_picked":["Perfected Strike","Clash"],"picked":"Flex","floor":1.0},{"not_picked":["Wild Strike","Second Wind","Rupture"],"picked":"SKIP","floor":5.0},{"not_picked":["Wild Strike","Flex","Combust"],"picked":"SKIP","floor":7.0},{"not_picked":["Pommel Strike","Wild Strike"],"picked":"Feed","floor":8.0},{"not_picked":["Heavy Blade","Flex"],"picked":"Warcry","floor":11.0},{"not_picked":["Cleave","Perfected Strike"],"picked":"Flex","floor":12.0},{"not_picked":["Brutality","Feed"],"picked":"Berserk","floor":16.0},{"not_picked":["Clothesline+1","Twin Strike"],"picked":"Whirlwind","floor":18.0},{"not_picked":["Ghostly Armor","Shrug It Off"],"picked":"Heavy Blade+1","floor":22},{"not_picked":["Clothesline","Carnage+1"],"picked":"Dual Wield","floor":24},{"not_picked":["Wild Strike","Flex"],"picked":"Warcry+1","floor":29},{"not_picked":["Second Wind","Rampage"],"picked":"Dropkick+1","floor":30},{"not_picked":["Second Wind","Hemokinesis","True Grit"],"picked":"SKIP","floor":31}],"player_experience":101817,"relics_obtained":[{"floor":2.0,"key":"Regal Pillow"},{"floor":9.0,"key":"Toy Ornithopter"},{"floor":11.0,"key":"Ancient Tea Set"},{"floor":26,"key":"Centennial Puzzle"},{"floor":29,"key":"Pen Nib"}],"event_choices":[{"cards_removed":["Defend_R"],"damage_healed":0.0,"max_hp_gain":0.0,"max_hp_loss":0.0,"gold_gain":0.0,"event_name":"NoteForYourself","player_choice":"Took Card","floor":4.0,"gold_loss":0.0,"damage_taken":0.0,"cards_obtained":["Defend_R"]},{"damage_healed":27.0,"max_hp_gain":0.0,"max_hp_loss":0.0,"gold_gain":0.0,"event_name":"Big Fish","player_choice":"Banana","floor":14.0,"gold_loss":0.0,"damage_taken":0.0},{"damage_healed":0.0,"max_hp_gain":0.0,"max_hp_loss":0.0,"gold_gain":0.0,"event_name":"Beggar","player_choice":"Ignored","floor":19.0,"gold_loss":0.0,"damage_taken":0.0},{"damage_healed":22,"gold_gain":0,"player_choice":"Full Heal","damage_taken":0,"max_hp_gain":0,"max_hp_loss":0,"event_name":"Wheel of Change","floor":21,"gold_loss":0}],"is_beta":false,"boss_relics":[{"not_picked":["Busted Crown","Fusion Hammer"],"picked":"Ectoplasm"}],"items_purged_floors":[],"is_endless":false,"potions_floor_spawned":[5,7,11,18,30],"killed_by":"Collector","ascension_level":0}}