{"host":"g01l53quoe6lrer0","time":1611359463,"event":{"mods":["2.2 Compatiblity","AchievementEnabler","BaseMod","Colored Map","Highlight Path","Keyboard Shortcuts","Minty Spire (QoL Compilation)","Permanent Neow","StSLib","SuperFastMode","everything is the same but u backflip on backflip"],"gold_per_floor":[363,376,376,224,241,241,255,290,290,290,190,202,502,502,502,502,502],"floor_reached":16,"language":"KOR","playtime":411,"items_purged":["Strike_G","Strike_G"],"score":155,"play_id":"46dc7cf1-10a4-462c-9c88-8f05e9ab546c","local_time":"20210123085103","is_ascension_mode":true,"campfire_choices":[{"data":"Crippling Poison","floor":6,"key":"SMITH"},{"floor":10,"key":"REST"},{"floor":13,"key":"DIG"},{"floor":15,"key":"DIG"}],"circlet_count":0,"master_deck":["AscendersBane","Strike_G","Strike_G","Strike_G","Defend_G","Defend_G","Defend_G","Defend_G","Defend_G","Survivor","Neutralize","Backflip","Crippling Poison+1","Doppelganger","Accuracy","Poisoned Stab","Infinite Blades","Dagger Throw","Well Laid Plans"],"relics":["Ring of the Snake","Tingsha","Shovel","Old Coin","Golden Idol","Pen Nib"],"acts_visited":["Exordium"],"potions_floor_usage":[8,16],"damage_taken":[{"damage":0.0,"enemies":"2 Louse","floor":1.0,"turns":4.0},{"damage":1.0,"enemies":"Cultist","floor":2.0,"turns":5.0},{"damage":2,"enemies":"Jaw Worm","floor":5,"turns":6},{"damage":6,"enemies":"Looter","floor":7,"turns":4},{"damage":28,"enemies":"3 Sentries","floor":8,"turns":10},{"damage":3,"enemies":"Exordium Thugs","floor":12,"turns":4},{"damage":30,"enemies":"Slime Boss","floor":16,"turns":7}],"seed_played":"8581378251070833470","potions_obtained":[{"floor":7,"key":"EssenceOfSteel"},{"floor":8,"key":"ColorlessPotion"}],"is_trial":false,"path_per_floor":["M","M","?","$","M","R","M","E","T","R","$","M","R","?","R","B"],"character_chosen":"THE_SILENT","items_purchased":["Accuracy"],"campfire_rested":1,"item_purchase_floors":[4],"current_hp_per_floor":[63,62,62,62,60,60,54,26,26,44,44,41,41,41,41,11,11],"gold":502,"neow_bonus":"TWO_FIFTY_GOLD","is_daily":false,"chose_seed":false,"campfire_upgraded":1,"win_rate":0.0,"timestamp":1611359463,"path_taken":["M","M","?","$","?","R","?","E","T","R","$","M","R","?","R","BOSS"],"items_purchased_type":["Card"],"build_version":"2020-12-22","purchased_purges":2,"victory":false,"max_hp_per_floor":[63,63,63,63,63,63,63,63,63,63,63,63,63,58,58,58,58],"card_choices":[{"not_picked":["Dodge and Roll","Prepared"],"picked":"Backflip","floor":1.0},{"not_picked":["PiercingWail","Quick Slash"],"picked":"Crippling Poison","floor":2.0},{"not_picked":["All Out Attack","Deflect"],"picked":"Poisoned Stab","floor":5},{"not_picked":["Deadly Poison","Blur"],"picked":"Infinite Blades","floor":7},{"not_picked":["Malaise","Terror"],"picked":"Dagger Throw","floor":8},{"not_picked":["Predator","Underhanded Strike"],"picked":"Well Laid Plans","floor":12}],"player_experience":249694,"relics_obtained":[{"floor":8,"key":"Tingsha"},{"floor":9,"key":"Shovel"},{"floor":13,"key":"Old Coin"},{"floor":15,"key":"Pen Nib"}],"event_choices":[{"damage_healed":0,"gold_gain":0,"player_choice":"1 cards matched","damage_taken":0,"max_hp_gain":0,"max_hp_loss":0,"event_name":"Match and Keep!","floor":3,"gold_loss":0,"cards_obtained":["Doppelganger"]},{"damage_healed":0,"gold_gain":0,"player_choice":"1 cards matched","damage_taken":0,"max_hp_gain":0,"max_hp_loss":0,"event_name":"Match and Keep!","floor":3,"gold_loss":0,"cards_obtained":["Doppelganger"]},{"damage_healed":0,"gold_gain":0,"player_choice":"Lose Max HP","damage_taken":0,"relics_obtained":["Golden Idol"],"max_hp_gain":0,"max_hp_loss":5,"event_name":"Golden Idol","floor":14,"gold_loss":0}],"is_beta":false,"boss_relics":[],"items_purged_floors":[4,11],"is_endless":false,"potions_floor_spawned":[7,8],"killed_by":"Slime Boss","ascension_level":11}}