{"host":"m4zn6rtsd36lrr22","time":1611301527,"event":{"mods":["2.2 Compatiblity","Act Like it!","BaseMod","Better Synergies","BetterRewards","CapriCore","Colored Map","Custom Start","Gensokyo","GungeonMod","HololiveMod","Ironclad Rager","Lobotomy","LobotomyExtend","Luminous","Minty Spire (QoL Compilation)","Permanent Neow","Poor People Problems","Prisma Mod","Quick Restart","Reimu（博丽灵梦）","Relic Stats","Remilia（蕾米莉亚）","Remove Card Discount Mod","Replay The Spire","RumiaBox-露米娅的神秘盒子","Shop Mod","Spicy Shops","StSLib","The Alterego","The Animator","The Immortal","WarShipGirlsR/战舰少女R mod","Yakumo Yukari mod","noobMod","【功能Mod】混沌之环修复补丁","【遗物卡牌】REMEMod"],"gold_per_floor":[79,79,95,95,95,150,180,99,149,149,149,1,1,68,68,519,519,519,519,519,541,541,570,570,611,611,634,426,466,466,509,509,631,631,847,847,847],"floor_reached":36,"language":"ZHS","playtime":1602,"items_purged":["Hololive_CallAiraniIofifteen","Hololive_CallAiraniIofifteen"],"score":824,"play_id":"dd96259d-59a4-4022-8eb9-b44e0329ea8b","local_time":"20210122154527","daily_mods":["Heirloom","Flight"],"is_ascension_mode":false,"campfire_choices":[{"data":"Hololive_DurableLive","floor":10.0,"key":"SMITH"},{"data":"Hololive_StarCraft","floor":32.0,"key":"SMITH"}],"circlet_count":0,"master_deck":["Hololive_Strike","Hololive_Strike","Hololive_Defend","Hololive_Defend+1","Hololive_CallInugamiKorone","Hololive_CallYozoraMel","Hololive_DurableLive+1","Hololive_CallDoris","Hololive_CallSakuraMiko","Hololive_CallAkiRosenthal+1","Hololive_CallAyundaRisu","Hololive_CallMinatoAqua","Hololive_DurableLive","Hololive_CallAmaneKanata","Hololive_CallShiranuiFlare","Hololive_CallAiraniIofifteen","Gensokyo:LockedMedkit","Hololive_CallMoonaHoshinova","Hololive_DurableLive","Hololive_CallTokinoSora","Hololive_DDD+1","Hololive_MaximGun"],"relics":["Hololive_TheStar","REME_ComplimentaryCards","ice","DemoMod:Orange","LetterFromLob","Gensokyo:CelestialsFlawlessClothing","Gensokyo:Mercy","Strawberry","DemoMod:SerJunkan","GodSword6","Gensokyo:ChorusOfJoy","Thread and Needle","DemoMod:Junk","RedMistMask","CeramicFish","Regal Pillow","Mirror","DemoMod:GlassGuonStoneRelic","Empty Cage","DemoMod:ResourcefulSack"],"acts_visited":["Gensokyo:Gensokyo","Gensokyo:Gensokyoer","Gensokyo:Gensokyoest"],"potions_floor_usage":[],"damage_taken":[{"damage":0.0,"enemies":"Gensokyo:2_Kodama","floor":1.0,"turns":4.0},{"damage":0.0,"enemies":"Gensokyo:3_Fairies","floor":3.0,"turns":3.0},{"damage":0.0,"enemies":"Gensokyo:Aya","floor":6.0,"turns":7.0},{"damage":0.0,"enemies":"Gensokyo:Gryphon","floor":7.0,"turns":4.0},{"damage":0.0,"enemies":"Gensokyo:Cirno","floor":14.0,"turns":8.0},{"damage":0.0,"enemies":"Gensokyo:Kokoro","floor":16.0,"turns":11.0},{"damage":0.0,"enemies":"Gensokyo:Chomper","floor":21.0,"turns":5.0},{"damage":12.0,"enemies":"Gensokyo:Tenshi","floor":23.0,"turns":8.0},{"damage":0.0,"enemies":"Gensokyo:Reisen","floor":25.0,"turns":8.0},{"damage":0.0,"enemies":"Gensokyo:AngelMirror","floor":27.0,"turns":5.0},{"damage":22.0,"enemies":"Gensokyo:Tenshi","floor":29.0,"turns":7.0},{"damage":18.0,"enemies":"Gensokyo:Monolith_and_Dog","floor":31.0,"turns":7.0},{"damage":0.0,"enemies":"Gensokyo:Eiki","floor":33.0,"turns":13.0},{"damage":0.0,"enemies":"Gensokyo:AncientGuardian","floor":35.0,"turns":5.0}],"seed_played":"4292428543962739200","potions_obtained":[{"floor":1.0,"key":"Fire Potion"},{"floor":3.0,"key":"Fire Potion"},{"floor":6.0,"key":"DemoMod:LeadSkinPotion"},{"floor":31.0,"key":"Toxic Potion"},{"floor":33.0,"key":"Swift Potion"},{"floor":35.0,"key":"GamblersBrew"}],"is_trial":true,"path_per_floor":["M","?","M","?","?","E","M","$","T","R","?","COS","?","E","R_BF","B",null,"M","?","?","M","?","E","?","E","T","M","COS","E","$","M","R","B",null,"M"],"character_chosen":"Hololive_HololiveCharacter","items_purchased":["Hololive_CallMinatoAqua"],"campfire_rested":0,"item_purchase_floors":[8],"current_hp_per_floor":[47,52,52,39,39,39,39,39,46,46,46,46,46,46,59,59,59,59,55,55,55,55,43,43,43,43,43,43,21,21,6,6,61,62,65,65,65],"gold":847,"neow_bonus":"","is_daily":false,"chose_seed":false,"campfire_upgraded":2,"win_rate":0.0,"timestamp":1611301527,"path_taken":["M","?","?","?","?","E","M","$","T","R","?","COS","?","E","R_BF","BOSS","M","?","?","?","?","E","?","E","T","M","COS","E","$","M","R","BOSS","M","$"],"items_purchased_type":["Card"],"build_version":"2020-12-22","purchased_purges":2,"victory":false,"max_hp_per_floor":[47,52,52,52,52,52,52,52,59,59,59,59,59,59,59,59,59,59,55,55,55,55,55,55,55,55,55,55,55,55,58,58,62,62,68,68,68],"relic_stats":{"Regal Pillow":0,"counters":[14,95],"CeramicFish":108,"obtain_stats":[{"DemoMod:Junk":23,"Gensokyo:ChorusOfJoy":22,"Regal Pillow":26,"DemoMod:Orange":0,"CeramicFish":25,"Thread and Needle":23,"DemoMod:GlassGuonStoneRelic":1,"ice":0,"Gensokyo:CelestialsFlawlessClothing":4,"Empty Cage":34,"Gensokyo:Mercy":5,"Strawberry":9,"Hololive_TheStar":0,"DemoMod:SerJunkan":14,"RedMistMask":23,"LetterFromLob":1,"GodSword6":19,"DemoMod:ResourcefulSack":35,"Mirror":29,"REME_ComplimentaryCards":0},{"DemoMod:Junk":8,"Gensokyo:ChorusOfJoy":7,"Regal Pillow":9,"DemoMod:Orange":0,"CeramicFish":9,"Thread and Needle":8,"DemoMod:GlassGuonStoneRelic":1,"ice":0,"Gensokyo:CelestialsFlawlessClothing":2,"Empty Cage":13,"Gensokyo:Mercy":2,"Strawberry":4,"Hololive_TheStar":0,"DemoMod:SerJunkan":5,"RedMistMask":8,"LetterFromLob":1,"GodSword6":6,"DemoMod:ResourcefulSack":14,"Mirror":11,"REME_ComplimentaryCards":0},{"DemoMod:Junk":50,"Gensokyo:ChorusOfJoy":42,"Regal Pillow":58,"DemoMod:Orange":0,"CeramicFish":58,"Thread and Needle":43,"DemoMod:GlassGuonStoneRelic":4,"ice":0,"Gensokyo:CelestialsFlawlessClothing":7,"Empty Cage":90,"Gensokyo:Mercy":7,"Strawberry":18,"Hololive_TheStar":0,"DemoMod:SerJunkan":26,"RedMistMask":50,"LetterFromLob":4,"GodSword6":37,"DemoMod:ResourcefulSack":91,"Mirror":70,"REME_ComplimentaryCards":0}]},"card_choices":[{"not_picked":["Hololive_Sequa","Hololive_Breathe","Hololive_SummonFox"],"picked":"Hololive_CallDoris","floor":1.0},{"not_picked":["Hololive_OvertimeWork","Hololive_LuckPotion","Hololive_Drill"],"picked":"Hololive_CallSakuraMiko","floor":3.0},{"not_picked":["Hololive_LuckPotion","Hololive_Psychosis","Hololive_CocoNews"],"picked":"Hololive_CallAkiRosenthal","floor":6.0},{"not_picked":["Hololive_HuntDinosaur","Hololive_DiamondStrike","Hololive_Breathe"],"picked":"Hololive_CallAyundaRisu","floor":7.0},{"not_picked":["Hololive_ScarfAndHalo","Hololive_RevenueBasedLive","Hololive_Psychosis"],"picked":"Hololive_StarCraft","floor":14.0},{"not_picked":["Hololive_Nanodesu","Hololive_ScarfAndHalo","Hololive_AWSL"],"picked":"Hololive_DurableLive","floor":16.0},{"not_picked":["Hololive_CallYogiri","Hololive_StrengthChampion","Hololive_Sequa"],"picked":"Hololive_CallShiranuiFlare","floor":21.0},{"not_picked":["Hololive_StrengthChampion","Hololive_Drill","Hololive_HuntDinosaur","Hololive_LuckPotion"],"picked":"SKIP","floor":23.0},{"not_picked":["Hololive_CallDoris","Hololive_OvertimeWork+1","Hololive_Trident+1"],"picked":"Hololive_Spy+1","floor":25.0},{"not_picked":["Hololive_Breathe","Hololive_Trident","Hololive_Psychosis"],"picked":"Hololive_CallAiraniIofifteen","floor":27.0},{"not_picked":["Hololive_CallUsadaPekora","Hololive_Breathe+1","Hololive_FlyingPonyTail"],"picked":"Hololive_CallMoonaHoshinova","floor":29.0},{"not_picked":["Hololive_WolfAndLamb","Hololive_ScarfAndHalo","Hololive_BeCareful"],"picked":"Hololive_DurableLive","floor":31.0},{"not_picked":["Hololive_FlyingPonyTail","Hololive_CallArtia+1","Hololive_CallTsunomakiWatame"],"picked":"Hololive_CallTokinoSora","floor":31.0},{"not_picked":["Hololive_IdolExercise+1","Hololive_OpenUp+1","Hololive_WolfAndLamb+1"],"picked":"Hololive_DDD+1","floor":33.0},{"not_picked":["Hololive_ScarfAndHalo","Hololive_Nanodesu","Hololive_Thief"],"picked":"Hololive_MaximGun","floor":33.0},{"not_picked":["Hololive_OvertimeWork+1","Hololive_Teleport+1","Hololive_CallAiraniIofifteen+1","Hololive_Rebound"],"picked":"SKIP","floor":35.0}],"player_experience":345088,"relics_obtained":[{"floor":1.0,"key":"LetterFromLob"},{"floor":9.0,"key":"Strawberry"},{"floor":14.0,"key":"DemoMod:SerJunkan"},{"floor":23.0,"key":"DemoMod:Junk"},{"floor":23.0,"key":"RedMistMask"},{"floor":25.0,"key":"CeramicFish"},{"floor":26.0,"key":"Regal Pillow"},{"floor":29.0,"key":"Mirror"}],"event_choices":[],"is_beta":false,"boss_relics":[{"not_picked":["Abe\u0027s Treasure","Astrolabe","Fusion Hammer"]},{"not_picked":["Cursed Key","AddBug"],"picked":"Empty Cage"}],"items_purged_floors":[8,8],"is_endless":true,"potions_floor_spawned":[1,3,6,21,31,33,35],"ascension_level":0}}