{"host":"e5u7qs1emxzejr12","time":1611316545,"event":{"mods":["2.2 Compatiblity","Act Like it!","Arknights The Spire","BaseMod","CapriCore","Card Forge","Colored Powertips","Custom Start","Duelist Mod","GifTheSpireLib","Highlight Path","HololiveMod","Luminous","Marisa£¨ìFÓê¡¡Ä§ÀíÉ³£©","Minty Spire (QoL Compilation)","Quick Restart","Replay The Spire","StSLib","SuperFastMode","UnlockEverythingMod","óô»ðÖ¸ÄÏ"],"gold_per_floor":[144,144,83,83,83,83,110,121,167,202,63,98,108,108,108,182,182,200,33,88,288,308,338,338,372,372,388,401,434,434,434,434,508,508,521,521,521,561,576,576,608,488,488,519,534,534,373,373,300,300,300,300,131,131,174,174],"floor_reached":57,"language":"ZHS","playtime":3997,"items_purged":[],"score":2481,"play_id":"8a4a6fb7-ce6a-407f-9100-a0a6ccc710f2","local_time":"20210122195545","is_ascension_mode":true,"campfire_choices":[{"floor":6.0,"key":"RECALL"},{"floor":24.0,"key":"REST"},{"floor":32.0,"key":"DIG"}],"circlet_count":0,"master_deck":["theDuelist:MysticalElf+1","AscendersBane","theDuelist:InjectionFairy+1","theDuelist:InjectionFairy+1","theDuelist:IrisEarthMother+1","theDuelist:InjectionFairy+1","theDuelist:Wildfire+4","theDuelist:IrisEarthMother+1","theDuelist:IrisEarthMother+1","theDuelist:Wildfire+4","theDuelist:Wildfire+4","theDuelist:Yami+1","ReplayUltimateDefense+1","theDuelist:Wildfire+4"],"relics":["theDuelist:MillenniumPuzzle","theDuelist:CardPoolRelic","theDuelist:CardPoolBasicRelic","theDuelist:BoosterPackPoolRelic","theDuelist:CardPoolAddRelic","theDuelist:CardPoolMinusRelic","theDuelist:CardPoolSaveRelic","theDuelist:CardPoolOptionsRelic","Hammer of Thor","Seething Fire","Anvil of the Gods","NeowsBlessing","Vajra","theDuelist:AeroRelic","Singing Bowl","ReplayTheSpireMod:ShopPack","ReplayTheSpireMod:Lightbulb","Inserter","theDuelist:MillenniumSymbol","WingedGreaves","theDuelist:BoosterPackMonsterEgg","Du-Vu Doll","theDuelist:MillenniumCoin","Charon\u0027s Ashes","Replay:Baseball","Cables","Juzu Bracelet","theDuelist:MerchantPendant","Quantum Egg","Snecko Heart","theDuelist:NamelessPowerRelicB","theDuelist:NamelessGreedRelic","theDuelist:NamelessHungerRelic","theDuelist:NamelessWarRelicC","MawBank","DollysMirror","Durian","Ring of Hypnosis","Ring of Searing","ClockworkSouvenir","theDuelist:TributeEggRelic"],"acts_visited":["Exordium","TheCity","TheBeyond","TheEnding"],"potions_floor_usage":[56,56],"damage_taken":[{"damage":0.0,"enemies":"Small Slimes","floor":1.0,"turns":1.0},{"damage":0.0,"enemies":"Lagavulin","floor":7.0,"turns":1.0},{"damage":0.0,"enemies":"Jaw Worm","floor":8.0,"turns":1.0},{"damage":14.0,"enemies":"Gremlin Nob","floor":10.0,"turns":4.0},{"damage":3.0,"enemies":"Lagavulin","floor":12.0,"turns":6.0},{"damage":0.0,"enemies":"2 Louse","floor":13.0,"turns":3.0},{"damage":20.0,"enemies":"Fading Forest","floor":16.0,"turns":13.0},{"damage":0.0,"enemies":"Spheric Guardian","floor":18.0,"turns":5.0},{"damage":57.0,"enemies":"Spheric Guardian","floor":20.0,"turns":12.0},{"damage":18.0,"enemies":"3 Byrds","floor":22.0,"turns":5.0},{"damage":9.0,"enemies":"theDuelist:KaibaA2","floor":23.0,"turns":7.0},{"damage":9.0,"enemies":"Gremlin Leader","floor":25.0,"turns":4.0},{"damage":0.0,"enemies":"Snecko","floor":27.0,"turns":4.0},{"damage":0.0,"enemies":"Shelled Parasite and Fungi","floor":28.0,"turns":2.0},{"damage":10.0,"enemies":"Book of Stabbing","floor":29.0,"turns":4.0},{"damage":8.0,"enemies":"Champ","floor":33.0,"turns":10.0},{"damage":0.0,"enemies":"3 Darklings","floor":35.0,"turns":3.0},{"damage":0.0,"enemies":"Nemesis","floor":41.0,"turns":3.0},{"damage":14.0,"enemies":"Reptomancer","floor":44.0,"turns":4.0},{"damage":0.0,"enemies":"Orb Walker","floor":45.0,"turns":3.0},{"damage":14,"enemies":"Donu and Deca","floor":50,"turns":4},{"damage":23,"enemies":"Replay:Hell Engine","floor":51,"turns":5},{"damage":16,"enemies":"Shield and Spear","floor":55,"turns":3},{"damage":65,"enemies":"The Heart","floor":56,"turns":6}],"seed_played":"-1053575442919743512","potions_obtained":[{"floor":8.0,"key":"Flashbang"},{"floor":10.0,"key":"Dexterity Potion"},{"floor":12.0,"key":"theDuelist:EarthBottle"},{"floor":22.0,"key":"Ancient Potion"}],"is_trial":false,"path_per_floor":["M","?","$","?","?","R","E","M","T","E","$","E","M","?","R","B",null,"M","$","?","?","M","E","R","E","T","M","M","E","R","?","R","B",null,"M","?","?","?","?","R","E","$","T","E","M","?","$","$","R","B","B",null,"R","$","E","B",null],"character_chosen":"THE_DUELIST","items_purchased":["theDuelist:CosmicHorrorGangiel+1","ReplayTheSpireMod:ShopPack","theDuelist:MillenniumSymbol","theDuelist:MerchantPendant","DollysMirror","ClockworkSouvenir","theDuelist:Yami","ReplayUltimateDefense"],"campfire_rested":1,"item_purchase_floors":[3,11,19,30,42,47,49,53],"current_hp_per_floor":[63,63,63,75,75,75,75,75,75,68,68,81,84,84,84,84,84,84,84,29,29,23,19,44,67,67,89,92,94,94,94,94,91,93,96,96,96,82,82,82,88,88,88,86,97,97,97,101,101,87,89,98,98,98,97,56],"gold":174,"neow_bonus":"THREE_ENEMY_KILL","is_daily":false,"chose_seed":false,"campfire_upgraded":0,"win_rate":0.0,"timestamp":1611316545,"path_taken":["M","?","$","?","?","R","E","M","T","E","?","E","M","?","R","BOSS","M","?","?","?","M","E","R","E","T","M","M","E","R","?","R","BOSS","M","?","?","?","?","R","E","$","T","E","M","?","$","$","R","BOSS","BOSS","R","$","E","BOSS"],"items_purchased_type":["Card","Relic","Relic","Relic","Relic","Relic","Card","Card"],"build_version":"2020-12-22","purchased_purges":0,"victory":true,"max_hp_per_floor":[70,70,70,82,82,82,82,82,82,82,82,82,84,84,84,84,84,84,84,84,84,86,86,86,88,88,90,92,94,94,94,94,94,94,96,96,96,82,82,82,88,88,88,95,97,97,97,101,101,101,101,101,101,101,101,101],"card_choices":[{"not_picked":["theDuelist:InjectionFairy","theDuelist:PowerKaishin","theDuelist:Mudballman","theDuelist:IcyCrevasse"],"picked":"theDuelist:DarkMagicianGirl","floor":1.0},{"not_picked":["theDuelist:AlienTelepath","theDuelist:ThousandEyesIdol","theDuelist:GeminiElf","theDuelist:Mudballman"],"picked":"theDuelist:FairyBox","floor":7.0},{"not_picked":["theDuelist:SangaThunder","theDuelist:NeoMagic","theDuelist:DarkMagician","theDuelist:GuardianAngel"],"picked":"theDuelist:InjectionFairy","floor":8.0},{"not_picked":["theDuelist:SangaThunder","theDuelist:PowerKaishin","theDuelist:WhiteHowling","theDuelist:CrystalWingDragon"],"picked":"theDuelist:ExodiaLA","floor":10.0},{"not_picked":["theDuelist:PotGenerosity","ReplayTheSpireMod:Brewmster"],"picked":"Thinking Ahead","floor":11.0},{"not_picked":["theDuelist:DestroyerGolem","Replay:Parry"],"picked":"Bandage Up","floor":11.0},{"not_picked":["Blind","Purity"],"picked":"theDuelist:OneForOne","floor":11.0},{"not_picked":["theDuelist:SangaThunder","theDuelist:OnslaughtFireKings","theDuelist:CallAtlanteans","theDuelist:LordD"],"picked":"theDuelist:InjectionFairy","floor":12.0},{"not_picked":["theDuelist:MistOrbCard","theDuelist:ReducerOrbCard","theDuelist:DragonOrbCard","theDuelist:CrystalOrbCard","theDuelist:MudOrbCard"],"picked":"Singing Bowl","floor":13.0},{"not_picked":["theDuelist:RainbowDarkDragon","theDuelist:RainbowMagician","theDuelist:RainbowKuriboh","theDuelist:RainbowOverdragon"],"picked":"theDuelist:IrisEarthMother","floor":16.0},{"not_picked":["theDuelist:SangaThunder","theDuelist:CallAtlanteans","theDuelist:AltarTribute","theDuelist:SilentDoom+1"],"picked":"theDuelist:InjectionFairy","floor":18.0},{"not_picked":["theDuelist:ExodiaHead","theDuelist:CharcoalInpachi","theDuelist:ApprenticeIllusionMagician+1","theDuelist:InfernoFireBlast+1"],"picked":"theDuelist:Wildfire+1","floor":20.0},{"not_picked":["theDuelist:DarkMagicianGirl+1","theDuelist:CosmicHorrorGangiel+1","theDuelist:NeoMagic+1","theDuelist:ExodiaLL+1","theDuelist:ExodiaHead+1"],"picked":"Singing Bowl","floor":22.0},{"not_picked":["theDuelist:ExodiaHead+1","theDuelist:QueenDragunDjinn+1","theDuelist:SwordsRevealing","theDuelist:SwordsBurning"],"picked":"theDuelist:IrisEarthMother+1","floor":23.0},{"not_picked":["theDuelist:SpellShatteringArrow","theDuelist:SangaThunder+1","theDuelist:InjectionFairy+1","theDuelist:DarkMagician+1","theDuelist:SangaEarth+1"],"picked":"Singing Bowl","floor":25.0},{"not_picked":["theDuelist:AttackTheMoon","theDuelist:Fissure","theDuelist:FuryFire","theDuelist:LightningVortex","theDuelist:WormKing+1"],"picked":"Singing Bowl","floor":27.0},{"not_picked":["theDuelist:ExodiaNecross+1","theDuelist:GateGuardian+1","theDuelist:SangaWater+1"],"picked":"Singing Bowl","floor":28.0},{"not_picked":["theDuelist:AttackTheMoon","theDuelist:StrayLambs","theDuelist:GaiaMidNightSun+1","theDuelist:Electrowhip","theDuelist:MagicHoleGolem+1"],"picked":"Singing Bowl","floor":29.0},{"not_picked":["theDuelist:RainbowDarkDragon+1","theDuelist:RainbowMagician+1","theDuelist:RainbowKuriboh+1","theDuelist:RainbowOverdragon+1"],"picked":"theDuelist:IrisEarthMother+1","floor":33.0},{"not_picked":["theDuelist:CrystalOrbCard","theDuelist:MistOrbCard","theDuelist:MetalOrbCard","theDuelist:SplashOrbCard","theDuelist:VoidOrbCard"],"picked":"Singing Bowl","floor":35.0},{"not_picked":["theDuelist:RainbowMagician+1","theDuelist:QueenDragunDjinn+1","theDuelist:GrandSpellbookTower+1","theDuelist:DarkPaladin+1","theDuelist:IceQueen+1"],"picked":"Singing Bowl","floor":41.0},{"not_picked":["theDuelist:SpellShatteringArrow","theDuelist:DarkMagician+1","theDuelist:PowerKaishin","theDuelist:GeminiElf+1","theDuelist:LegendaryFlameLord+1"],"picked":"Singing Bowl","floor":44.0},{"not_picked":["theDuelist:AttackTheMoon","theDuelist:Fissure","theDuelist:GauntletWarrior+1","theDuelist:LightningDarts+1","theDuelist:ForbiddenLance"],"picked":"Singing Bowl","floor":45.0},{"not_picked":["theDuelist:ExodiaHead+65","theDuelist:SwordsBurning+1","theDuelist:GateGuardian+1","theDuelist:SangaWater+1"],"picked":"theDuelist:Wildfire+4","floor":55}],"player_experience":78555,"relics_obtained":[{"floor":7.0,"key":"Vajra"},{"floor":9.0,"key":"theDuelist:AeroRelic"},{"floor":10.0,"key":"Singing Bowl"},{"floor":12.0,"key":"ReplayTheSpireMod:Lightbulb"},{"floor":20.0,"key":"WingedGreaves"},{"floor":20.0,"key":"theDuelist:BoosterPackMonsterEgg"},{"floor":20.0,"key":"Du-Vu Doll"},{"floor":23.0,"key":"Charon\u0027s Ashes"},{"floor":25.0,"key":"Replay:Baseball"},{"floor":26.0,"key":"Cables"},{"floor":29.0,"key":"Juzu Bracelet"},{"floor":32.0,"key":"Quantum Egg"},{"floor":41.0,"key":"MawBank"},{"floor":44.0,"key":"Durian"},{"floor":46.0,"key":"Ring of Hypnosis"},{"floor":46.0,"key":"Ring of Searing"},{"floor":55,"key":"theDuelist:TributeEggRelic"}],"event_choices":[{"damage_healed":0.0,"max_hp_gain":0.0,"max_hp_loss":0.0,"gold_gain":0.0,"cards_transformed":["theDuelist:CastleWalls"],"event_name":"Living Wall","player_choice":"Change","floor":2.0,"gold_loss":0.0,"damage_taken":0.0,"cards_obtained":["theDuelist:ExodiaLL"]},{"damage_healed":0.0,"max_hp_gain":0.0,"max_hp_loss":0.0,"gold_gain":0.0,"event_name":"Tomb of the Nameless","player_choice":"Worship - 20% roll at +12 Max HP","duelist":true,"floor":4.0,"gold_loss":0.0,"damage_taken":0.0},{"damage_healed":0.0,"max_hp_gain":0.0,"max_hp_loss":0.0,"gold_gain":0.0,"event_name":"Relic Duplicator","player_choice":"Leave","duelist":true,"floor":5.0,"gold_loss":0.0,"damage_taken":0.0},{"cards_removed":["theDuelist:FairyBox"],"damage_healed":5.0,"max_hp_gain":0.0,"max_hp_loss":0.0,"gold_gain":0.0,"event_name":"Bonfire Elementals","player_choice":"Offered Common","floor":14.0,"gold_loss":0.0,"damage_taken":0.0},{"cards_removed":["theDuelist:FairyBox"],"damage_healed":5.0,"max_hp_gain":0.0,"max_hp_loss":0.0,"gold_gain":0.0,"event_name":"Bonfire Elementals","player_choice":"Offered Special","floor":14.0,"gold_loss":0.0,"damage_taken":0.0},{"damage_healed":0.0,"max_hp_gain":0.0,"max_hp_loss":0.0,"gold_gain":0.0,"event_name":"Battle City","player_choice":"Fight","duelist":true,"floor":20.0,"gold_loss":0.0,"damage_taken":0.0},{"damage_healed":0.0,"max_hp_gain":0.0,"max_hp_loss":0.0,"gold_gain":0.0,"event_name":"Millennium Items","player_choice":"Took item - Received: Millennium Coin","duelist":true,"floor":21.0,"gold_loss":0.0,"damage_taken":0.0},{"damage_healed":0.0,"max_hp_gain":0.0,"max_hp_loss":0.0,"gold_gain":0.0,"cards_transformed":["theDuelist:DarkMagicianGirl","theDuelist:MysticalElf"],"event_name":"Drug Dealer","player_choice":"Became Test Subject","floor":31.0,"gold_loss":0.0,"damage_taken":0.0,"cards_obtained":["theDuelist:GoblinSecret","theDuelist:PowerKaishin"]},{"cards_removed":["theDuelist:CosmicHorrorGangiel"],"damage_healed":0.0,"max_hp_gain":0.0,"max_hp_loss":0.0,"gold_gain":0.0,"event_name":"Wheel of Change","player_choice":"Card Removal","floor":36.0,"gold_loss":0.0,"damage_taken":0.0},{"damage_healed":0.0,"max_hp_gain":0.0,"max_hp_loss":0.0,"gold_gain":0.0,"event_name":"Tomb of Lord Red Mask","player_choice":"Ignored","floor":37.0,"gold_loss":0.0,"damage_taken":0.0},{"power_reward":3.0,"total_magic_score":72.0,"gold_gain":0.0,"greed_reward":3.0,"duelist":true,"damage_taken":10.0,"relics_obtained":["theDuelist:NamelessPowerRelicB","theDuelist:NamelessGreedRelic","theDuelist:NamelessHungerRelic","theDuelist:NamelessWarRelicC"],"points":14.0,"war_reward":3.0,"max_hp_gain":0.0,"max_hp_loss":14.0,"spent_points":{"magic":2.0,"greed":3.0,"war":3.0,"power":3.0,"hunger":3.0},"event_name":"Nameless Tomb","hunger_reward":3.0,"floor":38.0,"gold_loss":0.0,"cards_obtained":["CommonCold"]},{"damage_healed":0.0,"max_hp_gain":0.0,"max_hp_loss":0.0,"gold_gain":0.0,"event_name":"Duplicator","player_choice":"Copied","floor":39.0,"gold_loss":0.0,"damage_taken":0.0,"cards_obtained":["theDuelist:Wildfire"]}],"is_beta":false,"boss_relics":[{"not_picked":["Abe\u0027s Treasure","ReplayTheSpireMod:DimensionalGlitch"],"picked":"Inserter"},{"not_picked":["Calling Bell","Fusion Hammer"],"picked":"Snecko Heart"}],"items_purged_floors":[],"is_endless":false,"potions_floor_spawned":[8,10,12,13,20,22,25,27,35,45],"ascension_level":20}}