{"host":"k7udt7atmcuzf6l0","time":1611299171,"event":{"mods":["AchievementEnabler","BaseMod","Colored Map","Colored Powertips","Highlight Path","Minty Spire (QoL Compilation)","Quick Restart","Rare Cards Sparkle","StSLib","UnlockEverythingMod"],"gold_per_floor":[116,136,153,153,153,153,153,187,212,35,51,87,72,109,109,109,109],"floor_reached":16,"language":"ZHT","playtime":373,"items_purged":["Regret"],"score":118,"play_id":"a1b2339a-30aa-459e-8185-0e94c9d02b5b","local_time":"20210122150611","is_ascension_mode":false,"campfire_choices":[{"data":"Body Slam","floor":6,"key":"SMITH"},{"data":"Flex","floor":15,"key":"SMITH"}],"circlet_count":0,"master_deck":["Strike_R+1","Strike_R","Strike_R","Strike_R","Strike_R","Defend_R","Defend_R","Defend_R","Defend_R","Bash+1","Pommel Strike","Body Slam+1","Whirlwind","Flex+1","Headbutt","Bloodletting","Shrug It Off","Iron Wave"],"relics":["Burning Blood","NeowsBlessing","Bag of Marbles","Omamori","Oddly Smooth Stone","Orichalcum","CeramicFish","Strawberry","Whetstone"],"acts_visited":["Exordium"],"potions_floor_usage":[8,8,11],"damage_taken":[{"damage":0,"enemies":"Cultist","floor":1,"turns":1},{"damage":0,"enemies":"2 Louse","floor":2,"turns":1},{"damage":0,"enemies":"Jaw Worm","floor":3,"turns":1},{"damage":19,"enemies":"3 Sentries","floor":8,"turns":4},{"damage":1,"enemies":"Large Slime","floor":11,"turns":5},{"damage":24,"enemies":"Lagavulin","floor":12,"turns":5},{"damage":21,"enemies":"3 Sentries","floor":14,"turns":5},{"damage":43,"enemies":"The Guardian","floor":16,"turns":8}],"seed_played":"7118453854941346385","potions_obtained":[{"floor":1,"key":"DistilledChaos"},{"floor":3,"key":"AttackPotion"}],"is_trial":false,"path_per_floor":["M","M","M","?","?","R","?","E","T","$","M","E","$","E","R","B"],"character_chosen":"IRONCLAD","items_purchased":["Flex","Headbutt","Explosive Potion","Shrug It Off"],"campfire_rested":0,"item_purchase_floors":[10,10,10,13],"current_hp_per_floor":[80,80,80,80,77,77,77,64,64,64,69,58,58,43,43,0,0],"gold":109,"neow_bonus":"THREE_ENEMY_KILL","is_daily":false,"chose_seed":false,"campfire_upgraded":2,"win_rate":0.0,"timestamp":1611299171,"path_taken":["M","?","M","?","?","R","?","E","T","?","M","E","$","E","R","BOSS"],"items_purchased_type":["Card","Card","Potion","Card"],"build_version":"2020-12-22","purchased_purges":1,"victory":false,"max_hp_per_floor":[80,80,80,80,80,80,80,80,80,80,80,87,87,87,87,87,87],"card_choices":[{"not_picked":["Dropkick","Body Slam"],"picked":"Pommel Strike","floor":1},{"not_picked":["Disarm","Headbutt"],"picked":"Body Slam","floor":2},{"not_picked":["Clothesline","Shrug It Off"],"picked":"Whirlwind","floor":3},{"not_picked":["Wild Strike","Rampage","Cleave"],"picked":"SKIP","floor":8},{"not_picked":["Entrench","Pommel Strike","Wild Strike"],"picked":"SKIP","floor":11},{"not_picked":["Heavy Blade","Anger"],"picked":"Bloodletting","floor":12},{"not_picked":["Brutality","Headbutt"],"picked":"Iron Wave","floor":14}],"player_experience":94107,"relics_obtained":[{"floor":8,"key":"Orichalcum"},{"floor":9,"key":"CeramicFish"},{"floor":12,"key":"Strawberry"},{"floor":14,"key":"Whetstone"}],"event_choices":[{"damage_healed":0,"gold_gain":0,"player_choice":"Box","damage_taken":0,"relics_obtained":["Bag of Marbles"],"max_hp_gain":0,"max_hp_loss":0,"event_name":"Big Fish","floor":4,"gold_loss":0,"cards_obtained":["Regret"]},{"damage_healed":0,"gold_gain":0,"player_choice":"Success","damage_taken":3,"relics_obtained":["Omamori"],"max_hp_gain":0,"max_hp_loss":0,"event_name":"Scrap Ooze","floor":5,"gold_loss":0},{"damage_healed":0,"gold_gain":0,"player_choice":"Searched \u00271\u0027 times","damage_taken":0,"relics_obtained":["Oddly Smooth Stone"],"max_hp_gain":0,"max_hp_loss":0,"event_name":"Dead Adventurer","floor":7,"gold_loss":0}],"is_beta":false,"boss_relics":[],"items_purged_floors":[10],"is_endless":false,"potions_floor_spawned":[1,3],"killed_by":"The Guardian","ascension_level":0}}