{"host":"j4g6ia6asvpyu2b0","time":1611315434,"event":{"mods":["BaseMod","Colored Map","Minty Spire (QoL Compilation)","Permanent Neow","Quick Restart","Relic Stats","StSLib","Unceasing Turn Reminder"],"gold_per_floor":[151,190,365,377,416,416,449,449,449,487,540,617,287,315,315,416,416,454,454,170,445,459,489,489,520,546,546,566,585,585,585],"floor_reached":30,"language":"ENG","playtime":1057,"items_purged":["Doubt","Normality"],"score":540,"play_id":"cc8fcdd0-b5d8-4b84-b1f8-ba92fef8fdcb","local_time":"20210122043714","is_ascension_mode":true,"campfire_choices":[{"data":"HandOfGreed","floor":6.0,"key":"SMITH"},{"data":"Noxious Fumes","floor":15.0,"key":"SMITH"},{"data":"Crippling Poison","floor":24,"key":"SMITH"},{"data":"Tactician","floor":27,"key":"SMITH"}],"circlet_count":0,"master_deck":["AscendersBane","Strike_G","Strike_G","Strike_G","Strike_G","Strike_G","Defend_G","Defend_G","Defend_G","Defend_G","Defend_G","Survivor","Neutralize","HandOfGreed+1","Deadly Poison","Sucker Punch","Quick Slash","Crippling Poison+1","Noxious Fumes+1","Bandage Up","Bullet Time","Glass Knife","Skewer","Dagger Throw","After Image","CurseOfTheBell","Dagger Spray+1","Tactician+1","Caltrops","Regret","Unload","Predator","Acrobatics+1","Flying Knee","Deflect"],"relics":["Ring of the Snake","Lizard Tail","TungstenRod","White Beast Statue","Orichalcum","Ninja Scroll","Calling Bell","Centennial Puzzle","Matryoshka","Incense Burner","Medical Kit","Omamori","StoneCalendar","Dream Catcher","Potion Belt"],"acts_visited":["Exordium","TheCity"],"potions_floor_usage":[18,23,25,29,30],"damage_taken":[{"damage":0.0,"enemies":"Small Slimes","floor":1.0,"turns":4.0},{"damage":0.0,"enemies":"2 Louse","floor":2.0,"turns":3.0},{"damage":1.0,"enemies":"Cultist","floor":4.0,"turns":4.0},{"damage":14.0,"enemies":"Large Slime","floor":5.0,"turns":6.0},{"damage":30.0,"enemies":"Gremlin Nob","floor":7.0,"turns":5.0},{"damage":5.0,"enemies":"3 Louse","floor":10.0,"turns":5.0},{"damage":13.0,"enemies":"3 Sentries","floor":11.0,"turns":7.0},{"damage":21.0,"enemies":"Gremlin Nob","floor":14.0,"turns":5.0},{"damage":14.0,"enemies":"Slime Boss","floor":16.0,"turns":7.0},{"damage":4,"enemies":"2 Thieves","floor":18,"turns":4},{"damage":5,"enemies":"Chosen","floor":22,"turns":4},{"damage":10,"enemies":"Gremlin Leader","floor":23,"turns":6},{"damage":13,"enemies":"Slavers","floor":25,"turns":5},{"damage":13,"enemies":"Snecko","floor":28,"turns":3},{"damage":6,"enemies":"Sentry and Sphere","floor":29,"turns":4},{"damage":24,"enemies":"Book of Stabbing","floor":30,"turns":3}],"seed_played":"-7862210607313959630","potions_obtained":[{"floor":2.0,"key":"Swift Potion"},{"floor":10.0,"key":"Block Potion"},{"floor":11.0,"key":"DuplicationPotion"},{"floor":14.0,"key":"Fire Potion"},{"floor":16.0,"key":"FearPotion"},{"floor":18,"key":"LiquidMemories"},{"floor":22,"key":"Swift Potion"},{"floor":23,"key":"Swift Potion"},{"floor":25,"key":"PowerPotion"},{"floor":28,"key":"Dexterity Potion"},{"floor":29,"key":"Swift Potion"}],"is_trial":false,"path_per_floor":["M","M","?","M","M","R","E","?","T","M","E","?","$","E","R","B",null,"M","?","$","?","M","E","R","E","T","R","M","M","E"],"character_chosen":"THE_SILENT","items_purchased":["CultistPotion","Orichalcum","Medical Kit","Caltrops"],"campfire_rested":0,"item_purchase_floors":[13,13,20,20],"current_hp_per_floor":[59,59,59,58,44,44,14,14,14,13,4,4,4,17,17,7,51,51,51,51,51,50,44,44,35,35,35,22,20,0,0],"gold":585,"neow_bonus":"RANDOM_COLORLESS_2","is_daily":false,"chose_seed":false,"campfire_upgraded":4,"win_rate":0.0,"timestamp":1611315434,"path_taken":["M","M","?","M","M","R","E","?","T","?","E","?","$","E","R","BOSS","M","?","$","?","M","E","R","E","T","R","M","M","E"],"items_purchased_type":["Potion","Relic","Relic","Card"],"build_version":"2020-12-22","purchased_purges":2,"victory":false,"max_hp_per_floor":[66,66,66,66,66,66,66,66,66,66,66,66,66,66,66,66,66,66,66,66,66,66,66,66,66,66,66,66,66,66,66],"relic_stats":{"Lizard Tail":33,"Centennial Puzzle":[21],"Dream Catcher":0,"counters":[16,75],"StoneCalendar":[0],"Orichalcum":[150],"Medical Kit":[0],"obtain_stats":[{"Potion Belt":26,"StoneCalendar":25,"Incense Burner":17,"Omamori":23,"Orichalcum":13,"Medical Kit":20,"White Beast Statue":11,"Calling Bell":17,"Lizard Tail":7,"Centennial Puzzle":17,"Dream Catcher":26,"Matryoshka":17,"Ninja Scroll":14,"TungstenRod":9,"Ring of the Snake":0},{"Potion Belt":13,"StoneCalendar":13,"Incense Burner":9,"Omamori":12,"Orichalcum":7,"Medical Kit":10,"White Beast Statue":7,"Calling Bell":9,"Lizard Tail":5,"Centennial Puzzle":9,"Dream Catcher":13,"Matryoshka":9,"Ninja Scroll":8,"TungstenRod":5,"Ring of the Snake":0},{"Potion Belt":65,"StoneCalendar":65,"Incense Burner":46,"Omamori":60,"Orichalcum":34,"Medical Kit":50,"White Beast Statue":34,"Calling Bell":46,"Lizard Tail":22,"Centennial Puzzle":46,"Dream Catcher":65,"Matryoshka":46,"Ninja Scroll":39,"TungstenRod":22,"Ring of the Snake":0}],"TungstenRod":29,"Ring of the Snake":[32]},"card_choices":[{"not_picked":["Secret Technique","Secret Weapon"],"picked":"HandOfGreed","floor":0.0},{"not_picked":["Dagger Spray","Tactician"],"picked":"Deadly Poison","floor":1.0},{"not_picked":["Tactician","Reflex"],"picked":"Sucker Punch","floor":2.0},{"not_picked":["Finisher","Acrobatics"],"picked":"Quick Slash","floor":4.0},{"not_picked":["Prepared","Sucker Punch"],"picked":"Crippling Poison","floor":5.0},{"not_picked":["Flechettes","PiercingWail"],"picked":"Noxious Fumes","floor":7.0},{"not_picked":["Expertise","Calculated Gamble"],"picked":"Glass Knife","floor":10.0},{"not_picked":["Infinite Blades","Slice"],"picked":"Skewer","floor":11.0},{"not_picked":["Deadly Poison","Poisoned Stab"],"picked":"Dagger Throw","floor":14.0},{"not_picked":["Adrenaline","Storm of Steel"],"picked":"After Image","floor":16.0},{"not_picked":["Bane+1","Bouncing Flask"],"picked":"Dagger Spray+1","floor":18},{"not_picked":["All Out Attack","Deflect"],"picked":"Unload","floor":22},{"not_picked":["Bouncing Flask","Finisher"],"picked":"Predator","floor":23},{"not_picked":["Finisher","Backstab"],"picked":"Acrobatics+1","floor":25},{"not_picked":["Prepared","Calculated Gamble"],"picked":"Flying Knee","floor":28},{"not_picked":["Masterful Stab","Flying Knee"],"picked":"Deflect","floor":29}],"player_experience":925303,"relics_obtained":[{"floor":7.0,"key":"Lizard Tail"},{"floor":9.0,"key":"TungstenRod"},{"floor":11.0,"key":"White Beast Statue"},{"floor":14.0,"key":"Ninja Scroll"},{"floor":17.0,"key":"Centennial Puzzle"},{"floor":17.0,"key":"Matryoshka"},{"floor":17.0,"key":"Incense Burner"},{"floor":23,"key":"Omamori"},{"floor":25,"key":"StoneCalendar"},{"floor":26,"key":"Dream Catcher"},{"floor":26,"key":"Potion Belt"}],"event_choices":[{"damage_healed":0.0,"max_hp_gain":0.0,"max_hp_loss":0.0,"gold_gain":175.0,"event_name":"Liars Game","player_choice":"AGREE","floor":3.0,"gold_loss":0.0,"damage_taken":0.0,"cards_obtained":["Doubt"]},{"damage_healed":0.0,"max_hp_gain":0.0,"max_hp_loss":0.0,"gold_gain":0.0,"event_name":"Match and Keep!","player_choice":"2 cards matched","floor":8.0,"gold_loss":0.0,"damage_taken":0.0,"cards_obtained":["Bandage Up","Bullet Time"]},{"damage_healed":0.0,"max_hp_gain":0.0,"max_hp_loss":0.0,"gold_gain":77.0,"event_name":"Golden Wing","player_choice":"Gained Gold","floor":12.0,"gold_loss":0.0,"damage_taken":0.0},{"damage_healed":0,"gold_gain":0,"player_choice":"Read","damage_taken":0,"max_hp_gain":0,"max_hp_loss":0,"event_name":"The Library","floor":19,"gold_loss":0,"cards_obtained":["Tactician"]},{"damage_healed":0,"gold_gain":275,"player_choice":"Desecrate","damage_taken":0,"max_hp_gain":0,"max_hp_loss":0,"event_name":"Golden Shrine","floor":21,"gold_loss":0,"cards_obtained":["Regret"]}],"is_beta":false,"boss_relics":[{"not_picked":["SacredBark","Sozu"],"picked":"Calling Bell"}],"items_purged_floors":[13,20],"is_endless":false,"potions_floor_spawned":[2,10,11,14,16,18,22,23,25,28,29],"killed_by":"Book of Stabbing","ascension_level":14}}