{"host":"btt6ntw6a1bnaigc","time":1611356443,"event":{"mods":["AchievementEnabler","BaseMod","Downfall","Hermit","Minty Spire (QoL Compilation)","StSLib","The Cursed","The Mystic"],"gold_per_floor":[116,133,133,146,64,64,90,90,90,107,107,135,135,135,135,231,231,246,257,273,273,290,316,316,316,316,316,341,341],"floor_reached":28,"language":"ENG","playtime":3863,"items_purged":[],"score":348,"play_id":"71a19c7b-b99a-43a3-907b-9fefbd6fe166","local_time":"20210122230043","is_ascension_mode":true,"campfire_choices":[{"data":"Well Laid Plans","floor":6.0,"key":"SMITH"},{"data":"Neutralize","floor":8.0,"key":"SMITH"},{"data":"Malaise","floor":11.0,"key":"SMITH"},{"data":"Footwork","floor":13.0,"key":"SMITH"},{"data":"Prepared","floor":15.0,"key":"SMITH"},{"floor":25,"key":"RECALL"},{"floor":27,"key":"REST"}],"circlet_count":0,"master_deck":["Survivor","Neutralize+1","Malaise+1","Dash","Prepared+1","Outmaneuver","Backflip","Poisoned Stab","Backflip","Night Terror+1","Grand Finale","Unload","Dodge and Roll","Dagger Throw","Well Laid Plans+1","Backstab","Blur","Footwork+1","Envenom","Cloak And Dagger","Envenom","Writhe","Quick Slash","Caltrops","Necronomicurse"],"relics":["Pandora\u0027s Box","Gambling Chip","FossilizedHelix","Odd Mushroom","Fusion Hammer","Toy Ornithopter","Bottled Lightning","Necronomicon","MealTicket"],"acts_visited":["Exordium","TheCity"],"potions_floor_usage":[18,20,23,23,23,23,23],"damage_taken":[{"damage":0.0,"enemies":"2 Louse","floor":1.0,"turns":3.0},{"damage":0.0,"enemies":"Cultist","floor":2.0,"turns":3.0},{"damage":0.0,"enemies":"Small Slimes","floor":4.0,"turns":3.0},{"damage":1.0,"enemies":"Lagavulin","floor":7.0,"turns":6.0},{"damage":0.0,"enemies":"3 Louse","floor":10.0,"turns":2.0},{"damage":13.0,"enemies":"The Mushroom Lair","floor":12.0,"turns":4.0},{"damage":0.0,"enemies":"Hexaghost","floor":16.0,"turns":10.0},{"damage":0,"enemies":"2 Thieves","floor":18,"turns":4},{"damage":0,"enemies":"Spheric Guardian","floor":19,"turns":4},{"damage":1,"enemies":"Snecko","floor":20,"turns":6},{"damage":6,"enemies":"Centurion and Healer","floor":22,"turns":6},{"damage":0,"enemies":"Gremlin Leader","floor":23,"turns":8},{"damage":4,"enemies":"Book of Stabbing","floor":28,"turns":9}],"seed_played":"-3631942804407574184","potions_obtained":[{"floor":4.0,"key":"EssenceOfSteel"},{"floor":16.0,"key":"Guardian:BlockOnCardUsePotion"},{"floor":19,"key":"DuplicationPotion"},{"floor":20,"key":"EntropicBrew"},{"floor":22,"key":"BlessingOfTheForge"}],"is_trial":false,"path_per_floor":["M","M","?","M","$","R","E","R","T","M","R","?","R","?","R","B",null,"M","M","M","?","M","E","?","R","T","R","E"],"character_chosen":"THE_SILENT","items_purchased":["Well Laid Plans"],"campfire_rested":1,"item_purchase_floors":[5],"current_hp_per_floor":[70,70,70,70,70,70,69,69,69,69,69,56,56,61,61,61,75,75,75,74,74,68,75,59,59,59,75,71,71],"gold":341,"neow_bonus":"BOSS_RELIC","is_daily":false,"chose_seed":false,"campfire_upgraded":5,"win_rate":0.0,"timestamp":1611356443,"path_taken":["M","M","?","M","?","R","E","R","T","M","R","?","R","?","R","BOSS","M","M","M","?","M","E","?","R","T","R","E"],"items_purchased_type":["Card"],"build_version":"2020-12-22","purchased_purges":0,"victory":false,"max_hp_per_floor":[70,70,70,70,70,70,70,70,70,70,70,70,70,75,75,75,75,75,75,75,75,75,75,75,75,75,75,75,75],"card_choices":[{"not_picked":["Slice","Deadly Poison"],"picked":"Dodge and Roll","floor":1.0},{"not_picked":["Deadly Poison","Deflect","Outmaneuver"],"picked":"SKIP","floor":2.0},{"not_picked":["Slice","Eviscerate"],"picked":"Dagger Throw","floor":4.0},{"not_picked":["Acrobatics","Underhanded Strike"],"picked":"Backstab","floor":7.0},{"not_picked":["Quick Slash","Deadly Poison"],"picked":"Blur","floor":10.0},{"not_picked":["Sucker Punch","Cloak And Dagger"],"picked":"Footwork","floor":12.0},{"not_picked":["Doppelganger","Die Die Die"],"picked":"Envenom","floor":16.0},{"not_picked":["Outmaneuver+1","Deflect+1"],"picked":"Cloak And Dagger","floor":18},{"not_picked":["Blade Dance","Prepared+1","Deflect"],"picked":"SKIP","floor":19},{"not_picked":["Accuracy","Prepared"],"picked":"Envenom","floor":20},{"not_picked":["Reflex","Finisher"],"picked":"Quick Slash","floor":22},{"not_picked":["Dagger Throw","Reflex"],"picked":"Caltrops","floor":23},{"not_picked":["Eviscerate","Malaise","Escape Plan"],"picked":"SKIP","floor":28}],"player_experience":271231,"relics_obtained":[{"floor":7.0,"key":"Gambling Chip"},{"floor":9.0,"key":"FossilizedHelix"},{"floor":12.0,"key":"Odd Mushroom"},{"floor":23,"key":"Bottled Lightning"},{"floor":24,"key":"Necronomicon"},{"floor":28,"key":"MealTicket"}],"event_choices":[{"damage_healed":0.0,"max_hp_gain":0.0,"max_hp_loss":0.0,"gold_gain":0.0,"event_name":"Upgrade Shrine","player_choice":"Upgraded","floor":3.0,"gold_loss":0.0,"damage_taken":0.0,"cards_upgraded":["Night Terror"]},{"damage_healed":0.0,"max_hp_gain":0.0,"max_hp_loss":0.0,"gold_gain":0.0,"event_name":"Mushrooms","player_choice":"Fought Mushrooms","floor":12.0,"gold_loss":0.0,"damage_taken":0.0},{"damage_healed":0.0,"max_hp_gain":5.0,"max_hp_loss":0.0,"gold_gain":0.0,"event_name":"Big Fish","player_choice":"Donut","floor":14.0,"gold_loss":0.0,"damage_taken":0.0},{"damage_healed":0,"gold_gain":0,"player_choice":"Opened","damage_taken":0,"relics_obtained":["Toy Ornithopter"],"max_hp_gain":0,"max_hp_loss":0,"event_name":"The Mausoleum","floor":21,"gold_loss":0,"cards_obtained":["Writhe"]},{"damage_healed":0,"gold_gain":0,"player_choice":"Obtained Book","damage_taken":16,"max_hp_gain":0,"max_hp_loss":0,"event_name":"Cursed Tome","floor":24,"gold_loss":0}],"is_beta":false,"boss_relics":[{"not_picked":["Black Star","Calling Bell"],"picked":"Fusion Hammer"}],"items_purged_floors":[],"is_endless":false,"potions_floor_spawned":[4,16,19,20,22],"killed_by":"Book of Stabbing","ascension_level":1}}