{"host":"qc8h4lvnd2c314ki","time":1611326802,"event":{"mods":["AchievementEnabler","Act Like it!","Arknights The Spire","BaseMod","Better Note","Curses Come First","Friendly Minions","GifTheSpireLib","Highlight Path","Minty Spire (QoL Compilation)","Random Character Button","Robot Space Explorer","Spicy Shops","StSLib","The Marked"],"gold_per_floor":[115,115,40,40,40,40,65,65,92,167,117,117,134,151,151,252,252,263,14,0,0,19,19,35,35,35],"floor_reached":25,"language":"ZHS","playtime":1344,"items_purged":["ats:Strike C","ats:Strike S"],"score":222,"play_id":"c189c42d-29a3-4d04-988b-d1e2526d1aee","local_time":"20210122224642","is_ascension_mode":false,"campfire_choices":[{"floor":6.0,"key":"RECALL"},{"data":"ats:Phantom","floor":15.0,"key":"SMITH"},{"data":"ats:Soul Rend","floor":23,"key":"SMITH"}],"circlet_count":0,"master_deck":["ats:Strike V","ats:Armor Crushing Shot","ats:Defend","ats:Defend","ats:Defend","ats:Defend","ats:Emotion Absorption","ats:Spore Proliferation","ats:Thermite Blade","RobotSpaceExplorer:TrailblazerForm+1","ats:Mental Burst","ats:Phantom+1","ats:Soul Rend+1","ats:Sunburst","ats:Assault Order+1","ats:Guardian Obelisk"],"relics":["ats:Sanity","NeowsBlessing","MealTicket","ats:Originium","Juzu Bracelet","Black Star","Potion Belt","Enchiridion"],"acts_visited":["Exordium","TheCity"],"potions_floor_usage":[],"damage_taken":[{"damage":0.0,"enemies":"Small Slimes","floor":1.0,"turns":1.0},{"damage":0.0,"enemies":"3 Sentries","floor":7.0,"turns":1.0},{"damage":0.0,"enemies":"Jaw Worm","floor":13.0,"turns":1.0},{"damage":0.0,"enemies":"2 Louse","floor":14.0,"turns":3.0},{"damage":40.0,"enemies":"Slime Boss","floor":16.0,"turns":18.0},{"damage":5.0,"enemies":"Spheric Guardian","floor":18.0,"turns":3.0},{"damage":18,"enemies":"Shell Parasite","floor":22,"turns":7},{"damage":43,"enemies":"Snecko","floor":24,"turns":6},{"damage":71,"enemies":"Book of Stabbing","floor":25,"turns":6}],"seed_played":"4283121312113882047","potions_obtained":[{"floor":7.0,"key":"FairyPotion"},{"floor":14.0,"key":"Explosive Potion"},{"floor":24,"key":"FearPotion"}],"is_trial":false,"path_per_floor":["M","?","$","?","?","R","E","$","T","?","?","?","M","M","R","B",null,"M","$","?","?","M","R","M","E"],"character_chosen":"DOCTOR_CLASS","items_purchased":["Potion Belt"],"campfire_rested":0,"item_purchase_floors":[19],"current_hp_per_floor":[72,72,72,69,74,74,74,77,77,66,66,66,66,66,66,26,77,72,77,77,61,45,45,42,0,0],"gold":35,"neow_bonus":"THREE_ENEMY_KILL","is_daily":false,"chose_seed":false,"campfire_upgraded":2,"win_rate":0.0,"timestamp":1611326802,"path_taken":["M","?","$","?","?","R","E","?","T","?","?","?","M","M","R","BOSS","M","$","?","?","M","R","M","E"],"items_purchased_type":["Relic"],"build_version":"2020-12-22","purchased_purges":2,"victory":false,"max_hp_per_floor":[72,72,72,72,77,77,77,77,77,77,77,77,77,77,77,77,77,77,77,77,77,77,77,77,77,77],"card_choices":[{"not_picked":["ats:Explosion Area Strengthen","ats:Soul Absorption"],"picked":"ats:Spore Proliferation","floor":1.0},{"not_picked":["ats:Ignite","ats:Healing Strengthening"],"picked":"ats:Thermite Blade","floor":7.0},{"not_picked":["ats:Blood Oath","ats:Shadow Raid"],"picked":"ats:Mental Burst","floor":13.0},{"not_picked":["ats:Leaping Hammer","ats:Apocalypse"],"picked":"ats:Phantom","floor":14.0},{"not_picked":["ats:Disruption Kick","ats:Ambush"],"picked":"ats:Soul Rend","floor":16.0},{"not_picked":["ats:Red Shift","ats:Revitalization"],"picked":"ats:Sunburst","floor":18.0},{"not_picked":["ats:Leaping Hammer","ats:Blood Oath"],"picked":"ats:Assault Order+1","floor":22},{"not_picked":["ats:Flame Of Heaven+1","ats:Demon Strength"],"picked":"ats:Guardian Obelisk","floor":24}],"player_experience":505803,"relics_obtained":[{"floor":7.0,"key":"ats:Originium"},{"floor":7.0,"key":"Juzu Bracelet"},{"floor":21,"key":"Enchiridion"}],"event_choices":[{"damage_healed":0.0,"max_hp_gain":0.0,"max_hp_loss":0.0,"gold_gain":0.0,"event_name":"Shining Light","player_choice":"Ignored","floor":2.0,"gold_loss":0.0,"damage_taken":0.0},{"damage_healed":0.0,"max_hp_gain":0.0,"max_hp_loss":0.0,"gold_gain":0.0,"event_name":"Scrap Ooze","player_choice":"Success","floor":4.0,"gold_loss":0.0,"damage_taken":3.0,"relics_obtained":["MealTicket"]},{"damage_healed":0.0,"max_hp_gain":5.0,"max_hp_loss":0.0,"gold_gain":0.0,"event_name":"Big Fish","player_choice":"Donut","floor":5.0,"gold_loss":0.0,"damage_taken":0.0},{"damage_healed":0.0,"max_hp_gain":0.0,"max_hp_loss":0.0,"gold_gain":75.0,"event_name":"World of Goop","player_choice":"Gather Gold","floor":10.0,"gold_loss":0.0,"damage_taken":11.0},{"cards_removed":["ats:Strike G"],"damage_healed":0.0,"max_hp_gain":0.0,"max_hp_loss":0.0,"gold_gain":0.0,"event_name":"The Cleric","player_choice":"Card Removal","floor":11.0,"gold_loss":50.0,"damage_taken":0.0},{"damage_healed":0.0,"max_hp_gain":0.0,"max_hp_loss":0.0,"gold_gain":0.0,"event_name":"betterNote:BetterNote","player_choice":"Take","floor":12.0,"gold_loss":0.0,"damage_taken":0.0,"cards_obtained":["RobotSpaceExplorer:TrailblazerForm"]},{"damage_healed":0,"gold_gain":0,"player_choice":"Paid Fearfully","damage_taken":0,"max_hp_gain":0,"max_hp_loss":0,"event_name":"Masked Bandits","floor":20,"gold_loss":14},{"damage_healed":0,"gold_gain":0,"player_choice":"Obtained Book","damage_taken":16,"max_hp_gain":0,"max_hp_loss":0,"event_name":"Cursed Tome","floor":21,"gold_loss":0}],"is_beta":false,"boss_relics":[{"not_picked":["Velvet Choker","Busted Crown"],"picked":"Black Star"}],"items_purged_floors":[3,19],"is_endless":false,"potions_floor_spawned":[7,14,24],"killed_by":"Book of Stabbing","ascension_level":0}}