{"host":"qhbbxt9nia1s4hz5","time":1611345081,"event":{"mods":["2.2 Compatiblity","Act Like it!","AlwaysNeverKeys","BaseMod","Better Altar","Better Note","Better Sensory Stone","Better Skull","Better Third Choice","Better Vampires","BetterRewards","Block Reminder","Booster Modes","Colored Map","Colored Powertips","Energized Spire","Faster Ascension Climbing","Friendly Minions","GifTheSpireLib","Gold Saver","Hallownest","Infinite Spire","Minty Spire (QoL Compilation)","Permanent Neow","Rare Cards Sparkle","Relic Filter","Replay The Spire","Shop Mod","StSLib","Stuff the Spire","The Blue Laboratory","TheHero","Watcher Patcher"],"gold_per_floor":[1161,1161,879,889,889,889,924,476,500,518,533,533,544,574,574,677,677,697,697,293,293,556,585,597,609,621,665,677,371,385,400,400,503,503,520,208,226,226,245,245,245,245,245,245,260,310,330,340,340,340,340,340,121,152,152],"floor_reached":56,"language":"ENG","playtime":4610,"items_purged":["animeID:DefendMH","animeID:DefendMH","Purity","animeID:Rei","animeID:Smash","animeID:DefendMH","animeID:Smash","animeID:Smash","Replay:Sssssssssshield+1"],"score":1375,"play_id":"f9a5cd97-379f-4a68-992a-630ac31ea027","local_time":"20210122215121","is_ascension_mode":false,"campfire_choices":[{"data":"animeID:Deku","floor":6,"key":"SMITH"},{"data":"animeID:RedRiot","floor":12,"key":"SMITH"},{"data":"animeID:Kirishima","floor":12,"key":"SMITH"},{"data":"animeID:HowitzerImpact","floor":15,"key":"SMITH"},{"data":"animeID:Iida","floor":15,"key":"SMITH"},{"data":"infinitespire:SevenWalls","floor":25,"key":"SMITH"},{"data":"LessonLearned","floor":25,"key":"SMITH"},{"data":"animeID:Kirishima","floor":28,"key":"SMITH"},{"data":"animeID:Ojiro","floor":28,"key":"SMITH"},{"data":"animeID:Hatsume","floor":32,"key":"SMITH"},{"data":"infinitespire:Collect","floor":32,"key":"SMITH"},{"data":"Replay:Sssssssssshield","floor":40,"key":"SMITH"},{"data":"animeID:Deku","floor":40,"key":"SMITH"},{"data":"animeID:PlusUltra","floor":44,"key":"SMITH"},{"data":"animeID:Mezo","floor":44,"key":"SMITH"},{"data":"animeID:Mezo","floor":49,"key":"SMITH"},{"data":"animeID:Kendo","floor":49,"key":"SMITH"},{"data":"animeID:DefendMH","floor":52,"key":"SMITH"},{"data":"animeID:DefendMH","floor":52,"key":"SMITH"}],"circlet_count":0,"master_deck":["animeID:Deku+1","animeID:Bakugo+1","animeID:Smash","animeID:DefendMH+4","animeID:Bakugo+1","animeID:Kirishima+1","animeID:Kirishima+1","infinitespire:Collect+1","animeID:Ojiro+1","animeID:Iida+1","animeID:Kendo+1","animeID:Mezo+1","animeID:HowitzerImpact+1","animeID:Deku+1","animeID:RedRiot+1","animeID:AllMight+1","LessonLearned+1","infinitespire:SevenWalls+1","animeID:Iida+1","animeID:Mezo+1","animeID:Hatsume+1","animeID:PlusUltra+1","animeID:Deku+1","animeID:DelawareSmash","animeID:DelawareSmash","animeID:Deku+1"],"relics":["animeID:HeroCostume","Membership Card","Unceasing Top","Simple Rune","Nunchaku","infinitespire:Bottled Soul","Hallownest:DreamNailRelic","StuffTheSpire:OldFever","Replay:Arrowhead","StuffTheSpire:SapphireSignet","DollysMirror","Replay:Baseball","infinitespire:Broken Mirror","Replay:Bronze Core","ClockworkSouvenir","Orichalcum","Bronze Scales","MawBank","Onion Ring","PreservedInsect","Replay:Ringing Soul","StuffTheSpire:Experiment12","energizedSpire:NeverEndingSparkler","ReplayFunnel","Toy Ornithopter","Pen Nib","Thread and Needle","Replay:Multitool","InkBottle"],"acts_visited":["Hallownest:Greenpath","Hallownest:CityofTears","TheBeyond","TheEnding"],"potions_floor_usage":[13,16,33,50,50,50,50,50,54,55,55,55],"damage_taken":[{"damage":0,"enemies":"Hallownest:monsterHuskWarrior","floor":1,"turns":2},{"damage":1,"enemies":"Hallownest:2_Tiktiks_and_1_Crawlid","floor":4,"turns":1},{"damage":0,"enemies":"Hallownest:eliteVengeflyKing","floor":7,"turns":4},{"damage":0,"enemies":"Hallownest:2_MossCreeps","floor":10,"turns":2},{"damage":0,"enemies":"Hallownest:Wandering_and_Horned","floor":11,"turns":1},{"damage":0,"enemies":"Hallownest:monsterAspidMother","floor":13,"turns":2},{"damage":0,"enemies":"Hallownest:eliteMossKnight","floor":14,"turns":3},{"damage":0,"enemies":"Hallownest:BossBrokenVessel","floor":16,"turns":3},{"damage":0,"enemies":"Hallownest:2_Mistakes","floor":18,"turns":2},{"damage":0,"enemies":"Hallownest:Guard_and_Sentry","floor":23,"turns":2},{"damage":0,"enemies":"Hallownest:Nosk","floor":27,"turns":2},{"damage":0,"enemies":"Hallownest:monsterShrumalOgre","floor":30,"turns":1},{"damage":0,"enemies":"Hallownest:2_Flukemon","floor":31,"turns":1},{"damage":8,"enemies":"Hallownest:BossMantisLord","floor":33,"turns":2},{"damage":0,"enemies":"3 Darklings","floor":35,"turns":2},{"damage":0,"enemies":"Orb Walker","floor":37,"turns":1},{"damage":0,"enemies":"Writhing Mass","floor":39,"turns":2},{"damage":0,"enemies":"Jaw Worm Horde","floor":45,"turns":1},{"damage":6,"enemies":"Mind Bloom Boss Battle","floor":46,"turns":2},{"damage":3,"enemies":"Spire Growth","floor":47,"turns":1},{"damage":0,"enemies":"Transient","floor":48,"turns":3},{"damage":13,"enemies":"infinitespire:MassOfShapes","floor":50,"turns":2},{"damage":3,"enemies":"Shield and Spear","floor":54,"turns":1},{"damage":5,"enemies":"The Heart","floor":55,"turns":3}],"seed_played":"2962768377772295797","potions_obtained":[{"floor":7,"key":"blueLaboratory:BottleOfVodka"},{"floor":10,"key":"blueLaboratory:BubblePotion"},{"floor":11,"key":"BlessingOfTheForge"},{"floor":13,"key":"blueLaboratory:HorrorPotion"},{"floor":18,"key":"Milkshake"},{"floor":30,"key":"Block Potion"},{"floor":31,"key":"Block Potion"},{"floor":37,"key":"Weak Potion"},{"floor":45,"key":"EssenceOfSteel"},{"floor":54,"key":"Elixir"}],"is_trial":false,"path_per_floor":["M","?","$","M","?","R","E","$","T","M","M","R","M","?","R","B",null,"M","?","$","AVR","?","M","?","R","T","E","R","$","M","M","R","B",null,"M","$","M","AVR","M","R","T","?","T","R","M","?","M","M","R","B",null,"R","$","E","B",null],"character_chosen":"THE_HERO","items_purchased":["Membership Card","Unceasing Top","animeID:Bakugo","animeID:Kirishima","War Paint","Simple Rune","Nunchaku","animeID:Kirishima","infinitespire:Bottled Soul","animeID:Ojiro","animeID:Iida","animeID:Kendo","Replay:Arrowhead","StuffTheSpire:SapphireSignet","animeID:HowitzerImpact","DollysMirror","ClockworkSouvenir","Orichalcum","Bronze Scales","LessonLearned","Replay:Ringing Soul","StuffTheSpire:Experiment12","animeID:Mezo","ReplayFunnel","Toy Ornithopter","Replay:Sssssssssshield","animeID:DelawareSmash","Strength Potion","blueLaboratory:RecallPotion"],"campfire_rested":0,"item_purchase_floors":[0,0,0,0,0,0,0,0,3,3,3,3,8,8,8,8,20,20,20,20,29,29,29,36,36,36,53,53,53],"current_hp_per_floor":[70,53,53,54,54,54,56,56,56,58,60,60,60,62,62,66,70,70,70,70,70,70,70,33,33,33,35,35,38,43,45,45,44,79,82,85,85,85,85,85,85,85,85,85,85,82,83,85,85,74,85,85,88,91,91],"gold":152,"neow_bonus":"","is_daily":false,"chose_seed":false,"campfire_upgraded":19,"win_rate":0.0,"timestamp":1611345081,"path_taken":["M","?","$","M","?","R","E","$","T","M","M","R","?","?","R","BOSS","M","?","?","AVR","?","M","?","R","T","E","R","$","M","M","R","BOSS","M","$","M","AVR","M","R","?","?","T","R","?","?","M","M","R","BOSS","R","$","E","BOSS"],"items_purchased_type":["Relic","Relic","Card","Card","Relic","Relic","Relic","Card","Relic","Card","Card","Card","Relic","Relic","Card","Relic","Relic","Relic","Relic","Card","Relic","Relic","Card","Relic","Relic","Card","Card","Potion","Potion"],"build_version":"2020-12-22","purchased_purges":9,"victory":true,"max_hp_per_floor":[70,70,70,70,70,70,70,70,70,70,70,70,70,70,70,70,70,70,70,70,70,70,70,70,70,70,70,70,73,76,76,76,79,79,82,85,85,85,85,85,85,85,85,85,85,85,85,85,85,85,85,85,88,91,91],"card_choices":[{"not_picked":["animeID:Mineta","animeID:Kaminari"],"picked":"animeID:Rei","floor":1},{"not_picked":["infinitespire:NeuralNetwork","ReplayTheSpireMod:??????????????????????"],"picked":"infinitespire:Collect","floor":2},{"not_picked":["animeID:GentleCriminal","animeID:Uraraka"],"picked":"animeID:Mezo","floor":4},{"not_picked":["animeID:DelawareSmash","animeID:Tengai","animeID:Tsuyu"],"picked":"SKIP","floor":7},{"not_picked":["animeID:DetroitSmash","animeID:Bakugo"],"picked":"animeID:RedRiot","floor":10},{"not_picked":["animeID:Uraraka","animeID:Kirishima","animeID:DetroitSmash"],"picked":"SKIP","floor":11},{"not_picked":["animeID:Uraraka","animeID:Mezo","animeID:Bakugo"],"picked":"SKIP","floor":13},{"not_picked":["animeID:NightEye","animeID:Tomura","animeID:PresentMic"],"picked":"SKIP","floor":14},{"not_picked":["animeID:Endeavor","animeID:ProminenceBurn"],"picked":"animeID:AllMight","floor":16},{"not_picked":["animeID:Kendo","animeID:Nomu","animeID:DetroitSmash"],"picked":"SKIP","floor":18},{"not_picked":["animeID:TodorokiShoto+1","animeID:Mina","animeID:DetroitSmash"],"picked":"SKIP","floor":23},{"not_picked":["animeID:TodorokiShoto+1","animeID:Mina","animeID:DetroitSmash"],"picked":"SKIP","floor":23},{"not_picked":["animeID:TodorokiShoto","animeID:Mezo"],"picked":"animeID:Iida+1","floor":27},{"not_picked":["animeID:Kirishima","animeID:Kaminari+1"],"picked":"animeID:Hatsume","floor":30},{"not_picked":["animeID:Aoyama","animeID:Uraraka","animeID:Rei"],"picked":"SKIP","floor":31},{"not_picked":["animeID:AllMight","animeID:AllForOne"],"picked":"animeID:PlusUltra","floor":33},{"not_picked":["animeID:DetroitDelaware","animeID:Rei"],"picked":"animeID:Deku","floor":35},{"not_picked":["animeID:Cementoss","animeID:Mineta+1","animeID:Aoyama"],"picked":"SKIP","floor":37},{"not_picked":["animeID:Rei","animeID:Iida+1","animeID:DetroitDelaware+1"],"picked":"SKIP","floor":39},{"not_picked":["animeID:Mineta+1","animeID:TetsuTetsu","animeID:Kurono+1"],"picked":"SKIP","floor":45},{"not_picked":["animeID:Iida","animeID:Uraraka","animeID:Himiko"],"picked":"SKIP","floor":47},{"not_picked":["animeID:Muscular+1","animeID:Hatsume","animeID:Eri"],"picked":"SKIP","floor":48},{"not_picked":["animeID:Iida+1","animeID:NightEye+1"],"picked":"animeID:Deku+1","floor":54}],"player_experience":870114,"relics_obtained":[{"floor":7,"key":"StuffTheSpire:OldFever"},{"floor":9,"key":"Replay:Baseball"},{"floor":14,"key":"infinitespire:Broken Mirror"},{"floor":26,"key":"Onion Ring"},{"floor":27,"key":"PreservedInsect"},{"floor":41,"key":"Thread and Needle"},{"floor":46,"key":"Replay:Multitool"},{"floor":54,"key":"InkBottle"}],"event_choices":[{"damage_healed":0,"gold_gain":0,"player_choice":"UP UP UP ","damage_taken":43,"relics_obtained":[],"max_hp_gain":0,"max_hp_loss":0,"event_name":"betterSkull:BetterSkull","floor":24,"gold_loss":0,"cards_upgraded":["animeID:Bakugo","animeID:Smash","animeID:AllMight"]},{"damage_healed":0,"gold_gain":0,"player_choice":"0 cards matched","damage_taken":0,"max_hp_gain":0,"max_hp_loss":0,"event_name":"Match and Keep!","floor":42,"gold_loss":0,"cards_obtained":[]},{"damage_healed":0,"gold_gain":0,"player_choice":"Fight","damage_taken":0,"max_hp_gain":0,"max_hp_loss":0,"event_name":"MindBloom","floor":46,"gold_loss":0}],"is_beta":false,"boss_relics":[{"not_picked":["energizedSpire:StickyHand","ChewingGum"],"picked":"Replay:Bronze Core"},{"not_picked":["Cursed Key","Painkiller Herb"],"picked":"energizedSpire:NeverEndingSparkler"}],"items_purged_floors":[0,0,3,8,20,21,29,36,53],"is_endless":false,"potions_floor_spawned":[7,10,11,13,18,30,31,37,45,54],"ascension_level":0}}