{"host":"22ezjknwheybwqtz","time":1611305943,"event":{"mods":["BaseMod","Downfall","Minty Spire (QoL Compilation)","StSLib"],"gold_per_floor":[99,112,212,212,222,250,332,93,268,286,171,187,187,172,191,287,287,287,300,110,127,227,227,227,127,127,145,145,145,145],"floor_reached":28,"language":"ENG","playtime":1537,"items_purged":["hexamod:Strike","Doubt"],"score":241,"play_id":"b11edf49-ee22-4e61-a440-6562535e2ec1","local_time":"20210122165903","is_ascension_mode":false,"campfire_choices":[{"data":"hexamod:TimeOfNeed","floor":1,"key":"SMITH"},{"floor":13,"key":"REST"},{"floor":18,"key":"RECALL"},{"data":"hexamod:Sear","floor":25,"key":"SMITH"}],"circlet_count":0,"master_deck":["hexamod:Defend","hexamod:Defend","hexamod:Defend","hexamod:Sear+1","hexamod:Float","hexamod:TimeOfNeed+1","hexamod:GhostflameBarrier","hexamod:ThermalTransfer","hexamod:WildfireWeapon","hexamod:ThirdSeal","hexamod:FirstSeal","hexamod:BurningTouch+1","hexamod:RainOfEmbers+1","hexamod:SoulSteal+1","hexamod:HeatMetal","hexamod:SearingWound+1","hexamod:SearingWound+1","hexamod:Hexaguard+1","hexamod:FourthSeal","expansioncontent:QuickStudy+1","hexamod:HeatShield+1"],"relics":["hexamod:SpiritBrand","Regal Pillow","Toxic Egg 2","Bag of Preparation","Empty Cage","StoneCalendar","Meat on the Bone","Matryoshka","downfall:HeartBlessingRed"],"acts_visited":["Exordium","TheCity"],"potions_floor_usage":[12,16,22,28],"damage_taken":[{"damage":6,"enemies":"Jaw Worm","floor":2,"turns":3},{"damage":3,"enemies":"Small Slimes","floor":5,"turns":3},{"damage":24,"enemies":"Lagavulin","floor":6,"turns":11},{"damage":0,"enemies":"downfall:FleeingMerchant","floor":8,"turns":4},{"damage":1,"enemies":"Cultist","floor":10,"turns":4},{"damage":0,"enemies":"downfall:FleeingMerchant","floor":11,"turns":4},{"damage":21,"enemies":"Large Slime","floor":12,"turns":7},{"damage":8,"enemies":"downfall:FleeingMerchant","floor":14,"turns":4},{"damage":14,"enemies":"3 Louse","floor":15,"turns":4},{"damage":25,"enemies":"SI_SHIV_ARCHETYPE","floor":16,"turns":6},{"damage":0,"enemies":"Chosen","floor":19,"turns":4},{"damage":5,"enemies":"downfall:FleeingMerchant","floor":20,"turns":4},{"damage":22,"enemies":"Centurion and Healer","floor":21,"turns":6},{"damage":20,"enemies":"WA_ARCHETYPE_RETAIN","floor":22,"turns":6},{"damage":21,"enemies":"Snake Plant","floor":27,"turns":3},{"damage":49,"enemies":"Sentry and Sphere","floor":28,"turns":5}],"seed_played":"-2745885596736450837","potions_obtained":[{"floor":2,"key":"DuplicationPotion"},{"floor":6,"key":"Block Potion"},{"floor":15,"key":"FearPotion"},{"floor":19,"key":"Explosive Potion"},{"floor":21,"key":"Regen Potion"},{"floor":22,"key":"Swift Potion"},{"floor":27,"key":"hexamod:SoulburnPotion"}],"is_trial":false,"path_per_floor":["R","M","?","?","M","E","T","$","?","M","$","M","R","$","M","B",null,"R","M","$","M","?","?","T","R","?","M","M"],"character_chosen":"THE_SPIRIT","items_purchased":["Bag of Preparation","expansioncontent:QuickStudy"],"campfire_rested":1,"item_purchase_floors":[8,20],"current_hp_per_floor":[70,64,64,64,61,37,37,37,37,36,43,29,65,64,57,39,70,70,70,70,55,57,57,57,57,49,47,0,0,0],"gold":145,"neow_bonus":"ONE_RANDOM_RARE_CARD","is_daily":false,"chose_seed":false,"campfire_upgraded":2,"win_rate":0.0,"timestamp":1611305943,"path_taken":["R","M","?","?","M","E","T","?","?","M","$","?","R","$","M","BOSS","R","M","$","M","?","?","T","R","?","M","M"],"items_purchased_type":["Relic","Card"],"build_version":"2020-12-22","purchased_purges":2,"victory":false,"max_hp_per_floor":[70,70,70,70,70,70,70,70,70,70,70,70,70,70,70,70,70,70,70,70,70,70,70,70,70,70,70,70,70,70],"card_choices":[{"not_picked":["hexamod:DynamicBlow","hexamod:GhostOfSpirePast"],"picked":"hexamod:GhostflameBarrier","floor":2},{"not_picked":["hexamod:HeatCrush","hexamod:BurningTouch"],"picked":"hexamod:ThermalTransfer","floor":5},{"not_picked":["hexamod:GhostShield","hexamod:SoulSteal"],"picked":"hexamod:WildfireWeapon","floor":6},{"not_picked":["hexamod:GhostShield+1","hexamod:BacktrackSmack"],"picked":"hexamod:ThirdSeal","floor":8},{"not_picked":["hexamod:NightmareGuise+1","hexamod:FourthSeal"],"picked":"hexamod:FirstSeal","floor":10},{"not_picked":["hexamod:GhostShield+1","hexamod:GhostLash","hexamod:EmpoweredFlame"],"picked":"SKIP","floor":10},{"not_picked":["hexamod:EtherealExpedition+1","hexamod:GhostShield+1"],"picked":"hexamod:BurningTouch+1","floor":11},{"not_picked":["hexamod:Haunt+1","hexamod:GhostShield+1","hexamod:UnlimitedPower+1"],"picked":"SKIP","floor":11},{"not_picked":["hexamod:NightmareStrike","hexamod:ChargedBarrage+1"],"picked":"hexamod:RainOfEmbers","floor":12},{"not_picked":["hexamod:NecessarySacrifice+1","hexamod:NightmareGuise+1"],"picked":"hexamod:SoulSteal+1","floor":12},{"not_picked":["hexamod:ShieldOfDarkness+1","hexamod:EmpoweredFlame","hexamod:NightmareStrike"],"picked":"SKIP","floor":14},{"not_picked":["hexamod:HeatShield+1","hexamod:ForkedFlame"],"picked":"hexamod:HeatMetal","floor":15},{"not_picked":["hexamod:ExtraCrispy","hexamod:CatchUp+1","hexamod:FirstSeal"],"picked":"SKIP","floor":15},{"not_picked":["hexamod:TimeWarp","hexamod:GhostOfSpirePresent"],"picked":"hexamod:SearingWound+1","floor":16},{"not_picked":["hexamod:ParanormalForm","hexamod:TimeOfNeed+1"],"picked":"hexamod:SearingWound+1","floor":16},{"not_picked":["hexamod:GhostShield+1","hexamod:ShieldOfDarkness+1"],"picked":"hexamod:Hexaguard+1","floor":19},{"not_picked":["hexamod:HeatMetal","hexamod:SoulSteal+1","hexamod:BacktrackSmack"],"picked":"SKIP","floor":19},{"not_picked":["hexamod:ThermalTransfer","hexamod:SoulSteal+1"],"picked":"hexamod:FourthSeal","floor":20},{"not_picked":["hexamod:ParanormalForm","hexamod:EtherealExpedition+1","hexamod:DynamicBlow+1"],"picked":"SKIP","floor":20},{"not_picked":["hexamod:DynamicBlow","hexamod:CatchUp+1"],"picked":"hexamod:HeatShield+1","floor":21},{"not_picked":["hexamod:ThirdSeal","hexamod:GhostShield+1","hexamod:Again+1"],"picked":"SKIP","floor":21},{"not_picked":["hexamod:RecurringNightmare+1","hexamod:BacktrackSmack","hexamod:ShieldOfDarkness+1"],"picked":"SKIP","floor":27}],"player_experience":64233,"relics_obtained":[{"floor":6,"key":"Regal Pillow"},{"floor":7,"key":"Toxic Egg 2"},{"floor":22,"key":"StoneCalendar"},{"floor":22,"key":"Meat on the Bone"},{"floor":24,"key":"Matryoshka"}],"event_choices":[],"is_beta":false,"boss_relics":[{"not_picked":["Black Star","Runic Dome"],"picked":"Empty Cage"}],"items_purged_floors":[8,11],"is_endless":false,"potions_floor_spawned":[2,6,15,19],"killed_by":"Sentry and Sphere","ascension_level":0}}