{"host":"4rvakrj1idbgia3f","time":1611299744,"event":{"mods":["BaseMod","Colored Map","Colored Powertips","DeckTracker","Highlight Path","Minty Spire (QoL Compilation)","Random Character Button","StSLib"],"gold_per_floor":[118,132,182,198,211,211,241,241,266,280,280,294,328,356,356,356,356],"floor_reached":16,"language":"JPN","playtime":589,"items_purged":[],"score":228,"play_id":"a0e9f29a-3b1a-491d-b7e8-ab1024817168","local_time":"20210122161544","is_ascension_mode":true,"campfire_choices":[{"data":"Flechettes","floor":6,"key":"SMITH"},{"data":"Underhanded Strike","floor":8,"key":"SMITH"},{"data":"Envenom","floor":11,"key":"SMITH"},{"data":"Tools of the Trade","floor":15,"key":"SMITH"}],"circlet_count":0,"master_deck":["AscendersBane","Strike_G","Strike_G","Strike_G","Strike_G","Strike_G","Defend_G","Defend_G","Defend_G","Defend_G","Defend_G","Survivor","Neutralize+1","Flechettes+1","Blade Dance","Cloak And Dagger","Underhanded Strike+1","Acrobatics","Envenom+1","Tools of the Trade+1","Slice"],"relics":["Ring of the Snake","Dream Catcher","Smiling Mask","CeramicFish"],"acts_visited":["Exordium"],"potions_floor_usage":[7,7,7,10,13,16],"damage_taken":[{"damage":0,"enemies":"Cultist","floor":1,"turns":4},{"damage":8,"enemies":"Small Slimes","floor":2,"turns":4},{"damage":2,"enemies":"2 Louse","floor":4,"turns":2},{"damage":3,"enemies":"Blue Slaver","floor":5,"turns":6},{"damage":10,"enemies":"3 Sentries","floor":7,"turns":8},{"damage":3,"enemies":"Looter","floor":10,"turns":3},{"damage":0,"enemies":"2 Fungi Beasts","floor":12,"turns":4},{"damage":18,"enemies":"Gremlin Nob","floor":13,"turns":4},{"damage":4,"enemies":"Blue Slaver","floor":14,"turns":3},{"damage":28,"enemies":"Slime Boss","floor":16,"turns":5}],"seed_played":"-3172447140861022757","potions_obtained":[{"floor":1,"key":"EntropicBrew"},{"floor":2,"key":"PowerPotion"},{"floor":10,"key":"Fruit Juice"},{"floor":13,"key":"CunningPotion"}],"is_trial":false,"path_per_floor":["M","M","?","M","M","R","E","R","T","M","R","M","E","M","R","B"],"character_chosen":"THE_SILENT","items_purchased":[],"campfire_rested":0,"item_purchase_floors":[],"current_hp_per_floor":[59,51,51,49,46,46,36,36,36,38,38,38,20,16,16,0,0],"gold":356,"neow_bonus":"UPGRADE_CARD","is_daily":false,"chose_seed":false,"campfire_upgraded":4,"win_rate":0.0,"timestamp":1611299744,"path_taken":["M","?","?","M","M","R","E","R","T","M","R","M","E","M","R","BOSS"],"items_purchased_type":[],"build_version":"2020-12-22","purchased_purges":0,"victory":false,"max_hp_per_floor":[66,66,66,66,66,66,66,66,66,71,71,71,71,71,71,71,71],"card_choices":[{"not_picked":["Concentrate","Prepared"],"picked":"Flechettes","floor":1},{"not_picked":["Deadly Poison","Caltrops"],"picked":"Blade Dance","floor":2},{"not_picked":["Catalyst","Quick Slash"],"picked":"Cloak And Dagger","floor":4},{"not_picked":["Reflex","Flying Knee"],"picked":"Underhanded Strike","floor":5},{"not_picked":["Choke","Poisoned Stab"],"picked":"Acrobatics","floor":7},{"not_picked":["Endless Agony","Deadly Poison"],"picked":"Envenom","floor":10},{"not_picked":["Deflect","Noxious Fumes","Heel Hook"],"picked":"SKIP","floor":12},{"not_picked":["Noxious Fumes","Skewer"],"picked":"Tools of the Trade","floor":13},{"not_picked":["Distraction","Dagger Spray"],"picked":"Slice","floor":14}],"player_experience":2065679,"relics_obtained":[{"floor":7,"key":"Dream Catcher"},{"floor":9,"key":"Smiling Mask"},{"floor":13,"key":"CeramicFish"}],"event_choices":[{"damage_healed":0,"gold_gain":50,"player_choice":"Pray","damage_taken":0,"max_hp_gain":0,"max_hp_loss":0,"event_name":"Golden Shrine","floor":3,"gold_loss":0}],"is_beta":false,"boss_relics":[],"items_purged_floors":[],"is_endless":false,"potions_floor_spawned":[1,2,10,13],"killed_by":"Slime Boss","ascension_level":20}}