{"host":"13o02hya6v6rzuva","time":1611318996,"event":{"mods":["BaseMod","Minty Spire (QoL Compilation)","Relic Stats"],"gold_per_floor":[109,129,139,139,157,188,188,33,33,63,75,87,115,134,134,237,287,297,222,49,49,49,49,66,66,66,66,79,79,79],"floor_reached":29,"language":"ENG","playtime":1059,"items_purged":[],"score":405,"play_id":"7f000bdd-31f3-407c-bc3b-86aa2a4e8d3d","local_time":"20210122133636","is_ascension_mode":true,"campfire_choices":[{"floor":7,"key":"REST"},{"floor":15,"key":"REST"},{"data":"Bouncing Flask","floor":23,"key":"SMITH"},{"floor":27,"key":"RECALL"}],"circlet_count":0,"master_deck":["AscendersBane","Strike_G","Strike_G","Strike_G","Defend_G","Defend_G","Defend_G","Defend_G","Defend_G","Survivor+1","Neutralize+1","Riddle With Holes","Backflip","Poisoned Stab","Bouncing Flask","Bouncing Flask+1","PiercingWail","Dodge and Roll","Escape Plan","Adrenaline","Poisoned Stab","Deadly Poison","Bane","Caltrops+1"],"relics":["Ring of the Snake","HornCleat","Oddly Smooth Stone","CaptainsWheel","Pocketwatch","Art of War","Tiny House","Potion Belt","MutagenicStrength"],"acts_visited":["Exordium","TheCity"],"potions_floor_usage":[5,11,13,29,29],"damage_taken":[{"damage":2,"enemies":"2 Louse","floor":1,"turns":4},{"damage":5,"enemies":"Cultist","floor":2,"turns":4},{"damage":4,"enemies":"Small Slimes","floor":3,"turns":3},{"damage":5,"enemies":"Gremlin Gang","floor":5,"turns":7},{"damage":32,"enemies":"Lagavulin","floor":6,"turns":6},{"damage":15,"enemies":"3 Sentries","floor":10,"turns":10},{"damage":0,"enemies":"Large Slime","floor":11,"turns":2},{"damage":10,"enemies":"3 Louse","floor":12,"turns":3},{"damage":0,"enemies":"Lagavulin","floor":13,"turns":5},{"damage":1,"enemies":"Looter","floor":14,"turns":3},{"damage":3,"enemies":"Hexaghost","floor":16,"turns":8},{"damage":0,"enemies":"Chosen","floor":18,"turns":4},{"damage":0,"enemies":"Shell Parasite","floor":24,"turns":3},{"damage":8,"enemies":"Cultist and Chosen","floor":28,"turns":5},{"damage":61,"enemies":"Gremlin Leader","floor":29,"turns":9}],"seed_played":"2539641124145768972","potions_obtained":[{"floor":1,"key":"Poison Potion"},{"floor":10,"key":"SteroidPotion"},{"floor":12,"key":"AttackPotion"},{"floor":13,"key":"Dexterity Potion"},{"floor":14,"key":"Ancient Potion"},{"floor":17,"key":"GamblersBrew"},{"floor":28,"key":"Weak Potion"}],"is_trial":false,"path_per_floor":["M","M","M","?","M","E","R","$","T","E","M","M","E","M","R","B",null,"M","?","$","?","?","R","M","$","T","R","M","E"],"character_chosen":"THE_SILENT","items_purchased":["Oddly Smooth Stone","Potion Belt","Deadly Poison"],"campfire_rested":2,"item_purchase_floors":[8,20,20],"current_hp_per_floor":[61,56,52,52,47,15,36,36,36,21,21,11,11,10,31,28,65,65,65,65,65,65,65,65,65,65,65,57,0,0],"gold":79,"neow_bonus":"UPGRADE_CARD","is_daily":false,"chose_seed":false,"campfire_upgraded":1,"win_rate":0.0,"timestamp":1611318996,"path_taken":["M","M","M","?","M","E","R","$","T","E","?","M","E","M","R","BOSS","M","?","$","?","?","R","M","$","T","R","M","E"],"items_purchased_type":["Relic","Relic","Card"],"build_version":"2020-12-22","purchased_purges":0,"victory":false,"max_hp_per_floor":[70,70,70,70,70,70,70,70,70,70,70,70,70,70,70,70,75,75,75,75,75,75,75,75,75,75,75,75,75,75],"relic_stats":{"counters":[15,76],"Art of War":[4],"obtain_stats":[{"Potion Belt":20,"CaptainsWheel":9,"HornCleat":6,"Tiny House":17,"MutagenicStrength":22,"Oddly Smooth Stone":8,"Art of War":13,"Ring of the Snake":0,"Pocketwatch":10},{"Potion Belt":12,"CaptainsWheel":5,"HornCleat":5,"Tiny House":11,"MutagenicStrength":12,"Oddly Smooth Stone":5,"Art of War":9,"Ring of the Snake":0,"Pocketwatch":6},{"Potion Belt":59,"CaptainsWheel":24,"HornCleat":24,"Tiny House":55,"MutagenicStrength":59,"Oddly Smooth Stone":24,"Art of War":44,"Ring of the Snake":0,"Pocketwatch":34}],"Ring of the Snake":[30],"Pocketwatch":[72]},"card_choices":[{"not_picked":["Quick Slash","Acrobatics"],"picked":"Riddle With Holes","floor":1},{"not_picked":["Blur","Cloak And Dagger"],"picked":"Backflip","floor":2},{"not_picked":["Deflect","Concentrate"],"picked":"Poisoned Stab","floor":3},{"not_picked":["Predator","Phantasmal Killer"],"picked":"Bouncing Flask","floor":5},{"not_picked":["Flying Knee","Skewer"],"picked":"Bouncing Flask","floor":6},{"not_picked":["Finisher","Sucker Punch"],"picked":"PiercingWail","floor":10},{"not_picked":["Acrobatics","Dagger Spray"],"picked":"Dodge and Roll","floor":11},{"not_picked":["Blade Dance","Underhanded Strike","Eviscerate"],"picked":"SKIP","floor":12},{"not_picked":["Predator","Backflip"],"picked":"Escape Plan","floor":13},{"not_picked":["Expertise","Backflip","Underhanded Strike"],"picked":"SKIP","floor":14},{"not_picked":["Wraith Form v2","Night Terror"],"picked":"Adrenaline","floor":16},{"not_picked":["Choke","Blade Dance"],"picked":"Poisoned Stab","floor":17},{"not_picked":["Outmaneuver","Tactician","Flying Knee"],"picked":"SKIP","floor":18},{"not_picked":["All Out Attack","Bouncing Flask"],"picked":"Bane","floor":24},{"not_picked":["Sucker Punch+1","Slice"],"picked":"Caltrops+1","floor":28}],"player_experience":1146787,"relics_obtained":[{"floor":6,"key":"HornCleat"},{"floor":9,"key":"CaptainsWheel"},{"floor":10,"key":"Pocketwatch"},{"floor":13,"key":"Art of War"}],"event_choices":[{"cards_removed":["Strike_G"],"damage_healed":0,"gold_gain":0,"player_choice":"Purged","damage_taken":0,"max_hp_gain":0,"max_hp_loss":0,"event_name":"Purifier","floor":4,"gold_loss":0},{"cards_removed":["Strike_G"],"damage_healed":0,"gold_gain":0,"player_choice":"Gave Gold","damage_taken":0,"max_hp_gain":0,"max_hp_loss":0,"event_name":"Beggar","floor":19,"gold_loss":75},{"damage_healed":0,"gold_gain":0,"player_choice":"Ignored","damage_taken":0,"max_hp_gain":0,"max_hp_loss":0,"event_name":"Ghosts","floor":21,"gold_loss":0},{"damage_healed":0,"gold_gain":0,"player_choice":"Inject Mutagens","damage_taken":0,"relics_obtained":["MutagenicStrength"],"max_hp_gain":0,"max_hp_loss":0,"event_name":"Drug Dealer","floor":22,"gold_loss":0}],"is_beta":false,"boss_relics":[{"not_picked":["Black Star","Fusion Hammer"],"picked":"Tiny House"}],"items_purged_floors":[],"is_endless":false,"potions_floor_spawned":[1,10,12,13,14,18,28],"killed_by":"Gremlin Leader","ascension_level":10}}