{"host":"kvo7eymyd21g9abd","time":1611281125,"event":{"mods":["AchievementEnabler","BaseMod","Bestiary","Colored Map","Minty Spire (QoL Compilation)","StSLib"],"gold_per_floor":[117,117,128,141,159,159,178,3,3,178,193,193,226,245,245,245,245],"floor_reached":16,"language":"ENG","playtime":667,"items_purged":[],"score":109,"play_id":"ac195021-a4a9-498c-b446-2db2813c30d8","local_time":"20210121210525","is_ascension_mode":true,"campfire_choices":[{"floor":6,"key":"RECALL"},{"data":"Secret Weapon","floor":12,"key":"SMITH"},{"floor":15,"key":"REST"}],"circlet_count":0,"master_deck":["Strike_P","Strike_P","Strike_P","Strike_P","Defend_P","Defend_P","Defend_P","Defend_P","Eruption+1","Vigilance","Vengeance","EmptyBody","Adaptation","Adaptation","Secret Weapon+1","Doubt","Halt","FollowUp","Evaluate"],"relics":["PureWater","Bag of Marbles","Ornamental Fan"],"acts_visited":["Exordium"],"potions_floor_usage":[13,16,16],"damage_taken":[{"damage":0,"enemies":"Small Slimes","floor":1,"turns":1},{"damage":0,"enemies":"2 Louse","floor":3,"turns":1},{"damage":3,"enemies":"Jaw Worm","floor":4,"turns":3},{"damage":3,"enemies":"Large Slime","floor":5,"turns":4},{"damage":0,"enemies":"Blue Slaver","floor":7,"turns":2},{"damage":2,"enemies":"Exordium Wildlife","floor":11,"turns":3},{"damage":40,"enemies":"Gremlin Nob","floor":13,"turns":4},{"damage":17,"enemies":"Lots of Slimes","floor":14,"turns":5},{"damage":30,"enemies":"The Guardian","floor":16,"turns":10}],"seed_played":"3670299753027090711","potions_obtained":[{"floor":1,"key":"Block Potion"},{"floor":3,"key":"Ancient Potion"},{"floor":5,"key":"SpeedPotion"},{"floor":13,"key":"SneckoOil"}],"is_trial":false,"path_per_floor":["M","?","M","M","M","R","M","$","T","?","M","R","E","M","R","B"],"character_chosen":"WATCHER","items_purchased":["Secret Weapon"],"campfire_rested":1,"item_purchase_floors":[8],"current_hp_per_floor":[72,72,72,69,66,66,66,66,66,66,64,64,24,7,28,0,0],"gold":245,"neow_bonus":"RANDOM_COMMON_RELIC","is_daily":false,"chose_seed":false,"campfire_upgraded":1,"win_rate":0.0,"timestamp":1611281125,"path_taken":["M","?","M","M","M","R","M","$","T","?","M","R","E","M","R","BOSS"],"items_purchased_type":["Card"],"build_version":"2020-12-22","purchased_purges":0,"victory":false,"max_hp_per_floor":[72,72,72,72,72,72,72,72,72,72,72,72,72,72,72,72,72],"card_choices":[{"not_picked":["Tantrum","EmptyFist"],"picked":"Vengeance","floor":1},{"not_picked":["PathToVictory","Consecrate"],"picked":"EmptyBody","floor":3},{"not_picked":["ClearTheMind","LikeWater"],"picked":"Adaptation","floor":4},{"not_picked":["Collect","PathToVictory"],"picked":"Adaptation","floor":5},{"not_picked":["JustLucky","ThirdEye","Scrawl"],"picked":"SKIP","floor":7},{"not_picked":["LikeWater","BowlingBash"],"picked":"Halt","floor":11},{"not_picked":["BowlingBash","Protect"],"picked":"FollowUp","floor":13},{"not_picked":["PathToVictory","CrushJoints"],"picked":"Evaluate","floor":14}],"player_experience":409983,"relics_obtained":[{"floor":13,"key":"Ornamental Fan"}],"event_choices":[{"damage_healed":0,"gold_gain":0,"player_choice":"Grow","damage_taken":0,"max_hp_gain":0,"max_hp_loss":0,"event_name":"Living Wall","floor":2,"gold_loss":0,"cards_upgraded":["Eruption"]},{"damage_healed":0,"gold_gain":175,"player_choice":"AGREE","damage_taken":0,"max_hp_gain":0,"max_hp_loss":0,"event_name":"Liars Game","floor":10,"gold_loss":0,"cards_obtained":["Doubt"]}],"is_beta":false,"boss_relics":[],"items_purged_floors":[],"is_endless":false,"potions_floor_spawned":[1,3,5,13],"killed_by":"The Guardian","ascension_level":1}}