{"host":"f0gpob8hq9vgebej","time":1611334696,"event":{"mods":["AchievementEnabler","BaseMod","Minty Spire (QoL Compilation)","Quick Restart","SuperFastMode"],"gold_per_floor":[119,134,149,160,171,171,183,183,235,265,340,340,355,367,367,471,471,452,111,123,123,134,134,165,175,198,230,242,264,288,314,326,437,449,472,484,396,446,70,99,99,119,119,119,135,135,135,154,154,154],"floor_reached":51,"language":"KOR","playtime":1311,"items_purged":["Strike_G","Strike_G","Defend_G"],"score":1072,"play_id":"4019779e-9cd9-483f-8261-d8ff0fb0b37a","local_time":"20210123015816","is_ascension_mode":true,"campfire_choices":[{"data":"Crippling Poison","floor":6,"key":"SMITH"},{"data":"Bouncing Flask","floor":8,"key":"SMITH"},{"floor":12,"key":"REST"},{"data":"Noxious Fumes","floor":15,"key":"SMITH"},{"data":"Catalyst","floor":23,"key":"SMITH"},{"floor":28,"key":"DIG"},{"data":"Tactician","floor":32,"key":"SMITH"},{"data":"Wraith Form v2","floor":41,"key":"SMITH"},{"floor":44,"key":"DIG"},{"floor":47,"key":"DIG"},{"floor":49,"key":"DIG"}],"circlet_count":0,"master_deck":["Defend_G+1","Defend_G","Defend_G+1","Defend_G","Survivor","Neutralize","Bouncing Flask+1","Crippling Poison+1","Noxious Fumes+1","Escape Plan","Acrobatics","Adrenaline","Tactician+1","Bandage Up","Catalyst+1","Catalyst+1","PiercingWail","Wraith Form v2+1","After Image","Outmaneuver+1","Tactician+1"],"relics":["Ring of the Snake","Gambling Chip","Shovel","Runic Pyramid","Nloth\u0027s Gift","Darkstone Periapt","MawBank","Art of War","Empty Cage","Tingsha","Mummified Hand","HornCleat","Blood Vial","Tough Bandages","Boot","Letter Opener"],"acts_visited":["Exordium","TheCity","TheBeyond"],"potions_floor_usage":[10,10,10,16,19,24,33,33,40,50,50,50],"damage_taken":[{"damage":0,"enemies":"Cultist","floor":1,"turns":4},{"damage":3,"enemies":"Jaw Worm","floor":2,"turns":4},{"damage":0,"enemies":"2 Louse","floor":3,"turns":4},{"damage":12,"enemies":"Large Slime","floor":4,"turns":8},{"damage":5,"enemies":"2 Fungi Beasts","floor":5,"turns":5},{"damage":0,"enemies":"3 Louse","floor":7,"turns":2},{"damage":19,"enemies":"3 Sentries","floor":10,"turns":6},{"damage":0,"enemies":"Large Slime","floor":13,"turns":7},{"damage":0,"enemies":"Looter","floor":14,"turns":3},{"damage":6,"enemies":"The Guardian","floor":16,"turns":7},{"damage":11,"enemies":"2 Thieves","floor":18,"turns":4},{"damage":2,"enemies":"Shell Parasite","floor":20,"turns":5},{"damage":15,"enemies":"Shelled Parasite and Fungi","floor":22,"turns":5},{"damage":14,"enemies":"Book of Stabbing","floor":24,"turns":5},{"damage":2,"enemies":"3 Cultists","floor":25,"turns":4},{"damage":11,"enemies":"Snake Plant","floor":27,"turns":3},{"damage":5,"enemies":"Centurion and Healer","floor":29,"turns":6},{"damage":10,"enemies":"Chosen and Byrds","floor":30,"turns":6},{"damage":2,"enemies":"Snecko","floor":31,"turns":3},{"damage":12,"enemies":"Collector","floor":33,"turns":6},{"damage":9,"enemies":"3 Shapes","floor":35,"turns":4},{"damage":0,"enemies":"Mind Bloom Boss Battle","floor":38,"turns":4},{"damage":0,"enemies":"Reptomancer","floor":40,"turns":4},{"damage":1,"enemies":"Orb Walker","floor":42,"turns":2},{"damage":0,"enemies":"3 Darklings","floor":45,"turns":4},{"damage":0,"enemies":"4 Shapes","floor":48,"turns":3},{"damage":10,"enemies":"Time Eater","floor":50,"turns":4}],"seed_played":"-9212826378108443947","potions_obtained":[{"floor":2,"key":"Energy Potion"},{"floor":3,"key":"EssenceOfSteel"},{"floor":7,"key":"Regen Potion"},{"floor":10,"key":"FearPotion"},{"floor":16,"key":"Weak Potion"},{"floor":22,"key":"SkillPotion"},{"floor":27,"key":"Poison Potion"},{"floor":31,"key":"LiquidMemories"},{"floor":33,"key":"Fire Potion"},{"floor":35,"key":"GamblersBrew"},{"floor":42,"key":"BlessingOfTheForge"}],"is_trial":false,"path_per_floor":["M","M","M","M","M","R","M","R","T","E","?","R","M","M","R","B",null,"M","$","M","?","M","R","E","M","T","M","R","M","M","M","R","B",null,"M","?","$","?","$","E","R","M","T","R","M","?","R","M","R","B",null],"character_chosen":"THE_SILENT","items_purchased":["Tactician","Fruit Juice","Bandage Up","Mummified Hand"],"campfire_rested":1,"item_purchase_floors":[19,19,19,39],"current_hp_per_floor":[45,42,42,30,25,25,25,25,25,21,10,31,31,31,31,25,59,48,53,55,55,44,44,34,36,36,25,25,24,18,20,20,12,59,54,54,54,58,58,62,62,65,65,65,71,71,71,75,75,69],"gold":154,"neow_bonus":"ONE_RARE_RELIC","is_daily":false,"chose_seed":false,"campfire_upgraded":6,"win_rate":0.0,"timestamp":1611334696,"path_taken":["M","M","M","M","M","R","M","R","T","E","?","R","M","M","R","BOSS","M","$","M","?","M","R","E","?","T","?","R","M","M","M","R","BOSS","M","?","$","?","$","E","R","M","T","R","M","?","R","M","R","BOSS"],"items_purchased_type":["Card","Potion","Card","Relic"],"build_version":"2020-12-22","purchased_purges":3,"victory":true,"max_hp_per_floor":[70,70,70,70,70,70,70,70,70,70,70,70,70,70,70,70,70,70,75,75,75,75,75,75,75,75,75,75,75,75,75,75,75,75,75,75,75,75,75,75,75,75,75,75,75,75,75,75,75,75],"card_choices":[{"not_picked":["Flying Knee","Leg Sweep"],"picked":"Bouncing Flask","floor":1},{"not_picked":["Sucker Punch","Dodge and Roll","Quick Slash"],"picked":"SKIP","floor":2},{"not_picked":["Finisher","Bane","Sucker Punch"],"picked":"SKIP","floor":3},{"not_picked":["Sucker Punch","Glass Knife"],"picked":"Crippling Poison","floor":4},{"not_picked":["Quick Slash","Outmaneuver"],"picked":"Noxious Fumes","floor":5},{"not_picked":["Cloak And Dagger","Masterful Stab","Noxious Fumes"],"picked":"SKIP","floor":7},{"not_picked":["Deflect","Quick Slash","Sucker Punch"],"picked":"SKIP","floor":10},{"not_picked":["Choke","Dodge and Roll"],"picked":"Escape Plan","floor":13},{"not_picked":["Concentrate","Bane"],"picked":"Acrobatics","floor":14},{"not_picked":["Night Terror","Wraith Form v2"],"picked":"Adrenaline","floor":16},{"not_picked":["Caltrops+1","Endless Agony","Backflip"],"picked":"SKIP","floor":18},{"not_picked":["Choke","Acrobatics","Leg Sweep"],"picked":"SKIP","floor":20},{"not_picked":["Outmaneuver","Choke"],"picked":"Catalyst","floor":22},{"not_picked":["Endless Agony","Blur","Heel Hook"],"picked":"SKIP","floor":24},{"not_picked":["Riddle With Holes","Finisher"],"picked":"Catalyst+1","floor":25},{"not_picked":["Dash+1","Slice"],"picked":"PiercingWail","floor":27},{"not_picked":["Die Die Die","Dodge and Roll+1","Blade Dance"],"picked":"SKIP","floor":29},{"not_picked":["Cloak And Dagger+1","Quick Slash","Eviscerate"],"picked":"SKIP","floor":30},{"not_picked":["Setup","Cloak And Dagger+1","Choke+1"],"picked":"SKIP","floor":31},{"not_picked":["Malaise","After Image"],"picked":"Wraith Form v2","floor":33},{"not_picked":["Cloak And Dagger","Deadly Poison+1"],"picked":"After Image","floor":35},{"not_picked":["Dagger Throw+1","PiercingWail+1"],"picked":"Outmaneuver+1","floor":38},{"not_picked":["Unload","Deadly Poison","Endless Agony"],"picked":"SKIP","floor":40},{"not_picked":["Endless Agony+1","Well Laid Plans","Backflip+1"],"picked":"SKIP","floor":42},{"not_picked":["Underhanded Strike+1","Flechettes+1","Bullet Time"],"picked":"SKIP","floor":45},{"not_picked":["Flying Knee+1","Dash+1"],"picked":"Tactician+1","floor":48}],"player_experience":221054,"relics_obtained":[{"floor":9,"key":"War Paint"},{"floor":10,"key":"Shovel"},{"floor":24,"key":"Darkstone Periapt"},{"floor":26,"key":"MawBank"},{"floor":28,"key":"Art of War"},{"floor":38,"key":"Tingsha"},{"floor":40,"key":"HornCleat"},{"floor":43,"key":"Blood Vial"},{"floor":44,"key":"Tough Bandages"},{"floor":47,"key":"Boot"},{"floor":49,"key":"Letter Opener"}],"event_choices":[{"damage_healed":0,"gold_gain":75,"player_choice":"Gather Gold","damage_taken":11,"max_hp_gain":0,"max_hp_loss":0,"event_name":"World of Goop","floor":11,"gold_loss":0},{"damage_healed":0,"gold_gain":0,"player_choice":"Traded Relic","damage_taken":0,"relics_obtained":["Nloth\u0027s Gift"],"max_hp_gain":0,"max_hp_loss":0,"event_name":"N\u0027loth","floor":21,"relics_lost":["War Paint"],"gold_loss":0},{"cards_removed":["Strike_G"],"damage_healed":0,"gold_gain":0,"player_choice":"Removed Attack","damage_taken":0,"max_hp_gain":0,"max_hp_loss":0,"event_name":"Falling","floor":36,"gold_loss":0},{"damage_healed":0,"gold_gain":0,"player_choice":"Fight","damage_taken":0,"max_hp_gain":0,"max_hp_loss":0,"event_name":"MindBloom","floor":38,"gold_loss":0},{"damage_healed":0,"gold_gain":0,"player_choice":"Ignored","damage_taken":0,"max_hp_gain":0,"max_hp_loss":0,"event_name":"Mysterious Sphere","floor":46,"gold_loss":0}],"is_beta":false,"boss_relics":[{"not_picked":["Fusion Hammer","Velvet Choker"],"picked":"Runic Pyramid"},{"not_picked":["Snecko Eye","Ring of the Serpent"],"picked":"Empty Cage"}],"items_purged_floors":[19,37,39],"is_endless":false,"potions_floor_spawned":[2,3,7,10,16,22,27,31,33,35,42,45],"ascension_level":9}}