{"host":"ndpbn7fqb3wjbd7p","time":1611357337,"event":{"mods":["AchievementEnabler","Act Like it!","AlwaysNeverKeys","BaseMod","Better Vampires","Block Reminder","Colored Powertips","DeckTracker","Defuse TimeMaze Blight","Friendly Minions","Hallownest","Hermit","Highlight Path","MarisaÅiñ∂âJÅ@ñÇóùçπÅj","Minty Spire (QoL Compilation)","Permanent Neow","Shade Mod","StSLib","SuperFastMode","Synergy Search","The Mystic","Unceasing Turn Reminder","Wandering Minibosses","egg"],"gold_per_floor":[110,110,129,144,219,219,235,235,311,311,236,236,236,236,236,366,366,382,382,382,405,430,430,463,463,508,508,508,523,564,15,15,140,140,159,174,193,193,123,123,158,158,210,210,125,125,125,141,141,141],"floor_reached":51,"language":"ENG","playtime":4297,"items_purged":["Strike_MRS","Strike_MRS"],"score":766,"play_id":"32b15a41-99f8-44c7-bf62-9957eeef1a58","local_time":"20210123001537","is_ascension_mode":true,"campfire_choices":[{"data":"Orbital","floor":6,"key":"SMITH"},{"data":"Acceleration","floor":8,"key":"SMITH"},{"data":"Acceleration","floor":10,"key":"SMITH"},{"data":"Purity","floor":13,"key":"SMITH"},{"floor":15,"key":"REST"},{"data":"GrandCross","floor":23,"key":"SMITH"},{"floor":25,"key":"REST"},{"data":"MagicChant","floor":27,"key":"SMITH"},{"data":"Strike_MRS","floor":32,"key":"PURGE"},{"data":"MasterSpark","floor":40,"key":"PURGE"},{"data":"Discovery","floor":42,"key":"SMITH"},{"data":"MasterSpark","floor":44,"key":"PURGE"},{"floor":49,"key":"REST"}],"circlet_count":0,"master_deck":["Defend_MRS","Defend_MRS","Defend_MRS","Defend_MRS","UpSweep","Purity+1","Acceleration+1","Orbital+1","Acceleration+1","GrandCross+1","SatelliteIllusion","GravityBeat+1","GrandCross+1","EventHorizon","hermit:Gambit","Discovery+1","Grand Finale","MasterSpark","EventHorizon","Hallownest:skillKingdomsEdgeMap","Backflip+1"],"relics":["MiniHakkero","Golden Idol","Ornamental Fan","Dream Catcher","ExperimentalFamiliar","MutagenicStrength","Nunchaku","Juzu Bracelet","Boot","PrismaticShard","Peace Pipe","Black Star","Pantograph","StoneCalendar","Strawberry"],"acts_visited":["Exordium","TheCity","TheCity"],"potions_floor_usage":[16,20,24,33,36,36,37,48],"damage_taken":[{"damage":0,"enemies":"Cultist","floor":1,"turns":4},{"damage":6,"enemies":"Jaw Worm","floor":3,"turns":4},{"damage":2,"enemies":"2 Louse","floor":4,"turns":3},{"damage":12,"enemies":"Looter","floor":7,"turns":3},{"damage":13,"enemies":"Slime Boss","floor":16,"turns":10},{"damage":12,"enemies":"Spheric Guardian","floor":18,"turns":4},{"damage":1,"enemies":"3 Byrds","floor":21,"turns":4},{"damage":5,"enemies":"3 Cultists","floor":22,"turns":4},{"damage":8,"enemies":"Book of Stabbing","floor":24,"turns":3},{"damage":8,"enemies":"Cultist and Chosen","floor":29,"turns":2},{"damage":0,"enemies":"Gremlin Leader","floor":30,"turns":4},{"damage":36,"enemies":"Champ","floor":33,"turns":7},{"damage":0,"enemies":"Hallownest:Shield_Heavy","floor":35,"turns":3},{"damage":21,"enemies":"Hallownest:3_Siblings","floor":36,"turns":4},{"damage":12,"enemies":"Hallownest:monsterPrimalAspid","floor":37,"turns":2},{"damage":5,"enemies":"Hallownest:StalkingDevout","floor":41,"turns":4},{"damage":0,"enemies":"Hallownest:2_Wandering_and_1_Horned","floor":48,"turns":2},{"damage":20,"enemies":"Hallownest:BossGreyPrinceZote","floor":50,"turns":4}],"seed_played":"8365383555712074158","potions_obtained":[{"floor":4,"key":"EssenceOfSteel"},{"floor":7,"key":"SkillPotion"},{"floor":18,"key":"Ancient Potion"},{"floor":20,"key":"Fruit Juice"},{"floor":20,"key":"GamblersBrew"},{"floor":20,"key":"SteroidPotion"},{"floor":21,"key":"PowerPotion"},{"floor":33,"key":"AttackPotion"},{"floor":35,"key":"Energy Potion"},{"floor":36,"key":"Swift Potion"}],"is_trial":false,"path_per_floor":["M","?","M","M","?","R","M","R","T","R","$","?","R","?","R","B",null,"M","?","?","M","M","R","E","R","T","R","?","M","E","$","R","B",null,"M","M","M","?","$","R","E","R","T","R","?","?","?","M","R","B",null],"character_chosen":"MARISA","items_purchased":["PrismaticShard","Peace Pipe","EventHorizon"],"campfire_rested":3,"item_purchase_floors":[31,31,39],"current_hp_per_floor":[75,69,63,61,50,50,38,38,38,38,38,38,38,35,55,42,69,57,57,62,61,56,56,48,70,70,70,70,62,62,62,62,26,74,74,53,41,41,41,41,36,36,43,43,43,43,43,43,67,61],"gold":141,"neow_bonus":"RANDOM_COLORLESS","is_daily":false,"chose_seed":false,"campfire_upgraded":7,"win_rate":0.0,"timestamp":1611357337,"path_taken":["M","?","M","M","?","R","M","R","T","R","$","?","R","?","R","BOSS","M","?","?","?","M","R","E","R","T","R","?","M","E","$","R","BOSS","M","M","M","?","$","R","E","R","T","R","?","?","?","M","R","BOSS"],"items_purchased_type":["Relic","Relic","Card"],"build_version":"2020-12-22","purchased_purges":2,"victory":true,"max_hp_per_floor":[75,69,69,69,69,69,69,69,69,69,69,69,69,69,69,69,69,69,69,74,74,74,74,74,74,74,74,74,74,74,74,74,74,74,74,74,74,74,74,74,74,74,81,81,81,81,81,81,81,81],"card_choices":[{"not_picked":["Bandage Up","Forethought"],"picked":"Purity","floor":0},{"not_picked":["SporeBomb","NonDirectionalLaser"],"picked":"Acceleration","floor":1},{"not_picked":["MilkyWay","IllusionStar"],"picked":"Orbital","floor":3},{"not_picked":["DoubleSpark","IllusionStar"],"picked":"EnergyRecoil","floor":4},{"not_picked":["DarkMatter","DC"],"picked":"Acceleration","floor":7},{"not_picked":["BinaryStars","PowerUp"],"picked":"GrandCross","floor":15},{"not_picked":["TreasureHunter","BlazingStar"],"picked":"SatelliteIllusion","floor":16},{"not_picked":["MysteriousBeam","AsteroidBelt+1","ChargingUp"],"picked":"SKIP","floor":18},{"not_picked":["SporeBomb","DarkSpark"],"picked":"GravityBeat+1","floor":21},{"not_picked":["LuminesStrike","OneTimeOff+1","WitchOfGreed"],"picked":"SKIP","floor":22},{"not_picked":["UnstableBomb+1","WitchOfGreed","OortCloud+1"],"picked":"SKIP","floor":24},{"not_picked":["BlazeAway","MeteoricShower+1"],"picked":"MagicChant","floor":25},{"not_picked":["Occultation+1","StarDustReverie"],"picked":"GrandCross+1","floor":29},{"not_picked":["OneTimeOff","Occultation"],"picked":"EventHorizon","floor":30},{"not_picked":["Phantasmal Killer","mysticmod:Momentum"],"picked":"hermit:Gambit","floor":33},{"not_picked":["PiercingWail+1","Shade:SkeletonArmy+1"],"picked":"Discovery","floor":35},{"not_picked":["Capacitor","Steam+1","Robbery"],"picked":"SKIP","floor":36},{"not_picked":["Tactician+1","Cloak And Dagger+1"],"picked":"Grand Finale","floor":37},{"not_picked":["mysticmod:BladeMaster+1","Compile Driver","mysticmod:Daze+1"],"picked":"SKIP","floor":41},{"not_picked":["Headbutt","hermit:WideOpen+1","Noxious Fumes+1"],"picked":"SKIP","floor":48},{"not_picked":["ClearTheMind+1","Seek"],"picked":"Backflip+1","floor":49}],"player_experience":1199388,"relics_obtained":[{"floor":9,"key":"Ornamental Fan"},{"floor":24,"key":"Nunchaku"},{"floor":26,"key":"Juzu Bracelet"},{"floor":30,"key":"Boot"},{"floor":41,"key":"Pantograph"},{"floor":41,"key":"StoneCalendar"},{"floor":43,"key":"Strawberry"}],"event_choices":[{"damage_healed":0,"gold_gain":0,"player_choice":"Lose Max HP","damage_taken":0,"relics_obtained":["Golden Idol"],"max_hp_gain":0,"max_hp_loss":6,"event_name":"Golden Idol","floor":2,"gold_loss":0},{"damage_healed":0,"gold_gain":75,"player_choice":"Gather Gold","damage_taken":11,"max_hp_gain":0,"max_hp_loss":0,"event_name":"World of Goop","floor":5,"gold_loss":0},{"cards_removed":["Strike_MRS"],"damage_healed":0,"gold_gain":0,"player_choice":"Forget","damage_taken":0,"max_hp_gain":0,"max_hp_loss":0,"event_name":"Living Wall","floor":12,"gold_loss":0},{"damage_healed":0,"gold_gain":0,"player_choice":"Success","damage_taken":3,"relics_obtained":["Dream Catcher"],"max_hp_gain":0,"max_hp_loss":0,"event_name":"Scrap Ooze","floor":14,"gold_loss":0},{"damage_healed":0,"gold_gain":0,"player_choice":"Inject Mutagens","damage_taken":0,"relics_obtained":["MutagenicStrength"],"max_hp_gain":0,"max_hp_loss":0,"event_name":"Drug Dealer","floor":19,"gold_loss":0},{"damage_healed":0,"gold_gain":0,"player_choice":"Got Potions","damage_taken":0,"max_hp_gain":0,"max_hp_loss":0,"event_name":"Lab","floor":20,"gold_loss":0},{"damage_healed":0,"gold_gain":0,"player_choice":"Ignored","damage_taken":0,"max_hp_gain":0,"max_hp_loss":0,"event_name":"Vampires","floor":28,"gold_loss":0}],"is_beta":false,"boss_relics":[{"not_picked":["Calling Bell","Busted Crown"],"picked":"ExperimentalFamiliar"},{"not_picked":["RampagingMagicTools","Coffee Dripper"],"picked":"Black Star"}],"items_purged_floors":[11,31],"is_endless":false,"potions_floor_spawned":[4,7,18,21,33,35,36],"ascension_level":2}}