{"host":"yfdtuf6ojcxn06xg","time":1611297465,"event":{"mods":["2.2 Compatiblity","AchievementEnabler","BaseMod","Colored Map","Colored Powertips","Curses Come First","Hermit","JesterMod","Jorbs\u0027s Wanderer Trilogy","Minty Spire (QoL Compilation)","Quick Restart","Rare Cards Sparkle","Relic Stats","Replay The Spire","StSLib","The Cursed","The Disciple","The Hierophant","The Jungle","The Marked","The Necromancer","The Servant 0.9.4"],"gold_per_floor":[109,109,109,0,14,44,44,56,81,81,97,97,97,97],"floor_reached":13,"language":"ENG","playtime":570,"items_purged":["Strike_G"],"score":100,"play_id":"88b5977e-47dd-4600-bd5e-74d7e73e595e","local_time":"20210122013745","is_ascension_mode":true,"campfire_choices":[{"floor":7,"key":"REST"},{"data":"After Image","floor":10,"key":"SMITH"}],"circlet_count":0,"master_deck":["Strike_G","Strike_G","Strike_G","Defend_G","Defend_G","Defend_G","Defend_G","Defend_G","Survivor","Neutralize+1","Blind","PiercingWail","Fluid Movement","Prepared","After Image+1","Blade Dance","Deflect"],"relics":["Ring of the Snake","MealTicket","Replay:Baseball"],"acts_visited":["Exordium"],"potions_floor_usage":[13],"damage_taken":[{"damage":0,"enemies":"2 Louse","floor":1,"turns":3},{"damage":0,"enemies":"Small Slimes","floor":5,"turns":6},{"damage":54,"enemies":"3 Sentries","floor":6,"turns":22},{"damage":0,"enemies":"Cultist","floor":8,"turns":6},{"damage":19,"enemies":"Gremlin Gang","floor":11,"turns":8},{"damage":12,"enemies":"Gremlin Nob","floor":13,"turns":2}],"seed_played":"2182324505921391862","potions_obtained":[{"floor":6,"key":"Energy Potion"},{"floor":11,"key":"PowerPotion"}],"is_trial":false,"path_per_floor":["M","?","?","$","M","E","R","M","T","R","M","?","E"],"character_chosen":"THE_SILENT","items_purchased":["Fluid Movement"],"campfire_rested":1,"item_purchase_floors":[4],"current_hp_per_floor":[70,63,63,63,63,9,30,30,30,30,11,11,0,0],"gold":97,"neow_bonus":"RANDOM_COLORLESS","is_daily":false,"chose_seed":false,"campfire_upgraded":1,"win_rate":0.0,"timestamp":1611297465,"path_taken":["M","?","?","$","M","E","R","M","T","R","M","?","E"],"items_purchased_type":["Card"],"build_version":"2020-12-22","purchased_purges":1,"victory":false,"max_hp_per_floor":[70,70,70,70,70,70,70,70,70,70,70,70,70,70],"relic_stats":{"counters":[6,47],"MealTicket":0,"obtain_stats":[{"Replay:Baseball":9,"MealTicket":6,"Ring of the Snake":0},{"Replay:Baseball":4,"MealTicket":3,"Ring of the Snake":0},{"Replay:Baseball":37,"MealTicket":31,"Ring of the Snake":0}],"Ring of the Snake":[12]},"card_choices":[{"not_picked":["Purity","Replay:Parry"],"picked":"Blind","floor":0},{"not_picked":["Masterful Stab","Dagger Throw"],"picked":"PiercingWail","floor":1},{"not_picked":["PiercingWail","Quick Slash"],"picked":"Prepared","floor":5},{"not_picked":["Dodge and Roll","Catalyst"],"picked":"After Image","floor":6},{"not_picked":["Dodge and Roll","Reflex"],"picked":"Blade Dance","floor":8},{"not_picked":["Dodge and Roll","Eviscerate"],"picked":"Deflect","floor":11}],"player_experience":217235,"relics_obtained":[{"floor":6,"key":"MealTicket"},{"floor":9,"key":"Replay:Baseball"}],"event_choices":[{"cards_removed":["Strike_G"],"damage_healed":0,"gold_gain":0,"player_choice":"Card Removal","damage_taken":7,"max_hp_gain":0,"max_hp_loss":0,"event_name":"Golden Wing","floor":2,"gold_loss":0},{"damage_healed":0,"gold_gain":0,"player_choice":"Ignored","damage_taken":0,"max_hp_gain":0,"max_hp_loss":0,"event_name":"Shining Light","floor":12,"gold_loss":0}],"is_beta":false,"boss_relics":[],"items_purged_floors":[4],"is_endless":false,"potions_floor_spawned":[6,11],"killed_by":"Gremlin Nob","ascension_level":4}}