{"host":"n91w9dq5l8qws978","time":1611339502,"event":{"mods":["BaseMod","Bestiary","Challenge The Spire","Custom Start","Defuse TimeMaze Blight","Keyboard Shortcuts","Minty Spire (QoL Compilation)","MonsterHotkey","Relic Stats","StSLib","Uncapped"],"gold_per_floor":[17,29,46,16,0,0,18,48,48,48,73,83,95,160,160,160,160],"floor_reached":16,"language":"ENG","playtime":982,"items_purged":[],"score":240,"play_id":"6b0e8b33-53c0-4bdb-b6c9-9188b8ff3580","local_time":"20210122181822","is_ascension_mode":true,"campfire_choices":[{"data":"Flying Knee","floor":6.0,"key":"SMITH"},{"data":"Well Laid Plans","floor":10,"key":"SMITH"},{"floor":15,"key":"REST"}],"circlet_count":0,"master_deck":["AscendersBane","Strike_G","Strike_G","Strike_G","Strike_G","Strike_G","Defend_G","Defend_G","Defend_G","Defend_G","Defend_G","Survivor","Neutralize","Well Laid Plans+1","Caltrops","Footwork","Flying Knee+1","Crippling Poison","Dash","Leg Sweep","PiercingWail","Deflect"],"relics":["Ring of the Snake","InkBottle","Gremlin Horn","The Courier"],"acts_visited":["Exordium"],"potions_floor_usage":[11],"damage_taken":[{"damage":0.0,"enemies":"Cultist","floor":1.0,"turns":4.0},{"damage":2.0,"enemies":"Jaw Worm","floor":2.0,"turns":7.0},{"damage":1.0,"enemies":"2 Louse","floor":3.0,"turns":5.0},{"damage":4.0,"enemies":"Looter","floor":4.0,"turns":4.0},{"damage":2.0,"enemies":"3 Louse","floor":7.0,"turns":4.0},{"damage":30,"enemies":"Gremlin Nob","floor":8,"turns":5},{"damage":0,"enemies":"3 Sentries","floor":11,"turns":10},{"damage":20,"enemies":"Exordium Wildlife","floor":12,"turns":5},{"damage":1,"enemies":"Blue Slaver","floor":13,"turns":5},{"damage":26,"enemies":"Slime Boss","floor":16,"turns":10}],"seed_played":"4729456858547625638","potions_obtained":[{"floor":3.0,"key":"Energy Potion"},{"floor":7.0,"key":"FearPotion"},{"floor":11,"key":"Weak Potion"}],"is_trial":false,"path_per_floor":["M","M","M","M","?","R","M","E","T","R","E","M","M","?","R","B"],"character_chosen":"THE_SILENT","items_purchased":[],"campfire_rested":1,"item_purchase_floors":[],"current_hp_per_floor":[71,69,68,64,64,64,62,32,32,32,32,12,11,11,34,8,8],"gold":160,"neow_bonus":"TWENTY_PERCENT_HP_BONUS","is_daily":false,"chose_seed":false,"campfire_upgraded":2,"win_rate":0.0,"timestamp":1611339502,"path_taken":["M","M","M","?","?","R","M","E","T","R","E","M","M","?","R","BOSS"],"items_purchased_type":[],"build_version":"2020-12-22","purchased_purges":0,"victory":false,"max_hp_per_floor":[78,78,78,78,78,78,78,78,78,78,78,78,78,78,78,78,78],"relic_stats":{"Gremlin Horn":[3,3],"counters":[10,59],"obtain_stats":[{"Gremlin Horn":9,"The Courier":11,"InkBottle":8,"Ring of the Snake":0},{"Gremlin Horn":6,"The Courier":7,"InkBottle":6,"Ring of the Snake":0},{"Gremlin Horn":29,"The Courier":39,"InkBottle":29,"Ring of the Snake":0}],"InkBottle":[8],"Ring of the Snake":[20]},"card_choices":[{"not_picked":["Dodge and Roll","Dagger Throw"],"picked":"Well Laid Plans","floor":1.0},{"not_picked":["Setup","Acrobatics"],"picked":"Caltrops","floor":2.0},{"not_picked":["PiercingWail","Poisoned Stab"],"picked":"Footwork","floor":3.0},{"not_picked":["Choke","Cloak And Dagger"],"picked":"Flying Knee","floor":4.0},{"not_picked":["Phantasmal Killer","Deadly Poison"],"picked":"Crippling Poison","floor":7.0},{"not_picked":["Underhanded Strike","Dagger Throw"],"picked":"Dash","floor":8},{"not_picked":["Escape Plan","Bane"],"picked":"Leg Sweep","floor":11},{"not_picked":["Outmaneuver","Flying Knee"],"picked":"PiercingWail","floor":12},{"not_picked":["Slice","Deadly Poison"],"picked":"Deflect","floor":13}],"player_experience":405216,"relics_obtained":[{"floor":8,"key":"InkBottle"},{"floor":9,"key":"Gremlin Horn"},{"floor":11,"key":"The Courier"}],"event_choices":[{"damage_healed":0.0,"max_hp_gain":0.0,"max_hp_loss":0.0,"gold_gain":0.0,"event_name":"World of Goop","player_choice":"Left Gold","floor":5.0,"gold_loss":16.0,"damage_taken":0.0},{"damage_healed":0,"gold_gain":65,"player_choice":"Gained Gold","damage_taken":0,"max_hp_gain":0,"max_hp_loss":0,"event_name":"Golden Wing","floor":14,"gold_loss":0}],"is_beta":false,"boss_relics":[],"items_purged_floors":[],"is_endless":false,"potions_floor_spawned":[3,7,8,11],"killed_by":"Slime Boss","ascension_level":15}}