{"host":"gzsdmyo07u314vug","time":1611273808,"event":{"mods":["2.2 Compatiblity","Astrologer","BaseMod","Colored Powertips","GifTheSpireLib","Gremlin Mod","Hermit","Jorbs\u0027s Wanderer Trilogy","Minty Spire (QoL Compilation)","Quick Restart","Rare Cards Sparkle","Relic Stats","Replay The Spire","Robot Space Explorer","Shop Mod","StSLib","The Bug Knight","The Construct","The Cursed","The Elementalist","The Hierophant","The IronCluck","The Marked","The Necromancer","The Runesmith","The Servant 0.9.4","Unceasing Turn Reminder","everything is the same but u backflip on backflip","slay the spire mod where everything is the same but ironclad has a cowboy hat","vexMod"],"gold_per_floor":[113,33,33,33,46,46,96,46,118,131,148,148,158,9,9,107,107,107,30,47,47,60,71,71,100,100,100,111,124,154,166,166,261,261,280,300,31,47,47,47,101,121,148,158,158,175,185,213,213,213],"floor_reached":51,"language":"ENG","playtime":3991,"items_purged":["TheCursedMod:Strike_TheCursed"],"score":931,"play_id":"d0ceb475-46fd-4c85-ae6e-25210f10b374","local_time":"20210121210328","is_ascension_mode":true,"campfire_choices":[{"data":"TheCursedMod:CircleOfWindfury","floor":6.0,"key":"SMITH"},{"data":"TheCursedMod:CleanUpWorkshop","floor":12.0,"key":"SMITH"},{"data":"TheCursedMod:Stigma","floor":15.0,"key":"SMITH"},{"data":"TheCursedMod:Evocation","floor":24,"key":"SMITH"},{"data":"RitualDagger","floor":27,"key":"SMITH"},{"data":"TheCursedMod:NeowsMight","floor":32,"key":"SMITH"},{"data":"TheCursedMod:CollectTribute","floor":40,"key":"SMITH"},{"data":"TheCursedMod:ReleasedStrength","floor":45,"key":"SMITH"},{"data":"TheCursedMod:NeowsMight","floor":49,"key":"SMITH"}],"circlet_count":0,"master_deck":["TheCursedMod:Strike_TheCursed","TheCursedMod:Strike_TheCursed","TheCursedMod:Defend_TheCursed","TheCursedMod:Defend_TheCursed","TheCursedMod:Defend_TheCursed","TheCursedMod:Defend_TheCursed","TheCursedMod:CursedWand","TheCursedMod:CleanUpWorkshop+1","TheCursedMod:Dregs","TheCursedMod:CircleOfWindfury+1","CommonCold","TheCursedMod:CursedShiv","TheCursedMod:WearCloak","TheCursedMod:Stigma+1","TheCursedMod:Evocation+1","TheCursedMod:NeowsMight+1","TheCursedMod:ShockAndAwe","CurseOfTheBell","TheCursedMod:ReleasedStrength+1","TheCursedMod:Obscuration+1","RitualDagger+1","TheCursedMod:Torture","TheCursedMod:CircleOfCorruption+1","TheCursedMod:CircleOfFlame","TheCursedMod:CircleOfAbyss","TheCursedMod:SmokeScreen","TheCursedMod:NeowsMight+1","TheCursedMod:SurpriseAttack+1","TheCursedMod:CollectTribute+1","TheCursedMod:SpitefulPlan+1","TheCursedMod:CursedMace+1","TheCursedMod:RapidMovement","Writhe","TheCursedMod:CircleOfWindfury+1","TheCursedMod:SurpriseAttack+1","TheCursedMod:EmpowerCircles+1"],"relics":["TheCursedMod:BlackMagic101","TheCursedMod:MagicCandle","Ring of Misfortune","Lizard Tail","construct:FoamFinger","Calling Bell","Counterbalance","Onion Ring","Toy Ornithopter","Darkstone Periapt","Ornamental Fan","Divine Protection","vexMod:TanglingVine","Bag of Preparation","Akabeko","Strawberry","Gremlin Food"],"acts_visited":["Exordium","TheCity","TheBeyond"],"potions_floor_usage":[18,25,33,33,33,48],"damage_taken":[{"damage":6.0,"enemies":"Small Slimes","floor":1.0,"turns":4.0},{"damage":0.0,"enemies":"Jaw Worm","floor":5.0,"turns":4.0},{"damage":0.0,"enemies":"2 Louse","floor":10.0,"turns":3.0},{"damage":0.0,"enemies":"Blue Slaver","floor":11.0,"turns":5.0},{"damage":0.0,"enemies":"Looter","floor":13.0,"turns":2.0},{"damage":2.0,"enemies":"Hexaghost","floor":16.0,"turns":9.0},{"damage":0,"enemies":"3 Byrds","floor":18,"turns":1},{"damage":0,"enemies":"Spheric Guardian","floor":20,"turns":3},{"damage":0,"enemies":"Snecko","floor":22,"turns":4},{"damage":0,"enemies":"Snake Plant","floor":23,"turns":4},{"damage":9,"enemies":"Gremlin Leader","floor":25,"turns":6},{"damage":0,"enemies":"Cultist and Chosen","floor":28,"turns":6},{"damage":0,"enemies":"Snecko","floor":29,"turns":5},{"damage":14,"enemies":"Slavers","floor":30,"turns":3},{"damage":0,"enemies":"Snake Plant","floor":31,"turns":1},{"damage":18,"enemies":"Automaton","floor":33,"turns":11},{"damage":0,"enemies":"Orb Walker","floor":35,"turns":1},{"damage":0,"enemies":"3 Darklings","floor":36,"turns":4},{"damage":0,"enemies":"Writhing Mass","floor":38,"turns":1},{"damage":0,"enemies":"Jaw Worm Horde","floor":42,"turns":2},{"damage":0,"enemies":"4 Shapes","floor":44,"turns":4},{"damage":0,"enemies":"3 Darklings","floor":46,"turns":2},{"damage":0,"enemies":"Sphere and 2 Shapes","floor":47,"turns":3},{"damage":0,"enemies":"Nemesis","floor":48,"turns":1},{"damage":0,"enemies":"Awakened One","floor":50,"turns":9}],"seed_played":"8862730172120803445","potions_obtained":[{"floor":1.0,"key":"Death Potion"},{"floor":5.0,"key":"SmokeBomb"},{"floor":13.0,"key":"PowerPotion"},{"floor":22,"key":"Strength Potion"},{"floor":23,"key":"LiquidBronze"},{"floor":28,"key":"Strength Potion"},{"floor":33,"key":"Energy Potion"},{"floor":36,"key":"Fire Potion"},{"floor":38,"key":"FearPotion"}],"is_trial":false,"path_per_floor":["M","$","?","T","M","R","?","?","T","M","M","R","M","$","R","B",null,"M","$","M","?","M","M","R","E","T","R","M","M","E","M","R","B",null,"M","M","$","M","?","R","T","M","T","M","R","M","M","E","R","B",null],"character_chosen":"THE_CURSED","items_purchased":["TheCursedMod:CircleOfWindfury","TheCursedMod:NeowsMight","TheCursedMod:ReleasedStrength","TheCursedMod:RapidMovement","Bag of Preparation"],"campfire_rested":0,"item_purchase_floors":[2,14,19,37,37],"current_hp_per_floor":[62,62,62,62,62,62,62,62,62,62,62,62,62,62,62,60,68,68,68,68,62,62,62,62,58,58,58,58,58,44,44,44,41,68,68,68,68,68,74,74,74,74,81,81,81,81,81,81,81,81],"gold":213,"neow_bonus":"ONE_RARE_RELIC","is_daily":false,"chose_seed":false,"campfire_upgraded":9,"win_rate":0.0,"timestamp":1611273808,"path_taken":["M","$","?","?","M","R","?","?","T","M","M","R","M","$","R","BOSS","M","$","M","?","M","M","R","E","T","R","M","M","E","M","R","BOSS","M","M","$","M","?","R","?","M","T","?","R","M","M","E","R","BOSS"],"items_purchased_type":["Card","Card","Card","Card","Relic"],"build_version":"2020-12-22","purchased_purges":1,"victory":true,"max_hp_per_floor":[68,68,68,68,68,68,68,68,68,68,68,68,68,68,68,68,68,68,68,68,68,68,68,68,68,68,68,68,68,68,68,68,68,68,68,68,68,68,74,74,74,74,81,81,81,81,81,81,81,81],"relic_stats":{"Darkstone Periapt":6,"Lizard Tail":0,"counters":[25,98],"Ornamental Fan":[96],"Bag of Preparation":[14],"obtain_stats":[{"Darkstone Periapt":25,"Gremlin Food":48,"TheCursedMod:BlackMagic101":0,"Divine Protection":30,"construct:FoamFinger":9,"Counterbalance":17,"Bag of Preparation":37,"vexMod:TanglingVine":34,"TheCursedMod:MagicCandle":0,"Akabeko":41,"Calling Bell":17,"Lizard Tail":4,"Ornamental Fan":26,"Ring of Misfortune":3,"Strawberry":43,"Onion Ring":17,"Toy Ornithopter":17},{"Darkstone Periapt":11,"Gremlin Food":24,"TheCursedMod:BlackMagic101":0,"Divine Protection":14,"construct:FoamFinger":2,"Counterbalance":6,"Bag of Preparation":18,"vexMod:TanglingVine":16,"TheCursedMod:MagicCandle":0,"Akabeko":19,"Calling Bell":6,"Lizard Tail":1,"Ornamental Fan":11,"Ring of Misfortune":1,"Strawberry":20,"Onion Ring":6,"Toy Ornithopter":6},{"Darkstone Periapt":45,"Gremlin Food":89,"TheCursedMod:BlackMagic101":0,"Divine Protection":59,"construct:FoamFinger":8,"Counterbalance":27,"Bag of Preparation":76,"vexMod:TanglingVine":71,"TheCursedMod:MagicCandle":0,"Akabeko":77,"Calling Bell":27,"Lizard Tail":4,"Ornamental Fan":45,"Ring of Misfortune":4,"Strawberry":79,"Onion Ring":27,"Toy Ornithopter":27}],"Toy Ornithopter":20},"card_choices":[{"not_picked":["TheCursedMod:SaltUponWound","TheCursedMod:CursedMace","TheCursedMod:Torture"],"picked":"SKIP","floor":1.0},{"not_picked":["TheCursedMod:RavingStaff","TheCursedMod:TacticalStrike"],"picked":"TheCursedMod:CursedShiv","floor":5.0},{"not_picked":["TheCursedMod:CursedShiv","TheCursedMod:RavingStaff"],"picked":"TheCursedMod:WearCloak","floor":10.0},{"not_picked":["TheCursedMod:CursedArmor","TheCursedMod:CircleOfFocus"],"picked":"TheCursedMod:Stigma","floor":11.0},{"not_picked":["TheCursedMod:CursedMace","TheCursedMod:WearCloak"],"picked":"TheCursedMod:Evocation","floor":13.0},{"not_picked":["TheCursedMod:DarkBarrier","TheCursedMod:StunningStrike"],"picked":"TheCursedMod:ShockAndAwe","floor":16.0},{"not_picked":["TheCursedMod:SurpriseAttack","TheCursedMod:FleshFromBone"],"picked":"TheCursedMod:Obscuration+1","floor":20},{"not_picked":["TheCursedMod:VitalStrike","TheCursedMod:RavingStaff+1"],"picked":"TheCursedMod:Torture","floor":22},{"not_picked":["TheCursedMod:TacticalStrike","TheCursedMod:ReleasedKnowledge"],"picked":"TheCursedMod:CircleOfCorruption+1","floor":23},{"not_picked":["TheCursedMod:Hemoplague","TheCursedMod:SoulReap"],"picked":"TheCursedMod:CircleOfFlame","floor":25},{"not_picked":["TheCursedMod:SurpriseAttack","TheCursedMod:Obscuration"],"picked":"TheCursedMod:CircleOfAbyss","floor":28},{"not_picked":["TheCursedMod:Torture","TheCursedMod:Grudge"],"picked":"TheCursedMod:SmokeScreen","floor":29},{"not_picked":["TheCursedMod:TacticalStrike","TheCursedMod:SpitefulStrike+1"],"picked":"TheCursedMod:NeowsMight","floor":30},{"not_picked":["TheCursedMod:CursedShiv","TheCursedMod:CursedArmor+1"],"picked":"TheCursedMod:SurpriseAttack+1","floor":31},{"not_picked":["TheCursedMod:StunningStrike","TheCursedMod:ShockAndAwe"],"picked":"TheCursedMod:CollectTribute","floor":33},{"not_picked":["TheCursedMod:CircleOfFocus+1","TheCursedMod:CursedAmulet+1"],"picked":"TheCursedMod:SpitefulPlan+1","floor":35},{"not_picked":["TheCursedMod:Torture","TheCursedMod:SmokeScreen","TheCursedMod:CursedMace+1"],"picked":"SKIP","floor":36},{"not_picked":["TheCursedMod:Torture","TheCursedMod:SmokeScreen"],"picked":"TheCursedMod:CursedMace+1","floor":36},{"not_picked":["TheCursedMod:SmokeScreen","TheCursedMod:SpitefulPray","TheCursedMod:Grudge"],"picked":"SKIP","floor":38},{"not_picked":["TheCursedMod:SpitefulStrike","TheCursedMod:CursedShiv"],"picked":"TheCursedMod:CircleOfWindfury+1","floor":42},{"not_picked":["TheCursedMod:CircleOfCorruption","TheCursedMod:DoubleShield"],"picked":"TheCursedMod:SurpriseAttack+1","floor":44},{"not_picked":["TheCursedMod:CircleOfFlame","TheCursedMod:CircleOfBlood","TheCursedMod:CircleOfCorruption+1"],"picked":"SKIP","floor":46},{"not_picked":["TheCursedMod:Obscuration","TheCursedMod:CursedMace+1"],"picked":"TheCursedMod:EmpowerCircles+1","floor":47},{"not_picked":["TheCursedMod:Stretching","TheCursedMod:DoubleShield+1","TheCursedMod:Torture+1"],"picked":"SKIP","floor":48}],"player_experience":755482,"relics_obtained":[{"floor":3.0,"key":"Ring of Misfortune"},{"floor":4.0,"key":"Lizard Tail"},{"floor":9.0,"key":"construct:FoamFinger"},{"floor":17,"key":"Counterbalance"},{"floor":17,"key":"Onion Ring"},{"floor":17,"key":"Toy Ornithopter"},{"floor":25,"key":"Darkstone Periapt"},{"floor":26,"key":"Ornamental Fan"},{"floor":30,"key":"Divine Protection"},{"floor":41,"key":"Akabeko"},{"floor":43,"key":"Strawberry"},{"floor":48,"key":"Gremlin Food"}],"event_choices":[{"cards_removed":["TheCursedMod:Strike_TheCursed"],"damage_healed":0.0,"max_hp_gain":0.0,"max_hp_loss":0.0,"gold_gain":0.0,"event_name":"The Cleric","player_choice":"Card Removal","floor":8.0,"gold_loss":50.0,"damage_taken":0.0},{"damage_healed":0,"gold_gain":0,"player_choice":"Joined the Cult","damage_taken":6,"max_hp_gain":0,"max_hp_loss":0,"event_name":"Nest","floor":21,"gold_loss":0,"cards_obtained":["RitualDagger"]},{"damage_healed":17,"gold_gain":0,"player_choice":"Writhe","damage_taken":0,"max_hp_gain":0,"max_hp_loss":0,"event_name":"Winding Halls","floor":39,"gold_loss":0,"cards_obtained":["Writhe"]}],"is_beta":false,"boss_relics":[{"not_picked":["Painkiller Herb","vexMod:RockOfEvil"],"picked":"Calling Bell"},{"not_picked":["Velvet Choker","construct:WeddingRing"],"picked":"vexMod:TanglingVine"}],"items_purged_floors":[37],"is_endless":false,"potions_floor_spawned":[1,5,13,22,23,28,30,33,36,38,42],"ascension_level":3}}