{"host":"opyh6vr790e42ffe","time":1611335348,"event":{"mods":["BaseMod","Bestiary","Colored Map","Highlight Path","Minty Spire (QoL Compilation)","Relic Stats","StSLib"],"gold_per_floor":[119,194,209,209,226,226,241,241,241],"floor_reached":8,"language":"ENG","playtime":434,"items_purged":[],"score":96,"play_id":"6a602c01-50ad-48a3-ae62-1291d02228ae","local_time":"20210122090908","is_ascension_mode":true,"campfire_choices":[{"data":"Strike_P","floor":6.0,"key":"PURGE"}],"circlet_count":0,"master_deck":["AscendersBane","Strike_P","Strike_P","Strike_P","Defend_P","Defend_P","Defend_P","Defend_P","Eruption","Vigilance","Wireheading","Consecrate","CutThroughFate","Pray"],"relics":["PureWater","Peace Pipe"],"acts_visited":["Exordium"],"potions_floor_usage":[8,8],"damage_taken":[{"damage":9.0,"enemies":"Jaw Worm","floor":1.0,"turns":6.0},{"damage":0.0,"enemies":"2 Louse","floor":3.0,"turns":3.0},{"damage":2.0,"enemies":"Cultist","floor":5.0,"turns":3.0},{"damage":8.0,"enemies":"2 Fungi Beasts","floor":7.0,"turns":3.0},{"damage":27,"enemies":"3 Sentries","floor":8,"turns":4}],"seed_played":"-5739305905191492372","potions_obtained":[{"floor":1.0,"key":"Energy Potion"},{"floor":3.0,"key":"GamblersBrew"}],"is_trial":false,"path_per_floor":["M","?","M","T","M","R","M","E"],"character_chosen":"WATCHER","items_purchased":[],"campfire_rested":0,"item_purchase_floors":[],"current_hp_per_floor":[46,35,35,35,33,33,25,0,0],"gold":241,"neow_bonus":"TWENTY_PERCENT_HP_BONUS","is_daily":false,"chose_seed":false,"campfire_upgraded":0,"win_rate":0.0,"timestamp":1611335348,"path_taken":["M","?","M","?","M","R","M","E"],"items_purchased_type":[],"build_version":"2020-12-22","purchased_purges":0,"victory":false,"max_hp_per_floor":[80,80,80,80,80,80,80,80,80],"relic_stats":{"Peace Pipe":1,"counters":[5,19],"obtain_stats":[{"Peace Pipe":4,"PureWater":0},{"Peace Pipe":2,"PureWater":0},{"Peace Pipe":9,"PureWater":0}]},"card_choices":[{"not_picked":["Crescendo","Collect"],"picked":"Wireheading","floor":1.0},{"not_picked":["EmptyBody","Prostrate"],"picked":"Consecrate","floor":3.0},{"not_picked":["BattleHymn","CarveReality"],"picked":"CutThroughFate","floor":5.0},{"not_picked":["CarveReality","CutThroughFate"],"picked":"Pray","floor":7.0}],"player_experience":2419541,"relics_obtained":[{"floor":4.0,"key":"Peace Pipe"}],"event_choices":[{"damage_healed":0.0,"max_hp_gain":0.0,"max_hp_loss":0.0,"gold_gain":75.0,"event_name":"World of Goop","player_choice":"Gather Gold","floor":2.0,"gold_loss":0.0,"damage_taken":11.0}],"is_beta":false,"boss_relics":[],"items_purged_floors":[],"is_endless":false,"potions_floor_spawned":[1,3],"killed_by":"3 Sentries","ascension_level":20}}