{"host":"2ccem01eblg14btk","time":1611322396,"event":{"mods":["BaseMod","Colored Map","Minty Spire (QoL Compilation)","Quick Restart","Replay The Spire","StSLib"],"gold_per_floor":[113,64,79,79,90,123,140,140,140,173,184,184,212,227,227,305,305,318,318,64,80,80,105,105,132,156,156,171,171,171,171,171,242,242,252,232,85,100,9,41,95,129,154,429,429,429,449,479,0,32,32,32],"floor_reached":53,"language":"ENG","playtime":1635,"items_purged":[],"score":1395,"play_id":"8c08dc30-730a-4f80-841a-02e07390d75f","local_time":"20210122143316","is_ascension_mode":true,"campfire_choices":[{"floor":8.0,"key":"REST"},{"data":"Limit Break","floor":15.0,"key":"SMITH"},{"floor":27.0,"key":"REST"},{"floor":30.0,"key":"DIG"},{"floor":32.0,"key":"REST"},{"floor":51,"key":"DIG"}],"circlet_count":0,"master_deck":["AscendersBane","Strike_R","Strike_R+1","Strike_R+1","Strike_R","Strike_R","Defend_R","Defend_R+1","Defend_R","Defend_R","Bash","Power Through","Ghostly Armor+1","Body Slam+1","Run Through+1","Limit Break+1","Heavy Blade+1","Disarm+1","Body Slam+1","Demonic Infusion+1","Body Slam+1","Shame","Writhe","Reaper+1","Shrug It Off+1","Offering","Offering","Pot Of Greed","Pot Of Greed","Pot Of Greed","Regret","Parasite","Pummel+1","ReplayTheSpireMod:Limb From Limb+1"],"relics":["Burning Blood","Molten Egg 2","Du-Vu Doll","Shovel","ReplayTheSpireMod:Shallot","PreservedInsect","Black Star","Garlic","Ancient Tea Set","Bottled Flame","Replay:Bottled Flurry","Red Skull","Juzu Bracelet","Blue Candle","Paper Frog","Blue Doll","ChewingGum","Brimstone","Grinning Jar","Replay:Towering Pillar of Hats","TungstenRod","Replay:Kaleidoscope","ReplayTheSpireMod:Lightbulb","Strawberry","InkBottle","Nunchaku","Red Mask","War Paint","Whetstone","Art of War"],"acts_visited":["Exordium","TheCity","TheBeyond"],"potions_floor_usage":[52],"damage_taken":[{"damage":9.0,"enemies":"Small Slimes","floor":1.0,"turns":5.0},{"damage":15.0,"enemies":"Cultist","floor":3.0,"turns":5.0},{"damage":16.0,"enemies":"Jaw Worm","floor":5.0,"turns":6.0},{"damage":49.0,"enemies":"Gremlin Nob","floor":6.0,"turns":5.0},{"damage":20.0,"enemies":"Gremlin Gang","floor":7.0,"turns":6.0},{"damage":7.0,"enemies":"Lagavulin","floor":10.0,"turns":5.0},{"damage":6.0,"enemies":"Large Slime","floor":11.0,"turns":7.0},{"damage":42.0,"enemies":"Gremlin Nob","floor":13.0,"turns":6.0},{"damage":1.0,"enemies":"Red Slaver","floor":14.0,"turns":3.0},{"damage":44.0,"enemies":"Fading Forest","floor":16.0,"turns":11.0},{"damage":33.0,"enemies":"Spheric Guardian","floor":18.0,"turns":6.0},{"damage":7.0,"enemies":"2 Thieves","floor":21.0,"turns":4.0},{"damage":20.0,"enemies":"Replay:Snechameleon","floor":23.0,"turns":7.0},{"damage":26.0,"enemies":"Slavers","floor":25.0,"turns":8.0},{"damage":13.0,"enemies":"Cultist and Chosen","floor":28.0,"turns":7.0},{"damage":36.0,"enemies":"Collector","floor":33.0,"turns":5.0},{"damage":28.0,"enemies":"3 Shapes","floor":35.0,"turns":7.0},{"damage":0.0,"enemies":"Orb Walker","floor":38.0,"turns":3.0},{"damage":32.0,"enemies":"R_Hoarder","floor":40.0,"turns":4.0},{"damage":11.0,"enemies":"2 Orb Walkers","floor":41.0,"turns":3.0},{"damage":15.0,"enemies":"Giant Head","floor":42.0,"turns":4.0},{"damage":14.0,"enemies":"Writhing Mass","floor":47.0,"turns":4.0},{"damage":30.0,"enemies":"R_Hoarder","floor":48.0,"turns":5.0},{"damage":5,"enemies":"Reptomancer","floor":50,"turns":1},{"damage":26,"enemies":"Replay:Hell Engine","floor":52,"turns":4}],"seed_played":"-1276643545415080609","potions_obtained":[{"floor":1.0,"key":"Adrenaline Potion"},{"floor":7.0,"key":"DuplicationPotion"},{"floor":10.0,"key":"Energy Potion"},{"floor":11.0,"key":"SpeedPotion"},{"floor":14.0,"key":"Cursed Concoction"},{"floor":23.0,"key":"Energy Potion"},{"floor":25.0,"key":"PowerPotion"},{"floor":33.0,"key":"DistilledChaos"},{"floor":36.0,"key":"Reflective Coating"},{"floor":40.0,"key":"Energy Potion"},{"floor":42.0,"key":"DistilledChaos"}],"is_trial":false,"path_per_floor":["M","$","M","?","M","E","M","R","T","E","M","?","E","M","R","B",null,"M","?","$","M","?","E","?","E","T","R","M","?","R","?","R","B",null,"M","?","$","M","$","E","?","E","T","?","PTL","PTL","M","E","?","E","R","B",null],"character_chosen":"IRONCLAD","items_purchased":["Ghostly Armor+1","Garlic","Brimstone","Offering"],"campfire_rested":3,"item_purchase_floors":[2,20,37,39],"current_hp_per_floor":[74,74,70,70,65,22,13,37,37,36,41,90,54,59,59,29,75,48,48,48,47,47,33,33,13,13,40,33,33,33,33,60,30,75,69,69,69,75,75,70,90,90,97,97,97,97,89,90,90,91,91,97],"gold":32,"neow_bonus":"ONE_RANDOM_RARE_CARD","is_daily":false,"chose_seed":false,"campfire_upgraded":1,"win_rate":0.0,"timestamp":1611322396,"path_taken":["M","$","M","?","M","E","M","R","T","E","?","?","E","?","R","BOSS","M","?","$","?","?","E","?","E","T","R","M","?","R","?","R","BOSS","M","?","?","M","$","E","?","E","T","?","PTL","PTL","M","E","?","E","R","BOSS"],"items_purchased_type":["Card","Relic","Relic","Card"],"build_version":"2020-12-22","purchased_purges":0,"victory":true,"max_hp_per_floor":[80,80,80,80,80,80,80,80,80,80,80,90,90,90,90,90,90,90,90,90,90,90,90,90,90,90,90,90,90,90,90,90,90,90,90,90,90,90,90,90,90,90,97,97,97,97,97,97,97,97,97,97],"card_choices":[{"not_picked":["Cleave","Dark Embrace"],"picked":"Power Through","floor":1.0},{"not_picked":["Armaments","Defy Death"],"picked":"Body Slam","floor":3.0},{"not_picked":["Warcry","Burning Pact"],"picked":"Run Through+1","floor":5.0},{"not_picked":["Sword Boomerang+1","Ghostly Armor"],"picked":"Limit Break","floor":6.0},{"not_picked":["Anger+1","Run Through+1"],"picked":"Heavy Blade+1","floor":7.0},{"not_picked":["Thunderclap+1","Perfected Strike+1","ReplayReversal"],"picked":"SKIP","floor":10.0},{"not_picked":["Pommel Strike+1","Carnage+1"],"picked":"Disarm","floor":11.0},{"not_picked":["Searing Blow+1","True Grit","Wild Strike+1"],"picked":"SKIP","floor":13.0},{"not_picked":["Second Wind","ReplayTheSpireMod:Stacked"],"picked":"Body Slam+1","floor":14.0},{"not_picked":["Juggernaut","Brutality"],"picked":"Demonic Infusion","floor":16.0},{"not_picked":["Anger+1","Defy Death","Havoc+1"],"picked":"SKIP","floor":18.0},{"not_picked":["Spot Weakness","Perfected Strike+1"],"picked":"Body Slam+1","floor":21.0},{"not_picked":["Abandon+1","Cleave+1","Armaments"],"picked":"SKIP","floor":23.0},{"not_picked":["Cleave+1","Carnage+1","Berserk"],"picked":"SKIP","floor":25.0},{"not_picked":["Infernal Blade","Uppercut+1","Havoc"],"picked":"SKIP","floor":28.0},{"not_picked":["Feed+1","Barricade"],"picked":"Reaper+1","floor":33.0},{"not_picked":["Headbutt+1","Clash+1","Uppercut+1"],"picked":"SKIP","floor":35.0},{"not_picked":["Second Wind","Seeing Red"],"picked":"Shrug It Off+1","floor":38.0},{"not_picked":["Combust","Dark Embrace+1","Perfected Strike+1"],"picked":"SKIP","floor":40.0},{"not_picked":["Pommel Strike+1","ReplayTheSpireMod:Strike From Hell+1","Clothesline+1"],"picked":"SKIP","floor":42.0},{"not_picked":["Cleave+1","Disarm"],"picked":"Pummel+1","floor":47.0},{"not_picked":["Perfected Strike+1","Metallicize"],"picked":"ReplayTheSpireMod:Limb From Limb+1","floor":48.0},{"not_picked":["Bloodletting","Searing Blow+1","Pommel Strike+1"],"picked":"SKIP","floor":50}],"player_experience":125340,"relics_obtained":[{"floor":6.0,"key":"Du-Vu Doll"},{"floor":9.0,"key":"Shovel"},{"floor":10.0,"key":"ReplayTheSpireMod:Shallot"},{"floor":13.0,"key":"PreservedInsect"},{"floor":23.0,"key":"Ancient Tea Set"},{"floor":23.0,"key":"Bottled Flame"},{"floor":25.0,"key":"Replay:Bottled Flurry"},{"floor":25.0,"key":"Red Skull"},{"floor":26.0,"key":"Juzu Bracelet"},{"floor":30.0,"key":"Paper Frog"},{"floor":40.0,"key":"Grinning Jar"},{"floor":40.0,"key":"Replay:Towering Pillar of Hats"},{"floor":41.0,"key":"TungstenRod"},{"floor":42.0,"key":"Replay:Kaleidoscope"},{"floor":42.0,"key":"ReplayTheSpireMod:Lightbulb"},{"floor":43.0,"key":"Strawberry"},{"floor":48.0,"key":"InkBottle"},{"floor":48.0,"key":"Nunchaku"},{"floor":50,"key":"War Paint"},{"floor":50,"key":"Whetstone"},{"floor":51,"key":"Art of War"}],"event_choices":[{"damage_healed":0.0,"max_hp_gain":0.0,"max_hp_loss":0.0,"gold_gain":0.0,"event_name":"WeMeetAgain","player_choice":"Gave Potion","floor":4.0,"gold_loss":0.0,"damage_taken":0.0,"relics_obtained":["Molten Egg 2"]},{"cards_removed":["Hemogenesis"],"damage_healed":39.0,"max_hp_gain":10.0,"max_hp_loss":0.0,"gold_gain":0.0,"event_name":"Bonfire Elementals","player_choice":"Offered Rare","floor":12.0,"gold_loss":0.0,"damage_taken":0.0},{"damage_healed":0.0,"max_hp_gain":0.0,"max_hp_loss":0.0,"gold_gain":0.0,"event_name":"Upgrade Shrine","player_choice":"Upgraded","floor":19.0,"gold_loss":0.0,"damage_taken":0.0,"cards_upgraded":["Demonic Infusion"]},{"damage_healed":0.0,"max_hp_gain":0.0,"max_hp_loss":0.0,"gold_gain":0.0,"event_name":"Upgrade Shrine","player_choice":"Upgraded","floor":24.0,"gold_loss":0.0,"damage_taken":0.0,"cards_upgraded":["Body Slam"]},{"damage_healed":0.0,"max_hp_gain":0.0,"max_hp_loss":0.0,"gold_gain":0.0,"event_name":"Addict","player_choice":"Stole Relic","floor":29.0,"gold_loss":0.0,"damage_taken":0.0,"relics_obtained":["Blue Candle"],"cards_obtained":["Shame"]},{"damage_healed":0.0,"max_hp_gain":0.0,"max_hp_loss":0.0,"gold_gain":0.0,"event_name":"The Mausoleum","player_choice":"Opened","floor":31.0,"gold_loss":0.0,"damage_taken":0.0,"relics_obtained":["Blue Doll"],"cards_obtained":["Writhe"]},{"damage_healed":0.0,"max_hp_gain":0.0,"max_hp_loss":0.0,"gold_gain":0.0,"event_name":"The Woman in Blue","player_choice":"Bought 1 Potion","floor":36.0,"gold_loss":0.0,"damage_taken":0.0},{"damage_healed":0.0,"max_hp_gain":0.0,"max_hp_loss":0.0,"gold_gain":0.0,"event_name":"Mysterious Sphere","player_choice":"Fight","floor":41.0,"gold_loss":0.0,"damage_taken":0.0},{"damage_healed":0.0,"max_hp_gain":0.0,"max_hp_loss":0.0,"gold_gain":275.0,"event_name":"Golden Shrine","player_choice":"Desecrate","floor":44.0,"gold_loss":0.0,"damage_taken":0.0,"cards_obtained":["Regret"]},{"damage_healed":0.0,"max_hp_gain":0.0,"max_hp_loss":0.0,"gold_gain":0.0,"event_name":"Tomb of Lord Red Mask","player_choice":"Paid","floor":49.0,"gold_loss":479.0,"damage_taken":0.0,"relics_obtained":["Red Mask"]}],"is_beta":false,"boss_relics":[{"not_picked":["SacredBark","Philosopher\u0027s Stone"],"picked":"Black Star"},{"not_picked":["Pandora\u0027s Box","Runic Pyramid"],"picked":"ChewingGum"}],"items_purged_floors":[],"is_endless":false,"potions_floor_spawned":[1,7,10,11,14,23,25,33,40,42,47],"ascension_level":13}}