{"host":"w4b7hmige5bnqipq","time":1611311498,"event":{"mods":["2.2 Compatiblity","BaseMod","Colored Map","DeckTracker","Keyboard Shortcuts","Minty Spire (QoL Compilation)","Permanent Neow","Rare Cards Sparkle","SuperFastMode","everything is the same but u backflip on backflip","slay the spire mod where everything is the same but ironclad has a cowboy hat"],"gold_per_floor":[119,119,69,31,31,61,79,79,79,104,104,117,117,147,147,249,249,263,275,288,213,213,244,30,30,75,25,52,52,71,71,71,170,170,180,191,241,241,1,1,32,32,32,48,59,92,105,105,105,105,105,105,30,60,60],"floor_reached":56,"language":"KOR","playtime":6339,"items_purged":["Defend_P","Defend_P","WindmillStrike","Perseverance"],"score":1625,"play_id":"792def7b-40f9-4f2a-b6e5-c441e34eb47c","local_time":"20210122193138","is_ascension_mode":true,"campfire_choices":[{"data":"Eruption","floor":8.0,"key":"SMITH"},{"data":"WaveOfTheHand","floor":11.0,"key":"SMITH"},{"data":"Adaptation","floor":13.0,"key":"SMITH"},{"data":"DevaForm","floor":15.0,"key":"SMITH"},{"floor":25.0,"key":"REST"},{"floor":32.0,"key":"REST"},{"floor":40.0,"key":"RECALL"},{"data":"MentalFortress","floor":42.0,"key":"SMITH"},{"floor":49.0,"key":"REST"},{"data":"Wallop","floor":52.0,"key":"SMITH"}],"circlet_count":0,"master_deck":["Eruption+1","Vigilance+1","Worship+1","Wireheading","WaveOfTheHand+1","Adaptation+1","DevaForm+1","Omniscience","MentalFortress+1","Wallop+1","Crescendo+1","Scrawl","Alpha+1"],"relics":["PureWater","NeowsBlessing","War Paint","Blue Candle","The Courier","Snecko Eye","Prayer Wheel","Membership Card","PreservedInsect","Oddly Smooth Stone","Eternal Feather","Nloth\u0027s Gift","Sozu","Torii","Bird Faced Urn","Bag of Preparation","Pocketwatch","Toy Ornithopter","Yang"],"acts_visited":["TheCity","TheBeyond","TheEnding"],"potions_floor_usage":[],"damage_taken":[{"damage":0.0,"enemies":"Small Slimes","floor":1.0,"turns":1.0},{"damage":0.0,"enemies":"3 Sentries","floor":6.0,"turns":2.0},{"damage":0.0,"enemies":"Jaw Worm","floor":7.0,"turns":1.0},{"damage":8.0,"enemies":"Gremlin Nob","floor":10.0,"turns":3.0},{"damage":0.0,"enemies":"2 Louse","floor":12.0,"turns":2.0},{"damage":23.0,"enemies":"3 Sentries","floor":14.0,"turns":6.0},{"damage":14.0,"enemies":"Slime Boss","floor":16.0,"turns":5.0},{"damage":5.0,"enemies":"Shell Parasite","floor":18.0,"turns":5.0},{"damage":12.0,"enemies":"Chosen","floor":19.0,"turns":3.0},{"damage":18.0,"enemies":"Snake Plant","floor":20.0,"turns":5.0},{"damage":18.0,"enemies":"Gremlin Leader","floor":23.0,"turns":5.0},{"damage":28.0,"enemies":"Slavers","floor":28.0,"turns":4.0},{"damage":0.0,"enemies":"Cultist and Chosen","floor":30.0,"turns":4.0},{"damage":0.0,"enemies":"Collector","floor":33.0,"turns":8.0},{"damage":26.0,"enemies":"3 Darklings","floor":35.0,"turns":5.0},{"damage":4.0,"enemies":"Orb Walker","floor":36.0,"turns":2.0},{"damage":0.0,"enemies":"Mind Bloom Boss Battle","floor":37.0,"turns":6.0},{"damage":18.0,"enemies":"Reptomancer","floor":41.0,"turns":4.0},{"damage":0.0,"enemies":"4 Shapes","floor":44.0,"turns":2.0},{"damage":0.0,"enemies":"Writhing Mass","floor":45.0,"turns":5.0},{"damage":35.0,"enemies":"Nemesis","floor":46.0,"turns":5.0},{"damage":21.0,"enemies":"Spire Growth","floor":47.0,"turns":5.0},{"damage":0.0,"enemies":"Donu and Deca","floor":50.0,"turns":7.0},{"damage":22.0,"enemies":"Shield and Spear","floor":54.0,"turns":4.0},{"damage":48,"enemies":"The Heart","floor":55,"turns":9}],"seed_played":"-5239719461697355744","potions_obtained":[{"floor":1.0,"key":"FearPotion"},{"floor":10.0,"key":"Weak Potion"},{"floor":16.0,"key":"ColorlessPotion"},{"floor":20.0,"key":"SteroidPotion"},{"floor":33.0,"key":"Strength Potion"}],"is_trial":false,"path_per_floor":["M","?","?","$","$","E","M","R","T","E","R","M","R","E","R","B",null,"M","M","M","?","?","E","$","R","T","$","E","?","M","?","R","B",null,"M","M","?","?","$","R","E","R","T","M","M","E","M","?","R","B",null,"R","$","E","B",null],"character_chosen":"WATCHER","items_purchased":["Wireheading","Membership Card","PreservedInsect","Bird Faced Urn","Bag of Preparation"],"campfire_rested":3,"item_purchase_floors":[4,24,24,39,39],"current_hp_per_floor":[72,65,65,65,65,65,65,65,65,57,57,57,57,34,34,20,72,67,55,37,37,37,19,19,40,40,40,12,12,12,12,39,39,72,46,42,42,42,42,48,40,46,46,56,68,38,29,29,56,66,72,72,72,50,12],"gold":60,"neow_bonus":"THREE_ENEMY_KILL","is_daily":false,"chose_seed":false,"campfire_upgraded":6,"win_rate":0.0,"timestamp":1611311498,"path_taken":["M","?","?","?","$","E","M","R","T","E","R","M","R","E","R","BOSS","BOSS","M","M","M","?","?","E","$","R","T","$","E","?","M","?","R","BOSS","M","M","?","?","$","R","E","R","T","M","?","E","M","?","R","BOSS","R","$","E","BOSS"],"items_purchased_type":["Card","Relic","Relic","Relic","Relic"],"build_version":"2020-12-22","purchased_purges":4,"victory":true,"max_hp_per_floor":[72,72,72,72,72,72,72,72,72,72,72,72,72,72,72,72,72,72,72,72,72,72,72,72,72,72,72,72,72,72,72,72,72,72,72,72,72,72,72,72,72,72,72,72,72,72,72,72,72,72,72,72,72,72,72],"card_choices":[{"not_picked":["Evaluate","FlurryOfBlows"],"picked":"Worship","floor":1.0},{"not_picked":["Indignation","FlurryOfBlows"],"picked":"WaveOfTheHand","floor":6.0},{"not_picked":["WreathOfFlame","SashWhip"],"picked":"WindmillStrike","floor":7.0},{"not_picked":["EmptyBody","Sanctity","LikeWater"],"picked":"SKIP","floor":10.0},{"not_picked":["Evaluate","EmptyBody"],"picked":"Adaptation","floor":12.0},{"not_picked":["Halt","CarveReality"],"picked":"DevaForm","floor":14.0},{"not_picked":["Establishment","LessonLearned"],"picked":"Omniscience","floor":16.0},{"not_picked":["SashWhip","WindmillStrike+1"],"picked":"MentalFortress","floor":18.0},{"not_picked":["Evaluate","Adaptation","Protect"],"picked":"SKIP","floor":19.0},{"not_picked":["EmptyBody","Protect","BowlingBash"],"picked":"SKIP","floor":20.0},{"not_picked":["Prostrate","Protect"],"picked":"Crescendo+1","floor":23.0},{"not_picked":["FlurryOfBlows","WaveOfTheHand","LikeWater"],"picked":"SKIP","floor":28.0},{"not_picked":["WaveOfTheHand","EmptyBody","Study"],"picked":"SKIP","floor":30.0},{"not_picked":["Sanctity","Tantrum","Wallop"],"picked":"SKIP","floor":30.0},{"not_picked":["WaveOfTheHand","EmptyBody","Study"],"picked":"SKIP","floor":30.0},{"not_picked":["Sanctity","Tantrum","Wallop"],"picked":"SKIP","floor":30.0},{"not_picked":["LessonLearned","MasterReality"],"picked":"Scrawl","floor":33.0},{"not_picked":["PathToVictory+1","ThirdEye+1"],"picked":"Alpha","floor":35.0},{"not_picked":["ClearTheMind","CutThroughFate","MentalFortress+1"],"picked":"SKIP","floor":35.0},{"not_picked":["Evaluate","Weave+1","CrushJoints"],"picked":"SKIP","floor":36.0},{"not_picked":["JustLucky","Crescendo+1","ThirdEye"],"picked":"SKIP","floor":36.0},{"not_picked":["LessonLearned","Crescendo+1","CrushJoints"],"picked":"SKIP","floor":41.0},{"not_picked":["Swivel","Collect+1","SashWhip+1"],"picked":"SKIP","floor":44.0},{"not_picked":["LikeWater+1","ClearTheMind","Sanctity+1"],"picked":"SKIP","floor":44.0},{"not_picked":["EmptyBody+1","TalkToTheHand+1","Indignation"],"picked":"SKIP","floor":45.0},{"not_picked":["FlyingSleeves+1","LessonLearned","FollowUp+1"],"picked":"SKIP","floor":45.0},{"not_picked":["Blasphemy","ThirdEye+1","EmptyBody"],"picked":"SKIP","floor":46.0},{"not_picked":["PathToVictory","SignatureMove","Study"],"picked":"SKIP","floor":47.0},{"not_picked":["InnerPeace","LikeWater+1","Consecrate"],"picked":"SKIP","floor":47.0},{"not_picked":["PathToVictory","SignatureMove","Study"],"picked":"SKIP","floor":47.0},{"not_picked":["InnerPeace","LikeWater+1","Consecrate"],"picked":"SKIP","floor":47.0},{"not_picked":["Study","ClearTheMind+1","Nirvana"],"picked":"SKIP","floor":54.0}],"player_experience":559319,"relics_obtained":[{"floor":6.0,"key":"War Paint"},{"floor":9.0,"key":"Mercury Hourglass"},{"floor":10.0,"key":"Blue Candle"},{"floor":14.0,"key":"The Courier"},{"floor":23.0,"key":"Prayer Wheel"},{"floor":26.0,"key":"Oddly Smooth Stone"},{"floor":28.0,"key":"Eternal Feather"},{"floor":37.0,"key":"Torii"},{"floor":41.0,"key":"Pocketwatch"},{"floor":46.0,"key":"Toy Ornithopter"},{"floor":54.0,"key":"Yang"}],"event_choices":[{"cards_removed":["Strike_P"],"damage_healed":0.0,"max_hp_gain":0.0,"max_hp_loss":0.0,"gold_gain":0.0,"event_name":"Golden Wing","player_choice":"Card Removal","floor":2.0,"gold_loss":0.0,"damage_taken":7.0},{"cards_removed":["Defend_P"],"damage_healed":0.0,"max_hp_gain":0.0,"max_hp_loss":0.0,"gold_gain":0.0,"event_name":"The Cleric","player_choice":"Card Removal","floor":3.0,"gold_loss":50.0,"damage_taken":0.0},{"cards_removed":["Strike_P"],"damage_healed":0.0,"max_hp_gain":0.0,"max_hp_loss":0.0,"gold_gain":0.0,"event_name":"Beggar","player_choice":"Gave Gold","floor":21.0,"gold_loss":75.0,"damage_taken":0.0},{"damage_healed":0.0,"max_hp_gain":0.0,"max_hp_loss":0.0,"gold_gain":0.0,"cards_transformed":["Strike_P","Strike_P"],"event_name":"Drug Dealer","player_choice":"Became Test Subject","floor":22.0,"gold_loss":0.0,"damage_taken":0.0,"cards_obtained":["Wallop","Perseverance"]},{"damage_healed":0.0,"max_hp_gain":0.0,"max_hp_loss":0.0,"gold_gain":0.0,"event_name":"Ghosts","player_choice":"Ignored","floor":29.0,"gold_loss":0.0,"damage_taken":0.0},{"damage_healed":0.0,"max_hp_gain":0.0,"max_hp_loss":0.0,"gold_gain":0.0,"event_name":"N\u0027loth","player_choice":"Traded Relic","floor":31.0,"relics_lost":["Mercury Hourglass"],"gold_loss":0.0,"damage_taken":0.0,"relics_obtained":["Nloth\u0027s Gift"]},{"damage_healed":0.0,"max_hp_gain":0.0,"max_hp_loss":0.0,"gold_gain":0.0,"event_name":"MindBloom","player_choice":"Fight","floor":37.0,"gold_loss":0.0,"damage_taken":0.0},{"cards_removed":["Defend_P"],"damage_healed":0.0,"max_hp_gain":0.0,"max_hp_loss":0.0,"gold_gain":0.0,"event_name":"Purifier","player_choice":"Purged","floor":38.0,"gold_loss":0.0,"damage_taken":0.0},{"damage_healed":0.0,"max_hp_gain":0.0,"max_hp_loss":0.0,"gold_gain":0.0,"event_name":"Accursed Blacksmith","player_choice":"Forge","floor":48.0,"gold_loss":0.0,"damage_taken":0.0,"cards_upgraded":["Alpha"]}],"is_beta":false,"boss_relics":[{"not_picked":["Philosopher\u0027s Stone","Empty Cage"],"picked":"Snecko Eye"},{"not_picked":["Pandora\u0027s Box","Astrolabe"],"picked":"Sozu"}],"items_purged_floors":[24,27,39,53],"is_endless":false,"potions_floor_spawned":[1,10,16,20,33,35,37,44,47,54],"ascension_level":3}}