{"host":"sum4dy402bbv9y4o","time":1611277924,"event":{"mods":["Aspiration","BaseMod","Conspire","Highlight Path","Minty Spire (QoL Compilation)","StSLib"],"gold_per_floor":[119,74,94,19,19,53,53,72,72,18,37,67,12,28,28,101,101,114,39,39,59,69,69,84,84,107,107,52,71,98,109,109,186,236,249,259,259,272,197,224,234,234,234],"floor_reached":42,"language":"ENG","playtime":1313,"items_purged":["Strike_P"],"score":1270,"play_id":"74bf3ca9-15cb-4013-a7cc-098206ef28ad","local_time":"20210122041204","is_ascension_mode":true,"campfire_choices":[{"data":"Eruption","floor":7,"key":"SMITH"},{"data":"TalkToTheHand","floor":15,"key":"SMITH"},{"data":"SashWhip","floor":23,"key":"SMITH"},{"data":"CarveReality","floor":25,"key":"SMITH"},{"floor":27,"key":"REST"},{"floor":32,"key":"REST"}],"circlet_count":0,"master_deck":["AscendersBane","Strike_P","Defend_P","Defend_P","Defend_P+1","Eruption+1","Vigilance+1","TalkToTheHand+1","FearNoEvil","Consecrate","SashWhip+1","CarveReality+1","JustLucky+1","FlurryOfBlows+1","CutThroughFate+1","FlurryOfBlows+1","JustLucky+1","Brilliance+1","FlurryOfBlows+1","Body Slam+1","Pummel+1","Halt+1","conspire:Charge+1","Nirvana+1","Tantrum+1","LessonLearned+1","Pommel Strike+1","ThirdEye"],"relics":["PureWater","NeowsBlessing","White Beast Statue","Molten Egg 2","Bronze Scales","aspiration:IroncladSkillbook","Enchiridion","Art of War","conspire:Dentures","Tiny House","Ancient Tea Set"],"acts_visited":["Exordium","TheCity","TheBeyond"],"potions_floor_usage":[11,14,21,21,22,31,33,33,35,41,41,42],"damage_taken":[{"damage":0,"enemies":"Small Slimes","floor":1,"turns":1},{"damage":0,"enemies":"2 Louse","floor":3,"turns":1},{"damage":0,"enemies":"3 Sentries","floor":6,"turns":2},{"damage":0,"enemies":"Cultist","floor":8,"turns":2},{"damage":0,"enemies":"Large Slime","floor":11,"turns":3},{"damage":6,"enemies":"Lagavulin","floor":12,"turns":4},{"damage":0,"enemies":"Red Slaver","floor":14,"turns":4},{"damage":0,"enemies":"Slime Boss","floor":16,"turns":4},{"damage":0,"enemies":"Chosen","floor":18,"turns":3},{"damage":11,"enemies":"Spheric Guardian","floor":21,"turns":3},{"damage":28,"enemies":"Snake Plant","floor":22,"turns":4},{"damage":0,"enemies":"Cultist and Chosen","floor":24,"turns":3},{"damage":3,"enemies":"Chosen and Byrds","floor":29,"turns":3},{"damage":0,"enemies":"Gremlin Leader","floor":30,"turns":4},{"damage":29,"enemies":"Shelled Parasite and Fungi","floor":31,"turns":4},{"damage":0,"enemies":"Champ","floor":33,"turns":5},{"damage":1,"enemies":"3 Shapes","floor":35,"turns":3},{"damage":9,"enemies":"Orb Walker","floor":36,"turns":2},{"damage":0,"enemies":"4 Shapes","floor":38,"turns":2},{"damage":29,"enemies":"Nemesis","floor":40,"turns":5},{"damage":0,"enemies":"Spire Growth","floor":41,"turns":2},{"damage":110,"enemies":"Reptomancer","floor":42,"turns":4}],"seed_played":"4123649344434141890","potions_obtained":[{"floor":3,"key":"SpeedPotion"},{"floor":6,"key":"Fire Potion"},{"floor":11,"key":"Swift Potion"},{"floor":14,"key":"Weak Potion"},{"floor":16,"key":"Regen Potion"},{"floor":21,"key":"GamblersBrew"},{"floor":22,"key":"BottledMiracle"},{"floor":24,"key":"Swift Potion"},{"floor":29,"key":"LiquidMemories"},{"floor":31,"key":"Swift Potion"},{"floor":33,"key":"SteroidPotion"},{"floor":34,"key":"GamblersBrew"},{"floor":35,"key":"SteroidPotion"},{"floor":41,"key":"BlessingOfTheForge"}],"is_trial":false,"path_per_floor":["M","$","M","?","?","E","R","M","T","$","M","E","$","M","R","B",null,"M","?","?","M","M","R","M","R","T","R","$","M","E","M","R","B",null,"M","M","?","M","$","E","M","E"],"character_chosen":"WATCHER","items_purchased":["FearNoEvil","JustLucky+1","FlurryOfBlows+1","Halt"],"campfire_rested":2,"item_purchase_floors":[2,10,13,28],"current_hp_per_floor":[61,61,61,61,54,54,54,54,54,54,54,48,48,48,48,48,63,67,67,46,48,24,24,28,28,28,48,48,49,53,28,48,52,69,72,67,67,71,71,46,50,0,0],"gold":234,"neow_bonus":"THREE_ENEMY_KILL","is_daily":false,"chose_seed":false,"campfire_upgraded":4,"win_rate":0.0,"timestamp":1611277924,"path_taken":["M","$","M","?","?","E","R","M","T","$","M","E","$","M","R","BOSS","M","?","?","M","M","R","M","R","T","R","$","M","E","M","R","BOSS","M","M","?","?","$","E","M","E"],"items_purchased_type":["Card","Card","Card","Card"],"build_version":"2020-12-22","purchased_purges":1,"victory":false,"max_hp_per_floor":[68,68,68,68,68,68,68,68,68,68,68,68,68,68,68,68,68,68,68,68,68,68,68,68,68,68,68,68,68,68,68,68,68,73,73,73,73,73,73,73,73,73,73],"card_choices":[{"not_picked":["Consecrate","SashWhip"],"picked":"TalkToTheHand","floor":1},{"not_picked":["Swivel","Prostrate"],"picked":"Consecrate","floor":3},{"not_picked":["JustLucky","Protect"],"picked":"SashWhip","floor":6},{"not_picked":["Collect","EmptyBody"],"picked":"CarveReality","floor":8},{"not_picked":["Nirvana","CutThroughFate+1"],"picked":"FlurryOfBlows+1","floor":11},{"not_picked":["Pray","Nirvana"],"picked":"CutThroughFate+1","floor":12},{"not_picked":["FlyingSleeves+1","FollowUp+1"],"picked":"JustLucky+1","floor":14},{"not_picked":["Judgement","ConjureBlade"],"picked":"Brilliance+1","floor":16},{"not_picked":["ThirdEye","conspire:ExplosiveBarrier","Clothesline+1","JustLucky+1"],"picked":"SKIP","floor":18},{"not_picked":["FollowUp+1","SashWhip+1","WheelKick+1"],"picked":"FlurryOfBlows+1","floor":21},{"not_picked":["Warcry","Clothesline+1","ReachHeaven+1"],"picked":"Body Slam+1","floor":22},{"not_picked":["Warcry","SandsOfTime+1","Blood for Blood+1"],"picked":"Pummel+1","floor":24},{"not_picked":["EmptyFist+1","Consecrate+1","JustLucky+1"],"picked":"conspire:Charge+1","floor":29},{"not_picked":["Brutality","Dual Wield","Iron Wave+1"],"picked":"Nirvana+1","floor":30},{"not_picked":["DeceiveReality","EmptyFist+1","Headbutt+1"],"picked":"Tantrum+1","floor":31},{"not_picked":["Devotion","Feed+1","Fiend Fire+1"],"picked":"LessonLearned+1","floor":33},{"not_picked":["Worship","Perfected Strike+1","Evaluate+1"],"picked":"Pommel Strike+1","floor":35},{"not_picked":["Headbutt+1","PathToVictory+1","Cleave+1","FollowUp+1"],"picked":"SKIP","floor":36},{"not_picked":["Wild Strike+1","Armaments+1","Devotion","PathToVictory"],"picked":"SKIP","floor":38},{"not_picked":["Crescendo","ThirdEye","Anger+1","Tantrum+1"],"picked":"SKIP","floor":40},{"not_picked":["Immolate+1","Headbutt+1","Anger+1","ThirdEye"],"picked":"SKIP","floor":41},{"not_picked":["Immolate+1","Headbutt+1","Anger+1"],"picked":"ThirdEye","floor":41}],"player_experience":2956812,"relics_obtained":[{"floor":6,"key":"White Beast Statue"},{"floor":9,"key":"Molten Egg 2"},{"floor":12,"key":"Bronze Scales"},{"floor":20,"key":"Enchiridion"},{"floor":26,"key":"Art of War"},{"floor":30,"key":"conspire:Dentures"},{"floor":40,"key":"Ancient Tea Set"}],"event_choices":[{"cards_removed":["Strike_P"],"damage_healed":0,"gold_gain":0,"player_choice":"Card Removal","damage_taken":0,"max_hp_gain":0,"max_hp_loss":0,"event_name":"The Cleric","floor":4,"gold_loss":75},{"cards_removed":["Defend_P"],"damage_healed":0,"gold_gain":0,"player_choice":"Card Removal","damage_taken":7,"max_hp_gain":0,"max_hp_loss":0,"event_name":"Golden Wing","floor":5,"gold_loss":0},{"cards_removed":["Strike_P"],"damage_healed":0,"gold_gain":0,"player_choice":"Gave Gold","damage_taken":0,"max_hp_gain":0,"max_hp_loss":0,"event_name":"Beggar","floor":19,"gold_loss":75},{"damage_healed":0,"gold_gain":0,"player_choice":"Obtained Book","damage_taken":21,"max_hp_gain":0,"max_hp_loss":0,"event_name":"Cursed Tome","floor":20,"gold_loss":0},{"damage_healed":0,"gold_gain":0,"player_choice":"Got Potions","damage_taken":0,"max_hp_gain":0,"max_hp_loss":0,"event_name":"Lab","floor":37,"gold_loss":0}],"is_beta":false,"boss_relics":[{"not_picked":["aspiration:RunicSpoon","Astrolabe"],"picked":"aspiration:IroncladSkillbook"},{"not_picked":["Calling Bell","Sozu"],"picked":"Tiny House"}],"items_purged_floors":[39],"is_endless":false,"potions_floor_spawned":[3,6,8,11,12,14,16,18,21,22,24,29,30,31,33,35,36,38,40,41],"killed_by":"Reptomancer","ascension_level":20}}