{"host":"srk2drlvga69hbot","time":1611329599,"event":{"mods":["BaseMod","Bestiary","Block Reminder","Colored Map","Colored Powertips","Dark Map","DeckTracker","Highlight Path","Minty Spire (QoL Compilation)","Quick Restart","Rare Cards Sparkle","Relic Stats","SuperFastMode","Unceasing Turn Reminder"],"gold_per_floor":[114,132,132,144,160,160,174,174,250,281,281,281,163,187,187,308,308,323,323,323,344,362,362,385,385,385],"floor_reached":25,"language":"ZHS","playtime":2125,"items_purged":["Strike_G"],"score":293,"play_id":"488ac5a4-b673-4eed-adbd-bb92833eec67","local_time":"20210122233319","is_ascension_mode":true,"campfire_choices":[{"data":"Backstab","floor":6,"key":"SMITH"},{"floor":11,"key":"REST"},{"floor":15,"key":"REST"},{"floor":23,"key":"REST"}],"circlet_count":0,"master_deck":["Strike_G","Strike_G","Strike_G+1","Defend_G","Defend_G","Defend_G","Defend_G","Survivor","Neutralize+1","Dagger Throw+1","Acrobatics","Backstab+1","Corpse Explosion","Reflex","Dagger Spray","Envenom","Infinite Blades","Crippling Poison","Noxious Fumes","Concentrate+1","Backstab"],"relics":["Ring of the Snake","Whetstone","The Courier","Toy Ornithopter","Golden Idol","SacredBark"],"acts_visited":["Exordium","TheCity"],"potions_floor_usage":[16,16],"damage_taken":[{"damage":3,"enemies":"Jaw Worm","floor":1,"turns":5},{"damage":0,"enemies":"Small Slimes","floor":2,"turns":4},{"damage":0,"enemies":"Cultist","floor":4,"turns":4},{"damage":12,"enemies":"3 Louse","floor":5,"turns":4},{"damage":1,"enemies":"Looter","floor":7,"turns":4},{"damage":15,"enemies":"Gremlin Nob","floor":10,"turns":4},{"damage":0,"enemies":"2 Fungi Beasts","floor":14,"turns":1},{"damage":0,"enemies":"Slime Boss","floor":16,"turns":5},{"damage":6,"enemies":"3 Byrds","floor":18,"turns":2},{"damage":32,"enemies":"Shell Parasite","floor":21,"turns":7},{"damage":24,"enemies":"Centurion and Healer","floor":22,"turns":5},{"damage":14,"enemies":"Snecko","floor":24,"turns":5},{"damage":15,"enemies":"Snake Plant","floor":25,"turns":2}],"seed_played":"13588367256505891","potions_obtained":[{"floor":5,"key":"AttackPotion"},{"floor":14,"key":"FearPotion"},{"floor":22,"key":"Explosive Potion"},{"floor":24,"key":"Fire Potion"}],"is_trial":false,"path_per_floor":["M","M","?","M","M","R","M","T","T","E","R","?","$","M","R","B",null,"M","?","?","M","M","R","M","M"],"character_chosen":"THE_SILENT","items_purchased":["Reflex"],"campfire_rested":3,"item_purchase_floors":[13],"current_hp_per_floor":[67,67,60,60,48,48,47,47,47,32,53,36,36,36,57,67,70,64,64,64,32,8,29,15,0,0],"gold":385,"neow_bonus":"UPGRADE_CARD","is_daily":false,"chose_seed":false,"campfire_upgraded":1,"win_rate":0.0,"timestamp":1611329599,"path_taken":["M","M","?","M","M","R","M","?","T","E","R","?","?","M","R","BOSS","M","?","?","M","?","R","M","M"],"items_purchased_type":["Card"],"build_version":"2020-12-22","purchased_purges":1,"victory":false,"max_hp_per_floor":[70,70,70,70,70,70,70,70,70,70,70,70,70,70,70,70,70,70,70,70,70,70,70,70,70,70],"relic_stats":{"counters":[13,52],"Golden Idol":45,"Whetstone":["Dagger Throw","Strike_G"],"obtain_stats":[{"Golden Idol":12,"SacredBark":17,"The Courier":9,"Whetstone":8,"Toy Ornithopter":10,"Ring of the Snake":0},{"Golden Idol":6,"SacredBark":8,"The Courier":5,"Whetstone":5,"Toy Ornithopter":6,"Ring of the Snake":0},{"Golden Idol":25,"SacredBark":31,"The Courier":21,"Whetstone":21,"Toy Ornithopter":25,"Ring of the Snake":0}],"Toy Ornithopter":10,"Ring of the Snake":[26]},"card_choices":[{"not_picked":["Poisoned Stab","Quick Slash"],"picked":"Dagger Throw","floor":1},{"not_picked":["Dagger Throw","Bane","Well Laid Plans"],"picked":"SKIP","floor":2},{"not_picked":["Deflect","Catalyst"],"picked":"Acrobatics","floor":4},{"not_picked":["Underhanded Strike","Slice"],"picked":"Backstab","floor":5},{"not_picked":["Flying Knee","Sucker Punch"],"picked":"Corpse Explosion","floor":7},{"not_picked":["All Out Attack","Sucker Punch","Storm of Steel"],"picked":"SKIP","floor":10},{"not_picked":["All Out Attack","Sucker Punch","Storm of Steel"],"picked":"SKIP","floor":10},{"not_picked":["Deflect","Acrobatics"],"picked":"Dagger Spray","floor":14},{"not_picked":["Corpse Explosion","Doppelganger"],"picked":"Envenom","floor":16},{"not_picked":["Sucker Punch","Reflex","Deflect"],"picked":"SKIP","floor":18},{"not_picked":["PiercingWail+1","Underhanded Strike"],"picked":"Noxious Fumes","floor":21},{"not_picked":["Backflip","Terror"],"picked":"Concentrate+1","floor":22},{"not_picked":["Leg Sweep+1","Underhanded Strike"],"picked":"Backstab","floor":24}],"player_experience":150206,"relics_obtained":[{"floor":8,"key":"Whetstone"},{"floor":9,"key":"The Courier"},{"floor":10,"key":"Toy Ornithopter"}],"event_choices":[{"cards_removed":["Strike_G"],"damage_healed":0,"gold_gain":0,"player_choice":"Card Removal","damage_taken":7,"max_hp_gain":0,"max_hp_loss":0,"event_name":"Golden Wing","floor":3,"gold_loss":0},{"damage_healed":0,"gold_gain":0,"player_choice":"Take Damage","damage_taken":17,"relics_obtained":["Golden Idol"],"max_hp_gain":0,"max_hp_loss":0,"event_name":"Golden Idol","floor":12,"gold_loss":0},{"damage_healed":0,"gold_gain":0,"player_choice":"Read","damage_taken":0,"max_hp_gain":0,"max_hp_loss":0,"event_name":"The Library","floor":19,"gold_loss":0,"cards_obtained":["Infinite Blades"]},{"damage_healed":0,"gold_gain":0,"cards_transformed":["Defend_G"],"player_choice":"Transformed","damage_taken":0,"max_hp_gain":0,"max_hp_loss":0,"event_name":"Transmorgrifier","floor":20,"gold_loss":0,"cards_obtained":["Crippling Poison"]}],"is_beta":false,"boss_relics":[{"not_picked":["Velvet Choker","SlaversCollar"],"picked":"SacredBark"}],"items_purged_floors":[13],"is_endless":false,"potions_floor_spawned":[5,14,22,24],"killed_by":"Snake Plant","ascension_level":3}}