{"host":"1ekl8hlbnopmdapi","time":1611290337,"event":{"mods":["AchievementEnabler","BaseMod","Colored Map","Colored Powertips","DeckTracker","Googly Eyes","Highlight Path","Minty Spire (QoL Compilation)","Relic Sorter","StSLib","Synergy Search"],"gold_per_floor":[117,135,151,167,185,218,218,218,218,235,266,266,279,279,279,374,374,387,387,397,416,434,534,534,569,569,583,583,583,56,71,71,171,171,181,181,240,240,240],"floor_reached":38,"language":"ENG","playtime":1457,"items_purged":[],"score":535,"play_id":"03077df9-1ec4-40d5-95ff-ce7b182029d3","local_time":"20210121233857","is_ascension_mode":true,"campfire_choices":[{"floor":7,"key":"REST"},{"floor":12,"key":"REST"},{"floor":15,"key":"RECALL"},{"floor":24,"key":"REST"},{"floor":28,"key":"REST"},{"data":"Dodge and Roll","floor":32,"key":"SMITH"}],"circlet_count":0,"master_deck":["Strike_G","Strike_G","Strike_G","Defend_G","Defend_G","Defend_G","Defend_G","Defend_G","Survivor","Neutralize+1","Quick Slash","Dagger Spray","Dagger Throw","Quick Slash","Dodge and Roll+1","Flying Knee","Footwork","Distraction+1","Quick Slash","Venomology+1","Blur+1","Madness+1","PiercingWail+1"],"relics":["SlaversCollar","Toxic Egg 2","Singing Bowl","Darkstone Periapt","Busted Crown","Ninja Scroll","TungstenRod","CeramicFish","Empty Cage","StoneCalendar"],"acts_visited":["Exordium","TheCity","TheBeyond"],"potions_floor_usage":[5,16,18,18,21,21,22,22,25,27,31,31,33,33,33,35,38],"damage_taken":[{"damage":0,"enemies":"2 Louse","floor":1,"turns":4},{"damage":2,"enemies":"Small Slimes","floor":2,"turns":4},{"damage":5,"enemies":"Cultist","floor":3,"turns":4},{"damage":8,"enemies":"3 Louse","floor":4,"turns":3},{"damage":2,"enemies":"2 Fungi Beasts","floor":5,"turns":3},{"damage":20,"enemies":"Lagavulin","floor":6,"turns":6},{"damage":4,"enemies":"Exordium Wildlife","floor":10,"turns":4},{"damage":17,"enemies":"3 Sentries","floor":11,"turns":6},{"damage":12,"enemies":"Lots of Slimes","floor":13,"turns":2},{"damage":51,"enemies":"Slime Boss","floor":16,"turns":13},{"damage":0,"enemies":"Spheric Guardian","floor":18,"turns":3},{"damage":15,"enemies":"2 Thieves","floor":20,"turns":4},{"damage":18,"enemies":"Shelled Parasite and Fungi","floor":21,"turns":8},{"damage":7,"enemies":"3 Cultists","floor":22,"turns":5},{"damage":18,"enemies":"Gremlin Leader","floor":25,"turns":8},{"damage":19,"enemies":"Cultist and Chosen","floor":27,"turns":7},{"damage":1,"enemies":"Snecko","floor":31,"turns":4},{"damage":34,"enemies":"Collector","floor":33,"turns":13},{"damage":3,"enemies":"Orb Walker","floor":35,"turns":3},{"damage":6,"enemies":"Mind Bloom Boss Battle","floor":37,"turns":14},{"damage":69,"enemies":"2 Orb Walkers","floor":38,"turns":5}],"seed_played":"2195024735004083679","potions_obtained":[{"floor":1,"key":"SpeedPotion"},{"floor":2,"key":"BlessingOfTheForge"},{"floor":4,"key":"FairyPotion"},{"floor":11,"key":"Strength Potion"},{"floor":13,"key":"DistilledChaos"},{"floor":16,"key":"SneckoOil"},{"floor":20,"key":"Energy Potion"},{"floor":22,"key":"Dexterity Potion"},{"floor":27,"key":"Block Potion"},{"floor":31,"key":"Explosive Potion"},{"floor":37,"key":"Ancient Potion"}],"is_trial":false,"path_per_floor":["M","M","M","M","M","E","R","?","T","M","E","R","M","?","R","B",null,"M","$","M","M","M","?","R","E","T","M","R","?","$","M","R","B",null,"M","?","?","?"],"character_chosen":"THE_SILENT","items_purchased":["TungstenRod","CeramicFish","Madness+1"],"campfire_rested":4,"item_purchase_floors":[30,30,30],"current_hp_per_floor":[70,68,63,55,53,33,54,54,54,50,33,54,42,42,42,16,57,59,59,44,28,23,23,45,27,27,10,33,59,59,60,60,28,69,68,70,64,0,0],"gold":240,"neow_bonus":"BOSS_RELIC","is_daily":false,"chose_seed":false,"campfire_upgraded":1,"win_rate":0.0,"timestamp":1611290337,"path_taken":["M","M","M","M","M","E","R","?","T","M","E","R","M","?","R","BOSS","M","$","M","M","M","?","R","E","T","?","R","?","$","M","R","BOSS","M","?","?","?"],"items_purchased_type":["Relic","Relic","Card"],"build_version":"2020-12-22","purchased_purges":0,"victory":false,"max_hp_per_floor":[70,70,70,70,70,70,70,70,70,70,70,70,70,70,70,70,70,72,72,72,74,76,76,76,76,76,78,78,78,78,80,80,82,82,84,86,86,86,86],"card_choices":[{"not_picked":["Infinite Blades","Caltrops"],"picked":"Quick Slash","floor":1},{"not_picked":["Quick Slash","Prepared"],"picked":"Dagger Spray","floor":2},{"not_picked":["Masterful Stab","Skewer"],"picked":"Dagger Throw","floor":3},{"not_picked":["Prepared","Reflex"],"picked":"Quick Slash","floor":4},{"not_picked":["Leg Sweep","Prepared"],"picked":"Dodge and Roll","floor":5},{"not_picked":["Outmaneuver+1","Backflip+1"],"picked":"Flying Knee","floor":6},{"not_picked":["Phantasmal Killer+1","Deadly Poison+1"],"picked":"Footwork","floor":10},{"not_picked":["All Out Attack","Noxious Fumes"],"picked":"Distraction+1","floor":11},{"not_picked":["Dagger Throw","Underhanded Strike"],"picked":"Quick Slash","floor":13},{"not_picked":["Night Terror+1","Bullet Time+1"],"picked":"Venomology+1","floor":16},{"not_picked":["Noxious Fumes"],"picked":"Singing Bowl","floor":18},{"not_picked":[],"picked":"Blur+1","floor":20},{"not_picked":["Dagger Spray"],"picked":"Singing Bowl","floor":21},{"not_picked":["Masterful Stab"],"picked":"Singing Bowl","floor":22},{"not_picked":["Flechettes"],"picked":"SKIP","floor":25},{"not_picked":["Underhanded Strike"],"picked":"Singing Bowl","floor":27},{"not_picked":["Eviscerate"],"picked":"Singing Bowl","floor":31},{"not_picked":["Night Terror+1"],"picked":"Singing Bowl","floor":33},{"not_picked":["Concentrate+1"],"picked":"Singing Bowl","floor":35},{"not_picked":["Chrysalis+1"],"picked":"Singing Bowl","floor":36},{"not_picked":[],"picked":"PiercingWail+1","floor":37}],"player_experience":483554,"relics_obtained":[{"floor":6,"key":"Toxic Egg 2"},{"floor":9,"key":"Singing Bowl"},{"floor":11,"key":"Darkstone Periapt"},{"floor":25,"key":"Ninja Scroll"},{"floor":37,"key":"StoneCalendar"}],"event_choices":[{"damage_healed":0,"gold_gain":0,"player_choice":"Ignored","damage_taken":0,"max_hp_gain":0,"max_hp_loss":0,"event_name":"Liars Game","floor":8,"gold_loss":0},{"damage_healed":0,"gold_gain":0,"player_choice":"Grow","damage_taken":0,"max_hp_gain":0,"max_hp_loss":0,"event_name":"Living Wall","floor":14,"gold_loss":0,"cards_upgraded":["Neutralize"]},{"damage_healed":0,"gold_gain":100,"player_choice":"Pray","damage_taken":0,"max_hp_gain":0,"max_hp_loss":0,"event_name":"Golden Shrine","floor":23,"gold_loss":0},{"damage_healed":26,"gold_gain":0,"player_choice":"Heal","damage_taken":0,"max_hp_gain":0,"max_hp_loss":0,"event_name":"The Library","floor":29,"gold_loss":0},{"damage_healed":0,"gold_gain":0,"player_choice":"Memory 1","damage_taken":0,"max_hp_gain":0,"max_hp_loss":0,"event_name":"SensoryStone","floor":36,"gold_loss":0},{"damage_healed":0,"gold_gain":0,"player_choice":"Fight","damage_taken":0,"max_hp_gain":0,"max_hp_loss":0,"event_name":"MindBloom","floor":37,"gold_loss":0},{"damage_healed":0,"gold_gain":0,"player_choice":"Fight","damage_taken":0,"max_hp_gain":0,"max_hp_loss":0,"event_name":"Mysterious Sphere","floor":38,"gold_loss":0}],"is_beta":false,"boss_relics":[{"not_picked":["Pandora\u0027s Box","Fusion Hammer"],"picked":"Busted Crown"},{"not_picked":["SacredBark","Velvet Choker"],"picked":"Empty Cage"}],"items_purged_floors":[],"is_endless":false,"potions_floor_spawned":[1,2,4,11,13,16,20,22,27,31,37],"killed_by":"2 Orb Walkers","ascension_level":5}}