{"host":"y76clbnovzmw9ubx","time":1611325359,"event":{"mods":["AchievementEnabler","BaseMod","Minty Spire (QoL Compilation)","Permanent Neow","Relic Stats"],"gold_per_floor":[118,61,61,61,79,111,111,143,143,15,15,34,44,79,79,152,152,172,182,202,37,55,55,82,102,102,102,102,113,142,155,155,155,155],"floor_reached":33,"language":"ENG","playtime":1594,"items_purged":["Strike_G"],"score":714,"play_id":"66aa5858-19a9-4525-8d44-a19af9c9caf0","local_time":"20210122092239","is_ascension_mode":true,"campfire_choices":[{"data":"Panache","floor":7.0,"key":"SMITH"},{"floor":11.0,"key":"REST"},{"data":"Night Terror","floor":15,"key":"SMITH"},{"data":"Blade Dance","floor":23,"key":"SMITH"},{"floor":28,"key":"REST"},{"floor":32,"key":"REST"}],"circlet_count":0,"master_deck":["AscendersBane","Strike_G","Strike_G","Strike_G","Strike_G","Defend_G","Defend_G","Defend_G","Defend_G","Defend_G","Survivor","Neutralize","Panache+1","Dagger Throw","Blade Dance","Blade Dance+1","Cloak And Dagger","Deflect","Footwork","Night Terror+1","Corpse Explosion","CurseOfTheBell","Infinite Blades","PiercingWail","Prepared+1","Backflip","Backflip","Cloak And Dagger"],"relics":["Ring of the Snake","Orichalcum","Dream Catcher","Kunai","Letter Opener","Calling Bell","Blood Vial","Matryoshka","Thread and Needle","Sling","Lantern","Shuriken","The Courier"],"acts_visited":["Exordium","TheCity"],"potions_floor_usage":[14,14,20,25,30,31,33],"damage_taken":[{"damage":0.0,"enemies":"2 Louse","floor":1.0,"turns":4.0},{"damage":0.0,"enemies":"Cultist","floor":5.0,"turns":2.0},{"damage":32.0,"enemies":"Gremlin Nob","floor":6.0,"turns":4.0},{"damage":7.0,"enemies":"3 Sentries","floor":8.0,"turns":6.0},{"damage":0.0,"enemies":"Jaw Worm","floor":12.0,"turns":5.0},{"damage":0.0,"enemies":"3 Louse","floor":13.0,"turns":4.0},{"damage":0,"enemies":"Gremlin Nob","floor":14,"turns":3},{"damage":36,"enemies":"Slime Boss","floor":16,"turns":11},{"damage":2,"enemies":"3 Byrds","floor":18,"turns":2},{"damage":8,"enemies":"Spheric Guardian","floor":19,"turns":6},{"damage":8,"enemies":"3 Cultists","floor":20,"turns":4},{"damage":6,"enemies":"Sentry and Sphere","floor":22,"turns":5},{"damage":32,"enemies":"Slavers","floor":24,"turns":5},{"damage":15,"enemies":"Snecko","floor":25,"turns":7},{"damage":5,"enemies":"3 Cultists","floor":29,"turns":3},{"damage":19,"enemies":"Gremlin Leader","floor":30,"turns":6},{"damage":0,"enemies":"Cultist and Chosen","floor":31,"turns":2},{"damage":49,"enemies":"Automaton","floor":33,"turns":6}],"seed_played":"1871558646954643732","potions_obtained":[{"floor":1.0,"key":"GamblersBrew"},{"floor":5.0,"key":"PowerPotion"},{"floor":14,"key":"FairyPotion"},{"floor":19,"key":"CunningPotion"},{"floor":24,"key":"SkillPotion"},{"floor":25,"key":"EssenceOfSteel"},{"floor":30,"key":"DistilledChaos"},{"floor":31,"key":"Weak Potion"}],"is_trial":false,"path_per_floor":["M","$","?","?","M","E","R","E","T","$","R","M","M","E","R","B",null,"M","M","M","$","M","R","E","M","T","?","R","M","E","M","R","B"],"character_chosen":"THE_SILENT","items_purchased":["Blade Dance","SteroidPotion","Sling"],"campfire_rested":3,"item_purchase_floors":[2,10,21],"current_hp_per_floor":[59,59,59,59,59,27,27,20,20,20,38,38,38,38,38,2,46,46,40,34,34,30,30,18,5,5,17,35,32,15,17,35,0,0],"gold":155,"neow_bonus":"RANDOM_COLORLESS_2","is_daily":false,"chose_seed":false,"campfire_upgraded":3,"win_rate":0.0,"timestamp":1611325359,"path_taken":["M","$","?","?","?","E","R","E","T","$","R","M","M","E","R","BOSS","M","M","M","$","M","R","E","M","T","?","R","M","E","M","R","BOSS"],"items_purchased_type":["Card","Potion","Relic"],"build_version":"2020-12-22","purchased_purges":1,"victory":false,"max_hp_per_floor":[60,60,60,60,60,60,60,60,60,60,60,60,60,60,60,60,60,60,60,60,60,60,60,60,60,60,60,60,60,60,60,60,60,60],"relic_stats":{"Blood Vial":20,"Dream Catcher":3,"counters":[18,85],"Shuriken":[14],"Kunai":[41],"Letter Opener":[205],"Orichalcum":[48],"obtain_stats":[{"Lantern":24,"Thread and Needle":17,"The Courier":30,"Letter Opener":14,"Orichalcum":6,"Sling":21,"Calling Bell":17,"Blood Vial":17,"Dream Catcher":8,"Matryoshka":17,"Shuriken":26,"Kunai":9,"Ring of the Snake":0},{"Lantern":13,"Thread and Needle":8,"The Courier":16,"Letter Opener":7,"Orichalcum":3,"Sling":11,"Calling Bell":8,"Blood Vial":8,"Dream Catcher":4,"Matryoshka":8,"Shuriken":14,"Kunai":4,"Ring of the Snake":0},{"Lantern":61,"Thread and Needle":39,"The Courier":77,"Letter Opener":28,"Orichalcum":10,"Sling":51,"Calling Bell":39,"Blood Vial":39,"Dream Catcher":16,"Matryoshka":39,"Shuriken":68,"Kunai":16,"Ring of the Snake":0}],"Ring of the Snake":[36]},"card_choices":[{"not_picked":["Chrysalis","Thinking Ahead"],"picked":"Panache","floor":0.0},{"not_picked":["PiercingWail","Bane"],"picked":"Dagger Throw","floor":1.0},{"not_picked":["Sucker Punch","Flying Knee"],"picked":"Blade Dance","floor":5.0},{"not_picked":["Acrobatics","Quick Slash"],"picked":"Cloak And Dagger","floor":6.0},{"not_picked":["Deadly Poison","Dagger Spray","Terror"],"picked":"SKIP","floor":8.0},{"not_picked":["Outmaneuver","Dagger Throw"],"picked":"Deflect","floor":11.0},{"not_picked":["A Thousand Cuts","Slice"],"picked":"Footwork","floor":12.0},{"not_picked":["Sucker Punch","Blade Dance","Deflect"],"picked":"SKIP","floor":13.0},{"not_picked":["Skewer","Reflex"],"picked":"Night Terror","floor":14},{"not_picked":["Envenom","Storm of Steel"],"picked":"Corpse Explosion","floor":16},{"not_picked":["Outmaneuver","Finisher"],"picked":"Infinite Blades","floor":18},{"not_picked":["Riddle With Holes","Deadly Poison"],"picked":"PiercingWail","floor":19},{"not_picked":["Reflex","Blade Dance"],"picked":"Prepared+1","floor":20},{"not_picked":["Flechettes","Flying Knee","Deflect"],"picked":"SKIP","floor":22},{"not_picked":["Blur","All Out Attack+1"],"picked":"Backflip","floor":24},{"not_picked":["Choke","Night Terror"],"picked":"Backflip","floor":25},{"not_picked":["Bane","Finisher","Underhanded Strike"],"picked":"SKIP","floor":29},{"not_picked":["Bane","Riddle With Holes","Sucker Punch"],"picked":"SKIP","floor":30},{"not_picked":["Quick Slash","Dagger Throw","Flying Knee"],"picked":"SKIP","floor":31},{"not_picked":["Acrobatics","Choke"],"picked":"Cloak And Dagger","floor":32}],"player_experience":3101078,"relics_obtained":[{"floor":6.0,"key":"Orichalcum"},{"floor":8.0,"key":"Dream Catcher"},{"floor":9.0,"key":"Kunai"},{"floor":14,"key":"Letter Opener"},{"floor":17,"key":"Blood Vial"},{"floor":17,"key":"Matryoshka"},{"floor":17,"key":"Thread and Needle"},{"floor":24,"key":"Lantern"},{"floor":26,"key":"Shuriken"},{"floor":30,"key":"The Courier"}],"event_choices":[{"damage_healed":0.0,"max_hp_gain":0.0,"max_hp_loss":0.0,"gold_gain":0.0,"event_name":"The Cleric","player_choice":"Leave","floor":3.0,"gold_loss":0.0,"damage_taken":0.0},{"damage_healed":0.0,"max_hp_gain":0.0,"max_hp_loss":0.0,"gold_gain":0.0,"event_name":"Match and Keep!","player_choice":"0 cards matched","floor":4.0,"gold_loss":0.0,"damage_taken":0.0,"cards_obtained":[]},{"damage_healed":12,"gold_gain":0,"player_choice":"Heal","damage_taken":0,"max_hp_gain":0,"max_hp_loss":0,"event_name":"The Library","floor":27,"gold_loss":0}],"is_beta":false,"boss_relics":[{"not_picked":["Ring of the Serpent","Coffee Dripper"],"picked":"Calling Bell"}],"items_purged_floors":[10],"is_endless":false,"potions_floor_spawned":[1,5,13,14,19,24,25,30,31],"killed_by":"Automaton","ascension_level":20}}