{"host":"vsgmwxc1n8l4tqfd","time":1611333088,"event":{"mods":["AchievementEnabler","BaseMod","Bestiary","Block Reminder","Colored Map","Colored Powertips","Minty Spire (QoL Compilation)","Quick Restart"],"gold_per_floor":[113,123,123,123,136,136,151,164,164,114,138,138,138,154,154,251,251,251,251,251,221,221,221,83,83,83,83,83,83,83,83,83,83,83],"floor_reached":33,"language":"ENG","playtime":1186,"items_purged":[],"score":239,"play_id":"d51e5d20-8ace-4fad-a60d-bef5ac7e6cb0","local_time":"20210122163128","is_ascension_mode":false,"campfire_choices":[{"data":"Cloak And Dagger","floor":6,"key":"SMITH"},{"floor":12,"key":"REST"},{"floor":15,"key":"REST"},{"data":"Blade Dance","floor":23,"key":"SMITH"},{"floor":32,"key":"REST"}],"circlet_count":0,"master_deck":["Strike_G","Strike_G","Strike_G","Strike_G","Strike_G","Defend_G","Defend_G","Defend_G","Defend_G","Defend_G","Survivor","Neutralize","Deadly Poison","Deadly Poison","Cloak And Dagger+1","Backstab","Acrobatics","PiercingWail","Deflect+1","After Image","Blade Dance+1","Blade Dance+1","Deflect","Expertise+1","Infinite Blades","Slice","Outmaneuver","Slice"],"relics":["Ring of the Snake","NeowsBlessing","Ninja Scroll","Odd Mushroom","Ectoplasm","The Courier","HandDrill","CaptainsWheel","Dream Catcher","CultistMask"],"acts_visited":["Exordium","TheCity"],"potions_floor_usage":[7,11,16,16,16,25,33,33],"damage_taken":[{"damage":0,"enemies":"2 Louse","floor":1,"turns":1},{"damage":0,"enemies":"Small Slimes","floor":2,"turns":1},{"damage":0,"enemies":"Cultist","floor":5,"turns":1},{"damage":5,"enemies":"Lots of Slimes","floor":7,"turns":4},{"damage":2,"enemies":"Blue Slaver","floor":8,"turns":3},{"damage":29,"enemies":"The Mushroom Lair","floor":11,"turns":4},{"damage":1,"enemies":"3 Louse","floor":14,"turns":3},{"damage":39,"enemies":"The Guardian","floor":16,"turns":9},{"damage":10,"enemies":"Spheric Guardian","floor":18,"turns":6},{"damage":6,"enemies":"2 Thieves","floor":21,"turns":4},{"damage":21,"enemies":"Chosen and Byrds","floor":25,"turns":6},{"damage":9,"enemies":"Centurion and Healer","floor":28,"turns":6},{"damage":6,"enemies":"Snake Plant","floor":30,"turns":4},{"damage":5,"enemies":"Shelled Parasite and Fungi","floor":31,"turns":3},{"damage":51,"enemies":"Automaton","floor":33,"turns":6}],"seed_played":"5655546707035515012","potions_obtained":[{"floor":4,"key":"Block Potion"},{"floor":4,"key":"SteroidPotion"},{"floor":4,"key":"PowerPotion"},{"floor":8,"key":"LiquidBronze"},{"floor":11,"key":"PowerPotion"},{"floor":14,"key":"Strength Potion"},{"floor":21,"key":"Swift Potion"},{"floor":28,"key":"Dexterity Potion"},{"floor":30,"key":"CunningPotion"}],"is_trial":false,"path_per_floor":["M","M","?","?","M","R","M","M","T","?","?","R","?","M","R","B",null,"M","?","?","M","?","R","$","M","T","T","M","?","M","M","R","B"],"character_chosen":"THE_SILENT","items_purchased":["Deflect","HandDrill"],"campfire_rested":3,"item_purchase_floors":[24,24],"current_hp_per_floor":[70,70,70,70,70,70,65,63,63,63,34,55,55,54,70,31,70,60,60,60,54,54,54,54,33,33,33,24,24,18,13,34,0,0],"gold":83,"neow_bonus":"THREE_ENEMY_KILL","is_daily":false,"chose_seed":false,"campfire_upgraded":2,"win_rate":0.0,"timestamp":1611333088,"path_taken":["M","M","?","?","?","R","?","M","T","?","?","R","?","M","R","BOSS","M","?","?","?","?","R","$","M","T","?","M","?","M","?","R","BOSS"],"items_purchased_type":["Card","Relic"],"build_version":"2020-12-22","purchased_purges":0,"victory":false,"max_hp_per_floor":[70,70,70,70,70,70,70,70,70,70,70,70,70,70,70,70,70,70,70,70,70,70,70,70,70,70,70,70,70,70,70,70,70,70],"card_choices":[{"not_picked":["Poisoned Stab","Dagger Throw"],"picked":"Deadly Poison","floor":1},{"not_picked":["Poisoned Stab","Dagger Throw"],"picked":"Deadly Poison","floor":1},{"not_picked":["Prepared","Escape Plan"],"picked":"Crippling Poison","floor":2},{"not_picked":["All Out Attack","PiercingWail"],"picked":"Cloak And Dagger","floor":5},{"not_picked":["Dagger Throw","Flying Knee"],"picked":"Backstab","floor":7},{"not_picked":["Dodge and Roll","Leg Sweep"],"picked":"Acrobatics","floor":8},{"not_picked":["Blur","All Out Attack"],"picked":"PiercingWail","floor":11},{"not_picked":["Flying Knee","Dodge and Roll"],"picked":"Deflect","floor":14},{"not_picked":["Tools of the Trade","Die Die Die"],"picked":"After Image","floor":16},{"not_picked":["Prepared+1","Underhanded Strike+1"],"picked":"Blade Dance","floor":18},{"not_picked":["Sucker Punch","Acrobatics"],"picked":"Blade Dance+1","floor":21},{"not_picked":["Dagger Spray+1","Dagger Throw+1"],"picked":"Expertise+1","floor":25},{"not_picked":["Blade Dance","Endless Agony"],"picked":"Infinite Blades","floor":28},{"not_picked":["Masterful Stab+1","Escape Plan+1"],"picked":"Slice","floor":30},{"not_picked":["Tools of the Trade","Endless Agony+1"],"picked":"Outmaneuver","floor":31},{"not_picked":["Blur+1","Deadly Poison"],"picked":"Slice","floor":32}],"player_experience":60286,"relics_obtained":[{"floor":9,"key":"Ninja Scroll"},{"floor":11,"key":"Odd Mushroom"},{"floor":26,"key":"CaptainsWheel"},{"floor":27,"key":"Dream Catcher"}],"event_choices":[{"damage_healed":0,"gold_gain":0,"player_choice":"Grow","damage_taken":0,"max_hp_gain":0,"max_hp_loss":0,"event_name":"Living Wall","floor":3,"gold_loss":0,"cards_upgraded":["Crippling Poison"]},{"damage_healed":0,"gold_gain":0,"player_choice":"Got Potions","damage_taken":0,"max_hp_gain":0,"max_hp_loss":0,"event_name":"Lab","floor":4,"gold_loss":0},{"cards_removed":["Crippling Poison"],"damage_healed":0,"gold_gain":0,"player_choice":"Card Removal","damage_taken":0,"max_hp_gain":0,"max_hp_loss":0,"event_name":"The Cleric","floor":10,"gold_loss":50},{"damage_healed":0,"gold_gain":0,"player_choice":"Fought Mushrooms","damage_taken":0,"max_hp_gain":0,"max_hp_loss":0,"event_name":"Mushrooms","floor":11,"gold_loss":0},{"damage_healed":0,"gold_gain":0,"player_choice":"Ignored","damage_taken":0,"max_hp_gain":0,"max_hp_loss":0,"event_name":"Liars Game","floor":13,"gold_loss":0},{"damage_healed":0,"gold_gain":0,"player_choice":"Opened","damage_taken":0,"relics_obtained":["The Courier"],"max_hp_gain":0,"max_hp_loss":0,"event_name":"The Mausoleum","floor":19,"gold_loss":0},{"damage_healed":0,"gold_gain":0,"player_choice":"Forge","damage_taken":0,"max_hp_gain":0,"max_hp_loss":0,"event_name":"Accursed Blacksmith","floor":20,"gold_loss":0,"cards_upgraded":["Deflect"]},{"damage_healed":0,"gold_gain":0,"player_choice":"Ignored","damage_taken":0,"max_hp_gain":0,"max_hp_loss":0,"event_name":"Vampires","floor":22,"gold_loss":0},{"damage_healed":0,"gold_gain":0,"player_choice":"Trade","damage_taken":0,"relics_obtained":["CultistMask"],"max_hp_gain":0,"max_hp_loss":0,"event_name":"FaceTrader","floor":29,"gold_loss":0}],"is_beta":false,"boss_relics":[{"not_picked":["Runic Dome","SlaversCollar"],"picked":"Ectoplasm"}],"items_purged_floors":[],"is_endless":false,"potions_floor_spawned":[8,11,14,21,28,30],"killed_by":"Automaton","ascension_level":0}}