{"host":"6rz02yiipefhcw4r","time":1611283989,"event":{"mods":["2.2 Compatiblity","BaseMod","Block Reminder","Colored Map","DeckTracker","Googly Eyes","Minty Spire (QoL Compilation)","Quick Restart","Rare Cards Sparkle","StSLib"],"gold_per_floor":[362,379,207,224,224,249,249,274,274,300,300,325,343,279,279,355,355,365,365,8,25,38,72,122,155,178,12,41,41,58,71,71,147,147,163,1162,956,971,986,1021,1021,1048,1048,1048,1048,1064,584,596,596,596],"floor_reached":51,"language":"ENG","playtime":2350,"items_purged":["Normality","Normality"],"score":1648,"play_id":"f054fc66-9ae7-40b5-a262-6b7abd82903d","local_time":"20210122005309","is_ascension_mode":true,"campfire_choices":[{"data":"Biased Cognition","floor":7.0,"key":"SMITH"},{"data":"Loop","floor":11.0,"key":"SMITH"},{"data":"Fission","floor":15.0,"key":"SMITH"},{"data":"Echo Form","floor":29.0,"key":"SMITH"},{"data":"Apotheosis","floor":32.0,"key":"SMITH"},{"data":"Machine Learning","floor":41.0,"key":"SMITH"},{"data":"Seek","floor":49,"key":"SMITH"}],"circlet_count":0,"master_deck":["AscendersBane","Strike_B","Strike_B","Strike_B","Strike_B","Defend_B","Defend_B","Defend_B","Defend_B","Zap","Dualcast","Tempest","Undo","Biased Cognition+1","Cold Snap","Cold Snap","Steam","Ball Lightning","Skim","Coolheaded","Loop+1","Fission+1","Echo Form+1","CurseOfTheBell","Leap","Apotheosis+1","Electrodynamics","Aggregate+1","Conserve Battery","Coolheaded+1","Chill","Machine Learning+1","Coolheaded+1","Self Repair","Compile Driver","Barrage","Consume+1","Seek+1","Consume","Self Repair+1"],"relics":["Cracked Core","Orrery","Vajra","HornCleat","PreservedInsect","Toy Ornithopter","Bottled Tornado","Cables","Calling Bell","Lantern","Question Card","Bird Faced Urn","Matryoshka","Bag of Preparation","White Beast Statue","Meat on the Bone","DataDisk","Membership Card","Strawberry","Inserter","Happy Flower","Pen Nib","Frozen Egg 2","InkBottle","Akabeko","Kunai","Bottled Flame","OrangePellets"],"acts_visited":["Exordium","TheCity","TheBeyond"],"potions_floor_usage":[50],"damage_taken":[{"damage":1.0,"enemies":"2 Louse","floor":1.0,"turns":2.0},{"damage":7.0,"enemies":"Jaw Worm","floor":2.0,"turns":3.0},{"damage":0.0,"enemies":"Cultist","floor":4.0,"turns":3.0},{"damage":4.0,"enemies":"Lagavulin","floor":6.0,"turns":6.0},{"damage":2.0,"enemies":"Gremlin Nob","floor":8.0,"turns":3.0},{"damage":2.0,"enemies":"Lagavulin","floor":10.0,"turns":4.0},{"damage":1.0,"enemies":"3 Sentries","floor":12.0,"turns":5.0},{"damage":0.0,"enemies":"Lots of Slimes","floor":13.0,"turns":4.0},{"damage":5.0,"enemies":"The Guardian","floor":16.0,"turns":9.0},{"damage":1.0,"enemies":"3 Byrds","floor":18.0,"turns":3.0},{"damage":0.0,"enemies":"Spheric Guardian","floor":21.0,"turns":5.0},{"damage":0.0,"enemies":"Cultist and Chosen","floor":22.0,"turns":2.0},{"damage":13.0,"enemies":"Slavers","floor":23.0,"turns":2.0},{"damage":19.0,"enemies":"Gremlin Leader","floor":25.0,"turns":5.0},{"damage":2.0,"enemies":"Book of Stabbing","floor":28.0,"turns":5.0},{"damage":0.0,"enemies":"Centurion and Healer","floor":30.0,"turns":4.0},{"damage":0.0,"enemies":"Chosen and Byrds","floor":31.0,"turns":3.0},{"damage":28.0,"enemies":"Automaton","floor":33.0,"turns":9.0},{"damage":16.0,"enemies":"Orb Walker","floor":35.0,"turns":4.0},{"damage":0.0,"enemies":"3 Darklings","floor":38.0,"turns":3.0},{"damage":25.0,"enemies":"Sphere and 2 Shapes","floor":39.0,"turns":4.0},{"damage":10.0,"enemies":"Nemesis","floor":40.0,"turns":9.0},{"damage":0.0,"enemies":"Giant Head","floor":42.0,"turns":7.0},{"damage":19.0,"enemies":"4 Shapes","floor":46.0,"turns":6.0},{"damage":0,"enemies":"Spire Growth","floor":48,"turns":5},{"damage":39,"enemies":"Time Eater","floor":50,"turns":7}],"seed_played":"5539918105073175061","potions_obtained":[{"floor":1.0,"key":"Fire Potion"},{"floor":6.0,"key":"Swift Potion"},{"floor":8.0,"key":"PowerPotion"},{"floor":23.0,"key":"Weak Potion"},{"floor":33.0,"key":"Energy Potion"},{"floor":35.0,"key":"PowerPotion"},{"floor":38.0,"key":"FocusPotion"},{"floor":39.0,"key":"Swift Potion"}],"is_trial":false,"path_per_floor":["M","M","$","M","?","E","R","E","T","E","R","E","M","?","R","B",null,"M","T","$","M","M","E","?","E","T","$","E","R","M","M","R","B",null,"M","?","$","M","M","E","R","E","T","?","?","M","$","M","R","B",null],"character_chosen":"DEFECT","items_purchased":["Orrery","Apotheosis","Electrodynamics","Membership Card","Self Repair","Happy Flower","Compile Driver","Regen Potion","Kunai","Bottled Flame","OrangePellets","Consume","Self Repair+1"],"campfire_rested":0,"item_purchase_floors":[3,20,20,27,37,37,37,37,47,47,47,47,47],"current_hp_per_floor":[63,56,56,56,56,52,52,50,50,48,48,47,47,47,47,42,59,64,64,64,64,64,53,53,44,44,44,59,59,69,71,71,47,65,53,53,53,71,54,71,71,71,71,67,67,67,67,67,67,55],"gold":596,"neow_bonus":"TWO_FIFTY_GOLD","is_daily":false,"chose_seed":false,"campfire_upgraded":7,"win_rate":0.0,"timestamp":1611283989,"path_taken":["M","M","$","M","?","E","R","E","T","E","R","E","M","?","R","BOSS","M","?","$","?","M","E","?","E","T","$","E","R","M","M","R","BOSS","M","?","$","M","M","E","R","E","T","?","?","M","$","M","R","BOSS"],"items_purchased_type":["Relic","Card","Card","Relic","Card","Relic","Card","Potion","Relic","Relic","Relic","Card","Card"],"build_version":"2020-12-22","purchased_purges":2,"victory":true,"max_hp_per_floor":[64,64,64,64,64,64,64,64,64,64,64,64,64,64,64,64,64,64,64,64,64,64,64,64,64,64,64,71,71,71,71,71,71,71,71,71,71,71,71,71,71,71,71,67,67,67,67,67,67,67],"card_choices":[{"not_picked":["Heatsinks","Chaos"],"picked":"Tempest","floor":1.0},{"not_picked":["Stack","Streamline","Gash"],"picked":"SKIP","floor":2.0},{"not_picked":["Hologram","Rip and Tear"],"picked":"Undo","floor":3.0},{"not_picked":["Cold Snap","Beam Cell"],"picked":"Biased Cognition","floor":3.0},{"not_picked":["Recycle","Conserve Battery"],"picked":"Cold Snap","floor":3.0},{"not_picked":["Steam","Compile Driver"],"picked":"Cold Snap","floor":3.0},{"not_picked":["Streamline","Chaos"],"picked":"Steam","floor":3.0},{"not_picked":["Steam","Aggregate"],"picked":"Ball Lightning","floor":4.0},{"not_picked":["Double Energy","Gash"],"picked":"Skim","floor":6.0},{"not_picked":["Sweeping Beam","Streamline"],"picked":"Coolheaded","floor":8.0},{"not_picked":["Reprogram","Ball Lightning"],"picked":"Loop","floor":10.0},{"not_picked":["Rebound","Go for the Eyes"],"picked":"Fission","floor":12.0},{"not_picked":["Sweeping Beam","Stack","Ball Lightning"],"picked":"SKIP","floor":13.0},{"not_picked":["Seek","Fission"],"picked":"Echo Form","floor":16.0},{"not_picked":["Skim","Sweeping Beam+1","Lockon"],"picked":"Leap","floor":18.0},{"not_picked":["BootSequence","FTL","Beam Cell"],"picked":"Aggregate+1","floor":21.0},{"not_picked":["Compile Driver","Coolheaded","Hologram"],"picked":"Conserve Battery","floor":22.0},{"not_picked":["Go for the Eyes","Rebound","Streamline","Echo Form"],"picked":"SKIP","floor":23.0},{"not_picked":["Hello World","Steam","Hologram"],"picked":"Coolheaded+1","floor":25.0},{"not_picked":["Turbo","Hologram","Sweeping Beam"],"picked":"Chill","floor":28.0},{"not_picked":["Conserve Battery","Go for the Eyes","Double Energy","Undo"],"picked":"SKIP","floor":30.0},{"not_picked":["Static Discharge","Chaos","Sunder","Conserve Battery"],"picked":"SKIP","floor":31.0},{"not_picked":["Hyperbeam","All For One","Amplify"],"picked":"Machine Learning","floor":33.0},{"not_picked":["Compile Driver","Rebound+1","Steam"],"picked":"Coolheaded+1","floor":35.0},{"not_picked":["Aggregate","Chaos","Cold Snap"],"picked":"Barrage","floor":38.0},{"not_picked":["Loop","Conserve Battery+1","Rebound+1"],"picked":"Consume+1","floor":39.0},{"not_picked":["BootSequence","Go for the Eyes","Leap","Self Repair"],"picked":"SKIP","floor":40.0},{"not_picked":["Loop+1","Rebound","Hologram"],"picked":"Seek","floor":42.0},{"not_picked":["Cold Snap","Gash","Redo","Aggregate"],"picked":"SKIP","floor":46.0},{"not_picked":["Conserve Battery","Turbo","Coolheaded","Double Energy"],"picked":"SKIP","floor":48}],"player_experience":714265,"relics_obtained":[{"floor":6.0,"key":"Vajra"},{"floor":8.0,"key":"HornCleat"},{"floor":9.0,"key":"PreservedInsect"},{"floor":10.0,"key":"Toy Ornithopter"},{"floor":12.0,"key":"Bottled Tornado"},{"floor":17.0,"key":"Lantern"},{"floor":17.0,"key":"Question Card"},{"floor":17.0,"key":"Bird Faced Urn"},{"floor":19.0,"key":"Matryoshka"},{"floor":23.0,"key":"Bag of Preparation"},{"floor":25.0,"key":"White Beast Statue"},{"floor":26.0,"key":"Meat on the Bone"},{"floor":26.0,"key":"DataDisk"},{"floor":28.0,"key":"Strawberry"},{"floor":40.0,"key":"Pen Nib"},{"floor":42.0,"key":"Frozen Egg 2"},{"floor":43.0,"key":"InkBottle"},{"floor":43.0,"key":"Akabeko"}],"event_choices":[{"damage_healed":0.0,"max_hp_gain":0.0,"max_hp_loss":0.0,"gold_gain":0.0,"event_name":"The Cleric","player_choice":"Leave","floor":5.0,"gold_loss":0.0,"damage_taken":0.0},{"damage_healed":0.0,"max_hp_gain":0.0,"max_hp_loss":0.0,"gold_gain":0.0,"event_name":"WeMeetAgain","player_choice":"Paid Gold","floor":14.0,"gold_loss":64.0,"damage_taken":0.0,"relics_obtained":["Cables"]},{"damage_healed":0.0,"max_hp_gain":0.0,"max_hp_loss":0.0,"gold_gain":50.0,"event_name":"Nest","player_choice":"Stole From Cult","floor":24.0,"gold_loss":0.0,"damage_taken":0.0},{"damage_healed":0.0,"max_hp_gain":0.0,"max_hp_loss":0.0,"gold_gain":999.0,"event_name":"MindBloom","player_choice":"Gold","floor":36.0,"gold_loss":0.0,"damage_taken":0.0,"cards_obtained":["Normality","Normality"]},{"damage_healed":0.0,"max_hp_gain":0.0,"max_hp_loss":4.0,"gold_gain":0.0,"event_name":"Winding Halls","player_choice":"Max HP","floor":44.0,"gold_loss":0.0,"damage_taken":0.0},{"damage_healed":0.0,"max_hp_gain":0.0,"max_hp_loss":0.0,"gold_gain":0.0,"event_name":"Mysterious Sphere","player_choice":"Ignored","floor":45.0,"gold_loss":0.0,"damage_taken":0.0}],"is_beta":false,"boss_relics":[{"not_picked":["Velvet Choker","SacredBark"],"picked":"Calling Bell"},{"not_picked":["Tiny House","Empty Cage"],"picked":"Inserter"}],"items_purged_floors":[37,47],"is_endless":false,"potions_floor_spawned":[1,6,8,18,23,28,30,31,33,35,38,39,40,42,46,48],"ascension_level":19}}