{"host":"fqepcc6wiujntn7y","time":1611344983,"event":{"mods":["AchievementEnabler","BaseMod","Minty Spire (QoL Compilation)","Quick Restart","Replay The Spire","StSLib","The Jungle"],"gold_per_floor":[138,183,216,246,246,324,411,459,483,88,88,133,220,454,454,757,757,817,850,417,462,510,603,603,645,645,126,177,252,252,342,342,665,765,824,824,872,914,947,1043,1043,1079,1079,1118,764,848,887,0,0,0,0],"floor_reached":50,"language":"ENG","playtime":6219,"items_purged":[],"score":844,"play_id":"425617db-2134-4586-9b4a-74aecf0c7204","local_time":"20210122194943","daily_mods":["Draft","Midas"],"is_ascension_mode":true,"campfire_choices":[{"floor":11,"key":"REST"},{"floor":15,"key":"REST"},{"floor":24,"key":"REST"},{"floor":30,"key":"REST"},{"floor":32,"key":"REST"},{"floor":41,"key":"REST"},{"floor":49,"key":"REST"}],"circlet_count":0,"master_deck":["Poisoned Stab","Blade Dance","Slice","Poisoned Stab","Blade Dance","Bane","Cloak And Dagger","Cloak And Dagger","Deadly Poison","Infinite Blades","Outmaneuver","Choke","Poisoned Stab","Deadly Poison","Blade Dance","Masterful Stab","Draining Mist","Replay:Poison Smokescreen","Distraction","Bane","All Out Attack","Escape Plan","Fluid Movement","Dagger Spray","Draining Mist","Burst","Well Laid Plans","Adrenaline","Bane","Dodge and Roll","Caltrops","Distraction+1","Dodge and Roll","Dagger Spray","Fluid Movement","Infinite Blades","ReplayTheSpireMod:Brewmster","HandOfGreed","Swift Strike","Caltrops","Flying Knee","Underhanded Strike+1","Poison Darts","Cloak And Dagger+1","Footwork","PiercingWail","Blade Dance+1","Crippling Poison","Blade Dance","Die Die Die","Caltrops","Leg Sweep","Catalyst","Replay:Poison Smokescreen+1","Cloak And Dagger+1"],"relics":["Ring of the Snake","WingedGreaves","Lizard Tail","Nunchaku","MealTicket","Orichalcum","PreservedInsect","Tiny Chest","WristBlade","Lantern","Matryoshka","Art of War","Bag of Preparation","StrikeDummy","ReplayTheSpireMod:ShopPack","Replay:Arrowhead","Tingsha","Potion Belt","Replay:Grab Bag","ChewingGum","Replay:Wanted Poster","SacredBark","Mercury Hourglass","ReplayTheSpireMod:Ninjato","Paper Crane","Dream Catcher","BargainBundle","Regal Pillow","Red Mask"],"acts_visited":["Exordium","TheCity","TheBeyond"],"potions_floor_usage":[7,8,13,16,23,28,28,28,28,33,33,33,33,38,38,40,40,44,44,46,47],"damage_taken":[{"damage":0,"enemies":"2 Louse","floor":1,"turns":2},{"damage":0,"enemies":"Cultist","floor":2,"turns":2},{"damage":6,"enemies":"Small Slimes","floor":3,"turns":2},{"damage":12,"enemies":"Blue Slaver","floor":4,"turns":2},{"damage":16,"enemies":"Gremlin Nob","floor":6,"turns":3},{"damage":27,"enemies":"3 Sentries","floor":7,"turns":5},{"damage":0,"enemies":"Looter","floor":8,"turns":1},{"damage":3,"enemies":"2 Fungi Beasts","floor":12,"turns":2},{"damage":6,"enemies":"Gremlin Nob","floor":13,"turns":3},{"damage":15,"enemies":"Slime Boss","floor":16,"turns":9},{"damage":0,"enemies":"3 Byrds","floor":18,"turns":4},{"damage":14,"enemies":"Shell Parasite","floor":19,"turns":4},{"damage":20,"enemies":"Centurion and Healer","floor":21,"turns":3},{"damage":16,"enemies":"Shelled Parasite and Fungi","floor":22,"turns":4},{"damage":0,"enemies":"Gremlin Leader","floor":23,"turns":3},{"damage":0,"enemies":"Snecko","floor":25,"turns":2},{"damage":14,"enemies":"Centurion and Healer","floor":28,"turns":3},{"damage":29,"enemies":"Slavers","floor":29,"turns":4},{"damage":19,"enemies":"Gremlin Leader","floor":31,"turns":5},{"damage":42,"enemies":"Collector","floor":33,"turns":5},{"damage":35,"enemies":"3 Shapes","floor":35,"turns":2},{"damage":13,"enemies":"Orb Walker","floor":37,"turns":3},{"damage":31,"enemies":"Maw","floor":38,"turns":7},{"damage":19,"enemies":"Writhing Mass","floor":39,"turns":3},{"damage":25,"enemies":"R_Hoarder","floor":40,"turns":5},{"damage":4,"enemies":"Sphere and 2 Shapes","floor":42,"turns":3},{"damage":0,"enemies":"3 Darklings","floor":44,"turns":2},{"damage":2,"enemies":"Nemesis","floor":46,"turns":3},{"damage":13,"enemies":"Writhing Mass","floor":47,"turns":4},{"damage":118,"enemies":"Replay:Hell Engine","floor":50,"turns":7}],"seed_played":"-4368412476259271830","potions_obtained":[{"floor":1,"key":"Block Potion"},{"floor":3,"key":"Strength Potion"},{"floor":5,"key":"Energy Potion"},{"floor":7,"key":"DuplicationPotion"},{"floor":14,"key":"SneckoOil"},{"floor":14,"key":"AttackPotion"},{"floor":22,"key":"SneckoOil"},{"floor":23,"key":"Strength Potion"},{"floor":28,"key":"Strength Potion"},{"floor":31,"key":"DistilledChaos"},{"floor":33,"key":"FairyPotion"},{"floor":35,"key":"ColorlessPotion"},{"floor":38,"key":"SteroidPotion"},{"floor":39,"key":"DuplicationPotion"}],"is_trial":true,"path_per_floor":["M","M","M","M","?","E","E","M","T","$","R","M","E","?","R","B",null,"M","M","$","M","M","E","R","M","T","$","M","E","R","E","R","B",null,"M","?","M","M","M","E","R","M","T","M","$","E","M","?","R","B"],"character_chosen":"THE_SILENT","items_purchased":["MealTicket","Fluid Movement","Orichalcum","Dagger Spray","Caltrops","Lantern","Matryoshka","Infinite Blades","ReplayTheSpireMod:ShopPack","Replay:Arrowhead","Dream Catcher","BargainBundle","Caltrops","Leg Sweep"],"campfire_rested":7,"item_purchase_floors":[10,10,10,10,20,20,20,27,27,27,45,45,45,45],"current_hp_per_floor":[70,70,64,52,52,36,9,9,9,9,30,27,21,4,25,10,70,70,56,70,50,34,34,55,55,55,70,56,27,48,29,50,8,70,35,61,48,17,36,11,29,25,25,25,40,38,25,25,58,0,0],"gold":0,"neow_bonus":"","is_daily":false,"chose_seed":false,"campfire_upgraded":0,"win_rate":0.0,"timestamp":1611344983,"path_taken":["M","M","M","M","?","E","E","?","T","?","R","M","E","?","R","BOSS","M","M","$","M","M","E","R","M","T","$","M","E","R","E","R","BOSS","M","?","M","M","M","E","R","M","T","M","$","E","M","?","R","BOSS"],"items_purchased_type":["Relic","Card","Relic","Card","Card","Relic","Relic","Card","Relic","Relic","Relic","Relic","Card","Card"],"build_version":"2020-12-22","purchased_purges":0,"victory":false,"max_hp_per_floor":[70,70,70,70,70,70,70,70,70,70,70,70,70,70,70,70,70,70,70,70,70,70,70,70,70,70,70,70,70,70,70,70,70,70,70,61,61,61,61,61,61,61,61,61,61,61,61,61,61,61,61],"card_choices":[{"not_picked":["Dodge and Roll","PiercingWail"],"picked":"Poisoned Stab","floor":0},{"not_picked":["Hidden Blade","Escape Plan"],"picked":"Blade Dance","floor":0},{"not_picked":["Sneak Up","Quick Slash"],"picked":"Slice","floor":0},{"not_picked":["Calculated Gamble","Underhanded Strike"],"picked":"Poisoned Stab","floor":0},{"not_picked":["Flying Knee","Distraction"],"picked":"Blade Dance","floor":0},{"not_picked":["Dagger Throw","Underhanded Strike"],"picked":"Bane","floor":0},{"not_picked":["Hidden Blade","Underhanded Strike"],"picked":"Cloak And Dagger","floor":0},{"not_picked":["Finisher","Setup"],"picked":"Cloak And Dagger","floor":0},{"not_picked":["Dagger Throw","Prepared"],"picked":"Deadly Poison","floor":0},{"not_picked":["Blade Dance","Predator"],"picked":"Infinite Blades","floor":0},{"not_picked":["Deflect","Acrobatics"],"picked":"Outmaneuver","floor":0},{"not_picked":["Prepared","Dagger Spray"],"picked":"Choke","floor":0},{"not_picked":["Slice","Crippling Poison"],"picked":"Poisoned Stab","floor":0},{"not_picked":["Sucker Punch","Flying Knee"],"picked":"Deadly Poison","floor":0},{"not_picked":["Bane","Backflip"],"picked":"Blade Dance","floor":0},{"not_picked":["Dagger Throw","PiercingWail"],"picked":"Masterful Stab","floor":1},{"not_picked":["Heel Hook","Deflect"],"picked":"Draining Mist","floor":2},{"not_picked":["Poisoned Stab","Acrobatics"],"picked":"Replay:Poison Smokescreen","floor":3},{"not_picked":["Terror","Sneak Up"],"picked":"Distraction","floor":4},{"not_picked":["Acrobatics","Poisoned Stab"],"picked":"Bane","floor":6},{"not_picked":["Poisoned Stab","Deflect"],"picked":"All Out Attack","floor":7},{"not_picked":["Hidden Blade","ReplayTheSpireMod:Tripwire"],"picked":"Escape Plan","floor":8},{"not_picked":["Flying Knee","Doppelganger"],"picked":"Draining Mist","floor":12},{"not_picked":["ReplayTheSpireMod:Shiv Toss","Dagger Throw"],"picked":"Burst","floor":13},{"not_picked":["Underhanded Strike","Dagger Spray"],"picked":"Well Laid Plans","floor":14},{"not_picked":["Doppelganger","Wraith Form v2"],"picked":"Adrenaline","floor":16},{"not_picked":["Acrobatics","Dagger Throw"],"picked":"Bane","floor":18},{"not_picked":["Prepared","Quick Slash"],"picked":"Dodge and Roll","floor":19},{"not_picked":["Outmaneuver","Flying Knee"],"picked":"Distraction+1","floor":21},{"not_picked":["Sneak Up","ReplayTheSpireMod:Tripwire"],"picked":"Dodge and Roll","floor":22},{"not_picked":["Escape Plan","Tools of the Trade"],"picked":"Dagger Spray","floor":23},{"not_picked":["Dagger Spray","ReplayTheSpireMod:Shiv Toss"],"picked":"Fluid Movement","floor":25},{"not_picked":["Thinking Ahead","Master of Strategy"],"picked":"ReplayTheSpireMod:Brewmster","floor":27},{"not_picked":["Replay:BasicMightCard","ReplayTheSpireMod:Uncanny Aura"],"picked":"HandOfGreed","floor":27},{"not_picked":["Jack Of All Trades","Blind"],"picked":"Swift Strike","floor":27},{"not_picked":["Flying Knee","Poisoned Stab"],"picked":"Caltrops","floor":28},{"not_picked":["Terror+1","Slice"],"picked":"Flying Knee","floor":29},{"not_picked":["Predator","Flying Knee"],"picked":"Underhanded Strike+1","floor":31},{"not_picked":["Doppelganger","Malaise"],"picked":"Poison Darts","floor":33},{"not_picked":["Expertise","Outmaneuver+1"],"picked":"Cloak And Dagger+1","floor":35},{"not_picked":["Outmaneuver","Hidden Blade"],"picked":"Footwork","floor":37},{"not_picked":["Dagger Spray+1","All Out Attack+1"],"picked":"PiercingWail","floor":38},{"not_picked":["Dagger Throw","Acrobatics"],"picked":"Blade Dance+1","floor":39},{"not_picked":["Quick Slash+1","Endless Agony"],"picked":"Crippling Poison","floor":40},{"not_picked":["Hidden Blade+1","Flying Knee"],"picked":"Blade Dance","floor":42},{"not_picked":["Underhanded Strike","Footwork"],"picked":"Die Die Die","floor":44},{"not_picked":["Calculated Gamble+1","Outmaneuver+1"],"picked":"Catalyst","floor":46},{"not_picked":["Quick Slash+1","Acrobatics"],"picked":"Replay:Poison Smokescreen+1","floor":47},{"not_picked":["Slice","ReplayTheSpireMod:Speed Training"],"picked":"Cloak And Dagger+1","floor":49}],"player_experience":55193,"relics_obtained":[{"floor":6,"key":"WingedGreaves"},{"floor":7,"key":"Lizard Tail"},{"floor":9,"key":"Nunchaku"},{"floor":13,"key":"PreservedInsect"},{"floor":14,"key":"Tiny Chest"},{"floor":23,"key":"Art of War"},{"floor":26,"key":"Bag of Preparation"},{"floor":26,"key":"StrikeDummy"},{"floor":29,"key":"Tingsha"},{"floor":31,"key":"Potion Belt"},{"floor":40,"key":"Mercury Hourglass"},{"floor":43,"key":"ReplayTheSpireMod:Ninjato"},{"floor":43,"key":"Paper Crane"},{"floor":46,"key":"Regal Pillow"}],"event_choices":[{"damage_healed":0,"gold_gain":0,"player_choice":"Got Potions","damage_taken":0,"max_hp_gain":0,"max_hp_loss":0,"event_name":"Lab","floor":5,"gold_loss":0},{"damage_healed":61,"gold_gain":0,"player_choice":"Heal","damage_taken":0,"max_hp_gain":0,"max_hp_loss":9,"event_name":"The Moai Head","floor":36,"gold_loss":0},{"damage_healed":0,"gold_gain":0,"player_choice":"Paid","damage_taken":0,"relics_obtained":["Red Mask"],"max_hp_gain":0,"max_hp_loss":0,"event_name":"Tomb of Lord Red Mask","floor":48,"gold_loss":887}],"is_beta":false,"boss_relics":[{"not_picked":["Tiny House","Snecko Scales"],"picked":"WristBlade"},{"not_picked":["Replay:Bronze Core","Abe\u0027s Treasure"],"picked":"Replay:Grab Bag"},{"not_picked":["Runic Dome","Philosopher\u0027s Stone"],"picked":"ChewingGum"},{"not_picked":["ReplayTheSpireMod:DimensionalGlitch","ReplayTheSpireMod:Onyx Gauntlets"],"picked":"Replay:Wanted Poster"},{"not_picked":["Snecko Eye","Replay:Drink Me"],"picked":"SacredBark"}],"items_purged_floors":[],"is_endless":true,"potions_floor_spawned":[1,3,7,22,23,25,28,31,33,35,38,39],"killed_by":"Replay:Hell Engine","ascension_level":1}}