{"host":"gzk4gkgy3zij1c51","time":1611281693,"event":{"mods":["BaseMod","Colored Map","Downfall","Highlight Path","Marked Mod","Minty Spire (QoL Compilation)","Relic Stats","StSLib","everything is the same but u backflip on backflip"],"gold_per_floor":[99,119,119,116,144,171,183,208,120,132,155,181,193,193,193],"floor_reached":13,"language":"ENG","playtime":874,"items_purged":[],"score":77,"play_id":"b23ce4af-5f25-4a1e-99c0-7e3c8203cb12","local_time":"20210122021453","is_ascension_mode":false,"campfire_choices":[{"data":"bronze:Verify","floor":1.0,"key":"SMITH"},{"data":"bronze:BuggyMess","floor":9,"key":"SMITH"}],"circlet_count":0,"master_deck":["bronze:Strike","bronze:Strike","bronze:Strike","bronze:Defend","bronze:Defend","bronze:Defend","bronze:Defend","bronze:Replicate","bronze:Goto","bronze:Verify+1","bronze:Optimize","bronze:BuggyMess+1","bronze:DelayedSlice","bronze:ClassDefault","bronze:BuggyMess","bronze:Separator","bronze:BronzeArmor"],"relics":["bronze:BronzeCore","MawBank","downfall:HeartBlessingBlue"],"acts_visited":["Exordium"],"potions_floor_usage":[13],"damage_taken":[{"damage":9.0,"enemies":"2 Louse","floor":2.0,"turns":4.0},{"damage":10.0,"enemies":"downfall:FleeingMerchant","floor":4.0,"turns":4.0},{"damage":1,"enemies":"Cultist","floor":5,"turns":4},{"damage":6,"enemies":"Jaw Worm","floor":6,"turns":4},{"damage":5,"enemies":"Lots of Slimes","floor":8,"turns":2},{"damage":16,"enemies":"2 Fungi Beasts","floor":11,"turns":6},{"damage":13,"enemies":"Large Slime","floor":12,"turns":7},{"damage":13,"enemies":"Lagavulin","floor":13,"turns":4}],"seed_played":"6279126364449841386","potions_obtained":[{"floor":2.0,"key":"AttackPotion"},{"floor":8,"key":"FearPotion"}],"is_trial":false,"path_per_floor":["R","M","?","$","M","M","T","M","R","?","M","M","E"],"character_chosen":"THE_AUTOMATON","items_purchased":[],"campfire_rested":0,"item_purchase_floors":[],"current_hp_per_floor":[70,61,54,44,43,37,37,32,42,42,26,13,0,0,0],"gold":193,"neow_bonus":"ONE_RANDOM_RARE_CARD","is_daily":false,"chose_seed":false,"campfire_upgraded":2,"win_rate":0.0,"timestamp":1611281693,"path_taken":["R","M","?","$","M","M","T","M","R","?","M","?","E"],"items_purchased_type":[],"build_version":"2020-12-22","purchased_purges":0,"victory":false,"max_hp_per_floor":[70,70,70,70,70,70,70,70,80,80,80,80,80,80,80],"relic_stats":{"counters":[8,35],"MawBank":120,"obtain_stats":[{"bronze:BronzeCore":0,"downfall:HeartBlessingBlue":9,"MawBank":3},{"bronze:BronzeCore":0,"downfall:HeartBlessingBlue":5,"MawBank":1},{"bronze:BronzeCore":0,"downfall:HeartBlessingBlue":18,"MawBank":4}]},"card_choices":[{"not_picked":["bronze:DelayedGuard","bronze:Invalidate"],"picked":"bronze:Optimize","floor":2.0},{"not_picked":["bronze:Mutator","bronze:OilSpill"],"picked":"bronze:BuggyMess","floor":4.0},{"not_picked":["bronze:Invalidate","bronze:WhirlingStrike"],"picked":"bronze:DelayedSlice","floor":5},{"not_picked":["bronze:Philosophize","bronze:Optimize"],"picked":"bronze:ClassDefault","floor":6},{"not_picked":["bronze:Overload","bronze:Optimize"],"picked":"bronze:BuggyMess","floor":8},{"not_picked":["bronze:ChildClass","bronze:NullPointer"],"picked":"bronze:Separator","floor":11},{"not_picked":["bronze:NullPointer","bronze:Separator"],"picked":"bronze:BronzeArmor","floor":12}],"player_experience":1060599,"relics_obtained":[],"event_choices":[{"damage_healed":0.0,"max_hp_gain":0.0,"max_hp_loss":0.0,"gold_gain":0.0,"event_name":"Scrap Ooze","player_choice":"Success","floor":3.0,"gold_loss":0.0,"damage_taken":7.0,"relics_obtained":["MawBank"]}],"is_beta":false,"boss_relics":[],"items_purged_floors":[],"is_endless":false,"potions_floor_spawned":[2,8],"killed_by":"Lagavulin","ascension_level":0}}