{"host":"eckg3lzugnpjvwsg","time":1611340676,"event":{"mods":["Act Like it!","BaseMod","Beaked The Cultist","Better Third Choice","Minty Spire (QoL Compilation)","Replay The Spire","StSLib"],"gold_per_floor":[114,127,127,127,142,177,190,190,213,213,248,248,95,111,111,237,237,257,243,2,22,22,22],"floor_reached":22,"language":"ENG","playtime":1833,"items_purged":[],"score":196,"play_id":"d0a08774-f7d9-4d15-8aaa-da89c4c00384","local_time":"20210122163756","is_ascension_mode":false,"campfire_choices":[{"data":"beaked:Ceremony","floor":8.0,"key":"SMITH"},{"floor":10.0,"key":"RECALL"},{"data":"beaked:BloodRitual","floor":15.0,"key":"SMITH"}],"circlet_count":0,"master_deck":["beaked:Strike_Y+1","beaked:Strike_Y+1","beaked:Strike_Y","beaked:Strike_Y","beaked:Strike_Y","beaked:Defend_Y","beaked:Defend_Y","beaked:Defend_Y","beaked:Defend_Y","beaked:Ceremony+1","beaked:Ceremony+1","beaked:Ceremony+1","beaked:ScreechingChant","beaked:RitualOfBody","beaked:BarbedWire","beaked:BraceForImpact","beaked:DigDeep","beaked:BloodRitual+1","beaked:Cower","beaked:FullHouse","beaked:TuckingFeathers","beaked:Evade"],"relics":["beaked:MendingPlumage","Pet Ghost","Bag of Marbles","Golden Idol","Whetstone","Coffee Dripper","Replay:Bottled Eggs"],"acts_visited":["Exordium","TheCity"],"potions_floor_usage":[22,22],"damage_taken":[{"damage":15.0,"enemies":"2 Louse","floor":1.0,"turns":5.0},{"damage":4.0,"enemies":"Small Slimes","floor":2.0,"turns":6.0},{"damage":23.0,"enemies":"Jaw Worm","floor":5.0,"turns":7.0},{"damage":46.0,"enemies":"Gremlin Nob","floor":6.0,"turns":6.0},{"damage":18.0,"enemies":"Lots of Slimes","floor":7.0,"turns":20.0},{"damage":28.0,"enemies":"Lagavulin","floor":11.0,"turns":7.0},{"damage":56.0,"enemies":"Red Slaver","floor":14.0,"turns":23.0},{"damage":69.0,"enemies":"The Guardian","floor":16.0,"turns":11.0},{"damage":37.0,"enemies":"Chosen","floor":18.0,"turns":8.0},{"damage":34.0,"enemies":"2 Thieves","floor":19.0,"turns":4.0},{"damage":56.0,"enemies":"Snake Plant","floor":21.0,"turns":7.0},{"damage":57,"enemies":"Cultist and Chosen","floor":22,"turns":8}],"seed_played":"1206879757452765468","potions_obtained":[{"floor":1.0,"key":"Weak Potion"},{"floor":2.0,"key":"Elixir"},{"floor":6.0,"key":"BlessingOfTheForge"},{"floor":11.0,"key":"Explosive Potion"},{"floor":19.0,"key":"Explosive Potion"}],"is_trial":false,"path_per_floor":["M","M","?","?","M","E","M","R","T","R","E","?","$","M","R","B",null,"M","M","$","M","M"],"character_chosen":"BEAKED_THE_CULTIST","items_purchased":["Whetstone","Replay:Bottled Eggs"],"campfire_rested":0,"item_purchase_floors":[13,20],"current_hp_per_floor":[45,50,50,55,46,11,55,55,55,55,49,36,36,55,55,38,55,40,29,29,17,0,0],"gold":22,"neow_bonus":"ONE_RANDOM_RARE_CARD","is_daily":false,"chose_seed":false,"campfire_upgraded":2,"win_rate":0.0,"timestamp":1611340676,"path_taken":["M","M","?","?","M","E","M","R","T","R","E","?","$","M","R","BOSS","M","M","$","M","M"],"items_purchased_type":["Relic","Relic"],"build_version":"2020-12-22","purchased_purges":0,"victory":false,"max_hp_per_floor":[50,50,50,55,55,55,55,55,55,55,55,55,55,55,55,55,55,55,55,55,55,55,55],"card_choices":[{"not_picked":["beaked:Replenish","beaked:SacrificialDive"],"picked":"beaked:RitualOfBody","floor":1.0},{"not_picked":["beaked:HuntressEssence","beaked:Windmill","beaked:StunningBlow"],"picked":"SKIP","floor":2.0},{"not_picked":["beaked:Foresight","beaked:WindBringer"],"picked":"beaked:BarbedWire","floor":5.0},{"not_picked":["beaked:Flinch","beaked:TuckingFeathers"],"picked":"beaked:BraceForImpact","floor":6.0},{"not_picked":["beaked:WarriorEssence","beaked:CursingBlood"],"picked":"beaked:DigDeep","floor":7.0},{"not_picked":["beaked:WindBringer","beaked:TuckingFeathers"],"picked":"beaked:BloodRitual","floor":11.0},{"not_picked":["beaked:Daydream","beaked:Resilience"],"picked":"beaked:Cower","floor":14.0},{"not_picked":["beaked:DarkTribute","beaked:WildInstinct"],"picked":"beaked:FullHouse","floor":16.0},{"not_picked":["beaked:DigDeep","beaked:HuntressSpirit"],"picked":"beaked:TuckingFeathers","floor":18.0},{"not_picked":["beaked:DigDeep","beaked:Struggle+1","beaked:Resilience"],"picked":"SKIP","floor":19.0},{"not_picked":["beaked:Cower","beaked:Pecker"],"picked":"beaked:Evade","floor":21.0}],"player_experience":34476,"relics_obtained":[{"floor":6.0,"key":"Pet Ghost"},{"floor":11.0,"key":"Bag of Marbles"}],"event_choices":[{"cards_removed":["beaked:Strike_Y"],"damage_healed":0.0,"max_hp_gain":0.0,"max_hp_loss":0.0,"gold_gain":0.0,"event_name":"Living Wall","player_choice":"Forget","floor":3.0,"gold_loss":0.0,"damage_taken":0.0},{"damage_healed":0.0,"max_hp_gain":5.0,"max_hp_loss":0.0,"gold_gain":0.0,"event_name":"Big Fish","player_choice":"Donut","floor":4.0,"gold_loss":0.0,"damage_taken":0.0},{"damage_healed":0.0,"max_hp_gain":0.0,"max_hp_loss":0.0,"gold_gain":0.0,"event_name":"Golden Idol","player_choice":"Take Damage","floor":12.0,"gold_loss":0.0,"damage_taken":13.0,"relics_obtained":["Golden Idol"]}],"is_beta":false,"boss_relics":[{"not_picked":["beaked:FlawlessSticks","Replay:Ancient Bell"],"picked":"Coffee Dripper"}],"items_purged_floors":[],"is_endless":false,"potions_floor_spawned":[1,2,6,11,19],"killed_by":"Cultist and Chosen","ascension_level":0}}