{"host":"b995t17pt6d05w8c","time":1611356569,"event":{"mods":["AchievementEnabler","BaseMod","Colored Map","DeckTracker","Keyboard Shortcuts","Minty Spire (QoL Compilation)","Permanent Neow","SuperFastMode"],"gold_per_floor":[112,126,140,140,28,28,65,65,118,153,81,81,81,107,107,188,242,263,263,287,287,50,50,90,90,144,144,194,194,129,129,129],"floor_reached":31,"language":"KOR","playtime":585,"items_purged":["Defend_B"],"score":432,"play_id":"dd9258c7-0d9c-4f30-95f9-71184c3f5516","local_time":"20210123080249","is_ascension_mode":true,"campfire_choices":[{"data":"Zap","floor":6,"key":"SMITH"},{"data":"Hologram","floor":8,"key":"SMITH"},{"floor":13,"key":"REST"},{"floor":15,"key":"REST"},{"data":"Creative AI","floor":23,"key":"SMITH"},{"floor":25,"key":"REST"},{"data":"Echo Form","floor":27,"key":"SMITH"},{"floor":29,"key":"REST"}],"circlet_count":0,"master_deck":["AscendersBane","Zap+1","Dualcast","Doom and Gloom","Hologram+1","Conserve Battery","Lockon","Heatsinks","Glacier","Capacitor","Echo Form+1","Creative AI+1","Multi-Cast","Darkness","Force Field","Steam","Force Field","Rebound","Skim+1","Storm","Defragment","Double Energy","Core Surge","Self Repair"],"relics":["Cracked Core","CeramicFish","Boot","Odd Mushroom","Pandora\u0027s Box","Bottled Tornado","Lee\u0027s Waffle","White Beast Statue","Juzu Bracelet"],"acts_visited":["Exordium","TheCity"],"potions_floor_usage":[7,16,24,31],"damage_taken":[{"damage":4,"enemies":"Jaw Worm","floor":1,"turns":3},{"damage":9,"enemies":"Small Slimes","floor":2,"turns":3},{"damage":1,"enemies":"2 Louse","floor":3,"turns":2},{"damage":18,"enemies":"Lagavulin","floor":7,"turns":6},{"damage":30,"enemies":"The Mushroom Lair","floor":10,"turns":3},{"damage":18,"enemies":"Exordium Wildlife","floor":14,"turns":4},{"damage":11,"enemies":"The Guardian","floor":16,"turns":8},{"damage":24,"enemies":"Chosen","floor":18,"turns":5},{"damage":13,"enemies":"Spheric Guardian","floor":20,"turns":4},{"damage":70,"enemies":"Gremlin Leader","floor":24,"turns":7},{"damage":54,"enemies":"Slavers","floor":31,"turns":2}],"seed_played":"7252095655380891449","potions_obtained":[{"floor":2,"key":"PowerPotion"},{"floor":7,"key":"Dexterity Potion"},{"floor":14,"key":"CultistPotion"},{"floor":20,"key":"SkillPotion"}],"is_trial":false,"path_per_floor":["M","M","M","?","$","R","E","R","T","?","$","T","R","M","R","B",null,"M","?","M","T","$","R","E","R","T","R","?","R","$","E"],"character_chosen":"DEFECT","items_purchased":["Lockon","Capacitor","Lee\u0027s Waffle","Defragment","Double Energy","Self Repair"],"campfire_rested":4,"item_purchase_floors":[5,11,22,22,22,30],"current_hp_per_floor":[60,51,50,50,50,50,32,32,32,2,2,2,23,5,26,15,57,33,33,20,20,78,78,8,31,31,31,31,54,54,0,0],"gold":129,"neow_bonus":"REMOVE_CARD","is_daily":false,"chose_seed":false,"campfire_upgraded":4,"win_rate":0.0,"timestamp":1611356569,"path_taken":["M","M","M","?","$","R","E","R","T","?","$","?","R","M","R","BOSS","M","?","M","?","?","R","E","R","T","R","?","R","$","E"],"items_purchased_type":["Card","Card","Relic","Card","Card","Card"],"build_version":"2020-12-22","purchased_purges":1,"victory":false,"max_hp_per_floor":[71,71,71,71,71,71,71,71,71,71,71,71,71,71,71,71,71,71,71,71,71,78,78,78,78,78,78,78,78,78,78,78],"card_choices":[{"not_picked":["Sweeping Beam","Streamline"],"picked":"Doom and Gloom","floor":1},{"not_picked":["Scrape","Stack"],"picked":"Hologram","floor":2},{"not_picked":["Turbo","Skim"],"picked":"Conserve Battery","floor":3},{"not_picked":["Rip and Tear","Melter"],"picked":"Heatsinks","floor":7},{"not_picked":["Ball Lightning","Go for the Eyes"],"picked":"Glacier","floor":10},{"not_picked":["FTL","Rebound"],"picked":"Echo Form","floor":14},{"not_picked":["Amplify","Echo Form"],"picked":"Creative AI","floor":16},{"not_picked":["Compile Driver","Coolheaded"],"picked":"Skim+1","floor":18},{"not_picked":["Go for the Eyes","Beam Cell"],"picked":"Storm","floor":20},{"not_picked":["Rip and Tear","Skim"],"picked":"Core Surge","floor":24}],"player_experience":160835,"relics_obtained":[{"floor":7,"key":"CeramicFish"},{"floor":9,"key":"Boot"},{"floor":10,"key":"Odd Mushroom"},{"floor":21,"key":"Bottled Tornado"},{"floor":24,"key":"White Beast Statue"},{"floor":26,"key":"Juzu Bracelet"}],"event_choices":[{"damage_healed":0,"gold_gain":0,"player_choice":"Ignored","damage_taken":0,"max_hp_gain":0,"max_hp_loss":0,"event_name":"Liars Game","floor":4,"gold_loss":0},{"damage_healed":0,"gold_gain":0,"player_choice":"Fought Mushrooms","damage_taken":0,"max_hp_gain":0,"max_hp_loss":0,"event_name":"Mushrooms","floor":10,"gold_loss":0},{"damage_healed":0,"gold_gain":0,"player_choice":"Ignored","damage_taken":0,"max_hp_gain":0,"max_hp_loss":0,"event_name":"Beggar","floor":19,"gold_loss":0},{"damage_healed":0,"gold_gain":50,"player_choice":"Stole From Cult","damage_taken":0,"max_hp_gain":0,"max_hp_loss":0,"event_name":"Nest","floor":28,"gold_loss":0}],"is_beta":false,"boss_relics":[{"not_picked":["Runic Dome","Black Star"],"picked":"Pandora\u0027s Box"}],"items_purged_floors":[5],"is_endless":false,"potions_floor_spawned":[2,7,14,20],"killed_by":"Slavers","ascension_level":15}}