{"host":"41y51qpuw3tri6uv","time":1611298056,"event":{"mods":["AchievementEnabler","BaseMod","Bestiary","Better Altar","Better Match","Better Note","Better Sensory Stone","Better Skull","Better Third Choice","Better Vampires","Colored Map","Colored Powertips","DeckTracker","Minty Spire (QoL Compilation)","Permanent Neow","Quick Restart","Random Character Button","StSLib","SuperFastMode","Synergy Search","Thieving Mod"],"gold_per_floor":[118,118,138,88,263,263,298,298,298,308,308,319,319,347,347,347,347],"floor_reached":16,"language":"ENG","playtime":654,"items_purged":["Strike_R"],"score":124,"play_id":"a4bc9525-3657-400b-aa0d-6a9b308c7410","local_time":"20210122014736","is_ascension_mode":true,"campfire_choices":[{"data":"Uppercut","floor":6,"key":"SMITH"},{"data":"Power Through","floor":8,"key":"SMITH"},{"data":"Shrug It Off","floor":11,"key":"SMITH"},{"data":"Power Through","floor":13,"key":"SMITH"},{"data":"Pommel Strike","floor":15,"key":"SMITH"}],"circlet_count":0,"master_deck":["Strike_R","Strike_R","Strike_R","Defend_R","Defend_R","Defend_R","Defend_R","Bash","Feed","Shrug It Off+1","Regret","Headbutt","Uppercut+1","Doubt","Power Through+1","Impervious","Power Through+1","Pommel Strike+1"],"relics":["Burning Blood","Smiling Mask","Bag of Preparation","Pen Nib","Du-Vu Doll","Self Forming Clay","Tiny Chest"],"acts_visited":["Exordium"],"potions_floor_usage":[14,16],"damage_taken":[{"damage":1.0,"enemies":"Cultist","floor":1.0,"turns":4.0},{"damage":7.0,"enemies":"2 Louse","floor":3.0,"turns":5.0},{"damage":41,"enemies":"3 Sentries","floor":7,"turns":6},{"damage":4,"enemies":"Small Slimes","floor":10,"turns":3},{"damage":1,"enemies":"Blue Slaver","floor":12,"turns":3},{"damage":10,"enemies":"Lagavulin","floor":14,"turns":5},{"damage":50,"enemies":"Slime Boss","floor":16,"turns":14}],"seed_played":"3602991923604277668","potions_obtained":[{"floor":3.0,"key":"Dexterity Potion"},{"floor":10,"key":"AttackPotion"},{"floor":12,"key":"Fire Potion"}],"is_trial":false,"path_per_floor":["M","?","M","$","?","R","E","R","T","M","R","M","R","E","R","B"],"character_chosen":"IRONCLAD","items_purchased":[],"campfire_rested":0,"item_purchase_floors":[],"current_hp_per_floor":[83,83,85,85,85,85,50,50,50,55,55,60,60,56,56,6,6],"gold":347,"neow_bonus":"TRANSFORM_CARD","is_daily":false,"chose_seed":false,"campfire_upgraded":5,"win_rate":0.0,"timestamp":1611298056,"path_taken":["M","?","M","$","?","R","E","R","T","M","R","M","R","E","R","BOSS"],"items_purchased_type":[],"build_version":"2020-12-22","purchased_purges":1,"victory":false,"max_hp_per_floor":[83,83,86,86,86,86,86,86,86,89,89,89,89,89,89,89,89],"card_choices":[{"not_picked":["Flex","Rage"],"picked":"Shrug It Off","floor":1.0},{"not_picked":["Infernal Blade","Heavy Blade"],"picked":"Headbutt","floor":3.0},{"not_picked":["Searing Blow","Power Through","Shrug It Off"],"picked":"SKIP","floor":7},{"not_picked":["Searing Blow","Power Through","Shrug It Off"],"picked":"SKIP","floor":7},{"not_picked":["Searing Blow","Shrug It Off"],"picked":"Power Through","floor":7},{"not_picked":["Anger","Rage"],"picked":"Impervious","floor":10},{"not_picked":["Perfected Strike","Havoc"],"picked":"Power Through","floor":12},{"not_picked":["Clash","Warcry"],"picked":"Pommel Strike","floor":14}],"player_experience":124317,"relics_obtained":[{"floor":7,"key":"Du-Vu Doll"},{"floor":9,"key":"Self Forming Clay"},{"floor":14,"key":"Tiny Chest"}],"event_choices":[{"damage_healed":0.0,"max_hp_gain":0.0,"max_hp_loss":0.0,"gold_gain":0.0,"event_name":"Big Fish","player_choice":"Box","floor":2.0,"gold_loss":0.0,"damage_taken":0.0,"relics_obtained":["Smiling Mask"],"cards_obtained":["Regret"]},{"damage_healed":0,"gold_gain":175,"player_choice":"AGREE","damage_taken":88,"max_hp_gain":0,"max_hp_loss":0,"event_name":"betterThird:BetterSerpent","floor":5,"gold_loss":0}],"is_beta":false,"boss_relics":[],"items_purged_floors":[4],"is_endless":false,"potions_floor_spawned":[3,10,12],"killed_by":"Slime Boss","ascension_level":3}}