{"host":"0rxdudjy6rylha1k","time":1611333513,"event":{"mods":["Aspiration","BaseMod","Colored Map","Colored Powertips","Downfall","Highlight Path","Hubris","Minty Spire (QoL Compilation)","StSLib"],"gold_per_floor":[99,99,115,130,230,230,283,316,46,46,46,46,46,56,67,172,172,72,91,91,111,121,121,121,121,21,51,64,8,8,23,38,138,138,138,150,167,180,180,199,199,215,115,115,131,146,146,159,169,169,169,169,169,169],"floor_reached":52,"language":"ENG","playtime":16638,"items_purged":[],"score":728,"play_id":"04b200d8-1f2e-4f4f-8f0c-92ead3ef56a2","local_time":"20210122093833","is_ascension_mode":false,"campfire_choices":[{"floor":1.0,"key":"RECALL"},{"data":"champ:Taunt","floor":11.0,"key":"SMITH"},{"data":"champ:Circumvent","floor":13.0,"key":"SMITH"},{"data":"champ:GladiatorForm","floor":18.0,"key":"SMITH"},{"data":"Bite","floor":26.0,"key":"SMITH"},{"data":"Bite","floor":30.0,"key":"SMITH"},{"data":"champ:Improvising","floor":35,"key":"SMITH"},{"data":"Bite","floor":43,"key":"SMITH"},{"data":"Bite","floor":47,"key":"SMITH"}],"circlet_count":0,"master_deck":["champ:Defend","champ:Defend","champ:Defend","champ:Defend","champ:Execute","champ:Taunt+1","champ:ShieldWall","champ:Circumvent+1","champ:DefensiveShout","champ:PreemptiveStrike","champ:TornadoPunch+1","champ:SetATrap","champ:FlashCut","champ:FocusedDefense","champ:GladiatorForm+1","champ:EnGarde","Bite+1","Bite+1","Bite+1","Bite+1","Bite+1","champ:ShieldWall","champ:FlashCut","champ:GladiatorStyle","champ:Haymaker","champ:Improvising+1","champ:SwordSigil+1","champ:SkillfulDodge+1","expansioncontent:Chronoboost","expansioncontent:Chronoboost","champ:FlashCut+1"],"relics":["champ:ChampionCrown","aspiration:ChemicalBlood","aspiration:FrozenJewel","hexamod:BolsterEngine","Calipers","Akabeko","downfall:HeartBlessingRed","Mummified Hand","downfall:HeartBlessingGreen","Toxic Egg 2","downfall:HeartBlessingBlue"],"acts_visited":["Exordium","TheCity","TheBeyond","TheEnding"],"potions_floor_usage":[38,40,40,42,42,45,45,48,48,49,49,50,50,50,52,52,52,52],"damage_taken":[{"damage":13.0,"enemies":"Small Slimes","floor":3.0,"turns":3.0},{"damage":0.0,"enemies":"2 Louse","floor":4.0,"turns":3.0},{"damage":44.0,"enemies":"Gremlin Nob","floor":8.0,"turns":5.0},{"damage":10.0,"enemies":"downfall:FleeingMerchant","floor":9.0,"turns":4.0},{"damage":0.0,"enemies":"Jaw Worm","floor":14.0,"turns":3.0},{"damage":0.0,"enemies":"Large Slime","floor":15.0,"turns":5.0},{"damage":10.0,"enemies":"IC_STATUS_ARCHETYPE","floor":16.0,"turns":4.0},{"damage":1.0,"enemies":"Shell Parasite","floor":19.0,"turns":6.0},{"damage":18.0,"enemies":"Shelled Parasite and Fungi","floor":21.0,"turns":6.0},{"damage":20.0,"enemies":"3 Cultists","floor":22.0,"turns":7.0},{"damage":38.0,"enemies":"Gremlin Leader","floor":27.0,"turns":10.0},{"damage":11.0,"enemies":"Snake Plant","floor":28.0,"turns":4.0},{"damage":10.0,"enemies":"downfall:FleeingMerchant","floor":29.0,"turns":4.0},{"damage":0.0,"enemies":"Chosen and Byrds","floor":31.0,"turns":6.0},{"damage":11.0,"enemies":"Centurion and Healer","floor":32.0,"turns":7.0},{"damage":47.0,"enemies":"SI_MIRROR_ARCHETYPE","floor":33.0,"turns":15.0},{"damage":10,"enemies":"3 Darklings","floor":36,"turns":5},{"damage":17,"enemies":"Orb Walker","floor":37,"turns":3},{"damage":10,"enemies":"Sphere and 2 Shapes","floor":38,"turns":5},{"damage":3,"enemies":"4 Shapes","floor":40,"turns":5},{"damage":0,"enemies":"Jaw Worm Horde","floor":42,"turns":4},{"damage":24,"enemies":"Spire Growth","floor":45,"turns":5},{"damage":26,"enemies":"3 Darklings","floor":46,"turns":8},{"damage":7,"enemies":"4 Shapes","floor":48,"turns":7},{"damage":42,"enemies":"Spire Growth","floor":49,"turns":5},{"damage":30,"enemies":"DF_ARCHETYPE_ORBS","floor":50,"turns":13},{"damage":96,"enemies":"downfall:CharBossMerchant","floor":52,"turns":11}],"seed_played":"-9029680930818168765","potions_obtained":[{"floor":3.0,"key":"BlessingOfTheForge"},{"floor":8.0,"key":"FearPotion"},{"floor":15.0,"key":"EntropicBrew"},{"floor":21.0,"key":"Block Potion"},{"floor":27.0,"key":"Guardian:BlockOnCardUsePotion"},{"floor":28.0,"key":"Fire Potion"},{"floor":32.0,"key":"bronze:BurnAndBuffPotion"},{"floor":38,"key":"Weak Potion"},{"floor":40,"key":"Dexterity Potion"},{"floor":46,"key":"Slimebound:ThreeZeroPotion"},{"floor":48,"key":"Fire Potion"},{"floor":52,"key":"ColorlessPotion"}],"is_trial":false,"path_per_floor":["R","?","M","M","?","T","T","E","$","?","R","?","R","M","M","B",null,"R","M","?","M","M","?","T","?","R","E","M","$","R","M","M","B",null,"R","M","M","M","?","M","T","M","R","?","M","M","R","M","M","B",null,"E"],"character_chosen":"THE_CHAMP","items_purchased":["Akabeko","champ:TornadoPunch","Regen Potion","champ:GladiatorStyle"],"campfire_rested":0,"item_purchase_floors":[9,9,9,29],"current_hp_per_floor":[90,90,87,87,87,87,87,63,63,63,63,63,63,75,75,75,90,90,89,62,52,58,58,58,58,58,62,62,62,62,62,62,41,62,62,62,48,56,51,61,61,62,72,72,54,54,54,64,50,51,72,0,0,0],"gold":169,"neow_bonus":"RANDOM_COMMON_RELIC","is_daily":false,"chose_seed":false,"campfire_upgraded":8,"win_rate":0.0,"timestamp":1611333513,"path_taken":["R","?","M","M","?","?","T","E","$","?","R","?","R","M","M","BOSS","R","M","?","M","M","?","T","?","R","E","?","$","R","M","M","BOSS","R","M","M","M","?","M","T","M","R","?","M","M","R","M","M","BOSS","E"],"items_purchased_type":["Relic","Card","Potion","Card"],"build_version":"2020-12-22","purchased_purges":0,"victory":false,"max_hp_per_floor":[90,90,90,90,90,90,90,90,90,90,90,90,90,90,90,90,90,90,90,62,62,62,62,62,62,62,62,62,62,62,62,62,62,62,62,62,62,62,62,62,62,62,72,72,72,72,72,72,72,72,72,72,72,72],"card_choices":[{"not_picked":["champ:BerserkersShout","champ:Circumvent"],"picked":"champ:ShieldWall","floor":3.0},{"not_picked":["champ:PreciseThrust","champ:EnGarde"],"picked":"champ:Circumvent","floor":4.0},{"not_picked":["champ:EnchantSword","champ:PerfectedStrike"],"picked":"champ:DefensiveShout","floor":8.0},{"not_picked":["champ:Shatter","champ:BringItOn"],"picked":"champ:PreemptiveStrike","floor":9.0},{"not_picked":["champ:BerserkersShout","champ:Haymaker"],"picked":"champ:FlashCut","floor":14.0},{"not_picked":["champ:FanOfKnives","champ:EnragedBash"],"picked":"champ:FocusedDefense","floor":15.0},{"not_picked":["champ:Devastate","champ:LastStand"],"picked":"champ:GladiatorForm","floor":16.0},{"not_picked":["champ:FanOfKnives+1","champ:PerfectedStrike+1"],"picked":"champ:EnGarde","floor":19.0},{"not_picked":["champ:Backstep","champ:FlashCut"],"picked":"champ:ShieldWall","floor":21.0},{"not_picked":["champ:BringItOn+1","champ:HeartStrike+1","champ:StanceDance"],"picked":"SKIP","floor":22.0},{"not_picked":["champ:Shatter","champ:EnragedBash","champ:Haymaker"],"picked":"SKIP","floor":27.0},{"not_picked":["champ:BladeFlurry+1","champ:DeathBlow+1","champ:CrownThrow"],"picked":"SKIP","floor":28.0},{"not_picked":["champ:Circumvent+1","champ:SwordThrow"],"picked":"champ:FlashCut","floor":29.0},{"not_picked":["champ:DefensiveShout+1","champ:TornadoPunch+1"],"picked":"champ:Haymaker","floor":31.0},{"not_picked":["champ:Haymaker","champ:EnGarde+1","champ:EnchantSword+1"],"picked":"SKIP","floor":32.0},{"not_picked":["champ:Devastate","champ:EnchantShield+1"],"picked":"champ:Improvising","floor":33.0},{"not_picked":["champ:Haymaker+1","champ:BladeFlurry","champ:BringItOn+1"],"picked":"SKIP","floor":36},{"not_picked":["champ:BerserkerStyle","champ:BladeFlurry+1"],"picked":"champ:SwordSigil+1","floor":37},{"not_picked":["champ:FocusedBerserking+1","champ:EnragedBash"],"picked":"champ:SkillfulDodge+1","floor":38},{"not_picked":["expansioncontent:PrepareCrush+1","expansioncontent:HyperBeam"],"picked":"expansioncontent:Chronoboost","floor":39},{"not_picked":["expansioncontent:YouAreMine+1","expansioncontent:Hexaburn"],"picked":"expansioncontent:Chronoboost","floor":39},{"not_picked":["champ:BerserkersShout+1","champ:EnGarde+1","champ:BringItOn+1"],"picked":"SKIP","floor":40},{"not_picked":["champ:TornadoPunch+1","champ:Backstep+1","champ:FanOfKnives+1"],"picked":"SKIP","floor":42},{"not_picked":["champ:GladiatorStyle+1","champ:EnGarde+1","champ:TornadoPunch"],"picked":"SKIP","floor":45},{"not_picked":["champ:Haymaker","champ:ShieldSigil+1"],"picked":"champ:FlashCut+1","floor":46},{"not_picked":["champ:Haymaker","champ:GutPunch+1","champ:FanOfKnives"],"picked":"SKIP","floor":48},{"not_picked":["champ:EnchantSword+1","champ:Shatter","champ:BringItOn+1"],"picked":"SKIP","floor":49}],"player_experience":2649469,"relics_obtained":[{"floor":6.0,"key":"aspiration:FrozenJewel"},{"floor":7.0,"key":"hexamod:BolsterEngine"},{"floor":8.0,"key":"Calipers"},{"floor":24.0,"key":"Mummified Hand"},{"floor":27.0,"key":"Toxic Egg 2"}],"event_choices":[{"damage_healed":0.0,"max_hp_gain":0.0,"max_hp_loss":0.0,"gold_gain":0.0,"event_name":"Living Wall","player_choice":"Grow","floor":10.0,"gold_loss":0.0,"damage_taken":0.0,"cards_upgraded":["champ:TornadoPunch"]},{"damage_healed":0.0,"max_hp_gain":0.0,"max_hp_loss":28.0,"gold_gain":0.0,"event_name":"Vampires","player_choice":"Became a vampire","floor":20.0,"gold_loss":0.0,"damage_taken":0.0,"cards_obtained":["Bite","Bite","Bite","Bite","Bite"]},{"damage_healed":0.0,"max_hp_gain":0.0,"max_hp_loss":0.0,"gold_gain":0.0,"event_name":"Accursed Blacksmith","player_choice":"Forge","floor":25.0,"gold_loss":0.0,"damage_taken":0.0,"cards_upgraded":["Bite"]}],"is_beta":false,"boss_relics":[{"not_picked":["Velvet Choker","Sozu","champ:PowerArmor"]},{"not_picked":["Runic Dome","Empty Cage","Calling Bell"]}],"items_purged_floors":[],"is_endless":false,"potions_floor_spawned":[3,8,15,21,27,28,32,38,40,46,48],"killed_by":"downfall:CharBossMerchant","ascension_level":0}}