{"host":"8by3m8mve9y2rhh4","time":1611356494,"event":{"mods":["BaseMod","Minty Spire (QoL Compilation)","Quick Restart"],"gold_per_floor":[112,187,187,12,12,46,46,75,75,88,88,116,116,129,129,226,226,226,226,226,6,0,0,0,0,0,0,0,0,0,0,0,0,0,0,0,0,0,0,0,0],"floor_reached":40,"language":"ENG","playtime":2148,"items_purged":["Strike_G"],"score":593,"play_id":"f002e8aa-7753-46a8-8e13-1e5ab5ec06eb","local_time":"20210122230134","is_ascension_mode":true,"campfire_choices":[{"floor":7,"key":"REST"},{"floor":13,"key":"REST"},{"floor":15,"key":"REST"},{"floor":23,"key":"RECALL"},{"floor":25,"key":"DIG"},{"floor":32,"key":"DIG"}],"circlet_count":0,"master_deck":["Strike_G+1","Strike_G","Strike_G","Defend_G","Defend_G","Defend_G","Defend_G","Defend_G","Survivor","Neutralize+1","Infinite Blades","Apotheosis","Predator","Eviscerate","Corpse Explosion","Dash","Choke+1","Blade Dance+1","Venomology","Caltrops+1","Bouncing Flask"],"relics":["Snecko Eye","PreservedInsect","Pear","Letter Opener","Ornamental Fan","Blue Candle","Potion Belt","Ectoplasm","Nilry\u0027s Codex","Whetstone","Shovel","Oddly Smooth Stone","Mercury Hourglass","Toy Ornithopter","Regal Pillow","WristBlade","The Specimen"],"acts_visited":["Exordium","TheCity","TheBeyond"],"potions_floor_usage":[22,31,31,38,38,39,39,39],"damage_taken":[{"damage":0,"enemies":"Small Slimes","floor":1,"turns":4},{"damage":33,"enemies":"3 Sentries","floor":6,"turns":12},{"damage":0,"enemies":"Lagavulin","floor":8,"turns":6},{"damage":3,"enemies":"2 Louse","floor":10,"turns":2},{"damage":6,"enemies":"3 Sentries","floor":12,"turns":5},{"damage":3,"enemies":"Jaw Worm","floor":14,"turns":2},{"damage":19,"enemies":"Hexaghost","floor":16,"turns":11},{"damage":2,"enemies":"Shell Parasite","floor":18,"turns":6},{"damage":6,"enemies":"2 Thieves","floor":22,"turns":2},{"damage":0,"enemies":"Book of Stabbing","floor":24,"turns":4},{"damage":0,"enemies":"Colosseum Slavers","floor":27,"turns":3},{"damage":0,"enemies":"Colosseum Nobs","floor":27,"turns":3},{"damage":0,"enemies":"Slavers","floor":28,"turns":1},{"damage":0,"enemies":"Cultist and Chosen","floor":29,"turns":3},{"damage":0,"enemies":"Centurion and Healer","floor":31,"turns":2},{"damage":0,"enemies":"Collector","floor":33,"turns":5},{"damage":0,"enemies":"3 Shapes","floor":35,"turns":3},{"damage":7,"enemies":"3 Darklings","floor":36,"turns":3},{"damage":8,"enemies":"Spire Growth","floor":38,"turns":4},{"damage":78,"enemies":"2 Orb Walkers","floor":39,"turns":5},{"damage":18,"enemies":"Reptomancer","floor":40,"turns":3}],"seed_played":"4488570237820771173","potions_obtained":[{"floor":6,"key":"SkillPotion"},{"floor":8,"key":"SpeedPotion"},{"floor":10,"key":"Block Potion"},{"floor":14,"key":"Weak Potion"},{"floor":24,"key":"Explosive Potion"},{"floor":29,"key":"LiquidBronze"},{"floor":31,"key":"FearPotion"},{"floor":35,"key":"Ancient Potion"},{"floor":39,"key":"Explosive Potion"}],"is_trial":false,"path_per_floor":["M","?","?","$","?","E","R","E","T","M","?","E","R","M","R","B",null,"M","?","?","$","M","R","E","R","T","?","E","M","$","M","R","B",null,"M","M","?","M","?","E"],"character_chosen":"THE_SILENT","items_purchased":["Apotheosis","Whetstone"],"campfire_rested":3,"item_purchase_floors":[4,21],"current_hp_per_floor":[70,59,52,52,45,22,46,46,46,43,43,37,61,58,80,61,80,78,78,62,62,56,56,56,56,56,56,56,56,56,66,66,66,80,80,73,73,75,11,0,0],"gold":0,"neow_bonus":"BOSS_RELIC","is_daily":false,"chose_seed":false,"campfire_upgraded":0,"win_rate":0.0,"timestamp":1611356494,"path_taken":["M","?","?","$","?","E","R","E","T","M","?","E","R","M","R","BOSS","M","?","?","?","?","R","E","R","T","?","E","M","$","M","R","BOSS","M","M","?","?","?","E"],"items_purchased_type":["Card","Relic"],"build_version":"2020-12-22","purchased_purges":1,"victory":false,"max_hp_per_floor":[70,70,70,70,70,80,80,80,80,80,80,80,80,80,80,80,80,80,80,80,80,80,80,80,80,80,80,80,80,80,80,80,80,80,80,80,80,80,80,80,80],"card_choices":[{"not_picked":["Poisoned Stab","PiercingWail"],"picked":"Infinite Blades","floor":1},{"not_picked":["Poisoned Stab","Distraction"],"picked":"Predator","floor":6},{"not_picked":["Dagger Throw","Flying Knee"],"picked":"Eviscerate","floor":8},{"not_picked":["Escape Plan","PiercingWail","Deflect"],"picked":"SKIP","floor":10},{"not_picked":["Distraction","Terror","Dodge and Roll"],"picked":"SKIP","floor":12},{"not_picked":["Storm of Steel","Deflect","Endless Agony"],"picked":"SKIP","floor":14},{"not_picked":["After Image","Storm of Steel"],"picked":"Corpse Explosion","floor":16},{"not_picked":["Dagger Throw","Well Laid Plans","Terror+1"],"picked":"SKIP","floor":18},{"not_picked":["Sucker Punch","Riddle With Holes"],"picked":"Dash","floor":22},{"not_picked":["Predator+1","Backflip"],"picked":"Choke+1","floor":24},{"not_picked":["Acrobatics","Setup"],"picked":"Blade Dance+1","floor":27},{"not_picked":["Backflip","Dagger Spray","Flechettes"],"picked":"SKIP","floor":28},{"not_picked":["Finisher","Backflip+1","Skewer"],"picked":"SKIP","floor":29},{"not_picked":["Blade Dance","Expertise","Dodge and Roll"],"picked":"SKIP","floor":31},{"not_picked":["Doppelganger","Wraith Form v2"],"picked":"Venomology","floor":33},{"not_picked":["Outmaneuver","Poisoned Stab+1"],"picked":"Caltrops+1","floor":35},{"not_picked":["Bane","Deflect+1","Dodge and Roll+1"],"picked":"SKIP","floor":36},{"not_picked":["Quick Slash","Blade Dance"],"picked":"Bouncing Flask","floor":38}],"player_experience":722686,"relics_obtained":[{"floor":6,"key":"Pear"},{"floor":8,"key":"Letter Opener"},{"floor":9,"key":"Ornamental Fan"},{"floor":12,"key":"Potion Belt"},{"floor":20,"key":"Nilry\u0027s Codex"},{"floor":24,"key":"Shovel"},{"floor":25,"key":"Oddly Smooth Stone"},{"floor":27,"key":"Mercury Hourglass"},{"floor":28,"key":"Toy Ornithopter"},{"floor":32,"key":"Regal Pillow"},{"floor":39,"key":"The Specimen"}],"event_choices":[{"damage_healed":0,"gold_gain":75,"player_choice":"Gather Gold","damage_taken":11,"max_hp_gain":0,"max_hp_loss":0,"event_name":"World of Goop","floor":2,"gold_loss":0},{"cards_removed":["Strike_G"],"damage_healed":0,"gold_gain":0,"player_choice":"Card Removal","damage_taken":7,"max_hp_gain":0,"max_hp_loss":0,"event_name":"Golden Wing","floor":3,"gold_loss":0},{"damage_healed":0,"gold_gain":0,"player_choice":"Success","damage_taken":7,"relics_obtained":["PreservedInsect"],"max_hp_gain":0,"max_hp_loss":0,"event_name":"Scrap Ooze","floor":5,"gold_loss":0},{"damage_healed":0,"gold_gain":0,"player_choice":"Searched \u00272\u0027 times","damage_taken":0,"relics_obtained":["Blue Candle"],"max_hp_gain":0,"max_hp_loss":0,"event_name":"Dead Adventurer","floor":11,"gold_loss":0},{"damage_healed":0,"gold_gain":0,"player_choice":"Ignored","damage_taken":0,"max_hp_gain":0,"max_hp_loss":0,"event_name":"Ghosts","floor":19,"gold_loss":0},{"damage_healed":0,"gold_gain":0,"player_choice":"Obtained Book","damage_taken":16,"max_hp_gain":0,"max_hp_loss":0,"event_name":"Cursed Tome","floor":20,"gold_loss":0},{"damage_healed":0,"gold_gain":0,"player_choice":"Fight","damage_taken":0,"max_hp_gain":0,"max_hp_loss":0,"event_name":"Colosseum","floor":27,"gold_loss":0},{"damage_healed":0,"gold_gain":0,"player_choice":"Fought Nobs","damage_taken":0,"max_hp_gain":0,"max_hp_loss":0,"event_name":"Colosseum","floor":27,"gold_loss":0},{"damage_healed":0,"gold_gain":0,"player_choice":"0 cards matched","damage_taken":0,"max_hp_gain":0,"max_hp_loss":0,"event_name":"Match and Keep!","floor":37,"gold_loss":0,"cards_obtained":[]},{"damage_healed":0,"gold_gain":0,"player_choice":"Fight","damage_taken":0,"max_hp_gain":0,"max_hp_loss":0,"event_name":"Mysterious Sphere","floor":39,"gold_loss":0}],"is_beta":false,"boss_relics":[{"not_picked":["SacredBark","Coffee Dripper"],"picked":"Ectoplasm"},{"not_picked":["Sozu","Runic Dome"],"picked":"WristBlade"}],"items_purged_floors":[21],"is_endless":false,"potions_floor_spawned":[6,8,10,14,24,27,29,31,35,39],"killed_by":"Reptomancer","ascension_level":1}}