{"host":"6rz02yiipefhcw4r","time":1611347356,"event":{"mods":["2.2 Compatiblity","BaseMod","Block Reminder","Colored Map","DeckTracker","Googly Eyes","Minty Spire (QoL Compilation)","Quick Restart","Rare Cards Sparkle","StSLib"],"gold_per_floor":[113,129,145,145,158,158,193,193,193,24,38,71,88,7,7,79,79,96,96,108,139,153,153,183,203,228,228,15,44,56,74,74,74,74],"floor_reached":33,"language":"ENG","playtime":1566,"items_purged":["Strike_R"],"score":702,"play_id":"3cdd8e7a-6b9a-4bdc-8be6-a5a59b1580e1","local_time":"20210122182916","is_ascension_mode":true,"campfire_choices":[{"data":"Apotheosis","floor":6,"key":"SMITH"},{"data":"Clothesline","floor":8,"key":"SMITH"},{"data":"Fire Breathing","floor":15,"key":"SMITH"},{"floor":23,"key":"REST"},{"floor":27,"key":"REST"},{"floor":32,"key":"REST"}],"circlet_count":0,"master_deck":["AscendersBane","Strike_R","Strike_R","Strike_R","Strike_R","Defend_R","Defend_R","Defend_R","Defend_R","Bash","Apotheosis+1","Clothesline+1","Pommel Strike","Twin Strike","Fire Breathing+1","Metallicize","Shockwave","Cleave","Metallicize","Wild Strike","Disarm","Immolate","True Grit","Iron Wave","Power Through","Iron Wave","Decay","Flame Barrier","Shockwave"],"relics":["Burning Blood","TungstenRod","Magic Flower","Membership Card","Incense Burner","Orrery","Cursed Key","Frozen Egg 2","Smiling Mask","Du-Vu Doll","Peace Pipe"],"acts_visited":["Exordium","TheCity"],"potions_floor_usage":[7,12,21,25,29,33],"damage_taken":[{"damage":5,"enemies":"2 Louse","floor":1,"turns":3},{"damage":0,"enemies":"Cultist","floor":2,"turns":4},{"damage":7,"enemies":"Small Slimes","floor":3,"turns":4},{"damage":17,"enemies":"Red Slaver","floor":5,"turns":5},{"damage":17,"enemies":"Gremlin Nob","floor":7,"turns":4},{"damage":16,"enemies":"Lots of Slimes","floor":11,"turns":6},{"damage":10,"enemies":"Lagavulin","floor":12,"turns":7},{"damage":2,"enemies":"Looter","floor":13,"turns":3},{"damage":0,"enemies":"Slime Boss","floor":16,"turns":6},{"damage":11,"enemies":"2 Thieves","floor":18,"turns":4},{"damage":16,"enemies":"Shell Parasite","floor":20,"turns":5},{"damage":37,"enemies":"Sentry and Sphere","floor":21,"turns":7},{"damage":8,"enemies":"Cultist and Chosen","floor":22,"turns":7},{"damage":10,"enemies":"Book of Stabbing","floor":24,"turns":7},{"damage":30,"enemies":"Centurion and Healer","floor":25,"turns":7},{"damage":45,"enemies":"Gremlin Leader","floor":29,"turns":7},{"damage":4,"enemies":"Shelled Parasite and Fungi","floor":30,"turns":6},{"damage":2,"enemies":"Snecko","floor":31,"turns":7},{"damage":55,"enemies":"Champ","floor":33,"turns":13}],"seed_played":"-5705752681905852258","potions_obtained":[{"floor":2,"key":"Block Potion"},{"floor":3,"key":"EssenceOfSteel"},{"floor":13,"key":"FearPotion"},{"floor":16,"key":"LiquidBronze"},{"floor":19,"key":"ColorlessPotion"},{"floor":24,"key":"FearPotion"},{"floor":25,"key":"EssenceOfSteel"},{"floor":30,"key":"DistilledChaos"}],"is_trial":false,"path_per_floor":["M","M","M","?","M","R","E","R","T","$","M","E","M","$","R","B",null,"M","?","M","M","M","R","E","M","T","R","$","E","M","M","R","B"],"character_chosen":"IRONCLAD","items_purchased":["Membership Card","Orrery","Du-Vu Doll"],"campfire_rested":3,"item_purchase_floors":[10,14,28],"current_hp_per_floor":[68,68,67,67,56,56,45,45,45,45,38,37,44,44,44,53,64,62,62,55,27,28,48,47,26,26,46,46,10,15,22,42,0,0],"gold":74,"neow_bonus":"RANDOM_COLORLESS_2","is_daily":false,"chose_seed":false,"campfire_upgraded":3,"win_rate":0.0,"timestamp":1611347356,"path_taken":["M","M","M","?","M","R","E","R","T","$","M","E","M","$","R","BOSS","M","?","?","?","M","R","E","M","T","R","$","E","M","M","R","BOSS"],"items_purchased_type":["Relic","Relic","Relic"],"build_version":"2020-12-22","purchased_purges":1,"victory":false,"max_hp_per_floor":[68,68,68,68,68,68,68,68,68,68,68,68,68,68,68,68,68,68,68,68,68,68,68,68,68,68,68,68,68,68,68,68,68,68],"card_choices":[{"not_picked":["Thinking Ahead","Violence"],"picked":"Apotheosis","floor":0},{"not_picked":["Sever Soul","Havoc"],"picked":"Clothesline","floor":1},{"not_picked":["Armaments","Body Slam"],"picked":"Pommel Strike","floor":2},{"not_picked":["Second Wind","Clash","Flex"],"picked":"SKIP","floor":3},{"not_picked":["Clash","Bloodletting","Headbutt"],"picked":"SKIP","floor":5},{"not_picked":["Wild Strike","Warcry","Dark Embrace"],"picked":"SKIP","floor":7},{"not_picked":["Barricade","Flex"],"picked":"Twin Strike","floor":11},{"not_picked":["Twin Strike","Rupture"],"picked":"Fire Breathing","floor":12},{"not_picked":["Clothesline","Armaments"],"picked":"Metallicize","floor":13},{"not_picked":["Clothesline","Armaments"],"picked":"Shockwave","floor":14},{"not_picked":["Exhume","Pommel Strike"],"picked":"Cleave","floor":14},{"not_picked":["Clothesline","Iron Wave"],"picked":"Metallicize","floor":14},{"not_picked":["Battle Trance","True Grit"],"picked":"Wild Strike","floor":14},{"not_picked":["Wild Strike","Carnage"],"picked":"Disarm","floor":14},{"not_picked":["Offering","Reaper"],"picked":"Immolate","floor":16},{"not_picked":["Rampage","Heavy Blade"],"picked":"True Grit","floor":18},{"not_picked":["Whirlwind","Rampage","Bloodletting"],"picked":"SKIP","floor":20},{"not_picked":["Sentinel","Anger"],"picked":"Iron Wave","floor":21},{"not_picked":["True Grit+1","Thunderclap"],"picked":"Power Through","floor":22},{"not_picked":["Barricade+1","Pummel","Searing Blow"],"picked":"SKIP","floor":24},{"not_picked":["Twin Strike+1","Anger"],"picked":"Iron Wave","floor":25},{"not_picked":["Sword Boomerang+1","Perfected Strike"],"picked":"Flame Barrier","floor":29},{"not_picked":["Dark Embrace+1","Warcry","Reaper"],"picked":"SKIP","floor":30},{"not_picked":["Uppercut","Pummel"],"picked":"Shockwave","floor":31}],"player_experience":720545,"relics_obtained":[{"floor":7,"key":"TungstenRod"},{"floor":9,"key":"Magic Flower"},{"floor":12,"key":"Incense Burner"},{"floor":24,"key":"Frozen Egg 2"},{"floor":26,"key":"Smiling Mask"},{"floor":29,"key":"Peace Pipe"}],"event_choices":[{"damage_healed":0,"gold_gain":0,"player_choice":"Ignored","damage_taken":0,"max_hp_gain":0,"max_hp_loss":0,"event_name":"Liars Game","floor":4,"gold_loss":0},{"damage_healed":0,"gold_gain":0,"player_choice":"Got Potions","damage_taken":0,"max_hp_gain":0,"max_hp_loss":0,"event_name":"Lab","floor":19,"gold_loss":0}],"is_beta":false,"boss_relics":[{"not_picked":["Snecko Eye","Runic Dome"],"picked":"Cursed Key"}],"items_purged_floors":[28],"is_endless":false,"potions_floor_spawned":[2,3,13,16,24,25,30],"killed_by":"Champ","ascension_level":20}}