{"host":"f0gpob8hq9vgebej","time":1611303882,"event":{"mods":["AchievementEnabler","BaseMod","Minty Spire (QoL Compilation)","Quick Restart","SuperFastMode"],"gold_per_floor":[169,183,203,221,221,221,254,254,278,289,307,324,338,358,358,461,461,471,471,495,507,518,518,391,391,391,391,291,391,391,405,405,405,405],"floor_reached":33,"language":"KOR","playtime":825,"items_purged":["Strike_G","Strike_G"],"score":367,"play_id":"d3066a90-60f0-4198-bdab-6f0b6e457a4e","local_time":"20210122172442","is_ascension_mode":true,"campfire_choices":[{"floor":6.0,"key":"REST"},{"data":"Footwork","floor":15.0,"key":"SMITH"},{"data":"Venomology","floor":23.0,"key":"SMITH"},{"data":"Poisoned Stab","floor":30.0,"key":"SMITH"},{"floor":32.0,"key":"REST"}],"circlet_count":0,"master_deck":["Strike_G","Strike_G+1","Defend_G","Defend_G","Defend_G","Defend_G","Defend_G","Survivor","Neutralize","Poisoned Stab+1","Cloak And Dagger+1","Blade Dance","Footwork+1","Backflip","Venomology+1"],"relics":["Tiny House","Juzu Bracelet","Oddly Smooth Stone","Runic Pyramid","Vajra","Question Card"],"acts_visited":["Exordium","TheCity"],"potions_floor_usage":[33,33,33,33],"damage_taken":[{"damage":4.0,"enemies":"2 Louse","floor":1.0,"turns":2.0},{"damage":7.0,"enemies":"Small Slimes","floor":2.0,"turns":3.0},{"damage":1.0,"enemies":"Cultist","floor":3.0,"turns":4.0},{"damage":41.0,"enemies":"Exordium Wildlife","floor":4.0,"turns":8.0},{"damage":13.0,"enemies":"3 Sentries","floor":7.0,"turns":9.0},{"damage":0.0,"enemies":"Lots of Slimes","floor":10.0,"turns":3.0},{"damage":1.0,"enemies":"2 Fungi Beasts","floor":11.0,"turns":3.0},{"damage":0.0,"enemies":"Exordium Wildlife","floor":12.0,"turns":4.0},{"damage":0.0,"enemies":"Blue Slaver","floor":13.0,"turns":3.0},{"damage":6.0,"enemies":"2 Fungi Beasts","floor":14.0,"turns":3.0},{"damage":10.0,"enemies":"The Guardian","floor":16.0,"turns":15.0},{"damage":11.0,"enemies":"Chosen","floor":18.0,"turns":7.0},{"damage":25.0,"enemies":"2 Thieves","floor":21.0,"turns":5.0},{"damage":36.0,"enemies":"Shelled Parasite and Fungi","floor":22.0,"turns":8.0},{"damage":0.0,"enemies":"Snake Plant","floor":25.0,"turns":1.0},{"damage":31.0,"enemies":"Sentry and Sphere","floor":31.0,"turns":8.0},{"damage":25,"enemies":"Champ","floor":33,"turns":12}],"seed_played":"-7364174383131083215","potions_obtained":[{"floor":0.0,"key":"LiquidBronze"},{"floor":2.0,"key":"FairyPotion"},{"floor":3.0,"key":"Strength Potion"},{"floor":7.0,"key":"CunningPotion"},{"floor":10.0,"key":"LiquidMemories"},{"floor":22.0,"key":"SmokeBomb"},{"floor":31.0,"key":"Ancient Potion"}],"is_trial":false,"path_per_floor":["M","M","M","M","?","R","E","?","T","M","M","M","M","M","R","B",null,"M","?","T","M","M","R","$","M","T","?","$","?","R","M","R","B"],"character_chosen":"THE_SILENT","items_purchased":["SteroidPotion"],"campfire_rested":2,"item_purchase_floors":[24],"current_hp_per_floor":[64,57,56,15,15,37,24,24,24,24,23,23,23,17,17,7,58,47,47,47,22,9,9,9,9,9,34,34,34,34,3,25,0,0],"gold":405,"neow_bonus":"BOSS_RELIC","is_daily":false,"chose_seed":false,"campfire_upgraded":3,"win_rate":0.0,"timestamp":1611303882,"path_taken":["M","M","M","M","?","R","E","?","T","M","M","M","M","M","R","BOSS","M","?","?","M","M","R","$","M","T","?","$","?","R","M","R","BOSS"],"items_purchased_type":["Potion"],"build_version":"2020-12-22","purchased_purges":2,"victory":false,"max_hp_per_floor":[75,75,75,75,75,75,75,75,75,75,75,75,75,75,75,75,75,75,75,75,75,75,75,75,75,75,75,75,75,75,75,75,75,75],"card_choices":[{"not_picked":["Flying Knee","Cloak And Dagger"],"picked":"Poisoned Stab","floor":0.0},{"not_picked":["Slice","Riddle With Holes","Dagger Throw"],"picked":"SKIP","floor":1.0},{"not_picked":["Underhanded Strike","Flechettes"],"picked":"Cloak And Dagger","floor":2.0},{"not_picked":["Poisoned Stab","Outmaneuver","Quick Slash"],"picked":"SKIP","floor":3.0},{"not_picked":["Deadly Poison","Eviscerate"],"picked":"Blade Dance","floor":4.0},{"not_picked":["Quick Slash","Leg Sweep","Concentrate"],"picked":"SKIP","floor":7.0},{"not_picked":["Outmaneuver","Underhanded Strike","Flying Knee"],"picked":"SKIP","floor":10.0},{"not_picked":["Distraction","Outmaneuver"],"picked":"Footwork","floor":11.0},{"not_picked":["Dagger Throw","Night Terror","Underhanded Strike"],"picked":"SKIP","floor":12.0},{"not_picked":["Catalyst","Poisoned Stab"],"picked":"Backflip","floor":13.0},{"not_picked":["Bane","Well Laid Plans","Quick Slash"],"picked":"SKIP","floor":14.0},{"not_picked":["Quick Slash","Crippling Poison","Predator+1"],"picked":"SKIP","floor":18.0},{"not_picked":["Riddle With Holes","Backflip","Bane"],"picked":"SKIP","floor":21.0},{"not_picked":["Flying Knee+1","Dagger Throw"],"picked":"Venomology","floor":22.0},{"not_picked":["Underhanded Strike","Endless Agony","Prepared","PiercingWail"],"picked":"SKIP","floor":31.0}],"player_experience":208081,"relics_obtained":[{"floor":7.0,"key":"Juzu Bracelet"},{"floor":9.0,"key":"Oddly Smooth Stone"},{"floor":20.0,"key":"Vajra"},{"floor":26.0,"key":"Question Card"}],"event_choices":[{"cards_removed":["Strike_G"],"damage_healed":0.0,"max_hp_gain":0.0,"max_hp_loss":0.0,"gold_gain":0.0,"event_name":"Living Wall","player_choice":"Forget","floor":5.0,"gold_loss":0.0,"damage_taken":0.0},{"damage_healed":0.0,"max_hp_gain":0.0,"max_hp_loss":0.0,"gold_gain":0.0,"event_name":"Upgrade Shrine","player_choice":"Upgraded","floor":8.0,"gold_loss":0.0,"damage_taken":0.0,"cards_upgraded":["Cloak And Dagger"]},{"damage_healed":0.0,"max_hp_gain":0.0,"max_hp_loss":0.0,"gold_gain":0.0,"event_name":"Ghosts","player_choice":"Ignored","floor":19.0,"gold_loss":0.0,"damage_taken":0.0},{"damage_healed":25.0,"max_hp_gain":0.0,"max_hp_loss":0.0,"gold_gain":0.0,"event_name":"The Library","player_choice":"Heal","floor":27.0,"gold_loss":0.0,"damage_taken":0.0},{"damage_healed":0.0,"max_hp_gain":0.0,"max_hp_loss":0.0,"gold_gain":100.0,"event_name":"Golden Shrine","player_choice":"Pray","floor":29.0,"gold_loss":0.0,"damage_taken":0.0}],"is_beta":false,"boss_relics":[{"not_picked":["Philosopher\u0027s Stone","Coffee Dripper"],"picked":"Runic Pyramid"}],"items_purged_floors":[24,28],"is_endless":false,"potions_floor_spawned":[2,3,7,10,12,14,22,31],"killed_by":"Champ","ascension_level":9}}