{"host":"mp58o87p0odjvmog","time":1611351353,"event":{"mods":["BaseMod","BetterRewards","Colored Map","Hubris","Infinite Spire","Marisa????????","Minty Spire (QoL Compilation)","Replay The Spire","StSLib","The Servant 0.9.4"],"gold_per_floor":[116,116,126,201,221,254,254,289,289,302,321,321,62,62,62,157,157,170,187,187,204,224,224,259,259,284,299,309,309,309,4,4,106,106,122,133,133,152,168,168,187,187,213,267,281,301,301,329,329,425,425,437,69,69,69,92,121,129,152,206,156,156,156,165,186,186,268,268,308,208,208,234,275,275,374,374,374,409,424,458,489,489,489,604,604,638,357,374,376,393,393,393,393,416,429,460,460,484,520,520,611,611,628,174,174,174,228,300,300,334,407,105,105,196,296,338,76,76,78,130,130,156,156,156,184,207,263,299,299,397,447,458,487,541,553,553,582,609,609,609,971,979,985,985,1049,1049,1049,363,393,485],"floor_reached":160,"language":"ENG","playtime":5179,"items_purged":["Defend_R","Sword Boomerang","Strike_R","Sword Boomerang+1","Strike_R","Strike_R","Strike_R+1","Armaments+1","ReplayTheSpireMod:LeadingStrike+1"],"score":4362,"play_id":"2caba951-52ab-423c-9134-23880c07d2f8","local_time":"20210122153553","is_ascension_mode":false,"campfire_choices":[{"data":"Pommel Strike","floor":7,"key":"SMITH"},{"data":"ReplayTheSpireMod:LeadingStrike","floor":12,"key":"SMITH"},{"data":"Berserk","floor":15,"key":"SMITH"},{"data":"Whirlwind","floor":23,"key":"SMITH"},{"data":"hubris:InfiniteBlow","floor":29,"key":"SMITH"},{"data":"Exhume","floor":32,"key":"SMITH"},{"data":"Barricade","floor":40,"key":"SMITH"},{"data":"hubris:Fate","floor":42,"key":"SMITH"},{"data":"hubris:InfiniteBlow+1","floor":47,"key":"SMITH"},{"data":"infinitespire:NeuralNetwork","floor":49,"key":"SMITH"},{"data":"Demon Form","floor":66,"key":"SMITH"},{"data":"Body Slam","floor":74,"key":"SMITH"},{"data":"Shrug It Off","floor":76,"key":"SMITH"},{"data":"infinitespire:SevenWalls","floor":83,"key":"SMITH"},{"data":"Madness","floor":91,"key":"SMITH"},{"data":"infinitespire:UltimateForm","floor":97,"key":"SMITH"},{"data":"infinitespire:Fortify","floor":100,"key":"SMITH"},{"data":"Juggernaut","floor":108,"key":"SMITH"},{"data":"hubris:InfiniteBlow+2","floor":112,"key":"SMITH"},{"data":"Battle Trance","floor":117,"key":"SMITH"},{"data":"Juggernaut","floor":125,"key":"SMITH"},{"data":"Body Slam","floor":127,"key":"SMITH"},{"data":"Shrug It Off","floor":134,"key":"SMITH"},{"data":"Whirlwind","floor":153,"key":"SMITH"},{"data":"Exhume","floor":156,"key":"SMITH"}],"circlet_count":0,"master_deck":["Defend_R+1","Defend_R","Defend_R","Bludgeon+1","Hemokinesis+1","Pommel Strike+1","Berserk+1","ReplayTheSpireMod:LeadingStrike+1","Exhume+1","Whirlwind+1","hubris:InfiniteBlow+4","True Grit+1","Whirlwind+1","hubris:Fate+1","Barricade+1","Rage+1","Entrench+1","infinitespire:NeuralNetwork+1","Shrug It Off+1","infinitespire:Fortify+1","Shockwave","Impervious+1","Entrench+1","Body Slam+1","Battle Trance+1","infinitespire:SevenWalls+1","Juggernaut+1","Madness+1","infinitespire:Oblivion","infinitespire:UltimateForm+1","Metallicize+1","Shrug It Off+1","Dramatic Entrance+1","Juggernaut+1","Body Slam+1","hubris:DuctTapeCard","Impervious+1","Bloodletting+1","Parasite","Exhume+1","Body Slam","Bloodletting","Juggernaut"],"relics":["Burning Blood","Chemical X","Ring of Searing","ReplayTheSpireMod:Shallot","hubris:SphereOfDissonance","hubris:CuriousFeather","hubris:CrystalStatue","Painkiller Herb","Meat on the Bone","ReplayFunnel","Durian","Juzu Bracelet","Unceasing Top","hubris:ScarierMask","Anchor","CatCart","Sundial","hubris:Backtick","infinitespire:WardingShard","Odd Mushroom","Whetstone","Replay:Bandana","TungstenRod","BranchBurnRelic","Replay:Bronze Core","infinitespire:Midas Blood","Ornamental Fan","Red Mask","Empty Cage","hubris:EmptyBottle","White Beast Statue","King of Hearts","hubris:Teleporter","Bronze Scales","Blue Doll","Mirror","Quantum Egg","PreservedInsect","hubris:IronBody","Replay:Wanted Poster","hubris:MysteriousPyramids","hubris:BottledHeart","Toy Ornithopter","hubris:DuctTape","Tiny House","Onion Ring","ReplayTheSpireMod:Lightbulb","Strawberry","ReplayTheSpireMod:Lightbulb","Old Coin","Charon\u0027s Ashes","Guide Book","MawBank"],"acts_visited":["Exordium","TheCity","TheBeyond","Exordium","TheCity","TheBeyond","Exordium","TheCity","TheBeyond","TheEnding"],"potions_floor_usage":[10,16,18,33,35,50,50,50,59,84,84,96,96,101,101,101,101,101,101,118,118,118,126,129,130,135,135,135,135,143,143,150,154,154,154,154,154,159,159,159,159],"damage_taken":[{"damage":14,"enemies":"2 Louse","floor":1,"turns":3},{"damage":16,"enemies":"Jaw Worm","floor":3,"turns":2},{"damage":0,"enemies":"Cultist","floor":5,"turns":2},{"damage":20,"enemies":"Lagavulin","floor":6,"turns":3},{"damage":7,"enemies":"Gremlin Nob","floor":8,"turns":3},{"damage":0,"enemies":"2 Fungi Beasts","floor":10,"turns":2},{"damage":9,"enemies":"Exordium Thugs","floor":11,"turns":2},{"damage":15,"enemies":"Hexaghost","floor":16,"turns":5},{"damage":22,"enemies":"3 Byrds","floor":18,"turns":5},{"damage":6,"enemies":"2 Thieves","floor":19,"turns":2},{"damage":6,"enemies":"Sentry and Sphere","floor":21,"turns":3},{"damage":11,"enemies":"Cultist and Chosen","floor":22,"turns":3},{"damage":0,"enemies":"Gremlin Leader","floor":24,"turns":2},{"damage":0,"enemies":"Snake Plant","floor":27,"turns":1},{"damage":4,"enemies":"Snecko","floor":28,"turns":2},{"damage":24,"enemies":"Automaton","floor":33,"turns":5},{"damage":25,"enemies":"3 Darklings","floor":35,"turns":3},{"damage":18,"enemies":"3 Shapes","floor":36,"turns":1},{"damage":2,"enemies":"3 Darklings","floor":38,"turns":3},{"damage":37,"enemies":"4 Shapes","floor":39,"turns":2},{"damage":0,"enemies":"Maw","floor":41,"turns":4},{"damage":0,"enemies":"Orin","floor":44,"turns":2},{"damage":7,"enemies":"Jaw Worm Horde","floor":45,"turns":4},{"damage":5,"enemies":"Transient","floor":46,"turns":5},{"damage":9,"enemies":"Nightmare","floor":48,"turns":6},{"damage":34,"enemies":"Awakened One","floor":50,"turns":7},{"damage":7,"enemies":"Cultist","floor":52,"turns":2},{"damage":0,"enemies":"The Mushroom Lair","floor":56,"turns":1},{"damage":5,"enemies":"3 Sentries","floor":57,"turns":2},{"damage":0,"enemies":"Jaw Worm","floor":58,"turns":1},{"damage":15,"enemies":"Lagavulin","floor":59,"turns":3},{"damage":0,"enemies":"2 Louse","floor":64,"turns":1},{"damage":0,"enemies":"Looter","floor":65,"turns":1},{"damage":11,"enemies":"The Guardian","floor":67,"turns":4},{"damage":3,"enemies":"3 Byrds","floor":69,"turns":2},{"damage":4,"enemies":"2 Thieves","floor":72,"turns":2},{"damage":4,"enemies":"Sentry and Sphere","floor":73,"turns":2},{"damage":7,"enemies":"Chosen and Byrds","floor":78,"turns":3},{"damage":16,"enemies":"Nightmare","floor":79,"turns":7},{"damage":4,"enemies":"3 Cultists","floor":80,"turns":2},{"damage":7,"enemies":"Centurion and Healer","floor":81,"turns":3},{"damage":7,"enemies":"Automaton","floor":84,"turns":8},{"damage":3,"enemies":"Orb Walker","floor":86,"turns":2},{"damage":4,"enemies":"3 Shapes","floor":88,"turns":2},{"damage":4,"enemies":"Jaw Worm Horde","floor":90,"turns":3},{"damage":0,"enemies":"Spire Growth","floor":95,"turns":1},{"damage":6,"enemies":"Reptomancer","floor":96,"turns":4},{"damage":0,"enemies":"Giant Head","floor":98,"turns":1},{"damage":4,"enemies":"Sphere and 2 Shapes","floor":99,"turns":2},{"damage":30,"enemies":"infinitespire:MassOfShapes","floor":101,"turns":6},{"damage":7,"enemies":"Cultist","floor":103,"turns":3},{"damage":7,"enemies":"Gremlin Nob","floor":109,"turns":3},{"damage":8,"enemies":"Jaw Worm","floor":113,"turns":3},{"damage":4,"enemies":"3 Sentries","floor":115,"turns":2},{"damage":13,"enemies":"Slime Boss","floor":118,"turns":4},{"damage":4,"enemies":"Chosen","floor":120,"turns":2},{"damage":0,"enemies":"3 Byrds","floor":124,"turns":2},{"damage":0,"enemies":"Slavers","floor":126,"turns":4},{"damage":0,"enemies":"Shelled Parasite and Fungi","floor":129,"turns":3},{"damage":0,"enemies":"Snake Plant","floor":130,"turns":3},{"damage":0,"enemies":"Chosen and Byrds","floor":131,"turns":3},{"damage":0,"enemies":"Shelled Parasite and Fungi","floor":133,"turns":2},{"damage":0,"enemies":"Champ","floor":135,"turns":3},{"damage":0,"enemies":"3 Shapes","floor":137,"turns":2},{"damage":0,"enemies":"Orb Walker","floor":138,"turns":2},{"damage":0,"enemies":"Writhing Mass","floor":140,"turns":2},{"damage":0,"enemies":"R_Hoarder","floor":143,"turns":1},{"damage":0,"enemies":"Reptomancer","floor":149,"turns":3},{"damage":0,"enemies":"Spire Growth","floor":150,"turns":2},{"damage":0,"enemies":"4 Shapes","floor":151,"turns":3},{"damage":0,"enemies":"infinitespire:LordOfFortification","floor":154,"turns":7},{"damage":0,"enemies":"Shield and Spear","floor":158,"turns":1},{"damage":0,"enemies":"The Heart","floor":159,"turns":7}],"seed_played":"-1712410744805248409","potions_obtained":[{"floor":3,"key":"Energy Potion"},{"floor":5,"key":"Block Potion"},{"floor":8,"key":"SpeedPotion"},{"floor":10,"key":"Strength Potion"},{"floor":16,"key":"PowerPotion"},{"floor":21,"key":"CultistPotion"},{"floor":33,"key":"ColorlessPotion"},{"floor":35,"key":"Regen Potion"},{"floor":56,"key":"Swift Potion"},{"floor":58,"key":"FearPotion"},{"floor":59,"key":"Languid Potion"},{"floor":67,"key":"Energy Potion"},{"floor":86,"key":"Fire Potion"},{"floor":90,"key":"Energy Potion"},{"floor":96,"key":"Swift Potion"},{"floor":101,"key":"CultistPotion"},{"floor":107,"key":"Block Potion"},{"floor":113,"key":"PowerPotion"},{"floor":118,"key":"Milkshake"},{"floor":124,"key":"CultistPotion"},{"floor":129,"key":"ColorlessPotion"},{"floor":131,"key":"ColorlessPotion"},{"floor":135,"key":"BloodPotion"},{"floor":137,"key":"PowerPotion"},{"floor":138,"key":"ColorlessPotion"},{"floor":140,"key":"Energy Potion"},{"floor":143,"key":"Fruit Juice"},{"floor":149,"key":"BloodPotion"},{"floor":151,"key":"DuplicationPotion"},{"floor":154,"key":"Explosive Potion"},{"floor":158,"key":"SneckoOil"}],"is_trial":false,"path_per_floor":["M","?","M","?","M","E","R","E","T","M","M","R","$","?","R","B",null,"?","?","AVR","?","?","T","E","?","T","?","?","T","?","T","T","B",null,"?","?","?","?","?","T","?","T","T","?","?","?","T","NM","T","B",null,"?","T","?","?","?","E","?","E","T","?","AVR","?","?","?","T","B",null,"?","T","?","?","?","T","?","T","T","?","NM","?","?","?","T","B",null,"?","T","?","?","?","T","?","AVR","T","?","E","T","E","?","T","B",null,"?","T","?","T","E","T","T","?","E","T","T","B",null,"?","T","?","?","?","T","E","T","T","?","?","?","?","T","B",null,"?","?","?","?","AVR","E","T","PTL","PTL","E","?","?","T","B",null,"T","T","E","B",null],"character_chosen":"IRONCLAD","items_purchased":["Chemical X","Bludgeon+1","hubris:CrystalStatue","Unceasing Top","Gambling Chip","hubris:EmptyBottle","Blue Doll","infinitespire:BlackPotion","hubris:IronBody","Dramatic Entrance+1","hubris:MysteriousPyramids","Charon\u0027s Ashes","Body Slam","Guide Book"],"campfire_rested":0,"item_purchase_floors":[0,0,13,31,53,87,105,105,116,116,121,157,157,157],"current_hp_per_floor":[72,72,62,51,57,43,43,42,42,48,45,45,45,45,45,36,80,64,64,64,64,59,59,65,70,70,76,78,78,59,59,59,53,85,66,54,57,61,42,42,60,60,60,69,68,69,69,66,66,52,85,84,84,68,71,80,81,85,76,76,79,79,82,85,85,85,85,85,85,85,70,72,74,74,77,77,77,85,75,77,76,79,79,90,90,90,90,90,80,82,82,85,85,85,90,90,90,90,90,90,76,90,89,89,90,90,90,90,90,90,90,90,90,90,90,90,90,90,1,1,1,1,1,1,1,1,1,1,1,1,1,1,1,1,1,1,1,1,1,1,1,1,1,1,1,1,1,1,1,1],"gold":497,"neow_bonus":"","is_daily":false,"chose_seed":false,"campfire_upgraded":25,"win_rate":0.0,"timestamp":1611351353,"path_taken":["M","?","M","?","M","E","R","E","T","M","M","R","$","?","R","BOSS","?","?","AVR","?","?","T","E","?","T","?","?","T","?","T","T","BOSS","?","?","?","?","?","T","?","T","T","?","?","?","T","NM","T","BOSS","?","T","?","?","?","E","?","E","T","?","AVR","?","?","?","T","BOSS","?","T","?","?","?","T","?","T","T","?","NM","?","?","?","T","BOSS","?","T","?","?","?","T","?","AVR","T","?","E","T","E","?","T","BOSS","?","T","?","T","E","T","T","?","E","T","T","BOSS","?","T","?","?","?","T","E","T","T","?","?","?","?","T","BOSS","?","?","?","?","AVR","E","T","PTL","PTL","E","?","?","T","BOSS","T","T","E","BOSS"],"items_purchased_type":["Relic","Card","Relic","Relic","Relic","Relic","Relic","Potion","Relic","Card","Relic","Relic","Card","Relic"],"build_version":"2020-12-22","purchased_purges":9,"victory":true,"max_hp_per_floor":[80,80,80,80,80,80,80,80,80,80,80,80,80,80,80,80,80,80,80,80,80,80,80,80,85,85,85,85,85,85,85,85,85,85,85,85,85,85,85,85,85,85,85,85,85,85,85,85,85,85,85,85,85,85,85,85,85,85,85,85,85,85,85,85,85,85,85,85,85,85,90,90,90,90,90,90,90,90,90,90,90,90,90,90,90,90,90,90,90,90,90,90,90,90,90,90,90,90,90,90,90,90,90,90,90,90,90,90,90,90,90,90,90,90,90,90,90,90,1,1,1,1,1,1,1,1,1,1,1,1,1,1,1,1,1,1,1,1,1,1,1,1,1,1,1,1,1,1,1,1],"card_choices":[{"not_picked":["Feel No Pain","Iron Wave","Blood for Blood"],"picked":"SKIP","floor":1},{"not_picked":["Sentinel","Twin Strike"],"picked":"Hemokinesis","floor":3},{"not_picked":["Fire Breathing","Heavy Blade"],"picked":"Sword Boomerang","floor":5},{"not_picked":["Clash","Headbutt"],"picked":"Pommel Strike","floor":6},{"not_picked":["Combust","hubris:ReadiedAction"],"picked":"Berserk","floor":8},{"not_picked":["Twin Strike","hubris:CleavingFinish"],"picked":"ReplayTheSpireMod:LeadingStrike","floor":10},{"not_picked":["Rupture","Perfected Strike","Body Slam"],"picked":"SKIP","floor":11},{"not_picked":["Limit Break","Eclipse"],"picked":"Exhume","floor":16},{"not_picked":["Warcry","Pummel"],"picked":"Whirlwind","floor":18},{"not_picked":["Reckless Charge","Thunderclap"],"picked":"Sword Boomerang","floor":19},{"not_picked":["Second Wind","Abandon","ReplayReversal"],"picked":"SKIP","floor":21},{"not_picked":["ReplayTheSpireMod:Stacked+1","Anger"],"picked":"True Grit+1","floor":22},{"not_picked":["Heavy Blade","Uppercut"],"picked":"Whirlwind","floor":24},{"not_picked":["Anger","Fiend Fire"],"picked":"Sword Boomerang+1","floor":27},{"not_picked":["Headbutt","Shockwave+1","Body Slam+1"],"picked":"SKIP","floor":28},{"not_picked":["ReplayTheSpireMod:Chaos Vortex","infinitespire:TheBestDefense"],"picked":"hubris:Fate","floor":30},{"not_picked":["Feed","Impervious"],"picked":"Barricade","floor":33},{"not_picked":["Sword Boomerang","Warcry+1","Twin Strike+1"],"picked":"SKIP","floor":35},{"not_picked":["True Grit+1","infinitespire:OneForAll"],"picked":"Rage+1","floor":36},{"not_picked":["hubris:ReadiedAction","Shrug It Off","Wild Strike+1"],"picked":"SKIP","floor":38},{"not_picked":["ReplayTheSpireMod:Strike From Hell+1","Hemokinesis+1","Armaments"],"picked":"SKIP","floor":39},{"not_picked":["Wild Strike+1","Perfected Strike+1"],"picked":"Entrench+1","floor":41},{"not_picked":["Blood for Blood","Fire Breathing+1"],"picked":"Spot Weakness+1","floor":45},{"not_picked":["Pummel+1","Heavy Blade+1"],"picked":"Armaments+1","floor":46},{"not_picked":["infinitespire:Collect","infinitespire:TheBestDefense"],"picked":"infinitespire:NeuralNetwork","floor":48},{"not_picked":["hubris:CleavingFinish+1","Clothesline+1"],"picked":"ReplayTheSpireMod:LeadingStrike","floor":48},{"not_picked":["Bludgeon","Corruption"],"picked":"Demon Form","floor":50},{"not_picked":["Anger","Clash","ReplayTheSpireMod:Limb From Limb"],"picked":"SKIP","floor":52},{"not_picked":["Spot Weakness","Uppercut","Armaments"],"picked":"SKIP","floor":57},{"not_picked":["Rupture","Pommel Strike","Sword Boomerang"],"picked":"SKIP","floor":58},{"not_picked":["ReplayTheSpireMod:Strike From Hell","Heavy Blade"],"picked":"Shrug It Off","floor":59},{"not_picked":["Warcry","Power Through","Heavy Blade"],"picked":"SKIP","floor":64},{"not_picked":["Fire Breathing","Perfected Strike","Warcry"],"picked":"SKIP","floor":65},{"not_picked":["Hemogenesis","Barricade"],"picked":"Impervious","floor":67},{"not_picked":["Sword Boomerang","Second Wind+1","Pommel Strike"],"picked":"SKIP","floor":69},{"not_picked":["Twin Strike","Anger+1"],"picked":"Entrench+1","floor":72},{"not_picked":["Searing Blow","Havoc+1"],"picked":"Body Slam","floor":73},{"not_picked":["Pommel Strike","Feel No Pain+1","Bloodletting"],"picked":"SKIP","floor":78},{"not_picked":["Abandon","Carnage+1"],"picked":"hubris:StunningStrike","floor":79},{"not_picked":["Heavy Blade+1","Flex"],"picked":"Battle Trance","floor":80},{"not_picked":["Pommel Strike","Sever Soul","Massacre+1"],"picked":"SKIP","floor":81},{"not_picked":["infinitespire:SealOfDarkness+","hubris:Fate"],"picked":"infinitespire:SevenWalls","floor":82},{"not_picked":["Reaper","Replay:Many Hands"],"picked":"Juggernaut","floor":84},{"not_picked":["Warcry+1","Defy Death","Run Through"],"picked":"SKIP","floor":86},{"not_picked":["ReplayTheSpireMod:Limb From Limb","Warcry","Infernal Blade"],"picked":"SKIP","floor":88},{"not_picked":["infinitespire:Gouge","infinitespire:DeathsTouch"],"picked":"infinitespire:Oblivion","floor":90},{"not_picked":["Havoc+1","hubris:StunningStrike","Twin Strike+1"],"picked":"SKIP","floor":90},{"not_picked":["ReplayTheSpireMod:Strike From Hell","Carnage","Replay:Undeath\u0027s Touch+1"],"picked":"SKIP","floor":95},{"not_picked":["Hemokinesis","hubris:CleavingFinish+1"],"picked":"Metallicize+1","floor":96},{"not_picked":["Armaments+1","Havoc","Sword Boomerang"],"picked":"SKIP","floor":98},{"not_picked":["Barricade","Anger","Infernal Blade"],"picked":"SKIP","floor":99},{"not_picked":["Sword Boomerang","Run Through","Havoc"],"picked":"SKIP","floor":103},{"not_picked":["hubris:CleavingFinish","hubris:SharpeningStone","Dark Embrace"],"picked":"SKIP","floor":109},{"not_picked":["Flex","Juggernaut","Cleave"],"picked":"SKIP","floor":113},{"not_picked":["Rupture","Thunderclap"],"picked":"Shrug It Off","floor":115},{"not_picked":["Hemogenesis","Berserk"],"picked":"Juggernaut","floor":118},{"not_picked":["Searing Blow+1","Combust","Blood for Blood+1"],"picked":"SKIP","floor":120},{"not_picked":["Clash","Intimidate","Abandon"],"picked":"SKIP","floor":124},{"not_picked":["Clash","Second Wind"],"picked":"Body Slam","floor":126},{"not_picked":["Replay:Undeath\u0027s Touch","Heavy Blade","Pummel+1"],"picked":"SKIP","floor":129},{"not_picked":["Life Link","Pommel Strike+1","True Grit"],"picked":"SKIP","floor":130},{"not_picked":["True Grit+1","Wild Strike","Inflame"],"picked":"SKIP","floor":131},{"not_picked":["Perfected Strike","Iron Wave+1","Flame Barrier"],"picked":"SKIP","floor":133},{"not_picked":["Reaper","hubris:StunningStrike"],"picked":"Impervious","floor":135},{"not_picked":["hubris:ReadiedAction","Wild Strike+1","Iron Wave+1"],"picked":"SKIP","floor":137},{"not_picked":["Whirlwind","Clash+1","Hemokinesis+1"],"picked":"SKIP","floor":138},{"not_picked":["Dropkick+1","Defy Death+1"],"picked":"Bloodletting+1","floor":139},{"not_picked":["ReplayTheSpireMod:LeadingStrike+1","Fire Breathing+1","Replay:Undeath\u0027s Touch+1"],"picked":"SKIP","floor":140},{"not_picked":["Twin Strike","Thunderclap","Immolate"],"picked":"SKIP","floor":143},{"not_picked":["Wild Strike+1","Dropkick","Twin Strike+1"],"picked":"SKIP","floor":149},{"not_picked":["Combust+1","True Grit","Searing Blow"],"picked":"SKIP","floor":150},{"not_picked":["Hemogenesis","Replay:Undeath\u0027s Touch","Rupture+1"],"picked":"SKIP","floor":151},{"not_picked":["Demonic Infusion","Hemogenesis"],"picked":"Exhume","floor":154},{"not_picked":["Blood for Blood","Iron Wave"],"picked":"Bloodletting","floor":158},{"not_picked":["Immolate","Reaper"],"picked":"Juggernaut","floor":159}],"player_experience":102647,"relics_obtained":[{"floor":2,"key":"Ring of Searing"},{"floor":6,"key":"ReplayTheSpireMod:Shallot"},{"floor":8,"key":"hubris:SphereOfDissonance"},{"floor":9,"key":"hubris:CuriousFeather"},{"floor":24,"key":"ReplayFunnel"},{"floor":26,"key":"Juzu Bracelet"},{"floor":43,"key":"Anchor"},{"floor":44,"key":"CatCart"},{"floor":48,"key":"Sundial"},{"floor":56,"key":"Odd Mushroom"},{"floor":57,"key":"Dead Branch"},{"floor":59,"key":"Whetstone"},{"floor":60,"key":"Replay:Bandana"},{"floor":77,"key":"infinitespire:Midas Blood"},{"floor":79,"key":"Ornamental Fan"},{"floor":82,"key":"Red Mask"},{"floor":94,"key":"King of Hearts"},{"floor":96,"key":"hubris:Teleporter"},{"floor":98,"key":"Bronze Scales"},{"floor":109,"key":"Mirror"},{"floor":111,"key":"Quantum Egg"},{"floor":115,"key":"PreservedInsect"},{"floor":126,"key":"Toy Ornithopter"},{"floor":128,"key":"hubris:DuctTape"},{"floor":139,"key":"Onion Ring"},{"floor":143,"key":"Strawberry"},{"floor":145,"key":"ReplayTheSpireMod:Lightbulb"},{"floor":149,"key":"Old Coin"},{"floor":158,"key":"MawBank"}],"event_choices":[{"damage_healed":0,"gold_gain":75,"player_choice":"Gather Gold","damage_taken":11,"max_hp_gain":0,"max_hp_loss":0,"event_name":"World of Goop","floor":4,"gold_loss":0},{"cards_removed":["Hallucinations"],"damage_healed":0,"gold_gain":0,"player_choice":"Purged","damage_taken":0,"max_hp_gain":0,"max_hp_loss":0,"event_name":"Purifier","floor":14,"gold_loss":0},{"damage_healed":0,"gold_gain":0,"player_choice":"Memory 1","damage_taken":0,"max_hp_gain":0,"max_hp_loss":0,"event_name":"SensoryStone","floor":37,"gold_loss":0},{"damage_healed":0,"gold_gain":0,"player_choice":"Fight","damage_taken":0,"max_hp_gain":0,"max_hp_loss":0,"event_name":"OrinTheCat","floor":44,"gold_loss":0},{"damage_healed":0,"gold_gain":0,"player_choice":"Entered Light","damage_taken":17,"max_hp_gain":0,"max_hp_loss":0,"event_name":"Shining Light","floor":54,"gold_loss":0,"cards_upgraded":["Strike_R","Defend_R"]},{"cards_removed":["Sword Boomerang"],"damage_healed":0,"gold_gain":0,"player_choice":"Forget","damage_taken":0,"max_hp_gain":0,"max_hp_loss":0,"event_name":"Living Wall","floor":55,"gold_loss":0},{"damage_healed":0,"gold_gain":0,"player_choice":"Fought Mushrooms","damage_taken":0,"max_hp_gain":0,"max_hp_loss":0,"event_name":"Mushrooms","floor":56,"gold_loss":0},{"cards_removed":["Strike_R"],"damage_healed":0,"gold_gain":0,"player_choice":"Card Removal","damage_taken":0,"max_hp_gain":0,"max_hp_loss":0,"event_name":"The Cleric","floor":61,"gold_loss":50},{"damage_healed":0,"gold_gain":0,"player_choice":"Shed Blood","damage_taken":21,"max_hp_gain":5,"max_hp_loss":0,"event_name":"Forgotten Altar","floor":71,"gold_loss":0},{"damage_healed":0,"gold_gain":99,"player_choice":"Stole From Cult","damage_taken":0,"max_hp_gain":0,"max_hp_loss":0,"event_name":"Nest","floor":75,"gold_loss":0},{"damage_healed":0,"gold_gain":0,"player_choice":"Embrace Madness","damage_taken":11,"max_hp_gain":0,"max_hp_loss":0,"event_name":"Winding Halls","floor":89,"gold_loss":0,"cards_obtained":["Madness","Madness"]},{"damage_healed":0,"gold_gain":0,"player_choice":"Forge","damage_taken":0,"max_hp_gain":0,"max_hp_loss":0,"event_name":"Accursed Blacksmith","floor":92,"gold_loss":0,"cards_upgraded":["Madness"]},{"damage_healed":0,"gold_gain":0,"player_choice":"Got Potions","damage_taken":0,"max_hp_gain":0,"max_hp_loss":0,"event_name":"Lab","floor":107,"gold_loss":0},{"cards_removed":["Bash"],"damage_healed":0,"gold_gain":0,"player_choice":"Elegance","damage_taken":0,"max_hp_gain":0,"max_hp_loss":0,"event_name":"Back to Basics","floor":122,"gold_loss":0}],"is_beta":false,"boss_relics":[{"not_picked":["Runic Dome","hubris:RunicObelisk"],"picked":"Painkiller Herb"},{"not_picked":["Ring of Chaos","hubris:VirtuousBlindfold"],"picked":"hubris:ScarierMask"},{"not_picked":["Black Blood","Busted Crown"],"picked":"hubris:Backtick"},{"not_picked":["Busted Crown","Runic Pyramid"],"picked":"Replay:Bronze Core"},{"not_picked":["Abe\u0027s Treasure","hubris:BlackHole"],"picked":"Empty Cage"},{"not_picked":["Snecko Heart","ReplayTheSpireMod:DimensionalGlitch","Replay:Drink Me"]},{"not_picked":["Runic Dome","Pandora\u0027s Box"],"picked":"Replay:Wanted Poster"},{"not_picked":["hubris:HollowSoul","ReplayTheSpireMod:DimensionalGlitch"],"picked":"Tiny House"},{"not_picked":["Velvet Choker","Kintsugi","Sozu"]}],"items_purged_floors":[20,53,62,70,87,93,105,141,157],"is_endless":true,"potions_floor_spawned":[3,5,8,10,16,21,22,28,33,35,38,44,45,46,56,58,59,67,78,80,86,90,95,96,98,99,101,103,109,113,115,118,120,124,126,129,130,131,133,135,137,138,140,143,149,150,151,154,158,159],"ascension_level":0}}