{"host":"jl3raagrljzztomj","time":1611349584,"event":{"mods":["Aspiration","BaseMod","Better Third Choice","BetterRewards","Colored Map","Colored Powertips","Custom Start","Hermit","Highlight Path","Marked Mod","Minty Spire (QoL Compilation)","Permanent Neow","Relic Stats","StSLib","SuperFastMode","The Disciple","The Runesmith"],"gold_per_floor":[117,292,152,152,152,193,193,229,229,229,245,258,258,276,276,397,460,481,451,232,257,276,276,276,299,348,348,366,400,436,455,455,455,455],"floor_reached":33,"language":"ENG","playtime":1211,"items_purged":["Defend_R"],"score":277,"play_id":"bf26a7c2-b6ec-4655-ae5d-324948b9a3f9","local_time":"20210122150624","is_ascension_mode":false,"campfire_choices":[{"data":"Demon Form","floor":7,"key":"SMITH"},{"floor":10,"key":"REST"},{"data":"Limit Break","floor":13,"key":"SMITH"},{"data":"Pummel","floor":15,"key":"SMITH"},{"data":"Armaments","floor":23,"key":"SMITH"},{"floor":27,"key":"REST"}],"circlet_count":0,"master_deck":["Strike_R","Strike_R","Strike_R","Strike_R","Defend_R+1","Defend_R","Defend_R","Bash","Demon Form+1","Armaments+1","Pummel+1","Limit Break+1","Heavy Blade","Shrug It Off+1","Pummel","Twin Strike+1","Sword Boomerang"],"relics":["Burning Blood","Omamori","Golden Idol","Du-Vu Doll","Dream Catcher","aspiration:FrozenJewel","Tiny House","Brimstone","Art of War","Anchor","Red Mask"],"acts_visited":["Exordium","TheCity"],"potions_floor_usage":[14,14,21,33,33,33],"damage_taken":[{"damage":10,"enemies":"Cultist","floor":1,"turns":5},{"damage":28,"enemies":"Gremlin Nob","floor":6,"turns":4},{"damage":32,"enemies":"3 Sentries","floor":8,"turns":7},{"damage":8,"enemies":"Small Slimes","floor":11,"turns":4},{"damage":0,"enemies":"2 Louse","floor":12,"turns":3},{"damage":12,"enemies":"Exordium Thugs","floor":14,"turns":5},{"damage":19,"enemies":"Hexaghost","floor":16,"turns":7},{"damage":8,"enemies":"Chosen","floor":18,"turns":4},{"damage":22,"enemies":"2 Thieves","floor":19,"turns":5},{"damage":29,"enemies":"Chosen and Byrds","floor":21,"turns":5},{"damage":25,"enemies":"Cultist and Chosen","floor":22,"turns":5},{"damage":3,"enemies":"Snecko","floor":25,"turns":3},{"damage":0,"enemies":"Centurion and Healer","floor":28,"turns":3},{"damage":43,"enemies":"Slavers","floor":29,"turns":3},{"damage":9,"enemies":"Masked Bandits","floor":30,"turns":3},{"damage":6,"enemies":"Snake Plant","floor":31,"turns":2},{"damage":80,"enemies":"Automaton","floor":33,"turns":6}],"seed_played":"8887570672118145281","potions_obtained":[{"floor":6,"key":"Dexterity Potion"},{"floor":8,"key":"DistilledChaos"},{"floor":12,"key":"Fire Potion"},{"floor":17,"key":"Ancient Potion"},{"floor":19,"key":"BloodPotion"},{"floor":29,"key":"SteroidPotion"},{"floor":30,"key":"CultistPotion"}],"is_trial":false,"path_per_floor":["M","?","$","?","?","E","R","E","T","R","M","M","R","M","R","B",null,"M","M","$","M","M","R","?","M","T","R","M","E","?","M","R","B"],"character_chosen":"IRONCLAD","items_purchased":["Demon Form","Brimstone"],"campfire_rested":2,"item_purchase_floors":[3,20],"current_hp_per_floor":[76,76,76,76,76,54,54,28,28,52,50,56,56,50,50,37,85,83,67,67,61,42,42,51,54,54,79,85,48,45,45,45,0,0],"gold":455,"neow_bonus":"RANDOM_COMMON_RELIC","is_daily":false,"chose_seed":false,"campfire_upgraded":4,"win_rate":0.0,"timestamp":1611349584,"path_taken":["M","?","$","?","?","E","R","E","T","R","M","M","R","M","R","BOSS","M","M","$","M","M","R","?","M","T","R","?","E","?","M","R","BOSS"],"items_purchased_type":["Card","Relic"],"build_version":"2020-12-22","purchased_purges":1,"victory":false,"max_hp_per_floor":[80,80,80,80,80,80,80,80,80,80,80,80,80,80,80,80,85,85,85,85,85,85,85,85,85,85,85,85,85,85,85,85,85,85],"relic_stats":{"Dream Catcher":2,"counters":[17,74],"Golden Idol":105,"Art of War":[3],"obtain_stats":[{"Du-Vu Doll":6,"Dream Catcher":8,"Anchor":29,"Tiny House":17,"Golden Idol":4,"Brimstone":20,"Omamori":0,"Art of War":26,"Red Mask":30,"Burning Blood":0,"aspiration:FrozenJewel":9},{"Du-Vu Doll":2,"Dream Catcher":3,"Anchor":14,"Tiny House":7,"Golden Idol":1,"Brimstone":9,"Omamori":0,"Art of War":12,"Red Mask":15,"Burning Blood":0,"aspiration:FrozenJewel":3},{"Du-Vu Doll":9,"Dream Catcher":16,"Anchor":63,"Tiny House":35,"Golden Idol":5,"Brimstone":44,"Omamori":0,"Art of War":57,"Red Mask":66,"Burning Blood":0,"aspiration:FrozenJewel":16}],"Burning Blood":96},"card_choices":[{"not_picked":["Cleave","Heavy Blade","Armaments"],"picked":"SKIP","floor":1},{"not_picked":["Fire Breathing","Inflame"],"picked":"Pummel","floor":6},{"not_picked":["Warcry","Heavy Blade"],"picked":"Limit Break","floor":8},{"not_picked":["Sword Boomerang","Warcry"],"picked":"Heavy Blade","floor":11},{"not_picked":["Clothesline","Clash","Second Wind"],"picked":"SKIP","floor":12},{"not_picked":["Whirlwind","Twin Strike","Cleave"],"picked":"SKIP","floor":14},{"not_picked":["Immolate","Flame Barrier"],"picked":"Shrug It Off+1","floor":18},{"not_picked":["Twin Strike","Inflame"],"picked":"Pummel","floor":19},{"not_picked":["Cleave","Second Wind"],"picked":"Twin Strike+1","floor":21},{"not_picked":["Flame Barrier","Dropkick","Headbutt"],"picked":"SKIP","floor":22},{"not_picked":["True Grit","Shockwave","Hemokinesis"],"picked":"SKIP","floor":25},{"not_picked":["Feel No Pain","Body Slam","Perfected Strike"],"picked":"SKIP","floor":28},{"not_picked":["Shockwave+1","Spot Weakness+1","Impervious"],"picked":"SKIP","floor":29},{"not_picked":["Thunderclap","Clash"],"picked":"Sword Boomerang","floor":30},{"not_picked":["Iron Wave","Burning Pact","Combust"],"picked":"SKIP","floor":31}],"player_experience":1005009,"relics_obtained":[{"floor":6,"key":"Du-Vu Doll"},{"floor":8,"key":"Dream Catcher"},{"floor":9,"key":"aspiration:FrozenJewel"},{"floor":26,"key":"Art of War"},{"floor":29,"key":"Anchor"},{"floor":30,"key":"Red Mask"}],"event_choices":[{"damage_healed":0,"gold_gain":175,"player_choice":"AGREE","damage_taken":117,"max_hp_gain":0,"max_hp_loss":0,"event_name":"betterThird:BetterSerpent","floor":2,"gold_loss":0},{"damage_healed":0,"gold_gain":0,"player_choice":"Take Wound","damage_taken":0,"relics_obtained":["Golden Idol"],"max_hp_gain":0,"max_hp_loss":0,"event_name":"Golden Idol","floor":4,"gold_loss":0,"cards_obtained":["Injury"]},{"damage_healed":0,"gold_gain":0,"cards_transformed":["Strike_R"],"player_choice":"Transformed","damage_taken":0,"max_hp_gain":0,"max_hp_loss":0,"event_name":"Transmorgrifier","floor":5,"gold_loss":0,"cards_obtained":["Armaments"]},{"damage_healed":0,"gold_gain":0,"player_choice":"Fought Bandits","damage_taken":0,"max_hp_gain":0,"max_hp_loss":0,"event_name":"Masked Bandits","floor":30,"gold_loss":0}],"is_beta":false,"boss_relics":[{"not_picked":["Runesmith:UraniumAnvil","SacredBark"],"picked":"Tiny House"}],"items_purged_floors":[20],"is_endless":false,"potions_floor_spawned":[6,8,12,19,29,30,31],"killed_by":"Automaton","ascension_level":0}}