{"host":"q0qnzbgdx8oqogg9","time":1611307534,"event":{"mods":["BaseMod","Minty Spire (QoL Compilation)","StSLib"],"gold_per_floor":[111,124,0,0,275,275,288,45,70,101,101,130,150,166,166,269,269,280,38,50,64,83,83,83,83,110,139,152,152,162,42,42,144,144,163,182,57,84,138,170,170,187,187,187,204,222,237,253,253,253],"floor_reached":51,"language":"ENG","playtime":2536,"items_purged":["Injury","Regret","Strike_B","Strike_B"],"score":893,"play_id":"ff245d22-cab0-493a-89bd-bea891277c70","local_time":"20210122042534","is_ascension_mode":true,"campfire_choices":[{"data":"Zap","floor":6.0,"key":"SMITH"},{"data":"Auto Shields","floor":15.0,"key":"SMITH"},{"data":"Rainbow","floor":23.0,"key":"SMITH"},{"floor":29.0,"key":"REST"},{"floor":32.0,"key":"REST"},{"floor":41.0,"key":"REST"},{"floor":49.0,"key":"REST"}],"circlet_count":0,"master_deck":["Strike_B","Defend_B","Defend_B","Defend_B","Defend_B","Zap+1","Dualcast","Cold Snap","Tempest","Leap","Hologram","Auto Shields+1","Ball Lightning","Chill","Rebound","Rainbow+1","Sweeping Beam","Thinking Ahead","Leap+1","Genetic Algorithm","Buffer","Thinking Ahead","Coolheaded+1","Defragment","Electrodynamics","Reboot"],"relics":["Cracked Core","Lizard Tail","Symbiotic Virus","ClockworkSouvenir","The Courier","Orichalcum","Velvet Choker","Bag of Preparation","InkBottle","Runic Pyramid","DataDisk","Lantern","FossilizedHelix","Mercury Hourglass","Molten Egg 2"],"acts_visited":["Exordium","TheCity","TheBeyond"],"potions_floor_usage":[50,50],"damage_taken":[{"damage":1.0,"enemies":"Jaw Worm","floor":1.0,"turns":4.0},{"damage":2.0,"enemies":"2 Louse","floor":2.0,"turns":3.0},{"damage":1.0,"enemies":"Cultist","floor":7.0,"turns":2.0},{"damage":21.0,"enemies":"3 Sentries","floor":10.0,"turns":6.0},{"damage":19.0,"enemies":"Lagavulin","floor":12.0,"turns":8.0},{"damage":2.0,"enemies":"Blue Slaver","floor":13.0,"turns":3.0},{"damage":10.0,"enemies":"Lots of Slimes","floor":14.0,"turns":4.0},{"damage":9.0,"enemies":"Slime Boss","floor":16.0,"turns":6.0},{"damage":7.0,"enemies":"Shell Parasite","floor":18.0,"turns":4.0},{"damage":7.0,"enemies":"2 Thieves","floor":20.0,"turns":4.0},{"damage":3.0,"enemies":"Chosen and Byrds","floor":21.0,"turns":6.0},{"damage":3.0,"enemies":"Cultist and Chosen","floor":22.0,"turns":6.0},{"damage":47.0,"enemies":"Slavers","floor":27.0,"turns":8.0},{"damage":24.0,"enemies":"Centurion and Healer","floor":28.0,"turns":8.0},{"damage":0.0,"enemies":"Sentry and Sphere","floor":30.0,"turns":6.0},{"damage":88.0,"enemies":"Champ","floor":33.0,"turns":25.0},{"damage":0.0,"enemies":"Orb Walker","floor":35.0,"turns":3.0},{"damage":0.0,"enemies":"3 Darklings","floor":36.0,"turns":3.0},{"damage":49.0,"enemies":"2 Orb Walkers","floor":39.0,"turns":6.0},{"damage":0.0,"enemies":"Reptomancer","floor":40.0,"turns":7.0},{"damage":0.0,"enemies":"Transient","floor":42.0,"turns":5.0},{"damage":27.0,"enemies":"Maw","floor":45.0,"turns":8.0},{"damage":18.0,"enemies":"Writhing Mass","floor":46.0,"turns":11.0},{"damage":0.0,"enemies":"Jaw Worm Horde","floor":47.0,"turns":4.0},{"damage":0.0,"enemies":"Sphere and 2 Shapes","floor":48.0,"turns":5.0},{"damage":16,"enemies":"Donu and Deca","floor":50,"turns":14}],"seed_played":"3985919582551713742","potions_obtained":[{"floor":7.0,"key":"FearPotion"},{"floor":13.0,"key":"Energy Potion"},{"floor":14.0,"key":"FairyPotion"},{"floor":16.0,"key":"Block Potion"},{"floor":28.0,"key":"SteroidPotion"},{"floor":30.0,"key":"Dexterity Potion"},{"floor":33.0,"key":"SpeedPotion"},{"floor":47.0,"key":"FocusPotion"}],"is_trial":false,"path_per_floor":["M","M","$","?","?","R","M","$","T","E","?","E","M","M","R","B",null,"M","$","M","M","M","R","?","?","T","E","M","R","M","$","R","B",null,"M","M","$","T","?","E","R","M","T","?","M","M","M","M","R","B",null],"character_chosen":"DEFECT","items_purchased":["Leap","ClockworkSouvenir","Thinking Ahead","DataDisk"],"campfire_rested":4,"item_purchase_floors":[3,8,19,37],"current_hp_per_floor":[74,72,72,69,69,69,68,68,68,47,47,28,26,16,16,7,75,68,68,61,58,55,55,55,55,55,8,6,28,28,28,50,10,75,75,75,75,75,26,26,48,48,48,48,21,3,3,3,25,9],"gold":253,"neow_bonus":"ONE_RARE_RELIC","is_daily":false,"chose_seed":false,"campfire_upgraded":3,"win_rate":0.0,"timestamp":1611307534,"path_taken":["M","M","$","?","?","R","?","$","T","E","?","E","M","M","R","BOSS","M","?","M","M","M","R","?","?","T","E","?","R","M","$","R","BOSS","M","M","$","?","?","E","R","M","T","?","?","M","M","M","R","BOSS"],"items_purchased_type":["Card","Relic","Card","Relic"],"build_version":"2020-12-22","purchased_purges":4,"victory":true,"max_hp_per_floor":[75,75,75,75,75,75,75,75,75,75,75,75,75,75,75,75,75,75,75,75,75,75,75,75,75,75,75,75,75,75,75,75,75,75,75,75,75,75,75,75,75,75,75,75,75,75,75,75,75,75],"card_choices":[{"not_picked":["Compile Driver","Go for the Eyes"],"picked":"Cold Snap","floor":1.0},{"not_picked":["Steam Power","Gash"],"picked":"Tempest","floor":2.0},{"not_picked":["Leap","Melter"],"picked":"Hologram","floor":7.0},{"not_picked":["Sweeping Beam","Aggregate"],"picked":"Auto Shields","floor":10.0},{"not_picked":["Force Field","Streamline"],"picked":"Ball Lightning","floor":12.0},{"not_picked":["Conserve Battery","Gash"],"picked":"Chill","floor":13.0},{"not_picked":["Ball Lightning","Beam Cell"],"picked":"Rebound","floor":14.0},{"not_picked":["Thunder Strike","Echo Form"],"picked":"Rainbow","floor":16.0},{"not_picked":["Stack","Streamline"],"picked":"Sweeping Beam","floor":18.0},{"not_picked":["Streamline","Gash"],"picked":"Leap+1","floor":20.0},{"not_picked":["Beam Cell","Leap"],"picked":"Genetic Algorithm","floor":21.0},{"not_picked":["Sunder","Gash+1","Beam Cell"],"picked":"SKIP","floor":22.0},{"not_picked":["Stack+1","Beam Cell","Auto Shields"],"picked":"SKIP","floor":27.0},{"not_picked":["Hologram+1","Stack"],"picked":"Coolheaded+1","floor":28.0},{"not_picked":["Melter+1","Barrage+1"],"picked":"Defragment","floor":30.0},{"not_picked":["All For One","Thunder Strike"],"picked":"Electrodynamics","floor":33.0},{"not_picked":["Hello World","Turbo","Leap"],"picked":"SKIP","floor":35.0},{"not_picked":["Streamline+1","Sunder","Lockon"],"picked":"SKIP","floor":36.0},{"not_picked":["Ball Lightning+1","Conserve Battery","Hologram"],"picked":"SKIP","floor":40.0},{"not_picked":["Barrage+1","Beam Cell+1"],"picked":"Reboot","floor":42.0},{"not_picked":["Compile Driver+1","Cold Snap+1","Rebound+1"],"picked":"SKIP","floor":45.0},{"not_picked":["Cold Snap+1","Coolheaded","Go for the Eyes+1"],"picked":"SKIP","floor":46.0},{"not_picked":["Compile Driver+1","Gash+1","Go for the Eyes+1"],"picked":"SKIP","floor":47.0},{"not_picked":["Sweeping Beam+1","Electrodynamics","Static Discharge+1"],"picked":"SKIP","floor":48.0}],"player_experience":254244,"relics_obtained":[{"floor":10.0,"key":"The Courier"},{"floor":12.0,"key":"Orichalcum"},{"floor":26.0,"key":"Bag of Preparation"},{"floor":27.0,"key":"InkBottle"},{"floor":38.0,"key":"Lantern"},{"floor":39.0,"key":"FossilizedHelix"},{"floor":40.0,"key":"Mercury Hourglass"},{"floor":43.0,"key":"Molten Egg 2"}],"event_choices":[{"damage_healed":0.0,"max_hp_gain":0.0,"max_hp_loss":0.0,"gold_gain":0.0,"event_name":"Scrap Ooze","player_choice":"Success","floor":4.0,"gold_loss":0.0,"damage_taken":3.0,"relics_obtained":["Symbiotic Virus"]},{"damage_healed":0.0,"max_hp_gain":0.0,"max_hp_loss":0.0,"gold_gain":275.0,"event_name":"Golden Shrine","player_choice":"Desecrate","floor":5.0,"gold_loss":0.0,"damage_taken":0.0,"cards_obtained":["Regret"]},{"cards_removed":["Strike_B"],"damage_healed":0.0,"max_hp_gain":0.0,"max_hp_loss":0.0,"gold_gain":0.0,"event_name":"Bonfire Elementals","player_choice":"Offered Basic","floor":11.0,"gold_loss":0.0,"damage_taken":0.0},{"damage_healed":0.0,"max_hp_gain":0.0,"max_hp_loss":0.0,"gold_gain":0.0,"event_name":"The Library","player_choice":"Read","floor":24.0,"gold_loss":0.0,"damage_taken":0.0,"cards_obtained":["Buffer"]},{"damage_healed":0.0,"max_hp_gain":0.0,"max_hp_loss":0.0,"gold_gain":0.0,"event_name":"Duplicator","player_choice":"Copied","floor":25.0,"gold_loss":0.0,"damage_taken":0.0,"cards_obtained":["Thinking Ahead"]},{"damage_healed":0.0,"max_hp_gain":0.0,"max_hp_loss":0.0,"gold_gain":0.0,"event_name":"Mysterious Sphere","player_choice":"Fight","floor":39.0,"gold_loss":0.0,"damage_taken":0.0},{"damage_healed":0.0,"max_hp_gain":0.0,"max_hp_loss":0.0,"gold_gain":0.0,"event_name":"The Woman in Blue","player_choice":"Bought 0 Potions","floor":44.0,"gold_loss":0.0,"damage_taken":0.0}],"is_beta":false,"boss_relics":[{"not_picked":["Sozu","Cursed Key"],"picked":"Velvet Choker"},{"not_picked":["Calling Bell","Snecko Eye"],"picked":"Runic Pyramid"}],"items_purged_floors":[3,8,19,31],"is_endless":false,"potions_floor_spawned":[7,13,14,16,21,28,30,33,36,40,42,47,48],"ascension_level":3}}