{"host":"Qube","time":1611342459,"event":{"mods":["AchievementEnabler","BaseMod","Colored Map","Colored Powertips","Highlight Path","Minty Spire (QoL Compilation)","Permanent Neow","Quick Restart","Random Character Button","StSLib"],"gold_per_floor":[112,112,131,142,160,190,190,222,268,268,268],"floor_reached":10,"language":"ENG","playtime":407,"items_purged":[],"score":156,"play_id":"b2cbeacc-5944-4cc4-8ef4-6f163a290009","local_time":"20210122110739","is_ascension_mode":true,"campfire_choices":[{"floor":7.0,"key":"REST"}],"circlet_count":0,"master_deck":["AscendersBane","Strike_G","Strike_G","Strike_G","Strike_G","Strike_G","Defend_G","Defend_G","Defend_G","Survivor","Neutralize","Heel Hook","Glass Knife","Footwork","Deflect","Noxious Fumes","Burst","Deflect","Corpse Explosion"],"relics":["Ring of the Snake","Regal Pillow","Bottled Lightning","Akabeko"],"acts_visited":["Exordium"],"potions_floor_usage":[10],"damage_taken":[{"damage":7.0,"enemies":"Jaw Worm","floor":1.0,"turns":4.0},{"damage":4.0,"enemies":"Cultist","floor":3.0,"turns":4.0},{"damage":0.0,"enemies":"2 Louse","floor":4.0,"turns":2.0},{"damage":4.0,"enemies":"2 Fungi Beasts","floor":5.0,"turns":4.0},{"damage":30.0,"enemies":"3 Sentries","floor":6.0,"turns":10.0},{"damage":59,"enemies":"Lagavulin","floor":8,"turns":11},{"damage":4,"enemies":"Gremlin Nob","floor":10,"turns":3}],"seed_played":"-266439800359682367","potions_obtained":[{"floor":3.0,"key":"Regen Potion"},{"floor":4.0,"key":"ColorlessPotion"},{"floor":5.0,"key":"LiquidBronze"},{"floor":8,"key":"BlessingOfTheForge"}],"is_trial":false,"path_per_floor":["M","?","M","M","M","E","R","E","T","E"],"character_chosen":"THE_SILENT","items_purchased":[],"campfire_rested":1,"item_purchase_floors":[],"current_hp_per_floor":[37,59,55,55,51,36,66,7,7,3,3],"gold":268,"neow_bonus":"TRANSFORM_TWO_CARDS","is_daily":false,"chose_seed":false,"campfire_upgraded":0,"win_rate":0.0,"timestamp":1611342459,"path_taken":["M","?","M","M","M","E","R","E","T","E"],"items_purchased_type":[],"build_version":"2020-12-18","purchased_purges":0,"victory":false,"max_hp_per_floor":[66,66,66,66,66,66,66,66,66,66,66],"card_choices":[{"not_picked":["Dagger Throw","Bane"],"picked":"Footwork","floor":1.0},{"not_picked":["Flying Knee","Deadly Poison"],"picked":"Deflect","floor":3.0},{"not_picked":["Outmaneuver","Backflip"],"picked":"Noxious Fumes","floor":4.0},{"not_picked":["Skewer","Underhanded Strike"],"picked":"Burst","floor":5.0},{"not_picked":["Unload","PiercingWail"],"picked":"Deflect","floor":6.0},{"not_picked":["Cloak And Dagger","Prepared"],"picked":"Corpse Explosion","floor":8}],"player_experience":953297,"relics_obtained":[{"floor":6.0,"key":"Regal Pillow"},{"floor":8,"key":"Bottled Lightning"},{"floor":9,"key":"Akabeko"}],"event_choices":[{"damage_healed":22.0,"max_hp_gain":0.0,"max_hp_loss":0.0,"gold_gain":0.0,"event_name":"Big Fish","player_choice":"Banana","floor":2.0,"gold_loss":0.0,"damage_taken":0.0}],"is_beta":true,"boss_relics":[],"items_purged_floors":[],"is_endless":false,"potions_floor_spawned":[3,4,5,8],"killed_by":"Gremlin Nob","ascension_level":20}}