{"host":"sdjng9zhqonqi3uc","time":1611327861,"event":{"mods":["2.2 Compatiblity","AchievementEnabler","BaseMod","Better Note","Better Third Choice","BetterRewards","Colored Map","Colored Powertips","Downfall","Hero for Fun","Hubris","Minty Spire (QoL Compilation)","Quick Restart","Relic Stats","Shop Mod","Spicy Shops","StSLib","Td1madao Mod","The Animator","The Cursed","The Servant 0.9.4"],"gold_per_floor":[110,4,4,21,34,59,59,59,82,110,156,201,201,201,319,319,361,361,361,365,365],"floor_reached":23,"language":"ENG","playtime":1341,"items_purged":["animator:Defend"],"score":268,"play_id":"d377b523-2a9d-48f6-bb5c-143522a5d723","local_time":"20210122160421","is_ascension_mode":true,"campfire_choices":[{"data":"animator:HigakiRinne","floor":13,"key":"SMITH"},{"floor":15,"key":"REST"}],"circlet_count":0,"master_deck":["animator:Strike_Konosuba","animator:Defend_Konosuba","animator:Strike","animator:Strike","animator:Defend","animator:Defend","animator:Kazuma","animator:Aqua","animator:Millim","animator:HigakiRinne+1","hubris:Greed","hubris:Greed","animator:Souei","hubris:Greed","animator:Verdia","hubris:Greed","animator:Wiz","animator:Aqua","animator:Kazuma","animator:Chris","animator:HinaKagiyama"],"relics":["animator:LivingPicture","animator:TheMissingPiece","Membership Card","hubris:MedicalManual","hubris:SphereOfDissonance","Potion Belt","hubris:Teleporter","Juzu Bracelet","MerchantsRug","PreservedInsect","Boot","downfall:ExtraCursedKey","hubris:Icosahedron","animator:ShionDessert","Omamori","animator:RacePiece","Bag of Preparation"],"acts_visited":["Exordium","TheCity"],"potions_floor_usage":[12,16],"damage_taken":[{"damage":0,"enemies":"2 Louse","floor":1,"turns":3},{"damage":0,"enemies":"Cultist","floor":4,"turns":3},{"damage":5,"enemies":"Jaw Worm","floor":5,"turns":3},{"damage":17,"enemies":"Exordium Thugs","floor":10,"turns":6},{"damage":3,"enemies":"Blue Slaver","floor":11,"turns":2},{"damage":16,"enemies":"3 Sentries","floor":12,"turns":8},{"damage":10,"enemies":"The Guardian","floor":16,"turns":8},{"damage":2,"enemies":"Spheric Guardian","floor":18,"turns":4},{"damage":75,"enemies":"Slavers","floor":23,"turns":4}],"seed_played":"-5894447076768978939","potions_obtained":[{"floor":10,"key":"hexamod:SoulburnPotion"},{"floor":11,"key":"Slimebound:ThreeZeroPotion"}],"is_trial":false,"path_per_floor":["M","?","?","M","M","T","?","?","T","M","M","E","R","R","B",null,"M","?","?","E"],"character_chosen":"THE_ANIMATOR","items_purchased":["Membership Card","hubris:MedicalManual","hubris:SphereOfDissonance","Potion Belt","Juzu Bracelet","MerchantsRug"],"campfire_rested":1,"item_purchase_floors":[0,0,0,0,0,0],"current_hp_per_floor":[30,33,36,38,35,38,46,49,49,34,31,21,21,42,35,63,65,68,71,0,0],"gold":365,"neow_bonus":"","is_daily":false,"chose_seed":false,"campfire_upgraded":1,"win_rate":0.0,"timestamp":1611327861,"path_taken":["M","?","?","M","M","?","?","?","T","M","M","E","R","R","BOSS","M","?","?","E"],"items_purchased_type":["Relic","Relic","Relic","Relic","Relic","Relic"],"build_version":"2020-12-22","purchased_purges":1,"victory":false,"max_hp_per_floor":[66,66,66,66,66,66,71,71,71,71,71,71,71,71,72,72,72,72,72,72,72],"relic_stats":{"counters":[9,41],"PreservedInsect":69,"Juzu Bracelet":2,"Bag of Preparation":[2],"Boot":[18],"obtain_stats":[{"Potion Belt":0,"MerchantsRug":0,"animator:ShionDessert":9,"hubris:Teleporter":0,"animator:TheMissingPiece":0,"hubris:SphereOfDissonance":0,"hubris:MedicalManual":0,"PreservedInsect":2,"Juzu Bracelet":0,"Omamori":12,"Bag of Preparation":20,"Boot":6,"animator:RacePiece":17,"hubris:Icosahedron":8,"animator:PurgingStone":0,"animator:LivingPicture":0,"downfall:ExtraCursedKey":7,"Membership Card":0},{"Potion Belt":0,"MerchantsRug":0,"animator:ShionDessert":3,"hubris:Teleporter":0,"animator:TheMissingPiece":0,"hubris:SphereOfDissonance":0,"hubris:MedicalManual":0,"PreservedInsect":1,"Juzu Bracelet":0,"Omamori":6,"Bag of Preparation":8,"Boot":3,"animator:RacePiece":7,"hubris:Icosahedron":3,"animator:PurgingStone":0,"animator:LivingPicture":0,"downfall:ExtraCursedKey":3,"Membership Card":0},{"Potion Belt":0,"MerchantsRug":0,"animator:ShionDessert":9,"hubris:Teleporter":0,"animator:TheMissingPiece":0,"hubris:SphereOfDissonance":0,"hubris:MedicalManual":0,"PreservedInsect":3,"Juzu Bracelet":0,"Omamori":25,"Bag of Preparation":37,"Boot":9,"animator:RacePiece":33,"hubris:Icosahedron":9,"animator:PurgingStone":0,"animator:LivingPicture":0,"downfall:ExtraCursedKey":9,"Membership Card":0}]},"card_choices":[{"not_picked":["animator:Kazuma","animator:Ara"],"picked":"animator:Millim","floor":1},{"not_picked":["animator:Nanami","animator:Rena","animator:DwarfShaman"],"picked":"SKIP","floor":4},{"not_picked":["animator:Priestess","animator:Hitei","animator:GazelDwargon"],"picked":"SKIP","floor":5},{"not_picked":["animator:GazelDwargon","animator:Shuna"],"picked":"animator:Souei","floor":10},{"not_picked":["animator:Aisha","animator:Azekura"],"picked":"animator:Verdia","floor":11},{"not_picked":["animator:ElricEdward","animator:Azekura","animator:UneriGinkaku"],"picked":"SKIP","floor":12},{"not_picked":["animator:Eve","animator:Elesis"],"picked":"animator:Wiz","floor":16},{"not_picked":["animator:Hakurou","animator:Evileye","animator:Priestess+1"],"picked":"SKIP","floor":18}],"player_experience":356391,"relics_obtained":[{"floor":6,"key":"Boot"},{"floor":9,"key":"animator:ShionDessert"},{"floor":12,"key":"Omamori"}],"event_choices":[{"damage_healed":0,"gold_gain":0,"player_choice":"Paid Gold","damage_taken":0,"relics_obtained":["PreservedInsect"],"max_hp_gain":0,"max_hp_loss":0,"event_name":"WeMeetAgain","floor":2,"gold_loss":106},{"cards_removed":["animator:Strike"],"damage_healed":0,"gold_gain":0,"player_choice":"Offered Basic","damage_taken":0,"max_hp_gain":0,"max_hp_loss":0,"event_name":"Bonfire Elementals","floor":3,"gold_loss":0},{"damage_healed":0,"gold_gain":0,"player_choice":"Opened","damage_taken":0,"relics_obtained":["Bag of Preparation"],"max_hp_gain":0,"max_hp_loss":0,"event_name":"The Mausoleum","floor":20,"gold_loss":0,"cards_obtained":["Writhe"]}],"is_beta":false,"boss_relics":[{"not_picked":["Busted Crown","animator:HolyGrailRelic"],"picked":"animator:RacePiece"}],"items_purged_floors":[0],"is_endless":false,"potions_floor_spawned":[10,11],"killed_by":"Slavers","ascension_level":6}}