{"host":"wj6vwlg8bkoql3lv","time":1611341744,"event":{"mods":["AchievementEnabler","Bard","Bartender","BaseMod","Colored Map","Custom Start","Decade(???)","Downfall","Friendly Minions","Hermit","Hubris","Infinite Spire","JesterMod","Jorbs\u0027s Wanderer Trilogy","Marisa????????","Minty Spire (QoL Compilation)","Potionbrewer","Quick Restart","Replay The Spire","Robot Space Explorer","SIMod","Shade Mod","StSLib","The Blue Laboratory","The Bug Knight","The Construct","The Cursed","The Death Knight","The Disciple","The Gatherer","The Hayseed","The Hierophant","The Jungle","The Marked","The Mystic","The Runesmith","The Senshi","The Servant 0.9.4","TheFirefly","Transform Curses"],"gold_per_floor":[113,129,129,129,141,141,169,169,193,209,209,209,221,237,237,237,237],"floor_reached":16,"language":"ENG","playtime":945,"items_purged":[],"score":127,"play_id":"9c3bafad-0de0-4e07-b00e-5ae3e76db1d0","local_time":"20210122185544","daily_mods":["Draft"],"is_ascension_mode":false,"campfire_choices":[{"data":"HollowMod:SharpenedShadows","floor":6,"key":"SMITH"},{"floor":8,"key":"REST"},{"data":"HollowMod:DoubleDash","floor":12,"key":"SMITH"},{"floor":15,"key":"REST"}],"circlet_count":0,"master_deck":["HollowMod:SoulSplash","HollowMod:CycloneSlash","HollowMod:HeavyBlow","HollowMod:VengefulVoid","HollowMod:SharpenedShadows+1","HollowMod:TaintedHusks","HollowMod:NewJinnsSoul","HollowMod:WraithStrike","HollowMod:DoubleDash","HollowMod:CycloneSlash","HollowMod:RecoilStrike","HollowMod:FallenFury","HollowMod:DoubleDash+1","HollowMod:WraithStrike","HollowMod:AbyssShriek","HollowMod:CycloneSlash","HollowMod:InfectedAttack","HollowMod:DungDefenderAura","HollowMod:DescendingDark","Pot Of Greed","Pot Of Greed","HollowMod:CycloneSlash","HollowMod:RecoilStrike"],"relics":["m_CorellonBlood","infinitespire:Cubic Diamond","hexamod:BolsterEngine","Regal Pillow","Grinning Jar"],"acts_visited":["Exordium"],"potions_floor_usage":[7,16,16],"damage_taken":[{"damage":0,"enemies":"Cultist","floor":1,"turns":4},{"damage":13,"enemies":"Small Slimes","floor":2,"turns":2},{"damage":0,"enemies":"2 Louse","floor":5,"turns":2},{"damage":51,"enemies":"Lagavulin","floor":7,"turns":7},{"damage":0,"enemies":"Gremlin Gang","floor":10,"turns":2},{"damage":9,"enemies":"Blue Slaver","floor":13,"turns":2},{"damage":3,"enemies":"Exordium Thugs","floor":14,"turns":3},{"damage":76,"enemies":"Slime Boss","floor":16,"turns":10}],"seed_played":"9150098678752268687","potions_obtained":[{"floor":2,"key":"Toxic Potion"},{"floor":5,"key":"potionbrewer:CleansingPotion"},{"floor":14,"key":"hexamod:SoulburnPotion"}],"is_trial":true,"path_per_floor":["M","M","?","?","M","R","E","R","T","M","?","R","M","M","R","B"],"character_chosen":"THE_BUGKNIGHT","items_purchased":[],"campfire_rested":2,"item_purchase_floors":[],"current_hp_per_floor":[75,62,62,62,62,62,11,48,48,48,48,48,39,36,73,0,0],"gold":237,"neow_bonus":"","is_daily":false,"chose_seed":false,"campfire_upgraded":2,"win_rate":0.0,"timestamp":1611341744,"path_taken":["M","M","?","?","M","R","E","R","T","M","?","R","?","M","R","BOSS"],"items_purchased_type":[],"build_version":"2020-12-22","purchased_purges":0,"victory":false,"max_hp_per_floor":[75,75,75,75,75,75,75,75,75,75,75,75,75,75,75,75,75],"card_choices":[{"not_picked":["HollowMod:SoulShaman","HollowMod:CornifersMapStart"],"picked":"HollowMod:SoulSplash","floor":0},{"not_picked":["HollowMod:DungDefenderAura","HollowMod:TaintedHusks"],"picked":"HollowMod:CycloneSlash","floor":0},{"not_picked":["HollowMod:HuntersJournal","HollowMod:CornifersMapStart"],"picked":"HollowMod:HeavyBlow","floor":0},{"not_picked":["HollowMod:HeavyBlow","HollowMod:SoulVessel"],"picked":"HollowMod:VengefulVoid","floor":0},{"not_picked":["HollowMod:PerfectDash","HollowMod:SiblingsSouls"],"picked":"HollowMod:SharpenedShadows","floor":0},{"not_picked":["HollowMod:SoulStrike","HollowMod:ShapeofUnn"],"picked":"HollowMod:TaintedHusks","floor":0},{"not_picked":["HollowMod:MonarchWings","HollowMod:DesolateDive"],"picked":"HollowMod:NewJinnsSoul","floor":0},{"not_picked":["HollowMod:CycloneSlash","HollowMod:InfectedAttack"],"picked":"HollowMod:WraithStrike","floor":0},{"not_picked":["HollowMod:GoodIntentions","HollowMod:SharpenedShadows"],"picked":"HollowMod:DoubleDash","floor":0},{"not_picked":["HollowMod:InfectedAttack","HollowMod:SiblingsSouls"],"picked":"HollowMod:CycloneSlash","floor":0},{"not_picked":["HollowMod:BrokenVessel","HollowMod:NewJinnsSoul"],"picked":"HollowMod:RecoilStrike","floor":0},{"not_picked":["HollowMod:GoodIntentions","HollowMod:QuirrelsAssistance"],"picked":"HollowMod:FallenFury","floor":0},{"not_picked":["HollowMod:PureNailStrike","HollowMod:CloakDash"],"picked":"HollowMod:DoubleDash","floor":0},{"not_picked":["HollowMod:InfectedCysts","HollowMod:TaintedHusks"],"picked":"HollowMod:WraithStrike","floor":0},{"not_picked":["HollowMod:SoulVessel","HollowMod:Grubsong"],"picked":"HollowMod:AbyssShriek","floor":0},{"not_picked":["HollowMod:SharpenedNail","HollowMod:SiblingsSouls"],"picked":"HollowMod:CycloneSlash","floor":1},{"not_picked":["HollowMod:DoubleDash","HollowMod:GoodIntentions"],"picked":"HollowMod:InfectedAttack","floor":2},{"not_picked":["HollowMod:CornifersMapStart","HollowMod:PureNailStrike"],"picked":"HollowMod:DungDefenderAura","floor":5},{"not_picked":["HollowMod:LifebloodCocoon","HollowMod:CrystalDash"],"picked":"HollowMod:DescendingDark","floor":7},{"not_picked":["HollowMod:HeavyBlow","HollowMod:SharpenedNail"],"picked":"HollowMod:CycloneSlash","floor":10},{"not_picked":["HollowMod:CornifersMapStart","Twin Strike","HollowMod:DesolateDive"],"picked":"SKIP","floor":13},{"not_picked":["Flex","Twin Strike"],"picked":"HollowMod:RecoilStrike","floor":14}],"player_experience":143796,"relics_obtained":[{"floor":4,"key":"hexamod:BolsterEngine"},{"floor":7,"key":"Regal Pillow"},{"floor":9,"key":"Grinning Jar"}],"event_choices":[{"damage_healed":0,"gold_gain":0,"player_choice":"Ignored","damage_taken":0,"max_hp_gain":0,"max_hp_loss":0,"event_name":"NoteForYourself","floor":11,"gold_loss":0}],"is_beta":false,"boss_relics":[],"items_purged_floors":[],"is_endless":false,"potions_floor_spawned":[2,5,14],"killed_by":"Slime Boss","ascension_level":0}}