{"host":"2se5dq1do2gp0x9k","time":1611297878,"event":{"mods":["AchievementEnabler","BaseMod","Block Reminder","Colored Map","Colored Powertips","Minty Spire (QoL Compilation)","Relic Stats","StSLib","SuperFastMode"],"gold_per_floor":[125,135,155,164,189,189,222,101,101,120,141,141,141],"floor_reached":12,"language":"ENG","playtime":335,"items_purged":["Pain"],"score":144,"play_id":"0af32408-54c6-490a-8fa8-025e364ccee7","local_time":"20210121224438","is_ascension_mode":true,"campfire_choices":[{"data":"Zap","floor":6,"key":"SMITH"}],"circlet_count":0,"master_deck":["AscendersBane","Strike_B","Strike_B","Strike_B","Strike_B","Defend_B","Defend_B","Defend_B","Defend_B","Zap+1","Dualcast","Glacier","Ball Lightning","Electrodynamics","Capacitor","Barrage","Leap","Hologram"],"relics":["Cracked Core","CeramicFish","WarpedTongs","Odd Mushroom","The Courier"],"acts_visited":["Exordium"],"potions_floor_usage":[12],"damage_taken":[{"damage":0,"enemies":"2 Louse","floor":1,"turns":3},{"damage":0,"enemies":"Cultist","floor":2,"turns":4},{"damage":7,"enemies":"Jaw Worm","floor":3,"turns":5},{"damage":22,"enemies":"Exordium Thugs","floor":5,"turns":5},{"damage":6,"enemies":"The Mushroom Lair","floor":7,"turns":2},{"damage":10,"enemies":"Exordium Wildlife","floor":10,"turns":3},{"damage":18,"enemies":"Large Slime","floor":11,"turns":4},{"damage":7,"enemies":"3 Sentries","floor":12,"turns":1}],"seed_played":"-5651514240419315690","potions_obtained":[{"floor":3,"key":"Strength Potion"},{"floor":7,"key":"Regen Potion"}],"is_trial":false,"path_per_floor":["M","M","M","?","M","R","?","$","T","M","M","E"],"character_chosen":"DEFECT","items_purchased":["Barrage"],"campfire_rested":0,"item_purchase_floors":[8],"current_hp_per_floor":[64,64,57,57,35,35,29,29,29,19,1,0,0],"gold":141,"neow_bonus":"RANDOM_COMMON_RELIC","is_daily":false,"chose_seed":false,"campfire_upgraded":1,"win_rate":0.0,"timestamp":1611297878,"path_taken":["M","M","M","?","?","R","?","$","T","M","M","E"],"items_purchased_type":["Card"],"build_version":"2020-12-22","purchased_purges":1,"victory":false,"max_hp_per_floor":[71,71,71,71,71,71,71,71,71,71,71,71,71],"relic_stats":{"counters":[8,27],"CeramicFish":72,"obtain_stats":[{"CeramicFish":0,"The Courier":9,"Odd Mushroom":7,"Cracked Core":0,"WarpedTongs":4},{"CeramicFish":0,"The Courier":5,"Odd Mushroom":5,"Cracked Core":0,"WarpedTongs":3},{"CeramicFish":0,"The Courier":19,"Odd Mushroom":19,"Cracked Core":0,"WarpedTongs":12}],"WarpedTongs":[15]},"card_choices":[{"not_picked":["Steam","Genetic Algorithm"],"picked":"Glacier","floor":1},{"not_picked":["Beam Cell","Heatsinks","Recycle"],"picked":"SKIP","floor":2},{"not_picked":["Redo","Rebound"],"picked":"Ball Lightning","floor":3},{"not_picked":["Steam","Leap"],"picked":"Electrodynamics","floor":5},{"not_picked":["Conserve Battery","Ball Lightning"],"picked":"Capacitor","floor":7},{"not_picked":["Heatsinks","Steam"],"picked":"Leap","floor":10},{"not_picked":["Compile Driver","Tempest"],"picked":"Hologram","floor":11}],"player_experience":3936136,"relics_obtained":[{"floor":7,"key":"Odd Mushroom"},{"floor":9,"key":"The Courier"}],"event_choices":[{"damage_healed":0,"gold_gain":0,"player_choice":"Rummage","damage_taken":0,"relics_obtained":["WarpedTongs"],"max_hp_gain":0,"max_hp_loss":0,"event_name":"Accursed Blacksmith","floor":4,"gold_loss":0,"cards_obtained":["Pain"]},{"damage_healed":0,"gold_gain":0,"player_choice":"Fought Mushrooms","damage_taken":0,"max_hp_gain":0,"max_hp_loss":0,"event_name":"Mushrooms","floor":7,"gold_loss":0}],"is_beta":false,"boss_relics":[],"items_purged_floors":[8],"is_endless":false,"potions_floor_spawned":[3,7],"killed_by":"3 Sentries","ascension_level":20}}