{"host":"f7rb14kzcw8hx1r1","time":1611309517,"event":{"mods":["BaseMod","Better Note","Better Third Choice","Colored Map","Highlight Path","Hubris","Minty Spire (QoL Compilation)","Replay The Spire","StSLib","The Forsaken"],"gold_per_floor":[112,124,124,140,140,140,157,33,58,93,93,132,148,187,187,312,312,336,356,356,371,390,490,490],"floor_reached":23,"language":"ENG","playtime":926,"items_purged":["Strike_B"],"score":213,"play_id":"31acb8cf-b6f7-47e2-98ac-ee67d9c1096b","local_time":"20210122105837","is_ascension_mode":false,"campfire_choices":[{"data":"Zap","floor":6.0,"key":"SMITH"},{"data":"Creative AI","floor":15.0,"key":"SMITH"}],"circlet_count":0,"master_deck":["Strike_B","Strike_B","Strike_B","Defend_B","Defend_B","Defend_B","Defend_B","Zap+1","Dualcast+1","Seek","Self Repair","Ball Lightning","Conserve Battery","Conserve Battery","Melter","Sweeping Beam","Creative AI+1","Thunder Strike","Heatsinks","Coolheaded"],"relics":["Cracked Core","hubris:TenFootPole","hubris:Icosahedron","Bag of Marbles","Counterbalance","Golden Idol","Tiny Chest","Replay:Bottled Flurry","hubris:Stopwatch"],"acts_visited":["Exordium","TheCity"],"potions_floor_usage":[21,22,22],"damage_taken":[{"damage":1.0,"enemies":"Cultist","floor":1.0,"turns":4.0},{"damage":0.0,"enemies":"2 Louse","floor":2.0,"turns":2.0},{"damage":3.0,"enemies":"Jaw Worm","floor":4.0,"turns":4.0},{"damage":4.0,"enemies":"Blue Slaver","floor":7.0,"turns":3.0},{"damage":1.0,"enemies":"Gremlin Nob","floor":10.0,"turns":3.0},{"damage":9.0,"enemies":"3 Sentries","floor":12.0,"turns":6.0},{"damage":15.0,"enemies":"Large Slime","floor":13.0,"turns":5.0},{"damage":28.0,"enemies":"Gremlin Nob","floor":14.0,"turns":4.0},{"damage":16,"enemies":"The Guardian","floor":16,"turns":12},{"damage":10,"enemies":"Shell Parasite","floor":18,"turns":6},{"damage":17,"enemies":"Chosen","floor":19,"turns":5},{"damage":32,"enemies":"Snecko","floor":21,"turns":7},{"damage":27,"enemies":"Chosen and Byrds","floor":22,"turns":8},{"damage":18,"enemies":"Slavers","floor":23,"turns":2}],"seed_played":"-4483918884257620978","potions_obtained":[{"floor":1.0,"key":"Weak Potion"},{"floor":2.0,"key":"BlessingOfTheForge"},{"floor":4.0,"key":"Fire Potion"},{"floor":7.0,"key":"Strength Potion"},{"floor":19,"key":"Elixir"},{"floor":21,"key":"SneckoOil"}],"is_trial":false,"path_per_floor":["M","M","?","M","?","R","M","$","T","E","?","E","M","E","R","B",null,"M","M","?","M","M","E"],"character_chosen":"DEFECT","items_purchased":["Conserve Battery"],"campfire_rested":0,"item_purchase_floors":[8],"current_hp_per_floor":[67,67,67,68,68,68,68,68,68,68,60,58,50,29,29,20,68,65,55,55,30,10,0,0],"gold":490,"neow_bonus":"THREE_RARE_CARDS","is_daily":false,"chose_seed":false,"campfire_upgraded":2,"win_rate":0.0,"timestamp":1611309517,"path_taken":["M","?","?","?","?","R","M","$","T","E","?","E","M","E","R","BOSS","M","M","?","M","M","E"],"items_purchased_type":["Card"],"build_version":"2020-12-22","purchased_purges":1,"victory":false,"max_hp_per_floor":[68,68,68,68,68,68,68,68,68,68,68,68,68,68,68,68,68,68,68,68,68,68,68,68],"card_choices":[{"not_picked":["Buffer","Multi-Cast"],"picked":"Seek","floor":0.0},{"not_picked":["ReplaySolidLightProjector","Auto Shields","Storm"],"picked":"SKIP","floor":1.0},{"not_picked":["Conserve Battery","Hello World"],"picked":"Self Repair","floor":2.0},{"not_picked":["Time Bomb","Gash"],"picked":"Ball Lightning","floor":4.0},{"not_picked":["BasicCrystalCard","Genetic Algorithm"],"picked":"Conserve Battery","floor":7.0},{"not_picked":["Go for the Eyes","Fusion"],"picked":"Melter","floor":10.0},{"not_picked":["ReplayTheSpireMod:GoodbyeWorld","Turbo","BasicCrystalCard"],"picked":"SKIP","floor":12.0},{"not_picked":["Barrage","Double Energy"],"picked":"Sweeping Beam","floor":13.0},{"not_picked":["Capacitor","Cold Snap"],"picked":"Creative AI","floor":14.0},{"not_picked":["hubris:Prefetch","Core Surge"],"picked":"Thunder Strike","floor":16},{"not_picked":["ReplaySolidLightProjector","Streamline+1"],"picked":"Heatsinks","floor":18},{"not_picked":["Gash","Steam","Compile Driver+1"],"picked":"SKIP","floor":19},{"not_picked":["Rip and Tear","Gash","Panic Button"],"picked":"SKIP","floor":21},{"not_picked":["Capacitor","Hologram"],"picked":"Coolheaded","floor":22}],"player_experience":932746,"relics_obtained":[{"floor":9.0,"key":"Bag of Marbles"},{"floor":10.0,"key":"Counterbalance"},{"floor":12.0,"key":"Tiny Chest"},{"floor":14.0,"key":"Replay:Bottled Flurry"}],"event_choices":[{"damage_healed":0.0,"max_hp_gain":0.0,"max_hp_loss":0.0,"gold_gain":0.0,"event_name":"WeMeetAgain","player_choice":"Gave Potion","floor":3.0,"gold_loss":0.0,"damage_taken":0.0,"relics_obtained":["hubris:TenFootPole"]},{"damage_healed":0.0,"max_hp_gain":0.0,"max_hp_loss":0.0,"gold_gain":0.0,"event_name":"Golden Idol","player_choice":"Take Damage","floor":11.0,"gold_loss":0.0,"damage_taken":17.0,"relics_obtained":["Golden Idol"]},{"damage_healed":0,"gold_gain":0,"player_choice":"Upgraded","damage_taken":0,"max_hp_gain":0,"max_hp_loss":0,"event_name":"Upgrade Shrine","floor":20,"gold_loss":0,"cards_upgraded":["Dualcast"]}],"is_beta":false,"boss_relics":[{"not_picked":["SacredBark","Abe\u0027s Treasure"],"picked":"hubris:Stopwatch"}],"items_purged_floors":[8],"is_endless":false,"potions_floor_spawned":[1,2,4,7,19,21],"killed_by":"Slavers","ascension_level":0}}