{"host":"0fm1w3v00gid44jl","time":1611281838,"event":{"mods":["AchievementEnabler","BaseMod","Colored Map","Colored Powertips","Displayed Cursed Tome","Downfall","Googly Eyes","Highlight Path","Minty Spire (QoL Compilation)","Permanent Neow","Relic Stats","StSLib","SuperFastMode","slay the spire mod where everything is the same but ironclad has a cowboy hat"],"gold_per_floor":[0,16,16,16,10,33,33,33,33,33],"floor_reached":8,"language":"ENG","playtime":314,"items_purged":[],"score":44,"play_id":"1cc0a96b-4e06-4347-8060-9c07fccb6420","local_time":"20210121201718","is_ascension_mode":false,"campfire_choices":[{"data":"bronze:AlphaBuild","floor":1,"key":"SMITH"}],"circlet_count":0,"master_deck":["bronze:Strike","bronze:Strike","bronze:Defend","bronze:Defend","bronze:Defend","bronze:Replicate","bronze:Goto","bronze:AlphaBuild+1","bronze:ThunderWave","bronze:Boost","bronze:Shell","bronze:Frontload"],"relics":["bronze:BronzeCore","CeramicFish","InkBottle"],"acts_visited":["Exordium"],"potions_floor_usage":[],"damage_taken":[{"damage":15,"enemies":"Jaw Worm","floor":2,"turns":4},{"damage":0,"enemies":"downfall:FleeingMerchant","floor":5,"turns":4},{"damage":0,"enemies":"2 Louse","floor":6,"turns":2},{"damage":29,"enemies":"Lagavulin","floor":8,"turns":6}],"seed_played":"8008549235764332147","potions_obtained":[],"is_trial":false,"path_per_floor":["R","M","?","?","$","M","T","E"],"character_chosen":"THE_AUTOMATON","items_purchased":[],"campfire_rested":0,"item_purchase_floors":[],"current_hp_per_floor":[70,55,55,22,22,22,22,0,0,0],"gold":33,"neow_bonus":"TRANSFORM_TWO_CARDS","is_daily":false,"chose_seed":false,"campfire_upgraded":1,"win_rate":0.0,"timestamp":1611281838,"path_taken":["R","M","?","?","$","M","T","E"],"items_purchased_type":[],"build_version":"2020-12-22","purchased_purges":0,"victory":false,"max_hp_per_floor":[70,70,70,70,70,70,70,70,70,70],"relic_stats":{"counters":[4,16],"CeramicFish":18,"obtain_stats":[{"bronze:BronzeCore":0,"CeramicFish":4,"InkBottle":7},{"bronze:BronzeCore":0,"CeramicFish":1,"InkBottle":3},{"bronze:BronzeCore":0,"CeramicFish":4,"InkBottle":10}],"InkBottle":[1]},"card_choices":[{"not_picked":["bronze:Iterate","bronze:Shield"],"picked":"bronze:Boost","floor":2},{"not_picked":["bronze:DelayedSlice","bronze:Branch"],"picked":"bronze:Shell","floor":5},{"not_picked":["bronze:Turbo","bronze:BugBarrage"],"picked":"bronze:Frontload","floor":6}],"player_experience":1484420,"relics_obtained":[{"floor":7,"key":"InkBottle"}],"event_choices":[{"cards_removed":["bronze:Strike"],"damage_healed":0,"gold_gain":0,"player_choice":"Card Removal","damage_taken":0,"max_hp_gain":0,"max_hp_loss":0,"event_name":"The Cleric","floor":3,"gold_loss":0},{"damage_healed":0,"gold_gain":0,"player_choice":"Success","damage_taken":33,"relics_obtained":["CeramicFish"],"max_hp_gain":0,"max_hp_loss":0,"event_name":"Scrap Ooze","floor":4,"gold_loss":0}],"is_beta":false,"boss_relics":[],"items_purged_floors":[],"is_endless":false,"potions_floor_spawned":[],"killed_by":"Lagavulin","ascension_level":0}}