{"host":"2zc57igszyqgae0y","time":1611296571,"event":{"mods":["ATMod(°¢èªMod)","Act Like it!","Aspiration","BaseMod","CapriCore","GifTheSpireLib","Minty Spire (QoL Compilation)","Quick Restart","Rare Cards Sparkle","Replay The Spire","RumiaBox-Â¶Ã×æ«µÄÉñÃØºÐ×Ó","SIMod","Shop Mod","StSLib","[IsaacMod]ÒÔÈö¼âËþ","vexMod"],"gold_per_floor":[117,117,132,147,147,173,173,205,228,258,258,272,289,289,289,394,394,414,414,425,398,398,398,426,426,498,508,508,541,555,569,569,665,665,682,701,746,746,759,786,786,813,867,867,867,867,867,887,887,887],"floor_reached":51,"language":"ZHS","playtime":1608,"items_purged":["HarmonyShield","Defend_FS","Strike_R","Strike_R","Strike_R","Defend_R"],"score":1281,"play_id":"d8a79575-4d14-4e93-b40a-e20aec79752e","local_time":"20210122142251","is_ascension_mode":true,"campfire_choices":[{"data":"vexMod:StairwayStrike","floor":7.0,"key":"SMITH"},{"data":"Flex","floor":15.0,"key":"SMITH"},{"data":"Limit Break","floor":23.0,"key":"SMITH"},{"data":"Flex","floor":28,"key":"SMITH"},{"data":"1","floor":32,"key":"LIFT"},{"data":"Berserk","floor":41,"key":"PURGE"},{"data":"2","floor":46,"key":"LIFT"},{"data":"3","floor":49,"key":"LIFT"}],"circlet_count":0,"master_deck":["AscendersBane","Strike_R","Strike_R+1","Defend_R+1","Defend_R+1","Defend_R+1","Bash","EpicFetus","vexMod:StairwayStrike+1","Barricade","Shrug It Off","Flex","Reaper","Injury","Sword Boomerang+1","Flex+1","Dramatic Entrance+1","Limit Break+1","Flex+1","AT_FamilyPortrait","Sword Boomerang+1","Pommel Strike+1","Exhume","Power Through+1","Power Through","Entrench","AT_ShrugMaster"],"relics":["Burning Blood","HushsDoor","AT_ATBox","SteamSale","SteamSale","NineVolt","Medical Kit","SecretRecord","aspiration:SeaSaltIceCream","Replay:Rubber Ducky","aspiration:DSix","MagicDraw1","Girya","Molten Egg 2","MoneyPower","War Paint","Sozu","Peace Pipe","TheBean","vexMod:BarristanHead","Incense Burner","ClockworkSouvenir","Replay:Baseball","DeadEye","Darkstone Periapt","EasyGame_NEW","Happy Flower","MealTicket","Lantern","Bronze Scales","aspiration:StickyExplosives_weak","Simple Rune","HornCleat","ReplayTheSpireMod:ShopPack"],"acts_visited":["Exordium","TheCity","TheBeyond"],"potions_floor_usage":[],"damage_taken":[{"damage":6.0,"enemies":"Cultist","floor":1.0,"turns":3.0},{"damage":9.0,"enemies":"2 Louse","floor":3.0,"turns":3.0},{"damage":7.0,"enemies":"Small Slimes","floor":4.0,"turns":4.0},{"damage":18.0,"enemies":"Lagavulin","floor":6.0,"turns":5.0},{"damage":13.0,"enemies":"Replay:BlueRogue","floor":8.0,"turns":4.0},{"damage":5.0,"enemies":"3 Sentries","floor":10.0,"turns":3.0},{"damage":16.0,"enemies":"Blue Slaver","floor":12.0,"turns":3.0},{"damage":10.0,"enemies":"3 Louse","floor":13.0,"turns":5.0},{"damage":40.0,"enemies":"Fading Forest","floor":16.0,"turns":11.0},{"damage":10.0,"enemies":"3 Byrds","floor":18.0,"turns":3.0},{"damage":40.0,"enemies":"2 Thieves","floor":20.0,"turns":3.0},{"damage":30,"enemies":"Gremlin Leader","floor":24,"turns":4},{"damage":0,"enemies":"Cultist and Chosen","floor":27,"turns":2},{"damage":34,"enemies":"Slavers","floor":29,"turns":2},{"damage":16,"enemies":"Snake Plant","floor":30,"turns":2},{"damage":17,"enemies":"Centurion and Healer","floor":31,"turns":2},{"damage":33,"enemies":"Collector","floor":33,"turns":7},{"damage":9,"enemies":"3 Darklings","floor":35,"turns":2},{"damage":0,"enemies":"Orb Walker","floor":36,"turns":2},{"damage":19,"enemies":"2 Orb Walkers","floor":37,"turns":3},{"damage":2,"enemies":"4 Shapes","floor":39,"turns":2},{"damage":72,"enemies":"Reptomancer","floor":40,"turns":3},{"damage":14,"enemies":"R_Hoarder","floor":42,"turns":3},{"damage":0,"enemies":"Maw","floor":48,"turns":2},{"damage":50,"enemies":"Awakened One","floor":50,"turns":10}],"seed_played":"-781088650585792617","potions_obtained":[{"floor":4.0,"key":"SteroidPotion"},{"floor":8.0,"key":"Doom Potion"},{"floor":10.0,"key":"Weak Potion"},{"floor":16.0,"key":"BlessingOfTheForge"}],"is_trial":false,"path_per_floor":["M","$","M","M","$","E","R","E","T","E","?","M","M","$","R","B",null,"M","$","M","?","?","R","E","$","T","M","R","E","M","M","R","B",null,"M","M","?","?","M","E","R","E","T","?","T","R","$","M","R","B",null],"character_chosen":"IRONCLAD","items_purchased":["NineVolt","vexMod:StairwayStrike","Barricade","Medical Kit","SecretRecord","aspiration:SeaSaltIceCream","Shrug It Off","AttackPotion","Flex","MoneyPower","War Paint","Dramatic Entrance+1","Peace Pipe","TheBean","Berserk","AT_FamilyPortrait","Incense Burner","ClockworkSouvenir","Sword Boomerang+1","Replay:Baseball","Pommel Strike+1","AT_ShrugMaster","Simple Rune","HornCleat","ReplayTheSpireMod:ShopPack"],"campfire_rested":0,"item_purchase_floors":[2,2,2,5,5,5,5,5,14,14,14,14,19,19,19,19,25,25,25,25,25,47,47,47,47],"current_hp_per_floor":[72,72,69,68,68,56,56,49,49,50,50,40,45,45,45,34,69,65,65,31,31,39,39,60,60,60,74,74,80,70,59,59,78,80,77,80,80,80,80,37,37,29,29,70,70,70,70,70,70,26],"gold":887,"neow_bonus":"ONE_RARE_RELIC","is_daily":false,"chose_seed":false,"campfire_upgraded":4,"win_rate":0.0,"timestamp":1611296571,"path_taken":["M","$","M","M","$","E","R","E","T","E","?","M","M","$","R","BOSS","M","$","?","?","?","R","E","$","T","M","R","E","M","?","R","BOSS","M","M","?","?","?","E","R","E","T","?","?","R","$","M","R","BOSS"],"items_purchased_type":["Relic","Card","Card","Relic","Relic","Relic","Card","Potion","Card","Relic","Relic","Card","Relic","Relic","Card","Card","Relic","Relic","Card","Relic","Card","Card","Relic","Relic","Relic"],"build_version":"2020-12-22","purchased_purges":6,"victory":true,"max_hp_per_floor":[80,80,80,80,80,80,80,80,80,80,80,80,80,80,80,80,80,80,80,80,80,80,80,80,80,80,80,80,80,80,80,80,80,80,80,80,80,80,80,80,80,80,80,70,70,70,70,70,70,70],"card_choices":[{"not_picked":[],"picked":"EpicFetus","floor":0.0},{"not_picked":["Body Slam","Armaments","Fiend Fire"],"picked":"SKIP","floor":1.0},{"not_picked":["Clash","AT_IchimonjiDouble","Twin Strike"],"picked":"SKIP","floor":3.0},{"not_picked":["Twin Strike","AT_IchimonjiDouble","Fire Breathing"],"picked":"SKIP","floor":4.0},{"not_picked":["Cleave","Twin Strike"],"picked":"Flex","floor":6.0},{"not_picked":["ReplayTheSpireMod:Strike From Hell","Whirlwind","Rampage"],"picked":"SKIP","floor":8.0},{"not_picked":["Iron Wave","Sentinel"],"picked":"Reaper","floor":10.0},{"not_picked":["Abandon","Havoc","Twin Strike+1"],"picked":"SKIP","floor":12.0},{"not_picked":["Cleave+1","Havoc"],"picked":"Sword Boomerang+1","floor":13.0},{"not_picked":["Fiend Fire+1","Offering"],"picked":"Limit Break","floor":16.0},{"not_picked":["Wild Strike+1","Cleave+1"],"picked":"Flex","floor":18.0},{"not_picked":["AT_BodySlamDance","Replay:Undeath\u0027s Touch+1","Carnage+1"],"picked":"SKIP","floor":20.0},{"not_picked":["Havoc+1","AT_DiedThrough","Twin Strike+1"],"picked":"SKIP","floor":24},{"not_picked":["Perfected Strike+1","Run Through+1"],"picked":"Exhume","floor":27},{"not_picked":["Flame Barrier","Twin Strike+1","Wild Strike+1"],"picked":"SKIP","floor":29},{"not_picked":["Dark Embrace","Disarm+1","Body Slam+1"],"picked":"SKIP","floor":30},{"not_picked":["Run Through+1","Twin Strike+1"],"picked":"Power Through+1","floor":31},{"not_picked":["ReplayTheSpireMod:Strike From Hell+1","Warcry","Rampage+1"],"picked":"SKIP","floor":35},{"not_picked":["Anger+1","Cleave+1","Thunderclap+1"],"picked":"SKIP","floor":36},{"not_picked":["AT_BodySlamDance","Rupture"],"picked":"Power Through","floor":37},{"not_picked":["Replay:Undeath\u0027s Touch+1","AT_BodySlamDance","Flex"],"picked":"SKIP","floor":39},{"not_picked":["Fire Breathing+1","ReplayReversal","Blood for Blood+1"],"picked":"SKIP","floor":40},{"not_picked":["ReplayReversal","Twin Strike+1"],"picked":"Entrench","floor":42},{"not_picked":["Discovery","Purity"],"picked":"Bomb","floor":47},{"not_picked":["Armaments+1","AT_ShrugMaster","ReplayTheSpireMod:Stacked+1"],"picked":"SKIP","floor":48}],"player_experience":304839,"relics_obtained":[{"floor":6.0,"key":"aspiration:DSix"},{"floor":8.0,"key":"MagicDraw1"},{"floor":10.0,"key":"Girya"},{"floor":24,"key":"vexMod:BarristanHead"},{"floor":26,"key":"DeadEye"},{"floor":29,"key":"Darkstone Periapt"},{"floor":37,"key":"Happy Flower"},{"floor":40,"key":"MealTicket"},{"floor":42,"key":"Lantern"},{"floor":43,"key":"Bronze Scales"},{"floor":45,"key":"aspiration:StickyExplosives_weak"}],"event_choices":[{"damage_healed":0,"gold_gain":0,"player_choice":"Fight","damage_taken":0,"max_hp_gain":0,"max_hp_loss":0,"event_name":"Mysterious Sphere","floor":37,"gold_loss":0},{"cards_removed":["AT_ChampionStep"],"damage_healed":0,"gold_gain":0,"player_choice":"Removed Power","damage_taken":0,"max_hp_gain":0,"max_hp_loss":0,"event_name":"Falling","floor":38,"gold_loss":0},{"damage_healed":70,"gold_gain":0,"player_choice":"Heal","damage_taken":0,"max_hp_gain":0,"max_hp_loss":10,"event_name":"The Moai Head","floor":44,"gold_loss":0}],"is_beta":false,"boss_relics":[{"not_picked":["Tiny House","aspiration:RunicSpoon"],"picked":"Sozu"},{"not_picked":[]},{"not_picked":["Black Star","Pandora\u0027s Box"],"picked":"EasyGame_NEW"},{"not_picked":[]}],"items_purged_floors":[2,5,14,19,25,47],"is_endless":false,"potions_floor_spawned":[4,8,10,16,18,31,33,39,40],"ascension_level":12}}