{"host":"928gv66myv2vlnsd","time":1611334806,"event":{"mods":["BaseMod","Minty Spire (QoL Compilation)","StSLib"],"gold_per_floor":[111,125,37,37,53,87,87,9,56,79,119,194,194,238,238,329,329,354,354,354],"floor_reached":19,"language":"ENG","playtime":755,"items_purged":[],"score":361,"play_id":"fa0f9af6-ec1a-44fb-85fa-e1b7905f175b","local_time":"20210122120006","is_ascension_mode":true,"campfire_choices":[{"floor":13,"key":"REST"},{"floor":15,"key":"REST"}],"circlet_count":0,"master_deck":["AscendersBane","Strike_R","Strike_R","Defend_R","Defend_R","Defend_R","Defend_R","Bash","True Grit","Evolve","Combust","Power Through","Wild Strike","Injury","Fire Breathing","Shrug It Off","Fiend Fire","Exhume+1","Disarm+1","Metallicize+1","Power Through"],"relics":["Burning Blood","Thread and Needle","Lantern","Golden Idol","Akabeko","Orichalcum","Dream Catcher","Astrolabe"],"acts_visited":["Exordium","TheCity"],"potions_floor_usage":[11],"damage_taken":[{"damage":4,"enemies":"Cultist","floor":1,"turns":4},{"damage":5,"enemies":"2 Louse","floor":2,"turns":4},{"damage":6,"enemies":"Small Slimes","floor":5,"turns":3},{"damage":40,"enemies":"Gremlin Nob","floor":6,"turns":5},{"damage":11,"enemies":"Exordium Thugs","floor":10,"turns":4},{"damage":9,"enemies":"3 Sentries","floor":11,"turns":5},{"damage":22,"enemies":"Lagavulin","floor":14,"turns":8},{"damage":39,"enemies":"Hexaghost","floor":16,"turns":11},{"damage":15,"enemies":"Shell Parasite","floor":18,"turns":8},{"damage":51,"enemies":"Masked Bandits","floor":19,"turns":3}],"seed_played":"2820565725241707185","potions_obtained":[{"floor":1,"key":"Explosive Potion"},{"floor":5,"key":"BloodPotion"},{"floor":16,"key":"DuplicationPotion"}],"is_trial":false,"path_per_floor":["M","M","$","?","M","E","?","$","T","M","E","?","R","E","R","B",null,"M","?"],"character_chosen":"IRONCLAD","items_purchased":["Combust","Fire Breathing"],"campfire_rested":2,"item_purchase_floors":[3,8],"current_hp_per_floor":[70,71,71,71,71,37,37,37,37,32,29,18,40,24,46,13,60,51,0,0],"gold":354,"neow_bonus":"ONE_RARE_RELIC","is_daily":false,"chose_seed":false,"campfire_upgraded":0,"win_rate":0.0,"timestamp":1611334806,"path_taken":["M","M","$","?","M","E","?","$","T","M","E","?","R","E","R","BOSS","M","?"],"items_purchased_type":["Card","Card"],"build_version":"2020-12-22","purchased_purges":0,"victory":false,"max_hp_per_floor":[75,75,75,75,75,75,75,75,75,75,75,75,75,75,75,75,75,75,75,75],"card_choices":[{"not_picked":["Havoc","Second Wind"],"picked":"True Grit","floor":1},{"not_picked":["Power Through","Pommel Strike"],"picked":"Evolve","floor":2},{"not_picked":["Pommel Strike","Dark Embrace"],"picked":"Power Through","floor":5},{"not_picked":["Headbutt","Flex"],"picked":"Wild Strike","floor":6},{"not_picked":["Sword Boomerang","Wild Strike","Havoc"],"picked":"SKIP","floor":10},{"not_picked":["Second Wind","Double Tap"],"picked":"Shrug It Off","floor":11},{"not_picked":["Hemokinesis","Wild Strike","Dropkick"],"picked":"SKIP","floor":14},{"not_picked":["Barricade","Impervious"],"picked":"Fiend Fire","floor":16},{"not_picked":["Ghostly Armor","Power Through","Body Slam"],"picked":"SKIP","floor":18},{"not_picked":["Ghostly Armor","Body Slam"],"picked":"Power Through","floor":18}],"player_experience":1288519,"relics_obtained":[{"floor":6,"key":"Lantern"},{"floor":9,"key":"Akabeko"},{"floor":11,"key":"Orichalcum"},{"floor":14,"key":"Dream Catcher"}],"event_choices":[{"cards_removed":["Shame"],"damage_healed":0,"gold_gain":0,"player_choice":"Forget","damage_taken":0,"max_hp_gain":0,"max_hp_loss":0,"event_name":"Living Wall","floor":4,"gold_loss":0},{"damage_healed":0,"gold_gain":0,"player_choice":"Take Wound","damage_taken":0,"relics_obtained":["Golden Idol"],"max_hp_gain":0,"max_hp_loss":0,"event_name":"Golden Idol","floor":7,"gold_loss":0,"cards_obtained":["Injury"]},{"damage_healed":0,"gold_gain":75,"player_choice":"Gather Gold","damage_taken":11,"max_hp_gain":0,"max_hp_loss":0,"event_name":"World of Goop","floor":12,"gold_loss":0},{"damage_healed":0,"gold_gain":0,"player_choice":"Fought Bandits","damage_taken":0,"max_hp_gain":0,"max_hp_loss":0,"event_name":"Masked Bandits","floor":19,"gold_loss":0}],"is_beta":false,"boss_relics":[{"not_picked":["Ectoplasm","Snecko Eye"],"picked":"Astrolabe"}],"items_purged_floors":[],"is_endless":false,"potions_floor_spawned":[1,5,6,16],"killed_by":"Masked Bandits","ascension_level":19}}