{"host":"97e98znyvgp3tx0i","time":1611292844,"event":{"mods":["AchievementEnabler","BaseMod","Colored Powertips","Googly Eyes","Highlight Path","Minty Spire (QoL Compilation)","Quick Restart"],"gold_per_floor":[109,128,9,23,42,69,86,114,114,114,129,129,129,144,144,244,244,260,260,295,307,159,159,159],"floor_reached":23,"language":"ENG","playtime":2431,"items_purged":[],"score":276,"play_id":"7cf7b36a-187a-4f5b-8fe2-54b23a9e1ace","local_time":"20210121232044","is_ascension_mode":true,"campfire_choices":[{"floor":10,"key":"REST"},{"floor":15,"key":"REST"}],"circlet_count":0,"master_deck":["Defend_P","Defend_P","Defend_P","Defend_P","Eruption","Vigilance","DeceiveReality","Evaluate","Fasting2","Consecrate","Adaptation","EmptyFist","Blasphemy","BattleHymn","Pray","EmptyBody","Establishment","SpiritShield","Crescendo","Bite","Bite","Bite","Bite","Bite","Sanctity","Evaluate","LikeWater","FearNoEvil"],"relics":["PureWater","Pear","Bottled Flame","Blue Candle","Sozu","Red Mask"],"acts_visited":["Exordium","TheCity"],"potions_floor_usage":[6,6,11,13,18],"damage_taken":[{"damage":0,"enemies":"Cultist","floor":1,"turns":2},{"damage":0,"enemies":"2 Louse","floor":2,"turns":2},{"damage":0,"enemies":"Small Slimes","floor":4,"turns":3},{"damage":0,"enemies":"Blue Slaver","floor":5,"turns":6},{"damage":11,"enemies":"Lagavulin","floor":6,"turns":5},{"damage":5,"enemies":"Looter","floor":7,"turns":4},{"damage":42,"enemies":"Gremlin Nob","floor":8,"turns":5},{"damage":9,"enemies":"3 Louse","floor":11,"turns":4},{"damage":8,"enemies":"Exordium Wildlife","floor":13,"turns":3},{"damage":16,"enemies":"Large Slime","floor":14,"turns":8},{"damage":27,"enemies":"Slime Boss","floor":16,"turns":8},{"damage":12,"enemies":"3 Byrds","floor":18,"turns":6},{"damage":73,"enemies":"Masked Bandits","floor":20,"turns":6},{"damage":16,"enemies":"2 Thieves","floor":21,"turns":5},{"damage":23,"enemies":"Book of Stabbing","floor":23,"turns":9}],"seed_played":"6030270989887432454","potions_obtained":[{"floor":1,"key":"Ambrosia"},{"floor":2,"key":"Energy Potion"},{"floor":4,"key":"Fire Potion"},{"floor":6,"key":"EssenceOfSteel"},{"floor":7,"key":"SmokeBomb"}],"is_trial":false,"path_per_floor":["M","M","$","M","M","E","M","E","T","R","M","T","M","M","R","B",null,"M","?","?","M","$","E"],"character_chosen":"WATCHER","items_purchased":["Fasting2","Consecrate","LikeWater","FearNoEvil"],"campfire_rested":2,"item_purchase_floors":[3,3,22,22],"current_hp_per_floor":[79,79,79,79,79,68,65,35,35,61,54,54,48,34,60,35,89,77,77,18,10,10,0,0],"gold":159,"neow_bonus":"TEN_PERCENT_HP_BONUS","is_daily":false,"chose_seed":false,"campfire_upgraded":0,"win_rate":0.0,"timestamp":1611292844,"path_taken":["M","M","$","?","M","E","M","E","T","R","M","?","M","M","R","BOSS","M","?","?","M","$","E"],"items_purchased_type":["Card","Card","Card","Card"],"build_version":"2020-12-22","purchased_purges":0,"victory":false,"max_hp_per_floor":[79,79,79,79,79,79,79,89,89,89,89,89,89,89,89,89,89,89,89,89,89,89,89,89],"card_choices":[{"not_picked":["EmptyFist","Consecrate"],"picked":"DeceiveReality","floor":1},{"not_picked":["EmptyBody","Swivel"],"picked":"Evaluate","floor":2},{"not_picked":["BowlingBash","PathToVictory"],"picked":"Adaptation","floor":4},{"not_picked":["Protect","FlyingSleeves"],"picked":"EmptyFist","floor":5},{"not_picked":["Vengeance","EmptyMind"],"picked":"Blasphemy","floor":6},{"not_picked":["FlurryOfBlows","ThirdEye"],"picked":"BattleHymn","floor":7},{"not_picked":["BowlingBash","Wireheading"],"picked":"Pray","floor":8},{"not_picked":["Protect","Indignation"],"picked":"EmptyBody","floor":11},{"not_picked":["WindmillStrike","Meditate"],"picked":"Establishment","floor":14},{"not_picked":["Vault","Ragnarok"],"picked":"SpiritShield","floor":16},{"not_picked":["JustLucky","Protect"],"picked":"Crescendo","floor":18},{"not_picked":["Weave","EmptyFist"],"picked":"Sanctity","floor":20},{"not_picked":["Crescendo","FlurryOfBlows"],"picked":"Evaluate","floor":21}],"player_experience":180381,"relics_obtained":[{"floor":6,"key":"Blood Vial"},{"floor":8,"key":"Pear"},{"floor":9,"key":"Bottled Flame"},{"floor":12,"key":"Blue Candle"},{"floor":20,"key":"Red Mask"}],"event_choices":[{"damage_healed":0,"gold_gain":0,"player_choice":"Became a vampire (Vial)","damage_taken":0,"max_hp_gain":0,"max_hp_loss":0,"event_name":"Vampires","floor":19,"relics_lost":["Blood Vial"],"gold_loss":0,"cards_obtained":["Bite","Bite","Bite","Bite","Bite"]},{"damage_healed":0,"gold_gain":0,"player_choice":"Fought Bandits","damage_taken":0,"max_hp_gain":0,"max_hp_loss":0,"event_name":"Masked Bandits","floor":20,"gold_loss":0}],"is_beta":false,"boss_relics":[{"not_picked":["Philosopher\u0027s Stone","VioletLotus"],"picked":"Sozu"}],"items_purged_floors":[],"is_endless":false,"potions_floor_spawned":[1,2,4,6,7,13,18],"killed_by":"Book of Stabbing","ascension_level":2}}