{"host":"j4g6ia6asvpyu2b0","time":1611332442,"event":{"mods":["BaseMod","Colored Map","Minty Spire (QoL Compilation)","Permanent Neow","Quick Restart","Relic Stats","StSLib","Unceasing Turn Reminder"],"gold_per_floor":[359,369,379,42,61,61,96,96,172,204,204,219,247,1,1,73,73,90,61,61,61,85,110,110,124,147,147,182,182,23,56,56,56,56],"floor_reached":33,"language":"ENG","playtime":1443,"items_purged":["Strike_B"],"score":613,"play_id":"a13f2964-7a09-4628-b291-1ebe46a71512","local_time":"20210122092042","is_ascension_mode":true,"campfire_choices":[{"data":"Loop","floor":6,"key":"SMITH"},{"floor":8,"key":"REST"},{"floor":11,"key":"REST"},{"data":"Fission","floor":15,"key":"SMITH"},{"data":"Capacitor","floor":24,"key":"SMITH"},{"data":"Loop","floor":27,"key":"SMITH"},{"data":"Blizzard","floor":29,"key":"SMITH"},{"data":"Seek","floor":32,"key":"SMITH"}],"circlet_count":0,"master_deck":["AscendersBane","Defend_B","Defend_B","Defend_B","Defend_B","Zap","Dualcast","Conserve Battery","Capacitor+1","Coolheaded","Loop+1","Cold Snap","Loop+1","Barrage","Self Repair","Cold Snap+1","Blizzard+1","Fission+1","Reboot","Static Discharge+1","Coolheaded","Bite+1","Bite","Bite","Bite","Bite","Shame","Compile Driver","Static Discharge","Glacier","Seek+1"],"relics":["Cracked Core","Sling","Incense Burner","Cables","MealTicket","The Courier","Medical Kit","Coffee Dripper","Boot","Omamori","Whetstone","Mummified Hand","OrangePellets","Sundial"],"acts_visited":["Exordium","TheCity"],"potions_floor_usage":[7,13,23,23,23,23,28,28],"damage_taken":[{"damage":6.0,"enemies":"Cultist","floor":1.0,"turns":4.0},{"damage":4.0,"enemies":"2 Louse","floor":2.0,"turns":3.0},{"damage":11,"enemies":"Small Slimes","floor":3,"turns":3},{"damage":8,"enemies":"Blue Slaver","floor":5,"turns":6},{"damage":15,"enemies":"Lagavulin","floor":7,"turns":6},{"damage":21,"enemies":"Gremlin Nob","floor":10,"turns":5},{"damage":11,"enemies":"Exordium Wildlife","floor":12,"turns":3},{"damage":9,"enemies":"3 Sentries","floor":13,"turns":5},{"damage":7,"enemies":"Slime Boss","floor":16,"turns":10},{"damage":5,"enemies":"Shell Parasite","floor":18,"turns":7},{"damage":30,"enemies":"2 Thieves","floor":19,"turns":5},{"damage":19,"enemies":"Gremlin Leader","floor":23,"turns":12},{"damage":12,"enemies":"Centurion and Healer","floor":25,"turns":6},{"damage":31,"enemies":"Slavers","floor":28,"turns":5},{"damage":0,"enemies":"Gremlin Leader","floor":31,"turns":5},{"damage":66,"enemies":"Champ","floor":33,"turns":12}],"seed_played":"3720131876465288897","potions_obtained":[{"floor":1.0,"key":"Swift Potion"},{"floor":10,"key":"AttackPotion"},{"floor":16,"key":"EssenceOfSteel"},{"floor":19,"key":"EntropicBrew"},{"floor":28,"key":"GamblersBrew"}],"is_trial":false,"path_per_floor":["M","M","M","$","M","R","E","R","T","E","R","M","E","$","R","B",null,"M","M","?","?","T","E","R","M","T","R","E","R","$","E","R","B"],"character_chosen":"DEFECT","items_purchased":["Loop","Sling","Cold Snap","Fission","Medical Kit","OrangePellets","PowerPotion"],"campfire_rested":2,"item_purchase_floors":[4,4,4,14,14,30,30],"current_hp_per_floor":[40,36,25,25,17,17,2,23,23,2,23,19,10,25,25,25,60,62,39,39,39,39,41,41,48,48,48,29,29,44,49,49,0,0],"gold":56,"neow_bonus":"TWO_FIFTY_GOLD","is_daily":false,"chose_seed":false,"campfire_upgraded":6,"win_rate":0.0,"timestamp":1611332442,"path_taken":["M","M","?","$","M","R","E","R","T","E","R","M","E","?","R","BOSS","M","M","?","?","?","E","R","M","T","R","E","R","$","E","R","BOSS"],"items_purchased_type":["Card","Relic","Card","Card","Relic","Relic","Potion"],"build_version":"2020-12-22","purchased_purges":1,"victory":false,"max_hp_per_floor":[71,71,71,71,71,71,71,71,71,71,71,71,71,71,71,71,71,71,71,49,49,49,49,49,49,49,49,49,49,49,49,49,49,49],"relic_stats":{"OrangePellets":[3],"counters":[16,96],"Mummified Hand":[11],"Sundial":[0],"MealTicket":30,"Whetstone":["Cold Snap","Bite"],"Medical Kit":[2],"Boot":[33],"obtain_stats":[{"The Courier":13,"Incense Burner":7,"Omamori":23,"Whetstone":26,"Sling":4,"Medical Kit":14,"Boot":21,"Cables":9,"OrangePellets":30,"Mummified Hand":28,"Sundial":31,"MealTicket":10,"Coffee Dripper":17,"Cracked Core":0},{"The Courier":8,"Incense Burner":5,"Omamori":12,"Whetstone":13,"Sling":3,"Medical Kit":8,"Boot":11,"Cables":5,"OrangePellets":14,"Mummified Hand":14,"Sundial":15,"MealTicket":6,"Coffee Dripper":9,"Cracked Core":0},{"The Courier":35,"Incense Burner":22,"Omamori":69,"Whetstone":75,"Sling":10,"Medical Kit":35,"Boot":57,"Cables":22,"OrangePellets":79,"Mummified Hand":79,"Sundial":84,"MealTicket":27,"Coffee Dripper":45,"Cracked Core":0}],"Cables":[62,38,24,0,0]},"card_choices":[{"not_picked":["Streamline","Rebound"],"picked":"Conserve Battery","floor":1.0},{"not_picked":["Gash","Undo"],"picked":"Capacitor","floor":2},{"not_picked":["Heatsinks","Barrage"],"picked":"Coolheaded","floor":3},{"not_picked":["Skim","Cold Snap"],"picked":"Loop","floor":5},{"not_picked":["Go for the Eyes","Rip and Tear"],"picked":"Barrage","floor":7},{"not_picked":["All For One","Steam"],"picked":"Self Repair","floor":10},{"not_picked":["Hologram","Gash"],"picked":"Cold Snap","floor":12},{"not_picked":["Self Repair","Hologram"],"picked":"Blizzard","floor":13},{"not_picked":["All For One","Creative AI"],"picked":"Reboot","floor":16},{"not_picked":["Rebound","Steam"],"picked":"Static Discharge+1","floor":18},{"not_picked":["Barrage","Beam Cell"],"picked":"Coolheaded","floor":19},{"not_picked":["Steam Power","Auto Shields"],"picked":"Compile Driver","floor":23},{"not_picked":["Rebound","Sunder"],"picked":"Static Discharge","floor":25},{"not_picked":["Aggregate","Turbo"],"picked":"Glacier","floor":28},{"not_picked":["Steam Power","Leap"],"picked":"Seek","floor":31}],"player_experience":931494,"relics_obtained":[{"floor":7,"key":"Incense Burner"},{"floor":9,"key":"Cables"},{"floor":10,"key":"MealTicket"},{"floor":13,"key":"The Courier"},{"floor":23,"key":"Omamori"},{"floor":26,"key":"Whetstone"},{"floor":28,"key":"Mummified Hand"},{"floor":31,"key":"Sundial"}],"event_choices":[{"damage_healed":0,"gold_gain":0,"player_choice":"Became a vampire","damage_taken":0,"max_hp_gain":0,"max_hp_loss":22,"event_name":"Vampires","floor":20,"gold_loss":0,"cards_obtained":["Bite","Bite","Bite","Bite","Bite"]},{"damage_healed":0,"gold_gain":0,"player_choice":"Stole Relic","damage_taken":0,"relics_obtained":["Boot"],"max_hp_gain":0,"max_hp_loss":0,"event_name":"Addict","floor":21,"gold_loss":0,"cards_obtained":["Shame"]}],"is_beta":false,"boss_relics":[{"not_picked":["Tiny House","Busted Crown"],"picked":"Coffee Dripper"}],"items_purged_floors":[4],"is_endless":false,"potions_floor_spawned":[1,10,16,19,23,28],"killed_by":"Champ","ascension_level":14}}