{"host":"3a1ypf1irl30q4k8","time":1611336034,"event":{"mods":["AchievementEnabler","BaseMod","Bestiary","Colored Map","Minty Spire (QoL Compilation)","Relic Stats"],"gold_per_floor":[119,138,30,30,30,30,60,27,27,27,46,61,61,89,89,185,185,204,47,47,60,70,70,80,97,147,172,172,198,229,247,247,247,247],"floor_reached":33,"language":"ENG","playtime":1555,"items_purged":["Strike_R"],"score":439,"play_id":"0ba1a7c7-fe38-4849-a2ed-6ca69bbc2e1b","local_time":"20210122172034","is_ascension_mode":true,"campfire_choices":[{"data":"True Grit","floor":6,"key":"SMITH"},{"data":"True Grit","floor":10,"key":"SMITH"},{"data":"Carnage","floor":13,"key":"SMITH"},{"data":"Clothesline","floor":15,"key":"SMITH"},{"floor":23,"key":"REST"},{"floor":28,"key":"REST"},{"floor":32,"key":"REST"}],"circlet_count":0,"master_deck":["Strike_R","Strike_R","Strike_R","Strike_R","Defend_R","Defend_R","Defend_R","Defend_R","Bash","Clothesline+1","True Grit+1","Carnage+1","True Grit+1","Corruption+1","Feel No Pain","Anger","Burning Pact","Cleave","Reaper","Fire Breathing+1","Dark Shackles","Whirlwind","Iron Wave+1","Hemokinesis+1","Dark Embrace","Uppercut+1","Spot Weakness"],"relics":["Burning Blood","NeowsBlessing","White Beast Statue","Ancient Tea Set","PreservedInsect","Runic Cube","Akabeko","Pear","Bronze Scales","Red Mask"],"acts_visited":["Exordium","TheCity"],"potions_floor_usage":[14,16,21,21,25,27,27,30,30],"damage_taken":[{"damage":0,"enemies":"Cultist","floor":1,"turns":1},{"damage":0,"enemies":"Small Slimes","floor":2,"turns":1},{"damage":0,"enemies":"Lagavulin","floor":7,"turns":1},{"damage":0,"enemies":"2 Louse","floor":11,"turns":2},{"damage":4,"enemies":"2 Fungi Beasts","floor":12,"turns":4},{"damage":1,"enemies":"Gremlin Nob","floor":14,"turns":3},{"damage":89,"enemies":"Hexaghost","floor":16,"turns":11},{"damage":16,"enemies":"Spheric Guardian","floor":18,"turns":5},{"damage":35,"enemies":"2 Thieves","floor":21,"turns":4},{"damage":36,"enemies":"Sentry and Sphere","floor":22,"turns":6},{"damage":27,"enemies":"3 Cultists","floor":24,"turns":5},{"damage":28,"enemies":"Snecko","floor":25,"turns":6},{"damage":43,"enemies":"Book of Stabbing","floor":27,"turns":6},{"damage":0,"enemies":"Slavers","floor":29,"turns":1},{"damage":34,"enemies":"Masked Bandits","floor":30,"turns":7},{"damage":31,"enemies":"Snake Plant","floor":31,"turns":3},{"damage":55,"enemies":"Collector","floor":33,"turns":6}],"seed_played":"2424186871093362570","potions_obtained":[{"floor":7,"key":"EssenceOfSteel"},{"floor":11,"key":"FairyPotion"},{"floor":12,"key":"DistilledChaos"},{"floor":14,"key":"Dexterity Potion"},{"floor":16,"key":"Explosive Potion"},{"floor":18,"key":"BloodPotion"},{"floor":21,"key":"LiquidBronze"},{"floor":22,"key":"Ancient Potion"},{"floor":24,"key":"BloodPotion"},{"floor":25,"key":"Regen Potion"},{"floor":27,"key":"GamblersBrew"},{"floor":29,"key":"EssenceOfSteel"},{"floor":30,"key":"Strength Potion"},{"floor":31,"key":"EssenceOfSteel"}],"is_trial":false,"path_per_floor":["M","M","$","?","?","R","E","$","T","R","M","M","R","E","R","B",null,"M","$","?","M","M","R","M","M","T","E","R","E","?","M","R","B"],"character_chosen":"IRONCLAD","items_purchased":["Carnage","True Grit","Feel No Pain","Dark Shackles"],"campfire_rested":3,"item_purchase_floors":[3,3,8,19],"current_hp_per_floor":[80,80,80,68,73,73,79,79,79,79,85,85,85,85,85,31,85,75,75,75,63,33,58,49,50,50,41,69,75,50,25,53,0,0],"gold":247,"neow_bonus":"THREE_ENEMY_KILL","is_daily":false,"chose_seed":false,"campfire_upgraded":4,"win_rate":0.0,"timestamp":1611336034,"path_taken":["M","M","?","?","?","R","E","$","T","R","M","M","R","E","R","BOSS","M","$","?","M","?","R","M","M","T","E","R","E","?","M","R","BOSS"],"items_purchased_type":["Card","Card","Card","Card"],"build_version":"2020-12-22","purchased_purges":1,"victory":false,"max_hp_per_floor":[80,80,80,80,85,85,85,85,85,85,85,85,85,85,85,85,85,85,85,85,85,85,85,85,85,85,95,95,95,95,95,95,95,95],"relic_stats":{"counters":[17,72],"Bronze Scales":[49],"PreservedInsect":80,"obtain_stats":[{"Pear":27,"NeowsBlessing":0,"Bronze Scales":29,"PreservedInsect":14,"Red Mask":30,"Ancient Tea Set":7,"Burning Blood":0,"White Beast Statue":4,"Akabeko":26,"Runic Cube":17},{"Pear":13,"NeowsBlessing":0,"Bronze Scales":14,"PreservedInsect":6,"Red Mask":15,"Ancient Tea Set":3,"Burning Blood":0,"White Beast Statue":2,"Akabeko":12,"Runic Cube":7},{"Pear":55,"NeowsBlessing":0,"Bronze Scales":56,"PreservedInsect":12,"Red Mask":63,"Ancient Tea Set":3,"Burning Blood":0,"White Beast Statue":2,"Akabeko":49,"Runic Cube":23}],"Burning Blood":77,"Runic Cube":[41]},"card_choices":[{"not_picked":["Pommel Strike","Twin Strike"],"picked":"Clothesline","floor":1},{"not_picked":["Dual Wield","Armaments"],"picked":"True Grit","floor":2},{"not_picked":["Twin Strike","Sword Boomerang"],"picked":"Corruption","floor":7},{"not_picked":["Body Slam","Iron Wave"],"picked":"Anger","floor":11},{"not_picked":["Body Slam","Flex"],"picked":"Burning Pact","floor":12},{"not_picked":["Pommel Strike","Clash"],"picked":"Cleave","floor":14},{"not_picked":["Juggernaut","Demon Form"],"picked":"Reaper","floor":16},{"not_picked":["Wild Strike","Shrug It Off"],"picked":"Fire Breathing+1","floor":18},{"not_picked":["Wild Strike","Dropkick","Rampage"],"picked":"SKIP","floor":21},{"not_picked":["Perfected Strike","Heavy Blade"],"picked":"Whirlwind","floor":22},{"not_picked":["Perfected Strike","Headbutt"],"picked":"Iron Wave+1","floor":24},{"not_picked":["Fire Breathing","Heavy Blade"],"picked":"Hemokinesis+1","floor":25},{"not_picked":["Shrug It Off","Twin Strike"],"picked":"Dark Embrace","floor":27},{"not_picked":["Clash","True Grit"],"picked":"Uppercut+1","floor":29},{"not_picked":["Twin Strike","Wild Strike"],"picked":"Spot Weakness","floor":30},{"not_picked":["Whirlwind","Clash+1","Wild Strike+1"],"picked":"SKIP","floor":31}],"player_experience":1166448,"relics_obtained":[{"floor":7,"key":"Ancient Tea Set"},{"floor":14,"key":"PreservedInsect"},{"floor":26,"key":"Akabeko"},{"floor":27,"key":"Pear"},{"floor":29,"key":"Bronze Scales"},{"floor":30,"key":"Red Mask"}],"event_choices":[{"damage_healed":0,"gold_gain":0,"player_choice":"Success","damage_taken":12,"relics_obtained":["White Beast Statue"],"max_hp_gain":0,"max_hp_loss":0,"event_name":"Scrap Ooze","floor":4,"gold_loss":0},{"damage_healed":0,"gold_gain":0,"player_choice":"Donut","damage_taken":0,"max_hp_gain":5,"max_hp_loss":0,"event_name":"Big Fish","floor":5,"gold_loss":0},{"damage_healed":0,"gold_gain":0,"player_choice":"Forge","damage_taken":0,"max_hp_gain":0,"max_hp_loss":0,"event_name":"Accursed Blacksmith","floor":20,"gold_loss":0,"cards_upgraded":["Corruption"]},{"damage_healed":0,"gold_gain":0,"player_choice":"Fought Bandits","damage_taken":0,"max_hp_gain":0,"max_hp_loss":0,"event_name":"Masked Bandits","floor":30,"gold_loss":0}],"is_beta":false,"boss_relics":[{"not_picked":["Tiny House","Cursed Key"],"picked":"Runic Cube"}],"items_purged_floors":[19],"is_endless":false,"potions_floor_spawned":[7,11,12,14,16,18,21,22,24,25,27,29,30,31],"killed_by":"Collector","ascension_level":4}}