{"host":"xervbyl8oukkrn1w","time":1611356166,"event":{"mods":["BaseMod","Downfall","Hubris","Infinite Spire","Mad Scientist","Minty Spire (QoL Compilation)","Quick Restart","READ ME - Guardian Mod","Replay The Spire","Shade Mod","StSLib","The Blackbeard","The Cursed","The Elementalist","The Jungle","The Necromancer","The Runesmith"],"gold_per_floor":[99,99,109,4,22,22,48,68,68,84,97,115,40,40,57,152,152,102,112,123,50,50,60,86,118,118,68,87,118,118,132,149,250,250,0,18,32,51,51,1,1,16,30,45,45,64,81,81,99,194,194,44,60,60,77,87,106,132,197,231,244,263,363,313,488,505,605,605,555,575,575,625,645,645,670,689,782,810,820,853,327,327,327,327,339,444,444,394,406,459,471,471,81,110,60,60,60,10,21,21,41,51,152,152,102,117,117,148,148,148,182,182,132,147,97,97,47,47,67,167,167,117,130,100,100,113,63,91,41,41,41,58,8,22,22,32,135,135,85,104,114,131,131,206,235,246,297,297,45,45,109,109,109,109],"floor_reached":152,"language":"ENG","playtime":14226,"items_purged":[],"score":3026,"play_id":"a4c8bf57-1fb7-4f67-8c0a-96a3706acfcb","local_time":"20210122225606","is_ascension_mode":false,"campfire_choices":[{"floor":1,"key":"RECALL"},{"data":"Slimebound:Split","floor":6,"key":"SMITH"},{"floor":27,"key":"REST"},{"data":"Slimebound:MassFeed","floor":35,"key":"PURGE"},{"data":"Slimebound:DouseInSlime","floor":40,"key":"PURGE"},{"floor":45,"key":"REST"},{"data":"1","floor":64,"key":"LIFT"},{"data":"2","floor":69,"key":"LIFT"},{"data":"3","floor":88,"key":"LIFT"},{"floor":95,"key":"REST"},{"data":"Slimebound:Overexert","floor":98,"key":"PURGE"},{"floor":100,"key":"REST"},{"floor":105,"key":"DIG"},{"data":"Slimebound:Dissolve+1","floor":113,"key":"PURGE"},{"data":"Slimebound:MassRepurpose","floor":115,"key":"PURGE"},{"data":"Slimebound:OneTwoCombo","floor":117,"key":"PURGE"},{"floor":127,"key":"REST"},{"data":"Slimebound:DuplicatedForm+1","floor":129,"key":"PURGE"},{"data":"Slimebound:PrepareCrush","floor":131,"key":"PURGE"},{"floor":133,"key":"REST"}],"circlet_count":0,"master_deck":["elementalist:Earth_Emblem+1","elementalist:Water_Emblem+1","elementalist:Fire_Emblem+1","Slimebound:Tackle+1","Slimebound:Split+1","Slimebound:CorrosiveSpit+1","Slimebound:SlimeSpikes+1","Slimebound:SplitMire+1","expansioncontent:AwakenDeath+1","Slimebound:GoopSpray+1","Slimebound:ItLooksTasty+1","Pot Of Greed+1","Pot Of Greed+1","Slimebound:SplitLeeching+1","Slimebound:Equalize+1","Slimebound:SplitAcid+1","Slimebound:Schlurp+1","Slimebound:SplitBruiser+1","Slimebound:HauntingLick+1","Slimebound:SamplingLick+1","Slimebound:PressTheAttack+1","Slimebound:AcidTongue+1","Slimebound:Repurpose+1","hubris:DuctTapeCard","Slimebound:RejuvenatingLick+1","hubris:Fate+1","infinitespire:Collect+1","Slimebound:SlimeBarrage+1","Slimebound:PressTheAttack+1","Slimebound:RollThrough+1","Slimebound:PressTheAttack+1","Slimebound:LivingWall+1","Slimebound:RejuvenatingLick+1","Slimebound:LevelUp+1","Slimebound:RainOfGoop+1","Slimebound:SlimeBarrage+1","Slimebound:Schlurp+1","Slimebound:SlimeSpikes+1","Slimebound:FirmFortitude+1","Slimebound:SamplingLick+1","Slimebound:SamplingLick+1","Slimebound:HauntingLick+1","Slimebound:SlimeBarrage+1","Slimebound:ViciousTackle+1","Slimebound:SlimeBarrage+1","Slimebound:Nibble+1","Slimebound:Gluttony+1","Slimebound:DuplicatedForm+1","Slimebound:MegaLick+1","Doubt","Slimebound:RallyTheTroops+1","infinitespire:FutureSight+1","Slimebound:Dissolve+1","infinitespire:UltimateForm+1","Slimebound:SelfFormingGoo+1","Slimebound:LivingWall+1","Slimebound:LeadByExample+1","expansioncontent:QuickStudy+1","Slimebound:Repurpose+1","Slimebound:SlimeTap+1","Slimebound:MegaLick+1","expansioncontent:HyperBeam+1","expansioncontent:DashGenerateEvil+1","Slimebound:LeadByExample+1","Slimebound:Overexert+1","hubris:Compulsion","champ:Taunt+1","Slimebound:Teamwork+1","Dramatic Entrance+1","Slimebound:MegaLick+1","Slimebound:WasteNot+1","Slimebound:FormOfPuddle+1","Slimebound:SamplingLick+1","Slimebound:SamplingLick+1","Slimebound:HauntingLick+1","Slimebound:SelfFormingGoo+1","Evolve+1","Hemogenesis+1","Pride","Slimebound:Grow+1","Slimebound:Replication+1","sneckomod:UnknownClassWHITE+1","Slimebound:LevelUp+1","Slimebound:SpikyOuterGoop+1","Slimebound:MassRepurpose+1","Slimebound:MegaLick+1","Slimebound:RejuvenatingLick+1","Slimebound:SlimeBrawl+1","Slimebound:LivingWall+1","Slimebound:Darklings"],"relics":["elementalistmod:GreenCirclet","Ring of Searing","Ring of Hypnosis","Slimebound:GreedOozeRelic","Slimebound:ScrapOozeRelic","Honey Jar","Girya","Ancient Tea Set","hubris:DuctTape","Art of War","Pandora\u0027s Box","Mirror","Replay:Grab Bag","Fusion Hammer","Sozu","hubris:ScarierMask","ReplayTheSpireMod:TigerMarble","Counterbalance","hubris:TerracottaHorce","theJungle:SneckoAutograph","hubris:DeckOfHolding","TheAbacus","Oddly Smooth Stone","theJungle:WildPear","ReplayTheSpireMod:SealedPack","hubris:AstralHammer","hubris:Icosahedron","OrangePellets","Ornamental Fan","Runic Dome","Frozen Egg 2","SlaversCollar","hubris:Reverence","m_BurningSludge","hubris:Towel","Ring of Chaos","Replay:Mystery Machine","Runesmith:UraniumAnvil","Thread and Needle","Shuriken","Bag of Preparation"],"acts_visited":["Exordium","TheCity","TheBeyond","Exordium","theJungle:Jungle","TheBeyond","Exordium","TheCity","TheBeyond"],"potions_floor_usage":[16,16,21,21,33,33,33,50,50,50,50,67],"damage_taken":[{"damage":15,"enemies":"Jaw Worm","floor":3,"turns":5},{"damage":0,"enemies":"downfall:FleeingMerchant","floor":4,"turns":4},{"damage":9,"enemies":"Cultist","floor":5,"turns":3},{"damage":0,"enemies":"Small Slimes","floor":8,"turns":4},{"damage":12,"enemies":"3 Louse","floor":10,"turns":3},{"damage":20,"enemies":"Exordium Thugs","floor":11,"turns":3},{"damage":11,"enemies":"Exordium Wildlife","floor":12,"turns":4},{"damage":9,"enemies":"Lots of Slimes","floor":15,"turns":4},{"damage":26,"enemies":"DF_ARCHETYPE_STREAMLINE","floor":16,"turns":7},{"damage":20,"enemies":"Shell Parasite","floor":19,"turns":3},{"damage":17,"enemies":"Chosen","floor":20,"turns":3},{"damage":25,"enemies":"downfall:FleeingMerchant","floor":21,"turns":4},{"damage":9,"enemies":"Snake Plant","floor":23,"turns":3},{"damage":15,"enemies":"Replay:Snechameleon","floor":25,"turns":5},{"damage":15,"enemies":"Centurion and Healer","floor":28,"turns":4},{"damage":49,"enemies":"Nightmare","floor":29,"turns":7},{"damage":36,"enemies":"Sentry and Sphere","floor":31,"turns":4},{"damage":9,"enemies":"Shelled Parasite and Fungi","floor":32,"turns":3},{"damage":0,"enemies":"WA_ARCHETYPE_CALM","floor":33,"turns":6},{"damage":42,"enemies":"3 Shapes","floor":36,"turns":3},{"damage":8,"enemies":"Orb Walker","floor":37,"turns":2},{"damage":39,"enemies":"Sphere and 2 Shapes","floor":38,"turns":4},{"damage":24,"enemies":"Maw","floor":42,"turns":4},{"damage":65,"enemies":"4 Shapes","floor":43,"turns":3},{"damage":28,"enemies":"Spire Growth","floor":44,"turns":3},{"damage":15,"enemies":"Transient","floor":46,"turns":5},{"damage":28,"enemies":"4 Shapes","floor":47,"turns":3},{"damage":19,"enemies":"Maw","floor":49,"turns":3},{"damage":104,"enemies":"IC_BLOCK_ARCHETYPE","floor":50,"turns":9},{"damage":0,"enemies":"Small Slimes","floor":53,"turns":1},{"damage":0,"enemies":"2 Louse","floor":55,"turns":1},{"damage":33,"enemies":"Jaw Worm","floor":56,"turns":2},{"damage":12,"enemies":"Blue Slaver","floor":57,"turns":2},{"damage":5,"enemies":"Gremlin Nob","floor":59,"turns":2},{"damage":10,"enemies":"Lagavulin","floor":60,"turns":3},{"damage":19,"enemies":"Large Slime","floor":61,"turns":3},{"damage":5,"enemies":"Exordium Wildlife","floor":62,"turns":2},{"damage":11,"enemies":"downfall:Heads","floor":63,"turns":2},{"damage":7,"enemies":"Red Slaver","floor":66,"turns":2},{"damage":21,"enemies":"The Guardian","floor":67,"turns":3},{"damage":6,"enemies":"theJungle:Flameango_and_Byrd","floor":70,"turns":2},{"damage":5,"enemies":"theJungle:GiantWrat","floor":73,"turns":2},{"damage":0,"enemies":"Nightmare","floor":75,"turns":1},{"damage":8,"enemies":"theJungle:JungleHuntersEncounter","floor":76,"turns":2},{"damage":0,"enemies":"downfall:FleeingMerchant","floor":77,"turns":2},{"damage":0,"enemies":"theJungle:Cassacara","floor":78,"turns":1},{"damage":5,"enemies":"theJungle:Lyon","floor":79,"turns":2},{"damage":5,"enemies":"theJungle:MamaSnecko","floor":80,"turns":2},{"damage":5,"enemies":"theJungle:Snecko_Cultist_And_Trap","floor":85,"turns":2},{"damage":36,"enemies":"theJungle:QueenSpyder","floor":86,"turns":8},{"damage":29,"enemies":"Orb Walker","floor":89,"turns":2},{"damage":18,"enemies":"2 Orb Walkers","floor":90,"turns":2},{"damage":4,"enemies":"3 Shapes","floor":91,"turns":3},{"damage":30,"enemies":"Giant Head","floor":94,"turns":5},{"damage":45,"enemies":"Maw","floor":99,"turns":5},{"damage":5,"enemies":"3 Darklings","floor":101,"turns":2},{"damage":19,"enemies":"Sphere and 2 Shapes","floor":102,"turns":2},{"damage":0,"enemies":"hubris:GrandSnecko","floor":103,"turns":1},{"damage":0,"enemies":"Small Slimes","floor":106,"turns":1},{"damage":5,"enemies":"Lagavulin","floor":108,"turns":2},{"damage":10,"enemies":"Gremlin Nob","floor":111,"turns":3},{"damage":0,"enemies":"Cultist","floor":114,"turns":1},{"damage":33,"enemies":"Jaw Worm","floor":116,"turns":2},{"damage":0,"enemies":"Gremlin Gang","floor":119,"turns":1},{"damage":10,"enemies":"Slime Boss","floor":120,"turns":4},{"damage":0,"enemies":"3 Byrds","floor":123,"turns":1},{"damage":25,"enemies":"Centurion and Healer","floor":124,"turns":2},{"damage":5,"enemies":"3 Cultists","floor":126,"turns":2},{"damage":37,"enemies":"Book of Stabbing","floor":128,"turns":3},{"damage":0,"enemies":"Snake Plant","floor":132,"turns":2},{"damage":5,"enemies":"Centurion and Healer","floor":134,"turns":2},{"damage":0,"enemies":"Shelled Parasite and Fungi","floor":136,"turns":1},{"damage":25,"enemies":"Champ","floor":137,"turns":3},{"damage":45,"enemies":"Orb Walker","floor":140,"turns":2},{"damage":22,"enemies":"3 Shapes","floor":141,"turns":2},{"damage":0,"enemies":"Jaw Worm Horde","floor":142,"turns":3},{"damage":51,"enemies":"Reptomancer","floor":145,"turns":3},{"damage":0,"enemies":"Transient","floor":146,"turns":5},{"damage":24,"enemies":"2 Orb Walkers","floor":147,"turns":2},{"damage":12,"enemies":"Nemesis","floor":152,"turns":2}],"seed_played":"-3971363574182212843","potions_obtained":[{"floor":8,"key":"bronze:BurnAndBuffPotion"},{"floor":12,"key":"Strength Potion"},{"floor":15,"key":"FairyPotion"},{"floor":16,"key":"ColorlessPotion"},{"floor":19,"key":"Languid Potion"},{"floor":20,"key":"PowerPotion"},{"floor":25,"key":"sneckomod:MuddlingPotion"},{"floor":26,"key":"EssenceOfSteel"},{"floor":26,"key":"GamblersBrew"},{"floor":26,"key":"Fire Potion"},{"floor":32,"key":"Slimebound:SlimedPotion"},{"floor":38,"key":"Ancient Potion"},{"floor":46,"key":"PowerPotion"},{"floor":47,"key":"SpeedPotion"},{"floor":50,"key":"Weak Potion"}],"is_trial":false,"path_per_floor":["R","?","M","$","M","R","T","M","?","M","M","M","?","?","M","B",null,"R","M","M","$","?","M","T","E","?","R","M","NM","AVR","M","M","B",null,"R","M","M","M","?","R","T","M","M","M","R","M","M","?","M","B",null,"R","M","?","M","M","M","T","?","E","M","M","?","R","?","M","B",null,"R","M","?","?","M","AVR","NM","M","$","E","M","E","$","PTL","PTL","?","M","B",null,"R","M","?","M","?","$","E","R","$","AVR","R","M","R","M","M","B",null,"R","M","?","E","?","$","E","AVR","R","M","R","M","R","?","M","B",null,"R","M","M","?","M","R","E","R","?","R","M","R","M","?","M","B",null,"R","M","M","M","?","?","E","M","?","?","$","?","?","E"],"character_chosen":"SLIMEBOUND","items_purchased":["expansioncontent:AwakenDeath","Slimebound:AcidTongue","Slimebound:LeadByExample","expansioncontent:QuickStudy","Oddly Smooth Stone","Slimebound:MegaLick","expansioncontent:HyperBeam","expansioncontent:DashGenerateEvil","Slimebound:LeadByExample","OrangePellets","Ornamental Fan","Shuriken"],"campfire_rested":6,"item_purchase_floors":[4,21,77,77,81,81,81,81,81,93,93,149],"current_hp_per_floor":[71,71,58,60,53,53,53,57,57,49,33,28,28,28,21,3,71,71,56,51,40,40,33,33,32,32,54,55,18,18,4,33,49,74,74,58,52,51,51,51,51,55,20,16,38,74,50,50,33,20,74,84,84,84,84,68,60,60,63,61,58,55,48,48,48,43,42,74,74,72,72,72,69,69,69,63,73,73,70,65,65,65,65,75,74,50,83,83,60,44,48,48,48,49,77,77,77,77,44,72,75,73,73,89,89,89,89,86,86,86,84,84,84,94,94,65,65,65,71,81,91,91,94,75,75,74,94,61,61,61,61,65,93,94,94,94,84,92,94,53,40,48,48,84,45,57,43,43,43,43,10,0,0,0],"gold":109,"neow_bonus":"TEN_PERCENT_HP_BONUS","is_daily":false,"chose_seed":false,"campfire_upgraded":1,"win_rate":0.0,"timestamp":1611356166,"path_taken":["R","?","M","$","M","R","T","M","?","M","?","M","?","?","M","BOSS","R","M","M","$","?","M","T","E","?","R","?","NM","AVR","M","M","BOSS","R","M","M","M","?","R","T","M","?","M","R","?","M","?","M","BOSS","R","M","?","M","M","M","T","?","E","M","M","?","R","?","M","BOSS","R","M","?","?","M","AVR","NM","M","$","E","M","E","$","PTL","PTL","?","M","BOSS","R","M","?","M","?","$","E","R","?","AVR","R","M","R","?","M","BOSS","R","M","?","?","?","?","E","AVR","R","M","R","M","R","?","M","BOSS","R","M","M","?","M","R","E","R","?","R","M","R","?","?","M","BOSS","R","M","M","M","?","?","E","?","?","?","$","?","?","E"],"items_purchased_type":["Card","Card","Card","Card","Relic","Card","Card","Card","Card","Relic","Relic","Relic"],"build_version":"2020-12-22","purchased_purges":0,"victory":false,"max_hp_per_floor":[71,71,71,71,71,71,71,71,71,71,71,71,71,71,71,71,71,71,74,74,74,74,74,74,74,74,74,74,74,74,74,74,74,74,74,74,74,74,74,74,74,74,74,74,74,74,74,74,74,74,74,84,84,84,84,84,84,84,84,84,84,84,84,84,84,84,84,84,84,84,84,84,84,84,84,84,84,84,84,84,84,84,84,94,94,94,94,94,94,94,94,94,94,94,94,94,94,94,94,94,94,94,94,94,94,94,94,94,94,94,94,94,94,94,94,94,94,94,94,94,94,94,94,94,94,94,94,94,94,94,94,94,94,94,94,94,94,94,94,94,94,94,84,84,84,84,84,84,84,84,84,84,84,84],"card_choices":[{"not_picked":["Slimebound:Nibble","Slimebound:LivingWall"],"picked":"Slimebound:SlimeSpikes","floor":3},{"not_picked":["Slimebound:LeechEnergy","Slimebound:RainOfGoop"],"picked":"Slimebound:SplitMire","floor":4},{"not_picked":["Slimebound:Equalize","Slimebound:SlimeSpikes"],"picked":"Slimebound:GoopSpray","floor":5},{"not_picked":["Slimebound:HauntingLick","Slimebound:Replication"],"picked":"Slimebound:SplitLeeching","floor":8},{"not_picked":["Slimebound:Gluttony","Slimebound:SlimeSpikes"],"picked":"Slimebound:DouseInSlime","floor":10},{"not_picked":["Slimebound:SamplingLick","Slimebound:LivingWall"],"picked":"Slimebound:Equalize","floor":11},{"not_picked":["Slimebound:ForwardTackle","Slimebound:FinishingTackle"],"picked":"Slimebound:LivingWall","floor":12},{"not_picked":["Slimebound:Prepare","Slimebound:TongueLash"],"picked":"Slimebound:SplitAcid","floor":15},{"not_picked":["Slimebound:DouseInSlime","Slimebound:LeechLife"],"picked":"Slimebound:MassFeed","floor":16},{"not_picked":["Slimebound:WasteNot","Slimebound:SplitLeeching","Slimebound:Replication"],"picked":"Slimebound:HauntingLick","floor":19},{"not_picked":["Slimebound:Prepare+1","Slimebound:Gluttony+1","Slimebound:ComboTackle"],"picked":"Slimebound:SamplingLick+1","floor":20},{"not_picked":["Slimebound:SelfFormingGoo","Slimebound:SplitAcid+1","Slimebound:SlimeSpikes"],"picked":"Slimebound:PressTheAttack","floor":21},{"not_picked":["Slimebound:LivingWall","Slimebound:GrowthPunch","Slimebound:SamplingLick"],"picked":"Slimebound:Repurpose+1","floor":23},{"not_picked":["Slimebound:BestDefense+1","Slimebound:SplitAcid","Slimebound:RollThrough"],"picked":"Slimebound:SlimeBrawl+1","floor":25},{"not_picked":["Slimebound:SplitBruiser","Slimebound:ForwardTackle","Slimebound:LeechingTouch"],"picked":"Slimebound:Equalize+1","floor":28},{"not_picked":["Slimebound:ItLooksTasty","Slimebound:ForwardTackle","Slimebound:Replication"],"picked":"Slimebound:RejuvenatingLick","floor":29},{"not_picked":["Slimebound:SplitLeeching","Slimebound:Replication","Slimebound:PressTheAttack"],"picked":"Slimebound:SlimeBarrage+1","floor":31},{"not_picked":["Slimebound:Equalize","Slimebound:ComboTackle","Slimebound:Chomp"],"picked":"Slimebound:Dissolve+1","floor":32},{"not_picked":["Slimebound:MinionMaster","Slimebound:Overexert","Slimebound:MassFeed"],"picked":"Slimebound:LeechLife","floor":33},{"not_picked":["Slimebound:GoopSpray+1","Slimebound:RollThrough+1","Slimebound:LivingWall+1"],"picked":"Slimebound:RainOfGoop+1","floor":36},{"not_picked":["Slimebound:Gluttony","Slimebound:ProtectTheBoss","Slimebound:RainOfGoop"],"picked":"Slimebound:SlimeBarrage+1","floor":37},{"not_picked":["Slimebound:SplitLeeching","Slimebound:RainOfGoop","Slimebound:Nibble+1"],"picked":"Slimebound:Schlurp+1","floor":38},{"not_picked":["Slimebound:GoopSpray","Slimebound:Dissolve","Slimebound:HauntingLick"],"picked":"Slimebound:FirmFortitude","floor":42},{"not_picked":["Slimebound:Repurpose","Slimebound:ItLooksTasty","Slimebound:GoopTackle"],"picked":"Slimebound:SamplingLick","floor":43},{"not_picked":["Slimebound:SplitAcid","Slimebound:Prepare","Slimebound:SplitMire"],"picked":"Slimebound:SamplingLick+1","floor":44},{"not_picked":["Slimebound:DisruptingSlam+1","Slimebound:LeechEnergy","Slimebound:AcidTongue"],"picked":"Slimebound:SlimeBarrage+1","floor":46},{"not_picked":["Slimebound:SplitMire+1","Slimebound:FirmFortitude","Slimebound:BestDefense"],"picked":"Slimebound:ViciousTackle+1","floor":47},{"not_picked":["Slimebound:Nibble+1","Slimebound:Prepare+1","Slimebound:ComboTackle"],"picked":"Slimebound:SlimeBarrage+1","floor":49},{"not_picked":["Slimebound:Overexert","Slimebound:FirmFortitude","Slimebound:Teamwork"],"picked":"Slimebound:DuplicatedForm","floor":50},{"not_picked":["Slimebound:GoopTackle","Slimebound:FlameTackle","Slimebound:Prepare","Slimebound:ComboTackle"],"picked":"SKIP","floor":53},{"not_picked":["Slimebound:LeechEnergy","Slimebound:FormOfPuddle","Slimebound:DuplicatedForm"],"picked":"Slimebound:Nibble","floor":55},{"not_picked":["Slimebound:SlimeBrawl","Slimebound:LivingWall","Slimebound:AcidTongue","Slimebound:ForwardTackle"],"picked":"SKIP","floor":56},{"not_picked":["Slimebound:DisruptingSlam","Slimebound:AcidTongue","Slimebound:RollThrough","Slimebound:Schlurp"],"picked":"SKIP","floor":57},{"not_picked":["Slimebound:SplitAcid","Slimebound:ItLooksTasty","Slimebound:FinishingTackle"],"picked":"Slimebound:Gluttony","floor":60},{"not_picked":["Slimebound:PressTheAttack","Slimebound:SplitMire","Slimebound:RainOfGoop","Slimebound:LeechEnergy"],"picked":"SKIP","floor":61},{"not_picked":["Slimebound:ViciousTackle","Slimebound:ItLooksTasty","Slimebound:LivingWall","Slimebound:Prepare"],"picked":"SKIP","floor":62},{"not_picked":["Slimebound:TongueLash","Slimebound:SplitAcid","Slimebound:PressTheAttack"],"picked":"Slimebound:MegaLick","floor":63},{"not_picked":["Slimebound:Schlurp","Slimebound:DouseInSlime","Slimebound:PressTheAttack","Slimebound:Repurpose"],"picked":"SKIP","floor":66},{"not_picked":["Slimebound:OneTwoCombo","Slimebound:PrepareCrush","Slimebound:Overexert"],"picked":"Slimebound:RallyTheTroops","floor":67},{"not_picked":["infinitespire:Starlight","infinitespire:Gouge"],"picked":"infinitespire:FutureSight","floor":68},{"not_picked":["Slimebound:Prepare+1","Slimebound:Equalize","Slimebound:LevelUp+1","Slimebound:ProtectTheBoss+1"],"picked":"SKIP","floor":70},{"not_picked":["Slimebound:LeechLife","Slimebound:PressTheAttack","Slimebound:SlimeSpikes"],"picked":"Slimebound:Dissolve","floor":73},{"not_picked":["Slimebound:SplitAcid","Slimebound:FinishingTackle","Slimebound:RollThrough"],"picked":"Slimebound:SelfFormingGoo","floor":75},{"not_picked":["Slimebound:GoopSpray","Slimebound:Prepare","Slimebound:Chomp"],"picked":"Slimebound:LivingWall+1","floor":76},{"not_picked":["Slimebound:PressTheAttack","Slimebound:LeechingTouch","Slimebound:SplitAcid","Slimebound:SlimeSpikes"],"picked":"SKIP","floor":77},{"not_picked":["Slimebound:SlimeSpikes","Slimebound:Schlurp","Slimebound:SplitBruiser"],"picked":"Slimebound:Repurpose+1","floor":78},{"not_picked":["Slimebound:GoopTackle","Slimebound:Teamwork","Slimebound:PressTheAttack","Slimebound:SplitBruiser+1"],"picked":"SKIP","floor":79},{"not_picked":["Slimebound:RollThrough+1","Slimebound:LivingWall+1","Slimebound:LevelUp"],"picked":"Slimebound:SlimeTap+1","floor":80},{"not_picked":["Slimebound:FlameTackle","Slimebound:Schlurp","Slimebound:Replication"],"picked":"Slimebound:Overexert","floor":85},{"not_picked":["Slimebound:DuplicatedForm","Slimebound:FirmFortitude","Slimebound:OneTwoCombo"],"picked":"Slimebound:Overexert","floor":86},{"not_picked":["Shade:CarefulCut","m_Survivalism","Vigilance"],"picked":"champ:Taunt","floor":87},{"not_picked":["Slimebound:MassFeed","Slimebound:FirmFortitude","Slimebound:Overexert"],"picked":"Slimebound:Teamwork","floor":87},{"not_picked":["ReplayTheSpireMod:Uncanny Aura","Good Instincts","Replay:Parry"],"picked":"Dramatic Entrance","floor":87},{"not_picked":["infinitespire:FutureSight","infinitespire:SevenWalls","infinitespire:Collect"],"picked":"infinitespire:SealOfDarkness+","floor":87},{"not_picked":["Slimebound:Schlurp","Slimebound:PressTheAttack+1","Slimebound:ComboTackle+1","Slimebound:ViciousTackle+1"],"picked":"SKIP","floor":89},{"not_picked":["Slimebound:LeadByExample+1","Slimebound:SlimeSpikes","Slimebound:SplitBruiser","Slimebound:TongueLash"],"picked":"SKIP","floor":91},{"not_picked":["Slimebound:SplitBruiser","Slimebound:RallyTheTroops","Slimebound:Prepare"],"picked":"Slimebound:WasteNot","floor":94},{"not_picked":["Slimebound:PrepareCrush","Slimebound:SplitBruiser+1","Slimebound:ProtectTheBoss+1"],"picked":"Slimebound:SamplingLick+1","floor":99},{"not_picked":["Slimebound:SplitLeeching","Slimebound:Chomp+1","Slimebound:HauntingLick+1"],"picked":"Slimebound:SamplingLick+1","floor":101},{"not_picked":["Slimebound:SplitBruiser+1","Slimebound:Schlurp","Slimebound:ItLooksTasty+1"],"picked":"Slimebound:HauntingLick","floor":102},{"not_picked":["Slimebound:DuplicatedForm+1","Slimebound:RallyTheTroops","Slimebound:WasteNot"],"picked":"Slimebound:SelfFormingGoo+1","floor":103},{"not_picked":["Slimebound:SplitLeeching","Slimebound:RainOfGoop","Slimebound:ItLooksTasty","Slimebound:ComboTackle"],"picked":"SKIP","floor":106},{"not_picked":["Slimebound:SamplingLick","Slimebound:Schlurp","Slimebound:SplitBruiser","Slimebound:ViciousTackle"],"picked":"SKIP","floor":108},{"not_picked":["Slimebound:SlimeSpikes","Slimebound:LeadByExample+1","Slimebound:ProtectTheBoss+1"],"picked":"Slimebound:OneTwoCombo","floor":111},{"not_picked":["Slimebound:AcidTongue+1","Slimebound:LeechingTouch","Slimebound:Schlurp","Slimebound:SplitAcid"],"picked":"SKIP","floor":114},{"not_picked":["Slimebound:BestDefense+1","Slimebound:Schlurp","Slimebound:SplitMire","Slimebound:SplitAcid"],"picked":"SKIP","floor":116},{"not_picked":["Slimebound:SplitLeeching","Slimebound:GoopSpray","Slimebound:Replication"],"picked":"Evolve+1","floor":119},{"not_picked":["Slimebound:Overexert+1","Slimebound:WasteNot","Slimebound:DuplicatedForm+1"],"picked":"Hemogenesis","floor":120},{"not_picked":["Slimebound:FlameTackle","Slimebound:GoopSpray","Slimebound:ViciousTackle","Slimebound:SplitBruiser"],"picked":"SKIP","floor":123},{"not_picked":["Slimebound:HauntingLick","Slimebound:SamplingLick+1","Slimebound:RollThrough+1","Slimebound:GrowthPunch"],"picked":"SKIP","floor":124},{"not_picked":["Slimebound:FirmFortitude","Slimebound:GoopSpray","Slimebound:ViciousTackle+1"],"picked":"Slimebound:Grow+1","floor":126},{"not_picked":["Slimebound:ProtectTheBoss+1","Slimebound:GoopTackle+1","Slimebound:Teamwork"],"picked":"Slimebound:Replication","floor":128},{"not_picked":["Slimebound:SamplingLick+1","Slimebound:TongueLash","Slimebound:FormOfPuddle+1"],"picked":"Slimebound:LevelUp+1","floor":132},{"not_picked":["Slimebound:FormOfPuddle","Slimebound:SplitMire","Slimebound:Repurpose","Slimebound:LeechEnergy"],"picked":"SKIP","floor":134},{"not_picked":["Slimebound:Equalize","Slimebound:Grow+1","Slimebound:SamplingLick"],"picked":"Slimebound:SpikyOuterGoop+1","floor":136},{"not_picked":["Slimebound:OozeBath","Slimebound:WasteNot","Slimebound:RallyTheTroops"],"picked":"Slimebound:MassRepurpose","floor":137},{"not_picked":["Slimebound:SplitAcid+1","Slimebound:WasteNot","Slimebound:GoopTackle+1"],"picked":"Slimebound:RejuvenatingLick+1","floor":140},{"not_picked":["Slimebound:ViciousTackle","Slimebound:ComboTackle","Slimebound:SplitAcid","Slimebound:SlimeTap"],"picked":"SKIP","floor":141},{"not_picked":["Slimebound:LivingWall+1","Slimebound:FinishingTackle","Slimebound:Dissolve+1"],"picked":"Slimebound:SlimeBrawl+1","floor":142},{"not_picked":["Slimebound:FinishingTackle+1","Slimebound:LeechingTouch","Slimebound:WasteNot"],"picked":"Slimebound:LivingWall+1","floor":145},{"not_picked":["Slimebound:Prepare","Slimebound:GoopTackle+1","Slimebound:Nibble","Slimebound:ItLooksTasty+1"],"picked":"SKIP","floor":146}],"player_experience":72883,"relics_obtained":[{"floor":7,"key":"Grinning Jar"},{"floor":9,"key":"Ring of Searing"},{"floor":9,"key":"Ring of Hypnosis"},{"floor":25,"key":"Ancient Tea Set"},{"floor":29,"key":"hubris:DuctTape"},{"floor":41,"key":"Mirror"},{"floor":58,"key":"ReplayTheSpireMod:TigerMarble"},{"floor":59,"key":"Counterbalance"},{"floor":90,"key":"hubris:AstralHammer"},{"floor":105,"key":"hubris:Reverence"},{"floor":147,"key":"Thread and Needle"},{"floor":151,"key":"Bag of Preparation"}],"event_choices":[{"damage_healed":0,"gold_gain":0,"player_choice":"Stole Relic","damage_taken":0,"relics_obtained":["Girya"],"max_hp_gain":0,"max_hp_loss":0,"event_name":"Addict","floor":22,"gold_loss":0,"cards_obtained":["Pride"]},{"damage_healed":0,"gold_gain":0,"player_choice":"Got Potions","damage_taken":0,"max_hp_gain":0,"max_hp_loss":0,"event_name":"Lab","floor":26,"gold_loss":0},{"damage_healed":0,"gold_gain":0,"player_choice":"Fight","damage_taken":0,"max_hp_gain":0,"max_hp_loss":0,"event_name":"Mysterious Sphere","floor":90,"gold_loss":0},{"damage_healed":0,"gold_gain":0,"player_choice":"Stole Relic","damage_taken":0,"relics_obtained":["Replay:Mystery Machine"],"max_hp_gain":0,"max_hp_loss":0,"event_name":"Addict","floor":125,"gold_loss":0,"cards_obtained":["Pride"]},{"damage_healed":0,"gold_gain":0,"player_choice":"Read","damage_taken":0,"max_hp_gain":0,"max_hp_loss":0,"event_name":"The Library","floor":130,"gold_loss":0,"cards_obtained":["sneckomod:UnknownClassWHITE"]},{"damage_healed":0,"gold_gain":0,"player_choice":"Fight","damage_taken":0,"max_hp_gain":0,"max_hp_loss":0,"event_name":"Mysterious Sphere","floor":147,"gold_loss":0},{"cards_removed":["Slimebound:LivingWall"],"damage_healed":0,"gold_gain":0,"player_choice":"Removed Skill","damage_taken":0,"max_hp_gain":0,"max_hp_loss":0,"event_name":"Falling","floor":148,"gold_loss":0}],"is_beta":false,"boss_relics":[{"not_picked":["Replay:Drink Me","infinitespire:Cupcake"],"picked":"Honey Jar"},{"not_picked":["Philosopher\u0027s Stone","Tiny House"],"picked":"Pandora\u0027s Box"},{"not_picked":["Coffee Dripper","Snecko Eye"],"picked":"Replay:Grab Bag"},{"not_picked":["Busted Crown","Replay:Bronze Core"],"picked":"Fusion Hammer"},{"not_picked":["hubris:RunicObelisk","Painkiller Herb"],"picked":"Sozu"},{"not_picked":["Empty Cage","Kintsugi"],"picked":"hubris:ScarierMask"},{"not_picked":["Velvet Choker","Cursed Key"],"picked":"hubris:TerracottaHorce"},{"not_picked":["Replay:Ancient Bell","Snecko Eye"],"picked":"ReplayTheSpireMod:SealedPack"},{"not_picked":["Replay:Drink Me","hubris:Stopwatch"],"picked":"SlaversCollar"},{"not_picked":["ReplayTheSpireMod:Onyx Gauntlets","Runic Pyramid"],"picked":"Ring of Chaos"},{"not_picked":["Cursed Key","Coffee Dripper"],"picked":"Runesmith:UraniumAnvil"}],"items_purged_floors":[],"is_endless":true,"potions_floor_spawned":[8,12,15,16,19,20,25,32,38,46,47,50,55,56,59,62,66,67,75,78,79,85,86,94,99,101,102,103,106,108,114,119,126,134,136,140,141,146,147],"killed_by":"Nemesis","ascension_level":0}}