{"host":"15dd7v8o90xso62x","time":1611329219,"event":{"mods":["BaseMod","Minty Spire (QoL Compilation)","Quick Restart","StSLib","SuperFastMode"],"gold_per_floor":[118,268,43,43,43,43,73,86,112,139,59,59,76,96,96,170,170,181,96,51,51,66,66,97,97,97,109,119,119,35,49,49,126,126,138,155,155,155,39,68,68,68,118,146,146,27,27,52,52,52,52],"floor_reached":52,"language":"KOR","playtime":2903,"items_purged":["Doubt","Strike_B","Defend_B","Defend_B"],"score":1939,"play_id":"a8eed4fa-a619-45dc-b4c0-3887fcb1b75d","local_time":"20210123002659","is_ascension_mode":true,"campfire_choices":[{"data":"Zap","floor":6.0,"key":"SMITH"},{"data":"Dualcast","floor":12.0,"key":"SMITH"},{"data":"Coolheaded","floor":15.0,"key":"SMITH"},{"data":"Hologram","floor":23.0,"key":"SMITH"},{"data":"Biased Cognition","floor":29.0,"key":"SMITH"},{"data":"Barrage","floor":32.0,"key":"SMITH"},{"data":"Defragment","floor":41,"key":"SMITH"},{"data":"Capacitor","floor":45,"key":"SMITH"},{"data":"Thunder Strike","floor":47,"key":"SMITH"},{"data":"Jack Of All Trades","floor":49,"key":"SMITH"}],"circlet_count":0,"master_deck":["AscendersBane","Defend_B+1","Defend_B+1","Zap+1","Dualcast+1","Self Repair","Sweeping Beam+1","FTL+1","Coolheaded+1","Chill","Compile Driver","BootSequence","Biased Cognition+1","Hologram+1","Glacier","Reinforced Body","Barrage+1","Recycle+1","Capacitor+1","Electrodynamics","Skim+1","Turbo+1","Jack Of All Trades+1","Defragment+1","Chaos+1","Storm+1","Glacier+1","Thunder Strike+1"],"relics":["Cracked Core","NeowsBlessing","Membership Card","Happy Flower","Juzu Bracelet","InkBottle","SacredBark","Orichalcum","Strawberry","Pantograph","Runic Pyramid","Vajra","PreservedInsect","Omamori","Whetstone","Orrery","Turnip"],"acts_visited":["Exordium","TheCity","TheBeyond"],"potions_floor_usage":[40],"damage_taken":[{"damage":0.0,"enemies":"Cultist","floor":1.0,"turns":1.0},{"damage":0.0,"enemies":"Gremlin Nob","floor":7.0,"turns":1.0},{"damage":0.0,"enemies":"Small Slimes","floor":8.0,"turns":1.0},{"damage":12.0,"enemies":"Lagavulin","floor":10.0,"turns":7.0},{"damage":0.0,"enemies":"2 Louse","floor":13.0,"turns":2.0},{"damage":14.0,"enemies":"Exordium Wildlife","floor":14.0,"turns":3.0},{"damage":7.0,"enemies":"Hexaghost","floor":16.0,"turns":9.0},{"damage":1.0,"enemies":"Spheric Guardian","floor":18.0,"turns":4.0},{"damage":3.0,"enemies":"3 Byrds","floor":22.0,"turns":5.0},{"damage":18.0,"enemies":"Slavers","floor":24.0,"turns":6.0},{"damage":7.0,"enemies":"Snake Plant","floor":27.0,"turns":5.0},{"damage":0.0,"enemies":"Centurion and Healer","floor":28.0,"turns":9.0},{"damage":1.0,"enemies":"Chosen and Byrds","floor":31.0,"turns":9.0},{"damage":42.0,"enemies":"Collector","floor":33.0,"turns":10.0},{"damage":0.0,"enemies":"Orb Walker","floor":35.0,"turns":4.0},{"damage":0.0,"enemies":"3 Shapes","floor":36.0,"turns":3.0},{"damage":0,"enemies":"Reptomancer","floor":40,"turns":4},{"damage":18,"enemies":"Giant Head","floor":44,"turns":7},{"damage":0,"enemies":"Mind Bloom Boss Battle","floor":48,"turns":5},{"damage":17,"enemies":"Time Eater","floor":50,"turns":9},{"damage":44,"enemies":"Awakened One","floor":51,"turns":8}],"seed_played":"6495668540894258601","potions_obtained":[{"floor":7.0,"key":"DuplicationPotion"},{"floor":10.0,"key":"AttackPotion"},{"floor":16.0,"key":"SteroidPotion"},{"floor":18.0,"key":"Ancient Potion"},{"floor":28.0,"key":"Swift Potion"},{"floor":31.0,"key":"PotionOfCapacity"},{"floor":33.0,"key":"SneckoOil"},{"floor":44,"key":"BlessingOfTheForge"}],"is_trial":false,"path_per_floor":["M","?","$","?","?","R","E","M","T","E","$","R","M","M","R","B",null,"M","?","$","?","M","R","E","?","T","M","M","R","$","M","R","B",null,"M","M","?","?","$","E","R","?","T","E","R","$","R","?","R","B","B",null],"character_chosen":"DEFECT","items_purchased":["Membership Card","Sweeping Beam","Compile Driver","Glacier","Capacitor","Defragment","Orrery","Thunder Strike"],"campfire_rested":0,"item_purchase_floors":[3,3,11,20,30,39,46,46],"current_hp_per_floor":[64,64,64,57,36,36,43,50,50,45,45,45,45,38,38,38,63,69,69,69,69,71,71,67,67,67,67,74,74,74,78,78,43,69,76,78,68,68,68,75,75,74,74,63,63,63,63,74,74,64,30],"gold":52,"neow_bonus":"THREE_ENEMY_KILL","is_daily":false,"chose_seed":false,"campfire_upgraded":10,"win_rate":0.0,"timestamp":1611329219,"path_taken":["M","?","$","?","?","R","E","M","T","E","$","R","M","M","R","BOSS","M","?","$","?","M","R","E","?","T","M","M","R","?","M","R","BOSS","M","M","?","?","$","E","R","?","T","E","R","$","R","?","R","BOSS","BOSS"],"items_purchased_type":["Relic","Card","Card","Card","Card","Card","Relic","Card"],"build_version":"2020-12-22","purchased_purges":4,"victory":true,"max_hp_per_floor":[71,71,71,71,71,71,71,71,71,71,71,71,71,71,71,71,71,71,71,71,71,71,71,78,78,78,78,78,78,78,78,78,78,78,78,78,78,78,78,78,78,74,74,74,74,74,74,74,74,74,74],"card_choices":[{"not_picked":["Redo","Reprogram"],"picked":"Self Repair","floor":1.0},{"not_picked":["Fusion","Self Repair"],"picked":"FTL","floor":7.0},{"not_picked":["Chaos","Conserve Battery"],"picked":"Coolheaded","floor":8.0},{"not_picked":["Rebound","Aggregate"],"picked":"Chill","floor":10.0},{"not_picked":["Streamline","Force Field"],"picked":"BootSequence","floor":13.0},{"not_picked":["Double Energy","Stack","Coolheaded"],"picked":"SKIP","floor":14.0},{"not_picked":["Rainbow","Buffer"],"picked":"Biased Cognition","floor":16.0},{"not_picked":["Steam","Cold Snap"],"picked":"Hologram","floor":18.0},{"not_picked":["Gash","Turbo"],"picked":"Recycle+1","floor":22.0},{"not_picked":["Redo","Barrage","Creative AI"],"picked":"SKIP","floor":24.0},{"not_picked":["Stack+1","Hello World","Reinforced Body"],"picked":"SKIP","floor":27.0},{"not_picked":["Darkness","Compile Driver","Self Repair"],"picked":"SKIP","floor":28.0},{"not_picked":["Melter","Rip and Tear","Redo"],"picked":"SKIP","floor":31.0},{"not_picked":["Creative AI","Meteor Strike"],"picked":"Electrodynamics","floor":33.0},{"not_picked":["Go for the Eyes","Barrage"],"picked":"Skim+1","floor":35.0},{"not_picked":["Hologram+1","Genetic Algorithm+1"],"picked":"Turbo+1","floor":36.0},{"not_picked":["Impatience","Swift Strike"],"picked":"Jack Of All Trades","floor":37},{"not_picked":["Gash","Steam"],"picked":"Chaos+1","floor":40},{"not_picked":["Skim","Go for the Eyes","Lockon"],"picked":"SKIP","floor":44},{"not_picked":["Sweeping Beam","Double Energy"],"picked":"Storm+1","floor":46},{"not_picked":["Tempest","FTL"],"picked":"Glacier+1","floor":46}],"player_experience":1064426,"relics_obtained":[{"floor":7.0,"key":"Happy Flower"},{"floor":9.0,"key":"Juzu Bracelet"},{"floor":10.0,"key":"InkBottle"},{"floor":24.0,"key":"Strawberry"},{"floor":26.0,"key":"Pantograph"},{"floor":40,"key":"PreservedInsect"},{"floor":43,"key":"Omamori"},{"floor":44,"key":"Whetstone"},{"floor":48,"key":"Turnip"}],"event_choices":[{"damage_healed":0.0,"max_hp_gain":0.0,"max_hp_loss":0.0,"gold_gain":150.0,"event_name":"Liars Game","player_choice":"AGREE","floor":2.0,"gold_loss":0.0,"damage_taken":0.0,"cards_obtained":["Doubt"]},{"cards_removed":["Strike_B"],"damage_healed":0.0,"max_hp_gain":0.0,"max_hp_loss":0.0,"gold_gain":0.0,"event_name":"Golden Wing","player_choice":"Card Removal","floor":4.0,"gold_loss":0.0,"damage_taken":7.0},{"damage_healed":0.0,"max_hp_gain":0.0,"max_hp_loss":0.0,"gold_gain":0.0,"event_name":"Shining Light","player_choice":"Entered Light","floor":5.0,"gold_loss":0.0,"damage_taken":21.0,"cards_upgraded":["Defend_B","Defend_B"]},{"damage_healed":0.0,"max_hp_gain":0.0,"max_hp_loss":0.0,"gold_gain":0.0,"event_name":"Addict","player_choice":"Obtained Relic","floor":19.0,"gold_loss":85.0,"damage_taken":0.0,"relics_obtained":["Orichalcum"]},{"damage_healed":0.0,"max_hp_gain":0.0,"max_hp_loss":0.0,"gold_gain":0.0,"cards_transformed":["Strike_B","Strike_B"],"event_name":"Drug Dealer","player_choice":"Became Test Subject","floor":21.0,"gold_loss":0.0,"damage_taken":0.0,"cards_obtained":["Reinforced Body","Barrage"]},{"damage_healed":0.0,"max_hp_gain":0.0,"max_hp_loss":0.0,"gold_gain":0.0,"event_name":"The Mausoleum","player_choice":"Ignored","floor":25.0,"gold_loss":0.0,"damage_taken":0.0},{"damage_healed":0,"gold_gain":0,"player_choice":"Memory 3","damage_taken":10,"max_hp_gain":0,"max_hp_loss":0,"event_name":"SensoryStone","floor":37,"gold_loss":0},{"damage_healed":0,"gold_gain":0,"player_choice":"Gave Potion","damage_taken":0,"relics_obtained":["Vajra"],"max_hp_gain":0,"max_hp_loss":0,"event_name":"WeMeetAgain","floor":38,"gold_loss":0},{"damage_healed":0,"gold_gain":0,"player_choice":"Max HP","damage_taken":0,"max_hp_gain":0,"max_hp_loss":4,"event_name":"Winding Halls","floor":42,"gold_loss":0},{"damage_healed":0,"gold_gain":0,"player_choice":"Fight","damage_taken":0,"max_hp_gain":0,"max_hp_loss":0,"event_name":"MindBloom","floor":48,"gold_loss":0}],"is_beta":false,"boss_relics":[{"not_picked":["Sozu","Fusion Hammer"],"picked":"SacredBark"},{"not_picked":["Snecko Eye","Tiny House"],"picked":"Runic Pyramid"}],"items_purged_floors":[3,11,30,39],"is_endless":false,"potions_floor_spawned":[7,10,16,18,28,31,33,44],"ascension_level":20}}