{"host":"avjwtc49fhlk6kym","time":1611292663,"event":{"mods":["AchievementEnabler","BaseMod","Better Match","Better Note","Better Third Choice","Colored Map","Colored Powertips","Displayed Cursed Tome","Highlight Path","Minty Spire (QoL Compilation)","Permanent Neow","Quick Restart","StSLib"],"gold_per_floor":[116,128,94,94,105,105,116,127,127,127,143,162,178,206,206,303,303,321,19,19,33,51,51,51,76,76,1,11,11,28,0,0,0,0],"floor_reached":33,"language":"ENG","playtime":1174,"items_purged":[],"score":321,"play_id":"d10e5a00-85f2-4c15-9c0b-f30c13659f00","local_time":"20210122001743","is_ascension_mode":false,"campfire_choices":[{"data":"Eruption","floor":6.0,"key":"SMITH"},{"floor":15,"key":"REST"},{"floor":23,"key":"REST"},{"floor":32,"key":"REST"}],"circlet_count":0,"master_deck":["Strike_P","Strike_P","Strike_P","Defend_P","Defend_P","Defend_P","Defend_P","Eruption+1","Vigilance","PathToVictory","FlyingSleeves","SandsOfTime+1","Evaluate+1","PathToVictory","PathToVictory","FollowUp","ThirdEye","WheelKick","FlurryOfBlows","FlurryOfBlows","Devotion","Protect","FlurryOfBlows","PathToVictory","Pain","BattleHymn+1","PathToVictory+1","FlurryOfBlows+1","Wallop+1"],"relics":["Cursed Key","betterThird:SlimedRelic","Matryoshka","Orichalcum","Blue Candle","Empty Cage","Sling","Juzu Bracelet","MutagenicStrength","Dream Catcher","Gremlin Horn","Centennial Puzzle"],"acts_visited":["Exordium","TheCity"],"potions_floor_usage":[18,21,21,21,22,25,33],"damage_taken":[{"damage":0.0,"enemies":"Cultist","floor":1.0,"turns":2.0},{"damage":7.0,"enemies":"2 Louse","floor":2.0,"turns":3.0},{"damage":0.0,"enemies":"Small Slimes","floor":5.0,"turns":3.0},{"damage":8.0,"enemies":"Gremlin Gang","floor":7.0,"turns":4.0},{"damage":0.0,"enemies":"2 Fungi Beasts","floor":8.0,"turns":3.0},{"damage":0.0,"enemies":"Exordium Wildlife","floor":11.0,"turns":3.0},{"damage":0.0,"enemies":"Red Slaver","floor":12.0,"turns":1.0},{"damage":0.0,"enemies":"Gremlin Gang","floor":13.0,"turns":2.0},{"damage":19,"enemies":"3 Sentries","floor":14,"turns":8},{"damage":16,"enemies":"The Guardian","floor":16,"turns":8},{"damage":4,"enemies":"Shell Parasite","floor":18,"turns":3},{"damage":0,"enemies":"3 Byrds","floor":21,"turns":4},{"damage":24,"enemies":"3 Cultists","floor":22,"turns":5},{"damage":15,"enemies":"Gremlin Leader","floor":25,"turns":7},{"damage":34,"enemies":"Centurion and Healer","floor":28,"turns":5},{"damage":10,"enemies":"Snecko","floor":30,"turns":3},{"damage":78,"enemies":"Collector","floor":33,"turns":5}],"seed_played":"-5278425006195675824","potions_obtained":[{"floor":7.0,"key":"LiquidMemories"},{"floor":8.0,"key":"Explosive Potion"},{"floor":11.0,"key":"BlessingOfTheForge"},{"floor":16,"key":"PowerPotion"},{"floor":18,"key":"EntropicBrew"},{"floor":22,"key":"Weak Potion"},{"floor":30,"key":"Regen Potion"}],"is_trial":false,"path_per_floor":["M","M","?","?","M","R","M","M","T","?","M","M","M","E","R","B",null,"M","$","?","M","M","R","?","E","T","?","M","?","M","?","R","B"],"character_chosen":"WATCHER","items_purchased":["Sling","Juzu Bracelet"],"campfire_rested":3,"item_purchase_floors":[19,19],"current_hp_per_floor":[72,65,54,54,54,54,46,46,46,28,28,28,28,9,30,14,72,68,68,68,68,44,65,65,50,50,50,16,40,30,30,51,0,0],"gold":0,"neow_bonus":"BOSS_RELIC","is_daily":false,"chose_seed":false,"campfire_upgraded":1,"win_rate":0.0,"timestamp":1611292663,"path_taken":["M","?","?","?","M","R","M","M","T","?","M","M","?","E","R","BOSS","M","$","?","M","M","R","?","E","T","?","M","?","M","?","R","BOSS"],"items_purchased_type":["Relic","Relic"],"build_version":"2020-12-22","purchased_purges":0,"victory":false,"max_hp_per_floor":[72,72,72,72,72,72,72,72,72,72,72,72,72,72,72,72,72,72,72,72,72,72,72,72,72,72,72,72,72,72,72,72,72,72],"card_choices":[{"not_picked":["EmptyBody","SashWhip"],"picked":"PathToVictory","floor":1.0},{"not_picked":["TalkToTheHand","Prostrate"],"picked":"FlyingSleeves","floor":2.0},{"not_picked":["WaveOfTheHand+1","EmptyMind+1"],"picked":"SandsOfTime+1","floor":4.0},{"not_picked":["JustLucky+1","ClearTheMind+1"],"picked":"Evaluate+1","floor":4.0},{"not_picked":["Protect","Halt"],"picked":"PathToVictory","floor":5.0},{"not_picked":["ThirdEye","WaveOfTheHand"],"picked":"PathToVictory","floor":7.0},{"not_picked":["MentalFortress","Blasphemy"],"picked":"FollowUp","floor":8.0},{"not_picked":["WaveOfTheHand","Swivel"],"picked":"ThirdEye","floor":11.0},{"not_picked":["CarveReality","Fasting2"],"picked":"WheelKick","floor":12.0},{"not_picked":["CarveReality","PathToVictory"],"picked":"FlurryOfBlows","floor":13.0},{"not_picked":["FollowUp","Fasting2"],"picked":"FlurryOfBlows","floor":14},{"not_picked":["Judgement","Scrawl"],"picked":"Devotion","floor":16},{"not_picked":["Pray","Crescendo","ClearTheMind"],"picked":"SKIP","floor":18},{"not_picked":["JustLucky","FlyingSleeves"],"picked":"Protect","floor":21},{"not_picked":["Consecrate","Halt+1"],"picked":"FlurryOfBlows","floor":22},{"not_picked":["Tantrum","Pray"],"picked":"PathToVictory","floor":25},{"not_picked":["MentalFortress+1","Worship+1"],"picked":"BattleHymn+1","floor":27},{"not_picked":["ThirdEye+1","Halt+1"],"picked":"PathToVictory+1","floor":27},{"not_picked":["EmptyBody","CarveReality","WaveOfTheHand+1"],"picked":"SKIP","floor":28},{"not_picked":["BowlingBash","Study"],"picked":"FlurryOfBlows+1","floor":30},{"not_picked":["ThirdEye","BowlingBash"],"picked":"Wallop+1","floor":32}],"player_experience":397053,"relics_obtained":[{"floor":9.0,"key":"Matryoshka"},{"floor":14,"key":"Blue Candle"},{"floor":25,"key":"Dream Catcher"},{"floor":26,"key":"Gremlin Horn"},{"floor":26,"key":"Centennial Puzzle"}],"event_choices":[{"damage_healed":0.0,"max_hp_gain":0.0,"max_hp_loss":0.0,"gold_gain":0.0,"event_name":"betterThird:BetterGoop","player_choice":"Slimed","floor":3.0,"gold_loss":34.0,"damage_taken":11.0},{"damage_healed":0.0,"max_hp_gain":0.0,"max_hp_loss":0.0,"gold_gain":0.0,"event_name":"betterMatch:BetterMatch","player_choice":"2","floor":4.0,"gold_loss":0.0,"damage_taken":0.0,"cards_obtained":["betterMatch:UncommonCard","betterMatch:CommonCard"]},{"damage_healed":0.0,"max_hp_gain":0.0,"max_hp_loss":0.0,"gold_gain":1.0,"event_name":"betterThird:BetterScrap","player_choice":"Relic ","floor":10.0,"gold_loss":0.0,"damage_taken":18.0,"cards_obtained":["Shockwave"]},{"cards_removed":["Defend_P"],"damage_healed":0,"gold_gain":0,"player_choice":"Give","damage_taken":0,"max_hp_gain":0,"max_hp_loss":0,"event_name":"betterNote:BetterNote","floor":20,"gold_loss":0,"cards_obtained":["Defend_P"]},{"damage_healed":0,"gold_gain":0,"player_choice":"Inject Mutagens","damage_taken":0,"relics_obtained":["MutagenicStrength"],"max_hp_gain":0,"max_hp_loss":0,"event_name":"Drug Dealer","floor":24,"gold_loss":0},{"damage_healed":0,"gold_gain":0,"player_choice":"2","damage_taken":0,"max_hp_gain":0,"max_hp_loss":0,"event_name":"betterMatch:BetterMatch","floor":27,"gold_loss":0,"cards_obtained":["betterMatch:UncommonCard","betterMatch:CommonCard"]},{"damage_healed":24,"gold_gain":0,"player_choice":"Heal","damage_taken":0,"max_hp_gain":0,"max_hp_loss":0,"event_name":"The Library","floor":29,"gold_loss":0},{"damage_healed":0,"gold_gain":0,"player_choice":"Paid Fearfully","damage_taken":0,"max_hp_gain":0,"max_hp_loss":0,"event_name":"Masked Bandits","floor":31,"gold_loss":28}],"is_beta":false,"boss_relics":[{"not_picked":["Tiny House","Runic Pyramid"],"picked":"Empty Cage"}],"items_purged_floors":[],"is_endless":false,"potions_floor_spawned":[7,8,11,16,18,22,30],"killed_by":"Collector","ascension_level":0}}