{"host":"ayh4nqhr0ddw4ozv","time":1611281785,"event":{"mods":["BaseMod","Minty Spire (QoL Compilation)","Relic Stats","Replay The Spire","Robot Space Explorer","StSLib"],"gold_per_floor":[111,131,151,166,177,177,204,204,204,217,228,228,254,254,254,325,325,335,19,34,34,62,62,95,115,139,139,150,160,176,189,189,189,189],"floor_reached":33,"language":"ENG","playtime":2209,"items_purged":["Strike_R"],"score":506,"play_id":"07fcd098-46ad-4ae3-afa1-2ea83542f420","local_time":"20210121181625","is_ascension_mode":true,"campfire_choices":[{"data":"Fiend Fire","floor":6,"key":"SMITH"},{"data":"ReplayTheSpireMod:Strike From Hell","floor":8,"key":"SMITH"},{"data":"Abandon","floor":12,"key":"SMITH"},{"data":"Bash","floor":15,"key":"SMITH"},{"data":"Feed","floor":23,"key":"SMITH"},{"data":"Pommel Strike","floor":27,"key":"SMITH"},{"data":"Feel No Pain","floor":32,"key":"SMITH"}],"circlet_count":0,"master_deck":["AscendersBane","Strike_R","Strike_R","Strike_R","Strike_R","Defend_R","Defend_R","Defend_R","Defend_R","Bash+1","Fiend Fire+1","Burning Pact","Feel No Pain+1","Run Through","Anger","ReplayTheSpireMod:Strike From Hell+1","Abandon+1","Corruption","Pommel Strike+1","Feed+1","Evolve","Seeing Red+1","Shrug It Off"],"relics":["Burning Blood","Snack Pack","Bag of Marbles","Replay:Rubber Ducky","Coffee Dripper","Golden Egg","Red Mask","Mirror","King of Hearts"],"acts_visited":["Exordium","TheCity"],"potions_floor_usage":[7,13,16,20,29,33],"damage_taken":[{"damage":6,"enemies":"Cultist","floor":1,"turns":4},{"damage":23,"enemies":"Jaw Worm","floor":2,"turns":4},{"damage":7,"enemies":"2 Louse","floor":3,"turns":3},{"damage":2,"enemies":"Exordium Wildlife","floor":4,"turns":3},{"damage":11,"enemies":"Blue Slaver","floor":5,"turns":3},{"damage":14,"enemies":"3 Sentries","floor":7,"turns":4},{"damage":20,"enemies":"Lots of Slimes","floor":10,"turns":6},{"damage":10,"enemies":"3 Louse","floor":11,"turns":3},{"damage":16,"enemies":"Lagavulin","floor":13,"turns":7},{"damage":16,"enemies":"Hexaghost","floor":16,"turns":7},{"damage":11,"enemies":"Spheric Guardian","floor":18,"turns":3},{"damage":4,"enemies":"Chosen","floor":20,"turns":3},{"damage":42,"enemies":"Masked Bandits","floor":22,"turns":5},{"damage":22,"enemies":"Replay:Snechameleon","floor":24,"turns":9},{"damage":3,"enemies":"Centurion and Healer","floor":25,"turns":5},{"damage":6,"enemies":"Chosen and Byrds","floor":28,"turns":4},{"damage":1,"enemies":"Snecko","floor":29,"turns":5},{"damage":0,"enemies":"Cultist and Chosen","floor":30,"turns":5},{"damage":8,"enemies":"Centurion and Healer","floor":31,"turns":8},{"damage":112,"enemies":"Automaton","floor":33,"turns":8}],"seed_played":"2613982996634122973","potions_obtained":[{"floor":1,"key":"ColorlessPotion"},{"floor":7,"key":"BloodPotion"},{"floor":11,"key":"DistilledChaos"},{"floor":13,"key":"SteroidPotion"},{"floor":20,"key":"Doom Potion"},{"floor":25,"key":"Fire Potion"},{"floor":29,"key":"FearPotion"}],"is_trial":false,"path_per_floor":["M","M","M","M","M","R","E","R","T","M","M","R","E","?","R","B",null,"M","$","M","?","?","R","E","M","T","R","M","M","M","M","R","B"],"character_chosen":"IRONCLAD","items_purchased":["Golden Egg"],"campfire_rested":0,"item_purchase_floors":[19],"current_hp_per_floor":[68,51,50,54,49,49,41,41,41,29,25,25,34,39,39,35,69,69,69,78,78,49,49,37,48,48,48,58,71,85,91,91,0,0],"gold":189,"neow_bonus":"ONE_RANDOM_RARE_CARD","is_daily":false,"chose_seed":false,"campfire_upgraded":7,"win_rate":0.0,"timestamp":1611281785,"path_taken":["M","M","M","?","M","R","E","R","T","M","?","R","E","?","R","BOSS","M","$","M","?","?","R","E","?","T","R","M","M","M","M","R","BOSS"],"items_purchased_type":["Relic"],"build_version":"2020-12-22","purchased_purges":1,"victory":false,"max_hp_per_floor":[75,75,75,75,75,75,75,75,75,75,75,75,75,80,80,80,80,83,83,86,86,89,89,89,93,93,93,97,101,105,109,109,109,109],"relic_stats":{"counters":[20,99],"obtain_stats":[{"Golden Egg":19,"King of Hearts":26,"Snack Pack":7,"Bag of Marbles":9,"Coffee Dripper":17,"Red Mask":22,"Mirror":24,"Burning Blood":0,"Replay:Rubber Ducky":13},{"Golden Egg":11,"King of Hearts":15,"Snack Pack":6,"Bag of Marbles":6,"Coffee Dripper":10,"Red Mask":13,"Mirror":14,"Burning Blood":0,"Replay:Rubber Ducky":9},{"Golden Egg":47,"King of Hearts":69,"Snack Pack":21,"Bag of Marbles":21,"Coffee Dripper":44,"Red Mask":55,"Mirror":64,"Burning Blood":0,"Replay:Rubber Ducky":37}],"Burning Blood":114},"card_choices":[{"not_picked":["Replay:Undeath\u0027s Touch","Dual Wield"],"picked":"Burning Pact","floor":1},{"not_picked":["Havoc","Armaments"],"picked":"Feel No Pain","floor":2},{"not_picked":["Wild Strike","Shrug It Off"],"picked":"Run Through","floor":3},{"not_picked":["ReplayTheSpireMod:LeadingStrike","Ghostly Armor"],"picked":"Anger","floor":4},{"not_picked":["Sever Soul","Run Through","Wild Strike"],"picked":"SKIP","floor":5},{"not_picked":["Twin Strike","Clash"],"picked":"ReplayTheSpireMod:Strike From Hell","floor":7},{"not_picked":["Metallicize","Run Through"],"picked":"Abandon","floor":10},{"not_picked":["ReplayTheSpireMod:Stacked","Sword Boomerang"],"picked":"Corruption","floor":11},{"not_picked":["Sword Boomerang","ReplayTheSpireMod:Strike From Hell"],"picked":"Pommel Strike","floor":13},{"not_picked":["Demonic Infusion","Replay:Many Hands"],"picked":"Feed","floor":16},{"not_picked":["ReplayTheSpireMod:Limb From Limb","Blood for Blood"],"picked":"Evolve","floor":18},{"not_picked":["ReplayTheSpireMod:Strike From Hell+1","Shrug It Off"],"picked":"Seeing Red+1","floor":20},{"not_picked":["Reckless Charge","Body Slam","Run Through"],"picked":"SKIP","floor":24},{"not_picked":["Sword Boomerang","Clothesline"],"picked":"Shrug It Off","floor":25},{"not_picked":["ReplayTheSpireMod:Corrosion Curse","Flex","ReplayTheSpireMod:Strike From Hell"],"picked":"SKIP","floor":28},{"not_picked":["Warcry","Limit Break","Body Slam"],"picked":"SKIP","floor":29},{"not_picked":["Cleave","Headbutt","Wild Strike"],"picked":"SKIP","floor":30},{"not_picked":["Evolve","Infernal Blade","Corruption"],"picked":"SKIP","floor":31}],"player_experience":362261,"relics_obtained":[{"floor":7,"key":"Snack Pack"},{"floor":9,"key":"Bag of Marbles"},{"floor":13,"key":"Replay:Rubber Ducky"},{"floor":22,"key":"Red Mask"},{"floor":24,"key":"Mirror"},{"floor":26,"key":"King of Hearts"}],"event_choices":[{"damage_healed":0,"gold_gain":0,"player_choice":"Donut","damage_taken":0,"max_hp_gain":5,"max_hp_loss":0,"event_name":"Big Fish","floor":14,"gold_loss":0},{"damage_healed":0,"gold_gain":0,"player_choice":"Fought Bandits","damage_taken":0,"max_hp_gain":0,"max_hp_loss":0,"event_name":"Masked Bandits","floor":22,"gold_loss":0}],"is_beta":false,"boss_relics":[{"not_picked":["Fusion Hammer","Sozu"],"picked":"Coffee Dripper"}],"items_purged_floors":[19],"is_endless":false,"potions_floor_spawned":[1,7,11,13,20,25,28,29],"killed_by":"Automaton","ascension_level":14}}