{"host":"1rf9pknejqhzkc4o","time":1611341996,"event":{"mods":["A Penny For Your Troubles","Aspiration","BaseMod","Better Altar","Better Match","Better Note","Better Sensory Stone","Better Skull","Better Third Choice","Colored Map","Colored Powertips","Communication Mod","Conspire","Displayed Cursed Tome","Energized Spire","Hubris","Infinite Spire","Ironclad Rager","Minty Spire (QoL Compilation)","Quick Restart","RNG Fix","Rare Cards Sparkle","Relic Stats","Replay The Spire","Retaliation","Spicy Shops","StS++","StSLib","The Blue Laboratory","Trackpad"],"gold_per_floor":[110,39,39,39,39,39,66,66,66,100,100,113,130,130,130,231,231,245,264,284,303,303,303,303],"floor_reached":23,"language":"ENG","playtime":949,"items_purged":[],"score":199,"play_id":"32d6cbbd-c592-4f32-8014-e37f9e345b99","local_time":"20210122215956","is_ascension_mode":false,"campfire_choices":[{"data":"Zap","floor":6.0,"key":"SMITH"},{"data":"Ball Lightning","floor":8.0,"key":"SMITH"},{"floor":15.0,"key":"RECALL"}],"circlet_count":0,"master_deck":["Zap+1","Dualcast","ICR:ProbingStrike","ICR:ProbingStrike","ICR:ProbingStrike","ICR:ProbingStrike","ICR:AutoDefend","ICR:AutoDefend","ICR:AutoDefend","ICR:AutoDefend","Capacitor+1","Ball Lightning+1","Steam","Rebound","Genetic Algorithm+1","StSpp:Channeliser","StSpp:Channeliser","Steam+1"],"relics":["Cracked Core","trackpad:PetRock","Replay:Wax Seal","trackpad:FocusingLens","Replay:Arrowhead","energizedSpire:EnergizedDie"],"acts_visited":["Exordium","TheCity"],"potions_floor_usage":[],"damage_taken":[{"damage":5.0,"enemies":"Cultist","floor":1.0,"turns":4.0},{"damage":2.0,"enemies":"Replay:BlueRogue","floor":7.0,"turns":5.0},{"damage":11.0,"enemies":"Gremlin Nob","floor":10.0,"turns":4.0},{"damage":0.0,"enemies":"2 Louse","floor":12.0,"turns":2.0},{"damage":1.0,"enemies":"infinitespire:Voidling","floor":13.0,"turns":3.0},{"damage":12.0,"enemies":"Fading Forest","floor":16.0,"turns":11.0},{"damage":14.0,"enemies":"3 Byrds","floor":18.0,"turns":5.0},{"damage":0.0,"enemies":"conspire:FuzzyDice","floor":19.0,"turns":5.0},{"damage":11.0,"enemies":"Snake Plant","floor":20.0,"turns":3.0},{"damage":24,"enemies":"Centurion and Healer","floor":21,"turns":7},{"damage":38,"enemies":"Book of Stabbing","floor":23,"turns":6}],"seed_played":"-7699831294535565747","potions_obtained":[{"floor":10.0,"key":"Reflective Coating"},{"floor":12.0,"key":"blueLaboratory:BottledHope"},{"floor":19.0,"key":"blueLaboratory:BottledHope"}],"is_trial":false,"path_per_floor":["M","$","?","?","?","R","E","R","T","E","?","M","M","?","R","B",null,"M","M","M","M","?","E"],"character_chosen":"DEFECT","items_purchased":["trackpad:PetRock"],"campfire_rested":0,"item_purchase_floors":[2],"current_hp_per_floor":[70,70,70,70,67,67,65,65,65,54,54,54,53,53,53,53,75,61,61,50,26,34,0,0],"gold":303,"neow_bonus":"DEFECT_WARDEN","is_daily":false,"chose_seed":false,"campfire_upgraded":2,"win_rate":0.0,"timestamp":1611341996,"path_taken":["M","$","?","?","?","R","E","R","T","E","?","M","?","?","R","BOSS","M","M","M","?","?","E"],"items_purchased_type":["Relic"],"build_version":"2020-12-22","purchased_purges":0,"victory":false,"max_hp_per_floor":[75,75,75,75,75,75,75,75,75,75,75,75,75,75,75,75,75,75,75,75,75,75,75,75],"relic_stats":{"counters":[11,55],"obtain_stats":[{"energizedSpire:EnergizedDie":17,"trackpad:PetRock":2,"Replay:Wax Seal":5,"Cracked Core":0,"trackpad:FocusingLens":7,"Replay:Arrowhead":10},{"energizedSpire:EnergizedDie":6,"trackpad:PetRock":1,"Replay:Wax Seal":1,"Cracked Core":0,"trackpad:FocusingLens":2,"Replay:Arrowhead":3},{"energizedSpire:EnergizedDie":29,"trackpad:PetRock":4,"Replay:Wax Seal":4,"Cracked Core":0,"trackpad:FocusingLens":9,"Replay:Arrowhead":13}]},"card_choices":[{"not_picked":["Stack","Glacier"],"picked":"Capacitor","floor":1.0},{"not_picked":["Stack","ReplayTheSpireMod:Dual Polarity"],"picked":"Ball Lightning","floor":7.0},{"not_picked":["Melter","Coolheaded"],"picked":"Steam","floor":10.0},{"not_picked":["Go for the Eyes","Gash"],"picked":"Rebound","floor":12.0},{"not_picked":["Force Field","Turbo"],"picked":"Genetic Algorithm","floor":13.0},{"not_picked":["Coolheaded+1","Stack","Gash+1"],"picked":"SKIP","floor":18.0},{"not_picked":["Beam Cell","Conserve Battery"],"picked":"StSpp:Channeliser","floor":19.0},{"not_picked":["Sweeping Beam+1","Leap+1"],"picked":"StSpp:Channeliser","floor":20.0},{"not_picked":["Cold Snap+1","Coolheaded"],"picked":"Steam+1","floor":21}],"player_experience":142707,"relics_obtained":[{"floor":7.0,"key":"trackpad:FocusingLens"},{"floor":10.0,"key":"Replay:Arrowhead"}],"event_choices":[{"damage_healed":0.0,"max_hp_gain":0.0,"max_hp_loss":0.0,"gold_gain":0.0,"event_name":"The Cleric","player_choice":"Leave","floor":3.0,"gold_loss":0.0,"damage_taken":0.0},{"damage_healed":0.0,"max_hp_gain":0.0,"max_hp_loss":0.0,"gold_gain":0.0,"event_name":"Living Wall","player_choice":"Grow","floor":4.0,"gold_loss":0.0,"damage_taken":0.0,"cards_upgraded":["Capacitor"]},{"damage_healed":0.0,"max_hp_gain":0.0,"max_hp_loss":0.0,"gold_gain":0.0,"event_name":"betterThird:BetterScrap","player_choice":"Relic ","floor":5.0,"gold_loss":0.0,"damage_taken":3.0,"cards_obtained":["Storm of Steel"]}],"is_beta":false,"boss_relics":[{"not_picked":["conspire:RunicOctahedron","Astrolabe"],"picked":"energizedSpire:EnergizedDie"}],"items_purged_floors":[],"is_endless":false,"potions_floor_spawned":[10,12,19,20],"killed_by":"Book of Stabbing","ascension_level":0}}