{"host":"q6ff4ns2kep02ti6","time":1611327110,"event":{"mods":["AchievementEnabler","BaseMod","Minty Spire (QoL Compilation)","Relic Stats","StSLib","Unceasing Turn Reminder"],"gold_per_floor":[110,185,28,203,215,249,249,268,315,329,363,377,149,179,179,279,279,292,391,407,163,181,215,215,240,295,295,313,313,325,350,350,453,453,463,463,474,237,256,282,282,314,314,344,364,364,377,377,377,377,377,377,75,102,102],"floor_reached":56,"language":"ENG","playtime":4362,"items_purged":["Doubt","Defend_B","Defend_B","Defend_B"],"score":2290,"play_id":"88c2abc1-7091-4a34-9f60-9c60372d5663","local_time":"20210122155150","is_ascension_mode":true,"campfire_choices":[{"data":"Fission","floor":7,"key":"SMITH"},{"data":"Defragment","floor":15,"key":"SMITH"},{"data":"Buffer","floor":24,"key":"SMITH"},{"floor":27,"key":"REST"},{"data":"Seek","floor":32,"key":"SMITH"},{"data":"Amplify","floor":41,"key":"SMITH"},{"floor":49,"key":"RECALL"},{"data":"Capacitor","floor":52,"key":"SMITH"}],"circlet_count":0,"master_deck":["Strike_B+1","Strike_B+1","Dualcast","Defragment+1","Buffer","Ball Lightning","Fission+1","Conserve Battery","Darkness","Conserve Battery","Sweeping Beam","Glacier","Genetic Algorithm","Buffer+1","Seek+1","Storm+1","Machine Learning+1","Skim+1","Coolheaded+1","Aggregate","Compile Driver","Darkness+1","Loop+1","Amplify+1","Stack+1","Defragment+1","Consume+1","Capacitor+1","Skim+1","Hologram+1","Reinforced Body","Chill+1","Glacier+1","Turbo+1"],"relics":["Cracked Core","NeowsBlessing","Orrery","Toy Ornithopter","PreservedInsect","Whetstone","Runic Capacitor","Ginger","Astrolabe","Membership Card","Prayer Wheel","TungstenRod","Bag of Preparation","Bottled Lightning","Black Star","OrangePellets","Lantern","StoneCalendar","Omamori","Cables","Gremlin Horn","HornCleat","Orichalcum","InkBottle","PrismaticShard","DataDisk","FossilizedHelix"],"acts_visited":["Exordium","TheCity","TheBeyond","TheEnding"],"potions_floor_usage":[11,16,33,48,50,55],"damage_taken":[{"damage":0,"enemies":"Cultist","floor":1,"turns":1},{"damage":0,"enemies":"Small Slimes","floor":5,"turns":1},{"damage":0,"enemies":"3 Sentries","floor":6,"turns":1},{"damage":1,"enemies":"2 Louse","floor":8,"turns":3},{"damage":8,"enemies":"Large Slime","floor":10,"turns":5},{"damage":0,"enemies":"Gremlin Nob","floor":11,"turns":2},{"damage":6,"enemies":"Blue Slaver","floor":12,"turns":5},{"damage":0,"enemies":"Slime Boss","floor":16,"turns":7},{"damage":1,"enemies":"Spheric Guardian","floor":18,"turns":3},{"damage":11,"enemies":"2 Thieves","floor":20,"turns":5},{"damage":21,"enemies":"Centurion and Healer","floor":22,"turns":6},{"damage":8,"enemies":"Gremlin Leader","floor":23,"turns":10},{"damage":20,"enemies":"Book of Stabbing","floor":25,"turns":5},{"damage":0,"enemies":"Snecko","floor":28,"turns":4},{"damage":9,"enemies":"Chosen and Byrds","floor":30,"turns":9},{"damage":7,"enemies":"Slavers","floor":31,"turns":3},{"damage":0,"enemies":"Champ","floor":33,"turns":9},{"damage":0,"enemies":"3 Shapes","floor":35,"turns":3},{"damage":0,"enemies":"Orb Walker","floor":37,"turns":2},{"damage":19,"enemies":"Sphere and 2 Shapes","floor":39,"turns":4},{"damage":0,"enemies":"Giant Head","floor":40,"turns":5},{"damage":0,"enemies":"Reptomancer","floor":42,"turns":4},{"damage":0,"enemies":"Nemesis","floor":44,"turns":5},{"damage":0,"enemies":"3 Darklings","floor":45,"turns":4},{"damage":0,"enemies":"Jaw Worm Horde","floor":47,"turns":4},{"damage":0,"enemies":"Donu and Deca","floor":50,"turns":8},{"damage":0,"enemies":"Shield and Spear","floor":54,"turns":4},{"damage":5,"enemies":"The Heart","floor":55,"turns":10}],"seed_played":"-904542839873848380","potions_obtained":[{"floor":1,"key":"SmokeBomb"},{"floor":5,"key":"Strength Potion"},{"floor":10,"key":"DuplicationPotion"},{"floor":20,"key":"FocusPotion"},{"floor":30,"key":"BlessingOfTheForge"},{"floor":31,"key":"EssenceOfSteel"},{"floor":33,"key":"DuplicationPotion"},{"floor":44,"key":"DuplicationPotion"},{"floor":48,"key":"Fruit Juice"},{"floor":48,"key":"Regen Potion"}],"is_trial":false,"path_per_floor":["M","?","$","?","M","E","R","M","T","M","E","M","$","?","R","B",null,"M","?","M","$","M","E","R","E","T","R","M","?","M","E","R","B",null,"M","?","M","$","M","E","R","E","T","E","M","?","M","?","R","B",null,"R","$","E","B",null],"character_chosen":"DEFECT","items_purchased":["Orrery","Runic Capacitor","Membership Card","Aggregate","OrangePellets","Lantern","Capacitor","InkBottle","PrismaticShard","Fire Potion"],"campfire_rested":1,"item_purchase_floors":[3,13,21,21,38,38,38,53,53,53],"current_hp_per_floor":[68,57,57,57,57,57,57,56,56,48,53,47,47,47,47,52,69,68,68,57,57,36,28,28,8,8,30,30,30,21,14,14,19,61,61,61,61,61,42,42,42,42,42,42,42,42,42,52,52,72,78,78,78,78,75],"gold":102,"neow_bonus":"THREE_ENEMY_KILL","is_daily":false,"chose_seed":false,"campfire_upgraded":6,"win_rate":0.0,"timestamp":1611327110,"path_taken":["M","?","$","?","M","E","R","M","T","M","E","M","$","?","R","BOSS","M","?","M","$","M","E","R","E","T","R","M","?","M","E","R","BOSS","M","?","M","$","M","E","R","E","T","E","?","?","?","?","R","BOSS","R","$","E","BOSS"],"items_purchased_type":["Relic","Relic","Relic","Card","Relic","Relic","Card","Relic","Relic","Potion"],"build_version":"2020-12-22","purchased_purges":4,"victory":true,"max_hp_per_floor":[75,75,75,75,75,75,75,75,75,75,75,75,75,75,75,75,75,75,75,75,75,75,75,75,75,75,75,75,75,75,75,75,75,75,75,75,75,75,75,75,75,75,75,75,75,75,75,80,80,80,80,80,80,80,80],"relic_stats":{"Gremlin Horn":[5,6],"counters":[28,130],"Astrolabe":["Storm","Machine Learning","Skim"],"StoneCalendar":[104],"PreservedInsect":474,"Bag of Preparation":[30],"Whetstone":["Strike_B","Strike_B"],"Ginger":[15],"Orichalcum":[6],"Cables":[31,12,17,2,0],"OrangePellets":[2],"Prayer Wheel":7,"Black Star":4,"obtain_stats":[{"Lantern":38,"Gremlin Horn":42,"StoneCalendar":40,"Runic Capacitor":13,"Bag of Preparation":26,"Whetstone":11,"Ginger":14,"PrismaticShard":53,"HornCleat":44,"Prayer Wheel":23,"Cracked Core":0,"InkBottle":53,"NeowsBlessing":0,"Astrolabe":17,"PreservedInsect":9,"Omamori":40,"Orichalcum":44,"Cables":42,"OrangePellets":38,"DataDisk":54,"Orrery":3,"Black Star":34,"Membership Card":21,"Bottled Lightning":31,"Toy Ornithopter":6,"TungstenRod":25,"FossilizedHelix":54},{"Lantern":19,"Gremlin Horn":22,"StoneCalendar":21,"Runic Capacitor":7,"Bag of Preparation":13,"Whetstone":6,"Ginger":7,"PrismaticShard":26,"HornCleat":23,"Prayer Wheel":12,"Cracked Core":0,"InkBottle":26,"NeowsBlessing":0,"Astrolabe":8,"PreservedInsect":4,"Omamori":21,"Orichalcum":23,"Cables":22,"OrangePellets":19,"DataDisk":27,"Orrery":1,"Black Star":17,"Membership Card":10,"Bottled Lightning":16,"Toy Ornithopter":3,"TungstenRod":13,"FossilizedHelix":27},{"Lantern":84,"Gremlin Horn":97,"StoneCalendar":93,"Runic Capacitor":18,"Bag of Preparation":54,"Whetstone":13,"Ginger":18,"PrismaticShard":117,"HornCleat":102,"Prayer Wheel":49,"Cracked Core":0,"InkBottle":117,"NeowsBlessing":0,"Astrolabe":25,"PreservedInsect":6,"Omamori":93,"Orichalcum":102,"Cables":97,"OrangePellets":84,"DataDisk":121,"Orrery":1,"Black Star":79,"Membership Card":33,"Bottled Lightning":70,"Toy Ornithopter":3,"TungstenRod":54,"FossilizedHelix":121}],"Toy Ornithopter":27,"TungstenRod":6,"InkBottle":[7]},"card_choices":[{"not_picked":["Steam","Beam Cell"],"picked":"Defragment","floor":1},{"not_picked":["Recycle","Go for the Eyes"],"picked":"Buffer","floor":3},{"not_picked":["Double Energy","FTL"],"picked":"Ball Lightning","floor":3},{"not_picked":["Go for the Eyes","Stack"],"picked":"Fission","floor":3},{"not_picked":["Beam Cell","Rip and Tear"],"picked":"Conserve Battery","floor":3},{"not_picked":["FTL","Hologram"],"picked":"Darkness","floor":3},{"not_picked":["Streamline","Ball Lightning"],"picked":"Conserve Battery","floor":5},{"not_picked":["Hello World","FTL","Hologram"],"picked":"SKIP","floor":6},{"not_picked":["Beam Cell","Redo"],"picked":"Sweeping Beam","floor":8},{"not_picked":["Loop","Steam"],"picked":"Glacier","floor":10},{"not_picked":["Cold Snap","Auto Shields"],"picked":"Genetic Algorithm","floor":11},{"not_picked":["Ball Lightning","Reprogram"],"picked":"Buffer","floor":12},{"not_picked":["Amplify","Reboot"],"picked":"Seek","floor":16},{"not_picked":["Gash","Genetic Algorithm+1"],"picked":"Coolheaded+1","floor":18},{"not_picked":["Go for the Eyes","Rebound","Sunder"],"picked":"SKIP","floor":20},{"not_picked":["Sweeping Beam","Conserve Battery","Gash"],"picked":"SKIP","floor":22},{"not_picked":["Scrape+1","Compile Driver","Sweeping Beam"],"picked":"SKIP","floor":23},{"not_picked":["Sunder","Coolheaded"],"picked":"Compile Driver","floor":25},{"not_picked":["Rebound+1","Ball Lightning+1","Genetic Algorithm"],"picked":"SKIP","floor":28},{"not_picked":["Conserve Battery","Beam Cell","Go for the Eyes"],"picked":"SKIP","floor":28},{"not_picked":["Streamline","Hologram+1"],"picked":"Darkness+1","floor":30},{"not_picked":["Compile Driver","All For One","Fusion"],"picked":"SKIP","floor":30},{"not_picked":["Rebound","Coolheaded"],"picked":"Loop+1","floor":31},{"not_picked":["Seek","Reboot"],"picked":"Amplify","floor":33},{"not_picked":["Beam Cell","Sunder"],"picked":"Stack+1","floor":35},{"not_picked":["Reprogram+1","Cold Snap","Gash+1"],"picked":"SKIP","floor":35},{"not_picked":["Blizzard+1","Turbo"],"picked":"Consume+1","floor":37},{"not_picked":["Streamline","Chaos","Tempest+1"],"picked":"SKIP","floor":37},{"not_picked":["Barrage+1","Loop"],"picked":"Skim+1","floor":39},{"not_picked":["BootSequence","Cold Snap+1"],"picked":"Hologram+1","floor":39},{"not_picked":["Sunder+1","Rainbow"],"picked":"Reinforced Body","floor":40},{"not_picked":["Gash+1","Cold Snap+1"],"picked":"Chill+1","floor":42},{"not_picked":["Ball Lightning+1","Melter+1","Hello World+1"],"picked":"SKIP","floor":44},{"not_picked":["Rebound+1","Leap"],"picked":"Glacier+1","floor":45},{"not_picked":["Storm","Redo+1","Leap"],"picked":"SKIP","floor":45},{"not_picked":["Stack","Auto Shields"],"picked":"Turbo+1","floor":47},{"not_picked":["Coolheaded","Thunder Strike","BootSequence+1"],"picked":"SKIP","floor":47},{"not_picked":["Swift Strike","Jack Of All Trades+1","Beam Cell"],"picked":"SKIP","floor":54}],"player_experience":999465,"relics_obtained":[{"floor":6,"key":"Toy Ornithopter"},{"floor":9,"key":"PreservedInsect"},{"floor":11,"key":"Whetstone"},{"floor":23,"key":"Prayer Wheel"},{"floor":25,"key":"TungstenRod"},{"floor":26,"key":"Bag of Preparation"},{"floor":31,"key":"Bottled Lightning"},{"floor":40,"key":"StoneCalendar"},{"floor":40,"key":"Omamori"},{"floor":42,"key":"Cables"},{"floor":42,"key":"Gremlin Horn"},{"floor":44,"key":"HornCleat"},{"floor":44,"key":"Orichalcum"},{"floor":54,"key":"DataDisk"},{"floor":54,"key":"FossilizedHelix"}],"event_choices":[{"damage_healed":0,"gold_gain":75,"player_choice":"Gather Gold","damage_taken":11,"max_hp_gain":0,"max_hp_loss":0,"event_name":"World of Goop","floor":2,"gold_loss":0},{"damage_healed":0,"gold_gain":175,"player_choice":"AGREE","damage_taken":0,"max_hp_gain":0,"max_hp_loss":0,"event_name":"Liars Game","floor":4,"gold_loss":0,"cards_obtained":["Doubt"]},{"damage_healed":0,"gold_gain":30,"player_choice":"Searched \u00273\u0027 times","damage_taken":0,"relics_obtained":["Ginger"],"max_hp_gain":0,"max_hp_loss":0,"event_name":"Dead Adventurer","floor":14,"gold_loss":0},{"damage_healed":0,"gold_gain":99,"player_choice":"Stole From Cult","damage_taken":0,"max_hp_gain":0,"max_hp_loss":0,"event_name":"Nest","floor":19,"gold_loss":0},{"cards_removed":["Zap"],"damage_healed":0,"gold_gain":0,"player_choice":"Elegance","damage_taken":0,"max_hp_gain":0,"max_hp_loss":0,"event_name":"Back to Basics","floor":29,"gold_loss":0},{"damage_healed":0,"gold_gain":0,"player_choice":"Copied","damage_taken":0,"max_hp_gain":0,"max_hp_loss":0,"event_name":"Duplicator","floor":36,"gold_loss":0,"cards_obtained":["Defragment"]},{"damage_healed":0,"gold_gain":0,"player_choice":"0 cards matched","damage_taken":0,"max_hp_gain":0,"max_hp_loss":0,"event_name":"Match and Keep!","floor":46,"gold_loss":0,"cards_obtained":[]},{"damage_healed":0,"gold_gain":0,"player_choice":"Got Potions","damage_taken":0,"max_hp_gain":0,"max_hp_loss":0,"event_name":"Lab","floor":48,"gold_loss":0}],"is_beta":false,"boss_relics":[{"not_picked":["Empty Cage","Cursed Key"],"picked":"Astrolabe"},{"not_picked":["Inserter","Sozu"],"picked":"Black Star"}],"items_purged_floors":[13,21,38,53],"is_endless":false,"potions_floor_spawned":[1,5,10,20,30,31,33,39,40,44,45],"ascension_level":9}}