{"host":"w8xisjf5mgmfjvmt","time":1611294270,"event":{"mods":["BaseMod","BetterRewards","Challenge The Spire","Conspire","Dota2Spire","Energized Spire","Filter the Spire","Minty Spire (QoL Compilation)","Quarter Circle Forward PUNCH!","Quick Restart","Relic Stats","Replay The Spire","Shop Mod","Spicy Shops","StSLib","Starting Relic: Pandora\u0027s Box","¡¾ÒÅÎï¿¨ÅÆ¡¿REMEMod","óô»ðÖ¸ÄÏ"],"gold_per_floor":[118,55,30,41,61,61,96,116,116,128,146,158,29,60,60,135,135,152,166,81,131,143,176,356,368,368,398,398,408,437,452,180,257,257,275,275,324,338,41,41,41,71,71,101,101,127,127,153,153,153,153,153,153,3,32,62],"floor_reached":57,"language":"ZHS","playtime":3344,"items_purged":["Clothesline","Clash","ReplayTheSpireMod:Strike From Hell","Bash"],"score":2855,"play_id":"9fcfeaa6-ebff-4415-8c4a-de9ab86f00a2","local_time":"20210122134430","is_ascension_mode":true,"campfire_choices":[{"data":"Reprogram","floor":6.0,"key":"SMITH"},{"data":"Armaments","floor":15.0,"key":"SMITH"},{"floor":28.0,"key":"REST"},{"floor":41.0,"key":"DIG"},{"floor":45.0,"key":"REST"},{"data":"Dark Embrace","floor":47.0,"key":"SMITH"},{"floor":49.0,"key":"RECALL"}],"circlet_count":0,"master_deck":["AscendersBane","Shrug It Off","Feel No Pain","Flex","Shrug It Off","True Grit","Reprogram+1","Battle Trance","Pommel Strike","Shrug It Off","conspire:Charge","Bloodletting","Rupture","Second Wind","Pummel","Armaments+1","Impervious","Whirlwind+1","Power Through","Body Slam","Burning Pact","REME_Scribble","Exhume","Dark Embrace+1","Headbutt+1","Reprogram+1","Body Slam+1"],"relics":["REME_ComplimentaryCards","REME_DuelDisc","Eternal Feather","Bird Faced Urn","qcfpunch:Unceasing_Flame","Quantum Egg","ReplayTheSpireMod:DimensionalGlitch","InkBottle","Dota2Spire:ShadowBlade","White Beast Statue","conspire:GlowingRock","Chameleon Ring","Medical Kit","Black Star","Shovel","DollysMirror","Letter Opener","conspire:BottledYoYo","StrikeDummy","Paper Frog","Juzu Bracelet","qcfpunch:Black_Training_Shirt","Replay:Accelerometer","Lantern","Dota2Spire:HandOfMidas","qcfpunch:Wild_Herbs_Ointment"],"acts_visited":["Exordium","TheCity","TheBeyond","TheEnding"],"potions_floor_usage":[56,56],"damage_taken":[{"damage":1.0,"enemies":"Jaw Worm","floor":1.0,"turns":5.0},{"damage":0.0,"enemies":"Cultist","floor":4.0,"turns":3.0},{"damage":0.0,"enemies":"2 Louse","floor":5.0,"turns":3.0},{"damage":8.0,"enemies":"Lagavulin","floor":7.0,"turns":6.0},{"damage":4.0,"enemies":"Looter","floor":8.0,"turns":3.0},{"damage":3.0,"enemies":"Gremlin Gang","floor":10.0,"turns":3.0},{"damage":3.0,"enemies":"3 Louse","floor":11.0,"turns":3.0},{"damage":4.0,"enemies":"Exordium Thugs","floor":12.0,"turns":3.0},{"damage":13.0,"enemies":"3 Sentries","floor":14.0,"turns":6.0},{"damage":15.0,"enemies":"Fading Forest","floor":16.0,"turns":13.0},{"damage":5.0,"enemies":"Chosen","floor":18.0,"turns":6.0},{"damage":5.0,"enemies":"3 Byrds","floor":19.0,"turns":6.0},{"damage":5.0,"enemies":"Snecko","floor":22.0,"turns":6.0},{"damage":13.0,"enemies":"Gremlin Leader","floor":23.0,"turns":6.0},{"damage":5.0,"enemies":"Snake Plant","floor":25.0,"turns":2.0},{"damage":14.0,"enemies":"Slavers","floor":27.0,"turns":4.0},{"damage":10.0,"enemies":"Cultist and Chosen","floor":29.0,"turns":7.0},{"damage":5.0,"enemies":"Book of Stabbing","floor":30.0,"turns":5.0},{"damage":0.0,"enemies":"Snecko","floor":31.0,"turns":5.0},{"damage":22.0,"enemies":"Collector","floor":33.0,"turns":10.0},{"damage":13.0,"enemies":"3 Darklings","floor":35.0,"turns":6.0},{"damage":10.0,"enemies":"2 Orb Walkers","floor":37.0,"turns":4.0},{"damage":9.0,"enemies":"Orb Walker","floor":38.0,"turns":3.0},{"damage":26.0,"enemies":"Giant Head","floor":42.0,"turns":6.0},{"damage":30.0,"enemies":"Reptomancer","floor":44.0,"turns":7.0},{"damage":13.0,"enemies":"Giant Head","floor":46.0,"turns":7.0},{"damage":8.0,"enemies":"Nemesis","floor":48.0,"turns":5.0},{"damage":23.0,"enemies":"Replay:Hell Engine","floor":50.0,"turns":6.0},{"damage":18.0,"enemies":"conspire:OrnateMirror","floor":51.0,"turns":6.0},{"damage":38.0,"enemies":"Shield and Spear","floor":55.0,"turns":7.0},{"damage":38,"enemies":"The Heart","floor":56,"turns":11}],"seed_played":"-8299790118049409591","potions_obtained":[{"floor":7.0,"key":"Regen Potion"},{"floor":8.0,"key":"Weak Potion"},{"floor":14.0,"key":"AttackPotion"},{"floor":19.0,"key":"SkillPotion"},{"floor":25.0,"key":"BlessingOfTheForge"},{"floor":27.0,"key":"Adrenaline Potion"},{"floor":29.0,"key":"GamblersBrew"},{"floor":30.0,"key":"ColorlessPotion"},{"floor":31.0,"key":"Dexterity Potion"},{"floor":33.0,"key":"SpeedPotion"},{"floor":35.0,"key":"Adrenaline Potion"},{"floor":37.0,"key":"Elixir"},{"floor":44.0,"key":"Adrenaline Potion"},{"floor":48.0,"key":"PowerPotion"}],"is_trial":false,"path_per_floor":["M","?","$","M","M","R","E","M","T","M","M","M","R","E","R","B",null,"M","M","?","?","M","E","?","M","T","E","R","M","E","M","R","B",null,"M","?","?","M","$","?","R","E","T","E","R","E","R","E","R","B","B",null,"R","$","E","B",null],"character_chosen":"IRONCLAD","items_purchased":["Pommel Strike","Armaments","Medical Kit","DollysMirror"],"campfire_rested":2,"item_purchase_floors":[3,13,32,39],"current_hp_per_floor":[67,67,67,67,67,75,67,65,65,64,65,63,75,65,75,63,72,69,66,66,66,63,52,23,19,19,6,40,32,29,30,45,26,64,54,48,39,32,32,37,52,31,31,4,45,36,51,46,61,42,28,79,94,94,59,26],"gold":62,"neow_bonus":"BOSS_RELIC","is_daily":false,"chose_seed":false,"campfire_upgraded":3,"win_rate":0.0,"timestamp":1611294270,"path_taken":["M","?","?","?","M","R","E","M","T","M","M","M","R","E","R","BOSS","M","M","?","?","?","E","?","M","T","E","R","M","E","M","R","BOSS","M","?","?","M","$","?","R","E","T","E","R","E","R","E","R","BOSS","BOSS","R","$","E","BOSS"],"items_purchased_type":["Card","Card","Relic","Relic"],"build_version":"2020-12-22","purchased_purges":4,"victory":true,"max_hp_per_floor":[75,75,75,75,75,75,75,75,75,75,75,75,75,75,75,75,75,75,75,75,75,75,75,75,75,75,75,75,75,75,75,75,77,77,79,79,81,83,83,83,83,86,86,88,88,90,90,92,92,94,96,96,96,96,98,102],"relic_stats":{"Shovel":1,"counters":[31,173],"Bird Faced Urn":[57],"Eternal Feather":132,"Black Star":5,"Juzu Bracelet":0,"Letter Opener":[129],"Medical Kit":[70],"obtain_stats":[{"Replay:Accelerometer":48,"Lantern":48,"REME_DuelDisc":0,"Dota2Spire:ShadowBlade":23,"Juzu Bracelet":44,"qcfpunch:Unceasing_Flame":9,"qcfpunch:Wild_Herbs_Ointment":55,"conspire:GlowingRock":27,"Chameleon Ring":30,"Shovel":37,"DollysMirror":39,"qcfpunch:Wrestler\u0027s_Cloak":46,"InkBottle":20,"Paper Frog":44,"Dota2Spire:HandOfMidas":55,"Quantum Egg":14,"qcfpunch:Black_Training_Shirt":46,"Eternal Feather":2,"Letter Opener":41,"Medical Kit":32,"White Beast Statue":26,"Bird Faced Urn":7,"Pandora\u0027s Box":0,"Black Star":34,"conspire:BottledYoYo":42,"ReplayTheSpireMod:DimensionalGlitch":17,"StrikeDummy":42,"REME_ComplimentaryCards":0},{"Replay:Accelerometer":27,"Lantern":27,"REME_DuelDisc":0,"Dota2Spire:ShadowBlade":14,"Juzu Bracelet":25,"qcfpunch:Unceasing_Flame":5,"qcfpunch:Wild_Herbs_Ointment":30,"conspire:GlowingRock":16,"Chameleon Ring":18,"Shovel":22,"DollysMirror":23,"qcfpunch:Wrestler\u0027s_Cloak":26,"InkBottle":12,"Paper Frog":25,"Dota2Spire:HandOfMidas":30,"Quantum Egg":9,"qcfpunch:Black_Training_Shirt":26,"Eternal Feather":1,"Letter Opener":23,"Medical Kit":19,"White Beast Statue":15,"Bird Faced Urn":4,"Pandora\u0027s Box":0,"Black Star":20,"conspire:BottledYoYo":24,"ReplayTheSpireMod:DimensionalGlitch":10,"StrikeDummy":24,"REME_ComplimentaryCards":0},{"Replay:Accelerometer":143,"Lantern":143,"REME_DuelDisc":0,"Dota2Spire:ShadowBlade":72,"Juzu Bracelet":131,"qcfpunch:Unceasing_Flame":20,"qcfpunch:Wild_Herbs_Ointment":162,"conspire:GlowingRock":78,"Chameleon Ring":90,"Shovel":115,"DollysMirror":118,"qcfpunch:Wrestler\u0027s_Cloak":138,"InkBottle":60,"Paper Frog":131,"Dota2Spire:HandOfMidas":162,"Quantum Egg":35,"qcfpunch:Black_Training_Shirt":138,"Eternal Feather":5,"Letter Opener":118,"Medical Kit":95,"White Beast Statue":74,"Bird Faced Urn":17,"Pandora\u0027s Box":0,"Black Star":105,"conspire:BottledYoYo":124,"ReplayTheSpireMod:DimensionalGlitch":48,"StrikeDummy":124,"REME_ComplimentaryCards":0}],"InkBottle":[50]},"card_choices":[{"not_picked":["Replay:Undeath\u0027s Touch","Shrug It Off"],"picked":"Battle Trance","floor":1.0},{"not_picked":["Dark Embrace","Massacre"],"picked":"Shrug It Off","floor":4.0},{"not_picked":["Pommel Strike","Iron Wave"],"picked":"conspire:Charge","floor":5.0},{"not_picked":["Whirlwind","Shrug It Off"],"picked":"Bloodletting","floor":7.0},{"not_picked":["Pommel Strike","Wild Strike"],"picked":"Rupture","floor":8.0},{"not_picked":["Bloodletting","Iron Wave"],"picked":"Second Wind","floor":10.0},{"not_picked":["True Grit","Warcry"],"picked":"Pummel","floor":11.0},{"not_picked":["True Grit","Sever Soul","Massacre"],"picked":"SKIP","floor":12.0},{"not_picked":["Anger","Replay:Many Hands","Rupture"],"picked":"SKIP","floor":14.0},{"not_picked":["Anger","Replay:Many Hands","Rupture"],"picked":"SKIP","floor":14.0},{"not_picked":["REME_TheLastStrike","Corruption"],"picked":"Impervious","floor":16.0},{"not_picked":["Shrug It Off","Iron Wave","Anger"],"picked":"SKIP","floor":18.0},{"not_picked":["Iron Wave+1","Perfected Strike","Massacre"],"picked":"SKIP","floor":19.0},{"not_picked":["Hemogenesis","Uppercut"],"picked":"Whirlwind+1","floor":22.0},{"not_picked":["conspire:ExplosiveBarrier","Sword Boomerang"],"picked":"Power Through","floor":23.0},{"not_picked":["Inflame+1","Armaments"],"picked":"Body Slam","floor":25.0},{"not_picked":["Clothesline","conspire:ExplosiveBarrier","conspire:Charge"],"picked":"SKIP","floor":27.0},{"not_picked":["REME_FearOfPain","Havoc"],"picked":"Burning Pact","floor":29.0},{"not_picked":["Armaments","Sever Soul","True Grit"],"picked":"SKIP","floor":30.0},{"not_picked":["Havoc","Wild Strike"],"picked":"REME_Scribble","floor":31.0},{"not_picked":["Juggernaut","conspire:HitWhereItHurts"],"picked":"Exhume","floor":33.0},{"not_picked":["Uppercut+1","Flex","Metallicize"],"picked":"SKIP","floor":35.0},{"not_picked":["Wild Strike+1","Flex"],"picked":"Dark Embrace","floor":37.0},{"not_picked":["Burning Pact","Power Through"],"picked":"Headbutt+1","floor":38.0},{"not_picked":["Massacre","REME_Fury","Burning Pact"],"picked":"SKIP","floor":42.0},{"not_picked":["Wild Strike","Body Slam","Clothesline"],"picked":"SKIP","floor":44.0},{"not_picked":["Flex","Replay:Undeath\u0027s Touch"],"picked":"Body Slam+1","floor":46.0},{"not_picked":["Cleave","Metallicize","Fiend Fire"],"picked":"SKIP","floor":48.0},{"not_picked":["Pummel","Warcry","Flex"],"picked":"SKIP","floor":55.0}],"player_experience":1200310,"relics_obtained":[{"floor":7.0,"key":"Bird Faced Urn"},{"floor":9.0,"key":"qcfpunch:Unceasing_Flame"},{"floor":14.0,"key":"Quantum Egg"},{"floor":23.0,"key":"Dota2Spire:ShadowBlade"},{"floor":26.0,"key":"White Beast Statue"},{"floor":27.0,"key":"conspire:GlowingRock"},{"floor":30.0,"key":"Chameleon Ring"},{"floor":37.0,"key":"Shovel"},{"floor":41.0,"key":"Letter Opener"},{"floor":42.0,"key":"conspire:BottledYoYo"},{"floor":42.0,"key":"StrikeDummy"},{"floor":44.0,"key":"Paper Frog"},{"floor":44.0,"key":"Juzu Bracelet"},{"floor":46.0,"key":"qcfpunch:Wrestler\u0027s_Cloak"},{"floor":46.0,"key":"qcfpunch:Black_Training_Shirt"},{"floor":48.0,"key":"Replay:Accelerometer"},{"floor":48.0,"key":"Lantern"},{"floor":55.0,"key":"Dota2Spire:HandOfMidas"},{"floor":55.0,"key":"qcfpunch:Wild_Herbs_Ointment"}],"event_choices":[{"damage_healed":0.0,"max_hp_gain":0.0,"max_hp_loss":0.0,"gold_gain":0.0,"event_name":"WeMeetAgain","player_choice":"Paid Gold","floor":2.0,"gold_loss":63.0,"damage_taken":0.0,"relics_obtained":["Eternal Feather"]},{"damage_healed":0.0,"max_hp_gain":0.0,"max_hp_loss":0.0,"gold_gain":0.0,"event_name":"Addict","player_choice":"Obtained Relic","floor":20.0,"gold_loss":85.0,"damage_taken":0.0,"relics_obtained":["InkBottle"]},{"damage_healed":0.0,"max_hp_gain":0.0,"max_hp_loss":0.0,"gold_gain":100.0,"event_name":"The Joust","player_choice":"Bet on Murderer","floor":21.0,"gold_loss":50.0,"damage_taken":0.0},{"damage_healed":0.0,"max_hp_gain":0.0,"max_hp_loss":0.0,"gold_gain":180.0,"event_name":"Knowing Skull","player_choice":"GOLD GOLD ","floor":24.0,"potions_obtained":[],"gold_loss":0.0,"damage_taken":19.0,"cards_obtained":[]},{"damage_healed":0.0,"max_hp_gain":0.0,"max_hp_loss":0.0,"gold_gain":0.0,"event_name":"conspire:Investor","player_choice":"Leave","floor":36.0,"gold_loss":0.0,"damage_taken":0.0},{"damage_healed":0.0,"max_hp_gain":0.0,"max_hp_loss":0.0,"gold_gain":0.0,"event_name":"Mysterious Sphere","player_choice":"Fight","floor":37.0,"gold_loss":0.0,"damage_taken":0.0},{"cards_removed":["Cleave"],"damage_healed":5.0,"max_hp_gain":0.0,"max_hp_loss":0.0,"gold_gain":0.0,"event_name":"Bonfire Elementals","player_choice":"Offered Common","floor":40.0,"gold_loss":0.0,"damage_taken":0.0},{"cards_removed":["Cleave"],"damage_healed":5.0,"max_hp_gain":0.0,"max_hp_loss":0.0,"gold_gain":0.0,"event_name":"Bonfire Elementals","player_choice":"Offered Special","floor":40.0,"gold_loss":0.0,"damage_taken":0.0}],"is_beta":false,"boss_relics":[{"not_picked":["Mark of Pain","qcfpunch:Killian_Engine_Alpha"],"picked":"ReplayTheSpireMod:DimensionalGlitch"},{"not_picked":["Empty Cage","Astrolabe"],"picked":"Black Star"}],"items_purged_floors":[13,32,39,54],"is_endless":false,"potions_floor_spawned":[7,8,10,11,14,19,23,25,27,29,30,31,33,35,37,38,42,44,46,48,55],"ascension_level":20}}