{"host":"lzlnscgb2n0l5w2m","time":1611331206,"event":{"mods":["AchievementEnabler","BaseMod","Block Reminder","Colored Powertips","Googly Eyes","Highlight Path","Minty Spire (QoL Compilation)","Permanent Neow","Relic Stats","StSLib"],"gold_per_floor":[112,62,39,58,73,73,104,104,179,179,191,191,219,231,231,328,328,341,341,357,357,201,232,232,259,259,292,304,304,315,315,315],"floor_reached":31,"language":"ZHT","playtime":2530,"items_purged":["Writhe"],"score":409,"play_id":"e7850766-2674-4a12-b26e-1d173cab5812","local_time":"20210123000006","is_ascension_mode":true,"campfire_choices":[{"data":"Body Slam","floor":6,"key":"SMITH"},{"data":"Bludgeon","floor":8,"key":"SMITH"},{"data":"Berserk","floor":15,"key":"SMITH"},{"data":"Brutality","floor":24,"key":"SMITH"},{"floor":29,"key":"REST"}],"circlet_count":0,"master_deck":["Strike_R","Strike_R","Strike_R","Defend_R","Defend_R","Defend_R","Bash","Rupture","Shrug It Off","Iron Wave","Body Slam+1","Pommel Strike","Bludgeon+1","Spot Weakness","Berserk+1","Offering+1","Shockwave+1","Pommel Strike+1","Disarm","Brutality+1","Blood for Blood","Blood for Blood+1"],"relics":["Black Blood","Potion Belt","Question Card","Gremlin Horn","Letter Opener","Mercury Hourglass","Self Forming Clay","Pocketwatch","Pantograph","Champion Belt"],"acts_visited":["Exordium","TheCity"],"potions_floor_usage":[11,13,16,25,30,31],"damage_taken":[{"damage":4,"enemies":"Jaw Worm","floor":1,"turns":6},{"damage":0,"enemies":"2 Louse","floor":4,"turns":4},{"damage":0,"enemies":"Cultist","floor":5,"turns":4},{"damage":27,"enemies":"Gremlin Nob","floor":7,"turns":5},{"damage":0,"enemies":"Lots of Slimes","floor":11,"turns":1},{"damage":15,"enemies":"3 Sentries","floor":13,"turns":5},{"damage":17,"enemies":"Looter","floor":14,"turns":3},{"damage":8,"enemies":"Slime Boss","floor":16,"turns":5},{"damage":6,"enemies":"Spheric Guardian","floor":18,"turns":3},{"damage":24,"enemies":"2 Thieves","floor":20,"turns":3},{"damage":33,"enemies":"Slavers","floor":23,"turns":3},{"damage":19,"enemies":"Gremlin Leader","floor":25,"turns":5},{"damage":29,"enemies":"Book of Stabbing","floor":27,"turns":4},{"damage":14,"enemies":"Cultist and Chosen","floor":28,"turns":3},{"damage":25,"enemies":"Centurion and Healer","floor":30,"turns":3},{"damage":34,"enemies":"Slavers","floor":31,"turns":1}],"seed_played":"1403830234715153641","potions_obtained":[{"floor":7,"key":"Explosive Potion"},{"floor":11,"key":"AttackPotion"},{"floor":14,"key":"AttackPotion"},{"floor":23,"key":"HeartOfIron"},{"floor":27,"key":"BlessingOfTheForge"},{"floor":30,"key":"GamblersBrew"}],"is_trial":false,"path_per_floor":["M","?","$","M","M","R","E","R","T","T","M","?","E","M","R","B",null,"M","?","M","?","$","E","R","E","T","E","M","R","M","E"],"character_chosen":"IRONCLAD","items_purchased":["Iron Wave","Disarm"],"campfire_rested":1,"item_purchase_floors":[3,22],"current_hp_per_floor":[74,74,74,80,80,80,59,59,59,59,65,65,56,45,45,43,71,77,77,65,65,65,44,44,37,37,20,18,42,29,0,0],"gold":315,"neow_bonus":"TRANSFORM_CARD","is_daily":false,"chose_seed":false,"campfire_upgraded":4,"win_rate":0.0,"timestamp":1611331206,"path_taken":["M","?","$","M","M","R","E","R","T","?","?","?","E","M","R","BOSS","M","?","?","?","$","E","R","E","T","E","M","R","M","E"],"items_purchased_type":["Card","Card"],"build_version":"2020-12-22","purchased_purges":1,"victory":false,"max_hp_per_floor":[80,80,80,80,80,80,80,80,80,80,80,80,80,80,80,80,80,80,80,80,80,80,80,80,80,80,80,80,80,80,80,80],"relic_stats":{"Gremlin Horn":[15,16],"counters":[16,58],"Self Forming Clay":[48],"Pantograph":0,"Black Blood":126,"Letter Opener":[30],"Champion Belt":[2],"Question Card":11,"obtain_stats":[{"Potion Belt":7,"Gremlin Horn":10,"Self Forming Clay":23,"Pantograph":26,"Black Blood":17,"Letter Opener":13,"Champion Belt":27,"Question Card":9,"Burning Blood":0,"Mercury Hourglass":21,"Pocketwatch":25},{"Potion Belt":4,"Gremlin Horn":4,"Self Forming Clay":11,"Pantograph":12,"Black Blood":8,"Letter Opener":6,"Champion Belt":13,"Question Card":4,"Burning Blood":0,"Mercury Hourglass":10,"Pocketwatch":12},{"Potion Belt":19,"Gremlin Horn":19,"Self Forming Clay":42,"Pantograph":47,"Black Blood":33,"Letter Opener":25,"Champion Belt":51,"Question Card":19,"Burning Blood":0,"Mercury Hourglass":39,"Pocketwatch":47}],"Mercury Hourglass":[106],"Pocketwatch":[12]},"card_choices":[{"not_picked":["Pommel Strike","Havoc"],"picked":"Shrug It Off","floor":1},{"not_picked":["Warcry","Sword Boomerang"],"picked":"Body Slam","floor":4},{"not_picked":["Armaments","Clothesline"],"picked":"Pommel Strike","floor":5},{"not_picked":["Thunderclap","Anger"],"picked":"Bludgeon","floor":7},{"not_picked":["Shrug It Off","Heavy Blade","Uppercut"],"picked":"Spot Weakness","floor":11},{"not_picked":["Headbutt","Heavy Blade","Thunderclap"],"picked":"Berserk","floor":13},{"not_picked":["Wild Strike","Havoc","Body Slam","Pummel"],"picked":"SKIP","floor":14},{"not_picked":["Juggernaut","Double Tap","Demon Form"],"picked":"Offering","floor":16},{"not_picked":["Body Slam","Twin Strike","Heavy Blade+1"],"picked":"Shockwave+1","floor":18},{"not_picked":["Armaments","Cleave","Iron Wave"],"picked":"Pommel Strike+1","floor":20},{"not_picked":["Berserk","Body Slam","Twin Strike"],"picked":"Brutality","floor":23},{"not_picked":["Ghostly Armor","Whirlwind","Flame Barrier"],"picked":"Blood for Blood","floor":25},{"not_picked":["Clothesline","Brutality","Cleave","Anger"],"picked":"SKIP","floor":27},{"not_picked":["Wild Strike+1","Reckless Charge","Havoc+1","Flex"],"picked":"SKIP","floor":28},{"not_picked":["True Grit","Rupture","Havoc"],"picked":"Blood for Blood+1","floor":30}],"player_experience":232778,"relics_obtained":[{"floor":7,"key":"Potion Belt"},{"floor":9,"key":"Question Card"},{"floor":10,"key":"Gremlin Horn"},{"floor":13,"key":"Letter Opener"},{"floor":23,"key":"Self Forming Clay"},{"floor":25,"key":"Pocketwatch"},{"floor":26,"key":"Pantograph"},{"floor":27,"key":"Champion Belt"}],"event_choices":[{"cards_removed":["Defend_R"],"damage_healed":0,"gold_gain":0,"player_choice":"Card Removal","damage_taken":0,"max_hp_gain":0,"max_hp_loss":0,"event_name":"The Cleric","floor":2,"gold_loss":50},{"cards_removed":["Strike_R"],"damage_healed":0,"gold_gain":0,"player_choice":"Purged","damage_taken":0,"max_hp_gain":0,"max_hp_loss":0,"event_name":"Purifier","floor":12,"gold_loss":0},{"damage_healed":0,"gold_gain":0,"player_choice":"Upgraded","damage_taken":0,"max_hp_gain":0,"max_hp_loss":0,"event_name":"Upgrade Shrine","floor":19,"gold_loss":0,"cards_upgraded":["Offering"]},{"damage_healed":0,"gold_gain":0,"player_choice":"Opened","damage_taken":0,"relics_obtained":["Mercury Hourglass"],"max_hp_gain":0,"max_hp_loss":0,"event_name":"The Mausoleum","floor":21,"gold_loss":0,"cards_obtained":["Writhe"]}],"is_beta":false,"boss_relics":[{"not_picked":["Fusion Hammer","Cursed Key"],"picked":"Black Blood"}],"items_purged_floors":[22],"is_endless":false,"potions_floor_spawned":[7,11,14,23,27,30],"killed_by":"Slavers","ascension_level":7}}