{"host":"TheHustler","time":1611317936,"event":{"mods":["BaseMod","Block Reminder","Colored Map","Colored Powertips","Minty Spire (QoL Compilation)","Quick Restart","StSLib","SuperFastMode","Unceasing Turn Reminder"],"gold_per_floor":[114,129,144,64,79,79,109,109,109,124,139,154,171,186,186,186,186],"floor_reached":16,"language":"ENG","playtime":459,"items_purged":[],"score":106,"play_id":"79b8f817-9781-4e7a-b697-6ce9a31033b4","local_time":"20210122131856","daily_mods":["Heirloom","Uncertain Future","Night Terrors"],"is_ascension_mode":false,"campfire_choices":[{"data":"Noxious Fumes","floor":6,"key":"SMITH"},{"data":"Catalyst","floor":8,"key":"SMITH"},{"floor":15,"key":"REST"}],"circlet_count":0,"master_deck":["Strike_G","Strike_G","Strike_G","Strike_G","Strike_G","Defend_G","Defend_G","Defend_G","Defend_G","Defend_G","Survivor","Neutralize","Terror","Noxious Fumes+1","Catalyst+1","Tactician","Poisoned Stab","Quick Slash","Bane","Storm of Steel","Dagger Throw","Burst"],"relics":["Ring of the Snake","Pocketwatch","StrikeDummy","Frozen Egg 2","Odd Mushroom"],"acts_visited":["Exordium"],"potions_floor_usage":[12,13,13],"damage_taken":[{"damage":1,"enemies":"Cultist","floor":1,"turns":3},{"damage":0,"enemies":"Small Slimes","floor":2,"turns":3},{"damage":0,"enemies":"Jaw Worm","floor":3,"turns":4},{"damage":8,"enemies":"3 Louse","floor":5,"turns":5},{"damage":16,"enemies":"3 Sentries","floor":7,"turns":7},{"damage":4,"enemies":"Blue Slaver","floor":10,"turns":3},{"damage":31,"enemies":"Exordium Thugs","floor":11,"turns":5},{"damage":0,"enemies":"3 Louse","floor":12,"turns":4},{"damage":23,"enemies":"The Mushroom Lair","floor":13,"turns":5},{"damage":3,"enemies":"Exordium Wildlife","floor":14,"turns":3},{"damage":65,"enemies":"The Guardian","floor":16,"turns":7}],"seed_played":"8945501730091475425","potions_obtained":[{"floor":1,"key":"Regen Potion"},{"floor":11,"key":"Weak Potion"},{"floor":12,"key":"Regen Potion"},{"floor":13,"key":"Dexterity Potion"}],"is_trial":false,"path_per_floor":["M","M","M","$","M","R","E","R","T","M","M","M","?","M","R","B"],"character_chosen":"THE_SILENT","items_purchased":["Tactician"],"campfire_rested":1,"item_purchase_floors":[4],"current_hp_per_floor":[69,69,69,69,61,61,45,45,45,41,10,22,11,8,65,0,0],"gold":186,"neow_bonus":"","is_daily":true,"chose_seed":false,"campfire_upgraded":2,"win_rate":0.0,"timestamp":1611317936,"path_taken":["M","M","M","$","M","R","E","R","T","?","?","M","?","M","R","BOSS"],"items_purchased_type":["Card"],"build_version":"2020-12-18","purchased_purges":0,"victory":false,"max_hp_per_floor":[70,70,70,70,70,70,70,70,70,70,70,70,70,70,65,65,65],"card_choices":[{"not_picked":["Deadly Poison","Quick Slash"],"picked":"Terror","floor":1},{"not_picked":["Expertise","Deflect"],"picked":"Noxious Fumes","floor":2},{"not_picked":["Expertise","Predator"],"picked":"Catalyst","floor":3},{"not_picked":["Predator","Calculated Gamble"],"picked":"Poisoned Stab","floor":5},{"not_picked":["Flying Knee","Backstab","Flechettes"],"picked":"SKIP","floor":7},{"not_picked":["Outmaneuver","Flying Knee"],"picked":"Quick Slash","floor":10},{"not_picked":["PiercingWail","Cloak And Dagger"],"picked":"Bane","floor":11},{"not_picked":["Dagger Spray","Acrobatics"],"picked":"Storm of Steel","floor":12},{"not_picked":["Dodge and Roll","Blur"],"picked":"Dagger Throw","floor":13},{"not_picked":["Skewer","Predator"],"picked":"Burst","floor":14}],"player_experience":643719,"relics_obtained":[{"floor":7,"key":"StrikeDummy"},{"floor":9,"key":"Frozen Egg 2"},{"floor":13,"key":"Odd Mushroom"}],"event_choices":[{"damage_healed":0,"gold_gain":0,"player_choice":"Fought Mushrooms","damage_taken":0,"max_hp_gain":0,"max_hp_loss":0,"event_name":"Mushrooms","floor":13,"gold_loss":0}],"is_beta":true,"boss_relics":[],"items_purged_floors":[],"is_endless":false,"potions_floor_spawned":[1,11,12,13],"killed_by":"The Guardian","ascension_level":0}}