{"host":"a5lz0e76zb3fcwkm","time":1611333800,"event":{"mods":["AchievementEnabler","BaseMod","Colored Map","Colored Powertips","Minty Spire (QoL Compilation)","StSLib","SuperFastMode"],"gold_per_floor":[364,153,153,165,184,184,197,197,197,229,239,251,251,30,30,102,102,119,135,153,78,78,78,98,148,148,148,162,176,176,176,176,251,251,271,271,271,284,309,309,322,347,347,347,360,378,408,424,424,424,424,424,424,22,49,49,49],"floor_reached":56,"language":"KOR","playtime":2296,"items_purged":["Normality","Strike_G","Strike_G"],"score":1712,"play_id":"2a86ba8f-8f44-4a62-b377-3f05826e3691","local_time":"20210123014320","is_ascension_mode":true,"campfire_choices":[{"data":"Acrobatics","floor":6.0,"key":"SMITH"},{"data":"Calculated Gamble","floor":15.0,"key":"SMITH"},{"data":"Venomology","floor":23.0,"key":"SMITH"},{"data":"Concentrate","floor":27.0,"key":"SMITH"},{"data":"Flechettes","floor":30.0,"key":"SMITH"},{"data":"Accuracy","floor":32.0,"key":"SMITH"},{"floor":40.0,"key":"RECALL"},{"floor":44.0,"key":"REST"},{"floor":49.0,"key":"REST"},{"floor":53.0,"key":"REST"}],"circlet_count":0,"master_deck":["AscendersBane","Strike_G","Strike_G","Defend_G","Defend_G","Defend_G","Defend_G","Survivor","Neutralize","Accuracy+1","Backflip","Acrobatics+1","Blade Dance","Concentrate+1","Finisher","Calculated Gamble+1","Venomology+1","PiercingWail","Infinite Blades","Malaise","Flechettes+1","Burst","Terror","Escape Plan","Blur","Blur","Acrobatics"],"relics":["Ring of the Snake","Tough Bandages","Gremlin Horn","Shuriken","Runic Pyramid","Fusion Hammer","White Beast Statue","Tingsha","Bronze Scales","Ninja Scroll","Vajra","ClockworkSouvenir","StrikeDummy"],"acts_visited":["Exordium","TheCity","TheBeyond","TheEnding"],"potions_floor_usage":[56,56],"damage_taken":[{"damage":11.0,"enemies":"Jaw Worm","floor":1.0,"turns":6.0},{"damage":7.0,"enemies":"Cultist","floor":4.0,"turns":6.0},{"damage":3.0,"enemies":"2 Louse","floor":5.0,"turns":3.0},{"damage":2.0,"enemies":"2 Fungi Beasts","floor":7.0,"turns":6.0},{"damage":29.0,"enemies":"Lagavulin","floor":10.0,"turns":9.0},{"damage":1.0,"enemies":"Looter","floor":11.0,"turns":3.0},{"damage":0.0,"enemies":"Lots of Slimes","floor":12.0,"turns":3.0},{"damage":3.0,"enemies":"Hexaghost","floor":16.0,"turns":8.0},{"damage":0.0,"enemies":"2 Thieves","floor":18.0,"turns":3.0},{"damage":2.0,"enemies":"Shell Parasite","floor":19.0,"turns":5.0},{"damage":0.0,"enemies":"Cultist and Chosen","floor":20.0,"turns":7.0},{"damage":0.0,"enemies":"Chosen and Byrds","floor":24.0,"turns":5.0},{"damage":0.0,"enemies":"Snecko","floor":28.0,"turns":4.0},{"damage":3.0,"enemies":"Snake Plant","floor":29.0,"turns":4.0},{"damage":1.0,"enemies":"Automaton","floor":33.0,"turns":6.0},{"damage":0.0,"enemies":"3 Shapes","floor":35.0,"turns":4.0},{"damage":0.0,"enemies":"Orb Walker","floor":38.0,"turns":4.0},{"damage":0.0,"enemies":"Mind Bloom Boss Battle","floor":39.0,"turns":6.0},{"damage":12.0,"enemies":"Writhing Mass","floor":41.0,"turns":4.0},{"damage":0.0,"enemies":"Jaw Worm Horde","floor":45.0,"turns":3.0},{"damage":36.0,"enemies":"Spire Growth","floor":46.0,"turns":4.0},{"damage":2.0,"enemies":"Giant Head","floor":47.0,"turns":2.0},{"damage":0.0,"enemies":"Sphere and 2 Shapes","floor":48.0,"turns":3.0},{"damage":50.0,"enemies":"Donu and Deca","floor":50.0,"turns":9.0},{"damage":8.0,"enemies":"Awakened One","floor":51.0,"turns":11.0},{"damage":58.0,"enemies":"Shield and Spear","floor":55.0,"turns":5.0},{"damage":106,"enemies":"The Heart","floor":56,"turns":11}],"seed_played":"-7008978436511801817","potions_obtained":[{"floor":4.0,"key":"Block Potion"},{"floor":7.0,"key":"SkillPotion"},{"floor":12.0,"key":"Explosive Potion"},{"floor":19.0,"key":"DuplicationPotion"},{"floor":24.0,"key":"SpeedPotion"},{"floor":29.0,"key":"PowerPotion"},{"floor":39.0,"key":"SteroidPotion"},{"floor":41.0,"key":"SneckoOil"},{"floor":46.0,"key":"PowerPotion"},{"floor":48.0,"key":"Regen Potion"},{"floor":55.0,"key":"Regen Potion"}],"is_trial":false,"path_per_floor":["M","$","?","M","M","R","M","?","T","E","M","M","?","$","R","B",null,"M","M","M","?","?","R","M","?","T","R","M","M","R","?","R","B",null,"M","?","T","M","?","R","M","T","T","R","M","M","E","M","R","B","B",null,"R","$","E","B"],"character_chosen":"THE_SILENT","items_purchased":["Backflip","Regen Potion","Calculated Gamble","GamblersBrew","ClockworkSouvenir","Acrobatics","ColorlessPotion"],"campfire_rested":3,"item_purchase_floors":[2,2,14,14,54,54,54],"current_hp_per_floor":[48,48,48,41,38,38,36,36,36,7,6,6,6,6,6,3,50,50,57,57,57,57,57,57,57,57,57,57,54,54,54,54,53,63,63,63,63,63,63,63,51,51,51,66,66,35,33,33,52,17,9,52,66,66,8,0,0],"gold":49,"neow_bonus":"TWO_FIFTY_GOLD","is_daily":false,"chose_seed":false,"campfire_upgraded":6,"win_rate":0.0,"timestamp":1611333800,"path_taken":["M","$","?","?","M","R","M","?","T","E","M","M","?","$","R","BOSS","M","M","M","?","?","R","?","?","T","R","M","M","R","?","R","BOSS","M","?","?","?","?","R","M","?","T","R","M","M","E","M","R","BOSS","BOSS","R","$","E","BOSS"],"items_purchased_type":["Card","Potion","Card","Potion","Relic","Card","Potion"],"build_version":"2020-12-22","purchased_purges":3,"victory":false,"max_hp_per_floor":[66,66,66,66,66,66,66,66,66,66,66,66,66,66,66,66,66,66,66,66,66,66,66,66,66,66,66,66,66,66,66,66,66,66,66,66,66,66,66,66,66,66,66,66,66,66,66,66,66,66,66,66,66,66,66,66,66],"card_choices":[{"not_picked":["Deflect","Quick Slash"],"picked":"Accuracy","floor":1.0},{"not_picked":["Catalyst","Masterful Stab","Setup"],"picked":"SKIP","floor":4.0},{"not_picked":["Dash","Dodge and Roll"],"picked":"Acrobatics","floor":5.0},{"not_picked":["PiercingWail","Underhanded Strike"],"picked":"Blade Dance","floor":7.0},{"not_picked":["Poisoned Stab","Concentrate","Distraction"],"picked":"SKIP","floor":10.0},{"not_picked":["Poisoned Stab","Distraction"],"picked":"Concentrate","floor":10.0},{"not_picked":["Outmaneuver","Backflip"],"picked":"Finisher","floor":11.0},{"not_picked":["Dagger Throw","Quick Slash","Glass Knife"],"picked":"SKIP","floor":12.0},{"not_picked":["Wraith Form v2","Malaise"],"picked":"Venomology","floor":16.0},{"not_picked":["Bouncing Flask+1","Dagger Spray","Outmaneuver"],"picked":"SKIP","floor":18.0},{"not_picked":["Flying Knee","Predator"],"picked":"PiercingWail","floor":19.0},{"not_picked":["Acrobatics","Sucker Punch","Cloak And Dagger"],"picked":"SKIP","floor":20.0},{"not_picked":["Infinite Blades","Catalyst","Crippling Poison"],"picked":"SKIP","floor":24.0},{"not_picked":["Catalyst","Crippling Poison"],"picked":"Infinite Blades","floor":24.0},{"not_picked":["Cloak And Dagger","Outmaneuver"],"picked":"Malaise","floor":28.0},{"not_picked":["Well Laid Plans+1","Outmaneuver"],"picked":"Flechettes","floor":29.0},{"not_picked":["Envenom","Die Die Die"],"picked":"Burst","floor":33.0},{"not_picked":["Acrobatics","Caltrops"],"picked":"Terror","floor":35.0},{"not_picked":["Deflect","Sucker Punch","Quick Slash+1"],"picked":"SKIP","floor":38.0},{"not_picked":["Flying Knee","PiercingWail"],"picked":"Escape Plan","floor":41.0},{"not_picked":["Accuracy","Deflect"],"picked":"Blur","floor":45.0},{"not_picked":["Cloak And Dagger","Unload","Dagger Spray"],"picked":"SKIP","floor":46.0},{"not_picked":["Setup+1","Deflect"],"picked":"Blur","floor":47.0},{"not_picked":["Backflip","Caltrops+1","Bane+1"],"picked":"SKIP","floor":48.0},{"not_picked":["Dagger Spray+1","Heel Hook","Slice"],"picked":"SKIP","floor":55.0}],"player_experience":1784899,"relics_obtained":[{"floor":9.0,"key":"Gremlin Horn"},{"floor":10.0,"key":"Shuriken"},{"floor":37.0,"key":"White Beast Statue"},{"floor":39.0,"key":"Tingsha"},{"floor":42.0,"key":"Bronze Scales"},{"floor":43.0,"key":"Ninja Scroll"},{"floor":47.0,"key":"Vajra"},{"floor":55.0,"key":"StrikeDummy"}],"event_choices":[{"damage_healed":0.0,"max_hp_gain":0.0,"max_hp_loss":0.0,"gold_gain":0.0,"event_name":"WeMeetAgain","player_choice":"Gave Potion","floor":3.0,"gold_loss":0.0,"damage_taken":0.0,"relics_obtained":["Tough Bandages"]},{"damage_healed":0.0,"max_hp_gain":0.0,"max_hp_loss":0.0,"gold_gain":0.0,"event_name":"Liars Game","player_choice":"Ignored","floor":8.0,"gold_loss":0.0,"damage_taken":0.0},{"damage_healed":0.0,"max_hp_gain":0.0,"max_hp_loss":0.0,"gold_gain":0.0,"event_name":"Golden Wing","player_choice":"Ignored","floor":13.0,"gold_loss":0.0,"damage_taken":0.0},{"cards_removed":["Defend_G"],"damage_healed":0.0,"max_hp_gain":0.0,"max_hp_loss":0.0,"gold_gain":0.0,"event_name":"Beggar","player_choice":"Gave Gold","floor":21.0,"gold_loss":75.0,"damage_taken":0.0},{"cards_removed":["Strike_G"],"damage_healed":0.0,"max_hp_gain":0.0,"max_hp_loss":0.0,"gold_gain":0.0,"event_name":"Purifier","player_choice":"Purged","floor":22.0,"gold_loss":0.0,"damage_taken":0.0},{"damage_healed":0.0,"max_hp_gain":0.0,"max_hp_loss":0.0,"gold_gain":50.0,"event_name":"Nest","player_choice":"Stole From Cult","floor":25.0,"gold_loss":0.0,"damage_taken":0.0},{"damage_healed":0.0,"max_hp_gain":0.0,"max_hp_loss":0.0,"gold_gain":0.0,"event_name":"Ghosts","player_choice":"Ignored","floor":31.0,"gold_loss":0.0,"damage_taken":0.0},{"damage_healed":0.0,"max_hp_gain":0.0,"max_hp_loss":0.0,"gold_gain":0.0,"event_name":"Tomb of Lord Red Mask","player_choice":"Ignored","floor":36.0,"gold_loss":0.0,"damage_taken":0.0},{"damage_healed":0.0,"max_hp_gain":0.0,"max_hp_loss":0.0,"gold_gain":0.0,"event_name":"MindBloom","player_choice":"Fight","floor":39.0,"gold_loss":0.0,"damage_taken":0.0}],"is_beta":false,"boss_relics":[{"not_picked":["Coffee Dripper","Black Star"],"picked":"Runic Pyramid"},{"not_picked":["SlaversCollar","Velvet Choker"],"picked":"Fusion Hammer"}],"items_purged_floors":[2,14,54],"is_endless":false,"potions_floor_spawned":[4,7,12,19,24,29,38,39,41,45,46,47,48,55],"killed_by":"The Heart","ascension_level":20}}