{"host":"t7mx8yfj1no5p62f","time":1611341515,"event":{"mods":["BaseMod","Bestiary","Colored Map","Colored Powertips","Minty Spire (QoL Compilation)","Relic Stats","StSLib","ojb\u0027s Info Mod"],"gold_per_floor":[116,116,116,130,130,130,171,171,195,214,244,267,280,319,319,405,405,427,436,415,434,457,457,19,19,90,131,54,54,66,89,89,174,237,253,273,282,282,282],"floor_reached":38,"language":"ENG","playtime":1248,"items_purged":[],"score":907,"play_id":"44540e30-7215-4832-80c6-f96e5f63e2a3","local_time":"20210122135155","is_ascension_mode":true,"campfire_choices":[{"data":"Cleave","floor":6,"key":"SMITH"},{"data":"Clothesline","floor":8,"key":"SMITH"},{"data":"Shrug It Off","floor":15,"key":"SMITH"},{"data":"J.A.X.","floor":23,"key":"SMITH"},{"data":"Spot Weakness","floor":25,"key":"SMITH"},{"data":"Whirlwind","floor":29,"key":"SMITH"},{"data":"Burning Pact","floor":32,"key":"SMITH"}],"circlet_count":0,"master_deck":["AscendersBane","Bash","Cleave+1","Clothesline+1","Shrug It Off+1","Burning Pact+1","Shrug It Off","Reaper","Shrug It Off","J.A.X.+1","Thunderclap","Armaments+1","Flex","True Grit+1","Spot Weakness+1","Sword Boomerang+1","Burning Pact+1","Flame Barrier+1","Whirlwind+1","Disarm","Limit Break","Shockwave","Metallicize","Second Wind","Shrug It Off","Carnage","Dropkick","Reaper","Decay"],"relics":["Burning Blood","NeowsBlessing","Red Skull","CeramicFish","Akabeko","Oddly Smooth Stone","Peace Pipe","Empty Cage","Gremlin Horn","Orrery","Meat on the Bone","War Paint","Pandora\u0027s Box"],"acts_visited":["Exordium","TheCity","TheBeyond"],"potions_floor_usage":[11,16,24,27,33,38],"damage_taken":[{"damage":0.0,"enemies":"Jaw Worm","floor":1.0,"turns":1.0},{"damage":0,"enemies":"2 Louse","floor":4,"turns":1},{"damage":0,"enemies":"Lagavulin","floor":7,"turns":1},{"damage":0,"enemies":"Cultist","floor":10,"turns":3},{"damage":24,"enemies":"Gremlin Nob","floor":11,"turns":4},{"damage":0,"enemies":"2 Fungi Beasts","floor":12,"turns":3},{"damage":9,"enemies":"Exordium Wildlife","floor":13,"turns":2},{"damage":3,"enemies":"3 Sentries","floor":14,"turns":5},{"damage":7,"enemies":"The Guardian","floor":16,"turns":15},{"damage":55,"enemies":"3 Byrds","floor":18,"turns":8},{"damage":29,"enemies":"2 Thieves","floor":20,"turns":4},{"damage":33,"enemies":"Snake Plant","floor":21,"turns":6},{"damage":52,"enemies":"3 Cultists","floor":22,"turns":8},{"damage":15,"enemies":"Gremlin Leader","floor":27,"turns":4},{"damage":48,"enemies":"Shelled Parasite and Fungi","floor":30,"turns":3},{"damage":9,"enemies":"Cultist and Chosen","floor":31,"turns":3},{"damage":81,"enemies":"Automaton","floor":33,"turns":9},{"damage":38,"enemies":"Orb Walker","floor":35,"turns":6},{"damage":45,"enemies":"3 Darklings","floor":36,"turns":4},{"damage":83,"enemies":"Transient","floor":38,"turns":5}],"seed_played":"-6845404045791569920","potions_obtained":[{"floor":4,"key":"AttackPotion"},{"floor":7,"key":"Dexterity Potion"},{"floor":13,"key":"FairyPotion"},{"floor":20,"key":"GamblersBrew"},{"floor":21,"key":"BloodPotion"},{"floor":22,"key":"ColorlessPotion"},{"floor":30,"key":"ElixirPotion"},{"floor":35,"key":"Weak Potion"}],"is_trial":false,"path_per_floor":["M","?","?","M","?","R","E","R","T","M","E","M","M","E","R","B",null,"M","?","M","M","M","R","$","R","T","E","$","R","M","M","R","B",null,"M","M","?","M"],"character_chosen":"IRONCLAD","items_purchased":["Gremlin Horn","Orrery","AttackPotion","Whirlwind"],"campfire_rested":0,"item_purchase_floors":[24,24,24,28],"current_hp_per_floor":[74,51,51,57,39,39,45,45,45,51,33,39,36,39,39,38,66,23,23,30,11,16,16,31,31,31,69,69,69,46,55,55,22,62,48,41,41,0,0],"gold":282,"neow_bonus":"THREE_ENEMY_KILL","is_daily":false,"chose_seed":false,"campfire_upgraded":7,"win_rate":0.0,"timestamp":1611341515,"path_taken":["M","?","?","?","?","R","E","R","T","M","E","M","M","E","R","BOSS","M","?","M","M","M","R","$","R","T","E","$","R","M","M","R","BOSS","M","M","?","M"],"items_purchased_type":["Relic","Relic","Potion","Card"],"build_version":"2020-12-22","purchased_purges":0,"victory":false,"max_hp_per_floor":[75,75,75,75,75,75,75,75,75,75,75,75,75,75,75,75,75,75,75,75,75,75,75,75,75,75,75,75,75,75,75,75,75,75,75,75,75,75,75],"relic_stats":{"Peace Pipe":0,"Gremlin Horn":[9,9],"counters":[20,95],"CeramicFish":234,"Pandora\u0027s Box":["Shockwave","Metallicize","Second Wind","Shrug It Off","Carnage","Dropkick","Reaper"],"War Paint":["Burning Pact","Defend_R"],"obtain_stats":[{"NeowsBlessing":0,"Gremlin Horn":24,"CeramicFish":7,"Oddly Smooth Stone":11,"War Paint":27,"Empty Cage":17,"Burning Blood":0,"Akabeko":9,"Peace Pipe":14,"Orrery":24,"Pandora\u0027s Box":34,"Red Skull":5,"Meat on the Bone":26},{"NeowsBlessing":0,"Gremlin Horn":13,"CeramicFish":3,"Oddly Smooth Stone":5,"War Paint":14,"Empty Cage":9,"Burning Blood":0,"Akabeko":3,"Peace Pipe":8,"Orrery":13,"Pandora\u0027s Box":17,"Red Skull":2,"Meat on the Bone":13},{"NeowsBlessing":0,"Gremlin Horn":61,"CeramicFish":3,"Oddly Smooth Stone":10,"War Paint":65,"Empty Cage":35,"Burning Blood":0,"Akabeko":3,"Peace Pipe":20,"Orrery":61,"Pandora\u0027s Box":80,"Red Skull":2,"Meat on the Bone":61}],"Burning Blood":114,"Meat on the Bone":48},"card_choices":[{"not_picked":["Blood for Blood","Burning Pact"],"picked":"Cleave","floor":1.0},{"not_picked":["Searing Blow","Flex","Body Slam"],"picked":"SKIP","floor":4},{"not_picked":["Headbutt","Evolve"],"picked":"Clothesline","floor":7},{"not_picked":["Uppercut","Entrench"],"picked":"Shrug It Off","floor":10},{"not_picked":["Feel No Pain","Anger","Fiend Fire"],"picked":"SKIP","floor":11},{"not_picked":["Second Wind","Clash"],"picked":"Burning Pact","floor":12},{"not_picked":["Clothesline","Twin Strike","Cleave"],"picked":"SKIP","floor":13},{"not_picked":["Fire Breathing","Clothesline"],"picked":"Shrug It Off","floor":14},{"not_picked":["Barricade","Double Tap"],"picked":"Reaper","floor":16},{"not_picked":["Entrench","Twin Strike+1"],"picked":"Shrug It Off","floor":18},{"not_picked":["Thunderclap","Iron Wave","Burning Pact"],"picked":"SKIP","floor":20},{"not_picked":["Iron Wave","Burning Pact"],"picked":"Thunderclap","floor":20},{"not_picked":["True Grit","Infernal Blade"],"picked":"Armaments+1","floor":21},{"not_picked":["Headbutt","Infernal Blade"],"picked":"Flex","floor":22},{"not_picked":["Clothesline","Clash"],"picked":"True Grit+1","floor":24},{"not_picked":["Flex+1","Sword Boomerang+1"],"picked":"Spot Weakness","floor":24},{"not_picked":["Fire Breathing","Thunderclap"],"picked":"Sword Boomerang+1","floor":24},{"not_picked":["Heavy Blade","Pommel Strike"],"picked":"Burning Pact","floor":24},{"not_picked":["Bloodletting","Juggernaut"],"picked":"Flame Barrier+1","floor":27},{"not_picked":["Warcry","Intimidate","Clash"],"picked":"SKIP","floor":30},{"not_picked":["Clash","Armaments"],"picked":"Disarm","floor":31},{"not_picked":["Feed","Juggernaut"],"picked":"Limit Break","floor":33},{"not_picked":["Havoc+1","Wild Strike","Clothesline"],"picked":"SKIP","floor":35},{"not_picked":["Clash","Clothesline","Cleave"],"picked":"SKIP","floor":36}],"player_experience":1820724,"relics_obtained":[{"floor":7,"key":"CeramicFish"},{"floor":9,"key":"Akabeko"},{"floor":11,"key":"Oddly Smooth Stone"},{"floor":14,"key":"Peace Pipe"},{"floor":26,"key":"Meat on the Bone"},{"floor":27,"key":"War Paint"}],"event_choices":[{"damage_healed":0.0,"max_hp_gain":0.0,"max_hp_loss":0.0,"gold_gain":0.0,"event_name":"Shining Light","player_choice":"Entered Light","floor":2.0,"gold_loss":0.0,"damage_taken":23.0,"cards_upgraded":["Defend_R","Defend_R"]},{"damage_healed":0,"gold_gain":0,"player_choice":"Leave","damage_taken":0,"max_hp_gain":0,"max_hp_loss":0,"event_name":"FaceTrader","floor":3,"gold_loss":0},{"damage_healed":0,"gold_gain":0,"player_choice":"Success","damage_taken":18,"relics_obtained":["Red Skull"],"max_hp_gain":0,"max_hp_loss":0,"event_name":"Scrap Ooze","floor":5,"gold_loss":0},{"damage_healed":0,"gold_gain":0,"player_choice":"Obtain J.A.X.","damage_taken":0,"max_hp_gain":0,"max_hp_loss":0,"event_name":"Drug Dealer","floor":19,"gold_loss":0,"cards_obtained":["J.A.X."]},{"damage_healed":0,"gold_gain":0,"player_choice":"Cursed","damage_taken":0,"max_hp_gain":0,"max_hp_loss":0,"event_name":"Wheel of Change","floor":37,"gold_loss":0,"cards_obtained":["Decay"]}],"is_beta":false,"boss_relics":[{"not_picked":["Mark of Pain","Black Star"],"picked":"Empty Cage"},{"not_picked":["SacredBark","Calling Bell"],"picked":"Pandora\u0027s Box"}],"items_purged_floors":[],"is_endless":false,"potions_floor_spawned":[4,7,10,13,14,20,21,22,30,35,36],"killed_by":"Transient","ascension_level":20}}