{"host":"opyh6vr790e42ffe","time":1611278354,"event":{"mods":["BaseMod","Bestiary","Colored Map","Highlight Path","Minty Spire (QoL Compilation)","Relic Stats","StSLib"],"gold_per_floor":[99,99,99,99,79,79,4,4,4,4,4,4,4,4,4,4,4,4,4,4,4,4,4,4,4,4,4,4,4,4,4,4,4,4],"floor_reached":33,"language":"ENG","playtime":1286,"items_purged":["Strike_P"],"score":672,"play_id":"d1c4c676-fdab-44f7-be8b-da868334b607","local_time":"20210121171914","is_ascension_mode":true,"campfire_choices":[{"data":"Conclude","floor":6.0,"key":"SMITH"},{"data":"Eruption","floor":8.0,"key":"SMITH"},{"data":"ForeignInfluence","floor":12.0,"key":"SMITH"},{"data":"Fasting2","floor":15.0,"key":"SMITH"},{"floor":23.0,"key":"REST"},{"data":"ForeignInfluence","floor":25.0,"key":"SMITH"},{"floor":30,"key":"REST"},{"data":"Wallop","floor":32,"key":"SMITH"}],"circlet_count":0,"master_deck":["AscendersBane","Strike_P","Strike_P","Strike_P","Defend_P","Defend_P","Defend_P","Defend_P","Eruption+1","Vigilance","Conclude+1","EmptyMind","Halt","ForeignInfluence+1","Fasting2+1","Wireheading","Ragnarok+1","LikeWater+1","InnerPeace","Prostrate","ForeignInfluence+1","Establishment","Evaluate","Wallop+1","CutThroughFate"],"relics":["Ectoplasm","Potion Belt","Happy Flower","Smiling Mask","MealTicket","VioletLotus","Eternal Feather"],"acts_visited":["Exordium","TheCity"],"potions_floor_usage":[27,33],"damage_taken":[{"damage":2.0,"enemies":"Cultist","floor":1.0,"turns":5.0},{"damage":3.0,"enemies":"2 Louse","floor":2.0,"turns":2.0},{"damage":4.0,"enemies":"Jaw Worm","floor":4.0,"turns":4.0},{"damage":0.0,"enemies":"Looter","floor":5.0,"turns":2.0},{"damage":10.0,"enemies":"Lagavulin","floor":11.0,"turns":7.0},{"damage":0.0,"enemies":"Gremlin Nob","floor":13.0,"turns":2.0},{"damage":0.0,"enemies":"Red Slaver","floor":14.0,"turns":2.0},{"damage":0.0,"enemies":"Slime Boss","floor":16.0,"turns":4.0},{"damage":18.0,"enemies":"3 Byrds","floor":18.0,"turns":3.0},{"damage":0.0,"enemies":"Spheric Guardian","floor":20.0,"turns":2.0},{"damage":11.0,"enemies":"Cultist and Chosen","floor":21.0,"turns":4.0},{"damage":12.0,"enemies":"Snake Plant","floor":22.0,"turns":4.0},{"damage":20.0,"enemies":"Snecko","floor":24.0,"turns":5.0},{"damage":18,"enemies":"Shelled Parasite and Fungi","floor":27,"turns":2},{"damage":6,"enemies":"Centurion and Healer","floor":29,"turns":5},{"damage":4,"enemies":"Sentry and Sphere","floor":31,"turns":3},{"damage":50,"enemies":"Collector","floor":33,"turns":6}],"seed_played":"-5149715554494546563","potions_obtained":[{"floor":1.0,"key":"LiquidMemories"},{"floor":5.0,"key":"SteroidPotion"},{"floor":16.0,"key":"ColorlessPotion"},{"floor":18.0,"key":"LiquidBronze"},{"floor":21.0,"key":"BlessingOfTheForge"},{"floor":24.0,"key":"SkillPotion"}],"is_trial":false,"path_per_floor":["M","M","?","M","M","R","$","R","T","?","E","R","E","M","R","B",null,"M","?","M","M","M","R","M","R","T","M","?","M","R","M","R","B"],"character_chosen":"WATCHER","items_purchased":[],"campfire_rested":2,"item_purchase_floors":[],"current_hp_per_floor":[59,56,51,47,47,47,47,47,47,68,58,58,58,58,58,58,66,48,48,48,37,25,45,25,25,25,7,7,1,33,29,44,0,0],"gold":4,"neow_bonus":"BOSS_RELIC","is_daily":false,"chose_seed":false,"campfire_upgraded":6,"win_rate":0.0,"timestamp":1611278354,"path_taken":["M","?","?","M","M","R","?","R","T","?","E","R","E","M","R","BOSS","M","?","M","?","M","R","M","R","T","M","?","M","R","M","R","BOSS"],"items_purchased_type":[],"build_version":"2020-12-22","purchased_purges":1,"victory":false,"max_hp_per_floor":[68,68,68,68,68,68,68,68,68,68,68,68,68,68,68,68,68,68,68,68,68,68,68,68,68,68,68,68,68,68,68,68,68,68],"relic_stats":{"Happy Flower":[16],"counters":[17,62],"MealTicket":0,"Eternal Feather":27,"Ectoplasm":505,"VioletLotus":[9],"Smiling Mask":0,"obtain_stats":[{"Potion Belt":3,"Happy Flower":9,"MealTicket":13,"Eternal Feather":26,"Ectoplasm":0,"VioletLotus":17,"PureWater":0,"Smiling Mask":11},{"Potion Belt":2,"Happy Flower":4,"MealTicket":6,"Eternal Feather":13,"Ectoplasm":0,"VioletLotus":8,"PureWater":0,"Smiling Mask":5},{"Potion Belt":7,"Happy Flower":13,"MealTicket":22,"Eternal Feather":46,"Ectoplasm":0,"VioletLotus":28,"PureWater":0,"Smiling Mask":20}]},"card_choices":[{"not_picked":["EmptyBody","InnerPeace"],"picked":"Conclude","floor":1.0},{"not_picked":["ClearTheMind","Perseverance"],"picked":"EmptyMind","floor":2.0},{"not_picked":["FlurryOfBlows","EmptyFist"],"picked":"Indignation","floor":4.0},{"not_picked":["JustLucky","BowlingBash"],"picked":"Halt","floor":5.0},{"not_picked":["Protect","Study"],"picked":"ForeignInfluence","floor":11.0},{"not_picked":["Indignation","Prostrate"],"picked":"Fasting2","floor":13.0},{"not_picked":["DeceiveReality","SandsOfTime"],"picked":"Wireheading","floor":14.0},{"not_picked":["Brilliance","Blasphemy"],"picked":"Ragnarok","floor":16.0},{"not_picked":["Crescendo+1","CrushJoints"],"picked":"LikeWater+1","floor":18.0},{"not_picked":["DeceiveReality","ThirdEye"],"picked":"InnerPeace","floor":20.0},{"not_picked":["FollowUp","FlyingSleeves"],"picked":"Prostrate","floor":21.0},{"not_picked":["Indignation","Fasting2"],"picked":"ForeignInfluence","floor":22.0},{"not_picked":["Protect","WindmillStrike"],"picked":"Establishment","floor":24.0},{"not_picked":["EmptyBody","JustLucky+1"],"picked":"Evaluate","floor":27},{"not_picked":["Prostrate","FlurryOfBlows"],"picked":"Wallop","floor":29},{"not_picked":["JustLucky","BowlingBash"],"picked":"CutThroughFate","floor":31}],"player_experience":2418255,"relics_obtained":[{"floor":9.0,"key":"Happy Flower"},{"floor":11.0,"key":"Smiling Mask"},{"floor":13.0,"key":"MealTicket"},{"floor":26.0,"key":"Eternal Feather"}],"event_choices":[{"damage_healed":0.0,"max_hp_gain":0.0,"max_hp_loss":0.0,"gold_gain":0.0,"event_name":"Scrap Ooze","player_choice":"Success","floor":3.0,"gold_loss":0.0,"damage_taken":5.0,"relics_obtained":["Potion Belt"]},{"cards_removed":["Indignation"],"damage_healed":21.0,"max_hp_gain":0.0,"max_hp_loss":0.0,"gold_gain":0.0,"event_name":"Bonfire Elementals","player_choice":"Offered Uncommon","floor":10.0,"gold_loss":0.0,"damage_taken":0.0},{"damage_healed":0.0,"max_hp_gain":0.0,"max_hp_loss":0.0,"gold_gain":0.0,"event_name":"Upgrade Shrine","player_choice":"Upgraded","floor":19.0,"gold_loss":0.0,"damage_taken":0.0,"cards_upgraded":["Ragnarok"]},{"damage_healed":0,"gold_gain":50,"player_choice":"Stole From Cult","damage_taken":0,"max_hp_gain":0,"max_hp_loss":0,"event_name":"Nest","floor":28,"gold_loss":0}],"is_beta":false,"boss_relics":[{"not_picked":["Cursed Key","Busted Crown"],"picked":"VioletLotus"}],"items_purged_floors":[7],"is_endless":false,"potions_floor_spawned":[1,5,16,18,21,24],"killed_by":"Collector","ascension_level":20}}