{"host":"qsusua7l529r8z9k","time":1611310825,"event":{"mods":["BaseMod","Minty Spire (QoL Compilation)","Spicy Shops","StSLib"],"gold_per_floor":[116,41,6,6,21,21,54,54,78,78,119,119,146,184,184,269,269,290,290,315,365,17,17,43,43,112,130,130,130],"floor_reached":28,"language":"ZHS","playtime":1092,"items_purged":["Strike_B","Defend_B"],"score":569,"play_id":"6a4fd5ef-5bc8-4068-a317-a6c754f7c24c","local_time":"20210122182025","is_ascension_mode":true,"campfire_choices":[{"data":"Coolheaded","floor":6.0,"key":"SMITH"},{"data":"Dualcast","floor":10.0,"key":"SMITH"},{"data":"Biased Cognition","floor":12.0,"key":"SMITH"},{"data":"Blizzard","floor":15.0,"key":"SMITH"},{"data":"Defragment","floor":23.0,"key":"SMITH"}],"circlet_count":0,"master_deck":["AscendersBane","Defend_B","Defend_B","Zap","Dualcast+1","Core Surge","Coolheaded+1","Coolheaded","Biased Cognition+1","Blizzard+1","Reinforced Body","Creative AI","Ball Lightning+1","Defragment+1","Cold Snap","Turbo","Meteor Strike"],"relics":["Cracked Core","NeowsBlessing","Nunchaku","Ancient Tea Set","CeramicFish","Oddly Smooth Stone","Empty Cage","Art of War","Girya","Blue Candle"],"acts_visited":["Exordium","TheCity"],"potions_floor_usage":[],"damage_taken":[{"damage":0.0,"enemies":"Small Slimes","floor":1.0,"turns":1.0},{"damage":0.0,"enemies":"2 Louse","floor":5.0,"turns":1.0},{"damage":0.0,"enemies":"3 Sentries","floor":7.0,"turns":1.0},{"damage":34.0,"enemies":"Gremlin Nob","floor":11.0,"turns":4.0},{"damage":0.0,"enemies":"Cultist","floor":13.0,"turns":2.0},{"damage":14.0,"enemies":"Lagavulin","floor":14.0,"turns":6.0},{"damage":0.0,"enemies":"The Guardian","floor":16.0,"turns":10.0},{"damage":0.0,"enemies":"Spheric Guardian","floor":18.0,"turns":5.0},{"damage":0.0,"enemies":"3 Byrds","floor":20.0,"turns":3.0},{"damage":28.0,"enemies":"Gremlin Leader","floor":24.0,"turns":6.0},{"damage":42,"enemies":"Slavers","floor":28,"turns":4}],"seed_played":"1092658719105794347","potions_obtained":[{"floor":1.0,"key":"FearPotion"},{"floor":7.0,"key":"Energy Potion"},{"floor":16.0,"key":"DistilledChaos"},{"floor":18.0,"key":"SteroidPotion"}],"is_trial":false,"path_per_floor":["M","$","?","?","M","R","E","$","T","R","E","R","M","E","R","B",null,"M","?","M","?","$","R","E","$","T","?","E"],"character_chosen":"DEFECT","items_purchased":["Art of War","Cold Snap"],"campfire_rested":0,"item_purchase_floors":[22,22],"current_hp_per_floor":[64,64,71,71,71,71,71,71,71,71,37,37,37,23,23,23,59,59,59,59,59,59,59,31,31,31,31,0,0],"gold":130,"neow_bonus":"THREE_ENEMY_KILL","is_daily":false,"chose_seed":false,"campfire_upgraded":5,"win_rate":0.0,"timestamp":1611310825,"path_taken":["M","$","?","?","M","R","E","$","T","R","E","R","?","E","R","BOSS","M","?","M","?","$","R","E","?","T","?","E"],"items_purchased_type":["Relic","Card"],"build_version":"2020-12-22","purchased_purges":2,"victory":false,"max_hp_per_floor":[71,71,71,71,71,71,71,71,71,71,71,71,71,71,71,71,71,71,71,71,71,71,71,71,71,71,71,71,71],"card_choices":[{"not_picked":["Fusion","Streamline"],"picked":"Loop","floor":1.0},{"not_picked":["Turbo","Beam Cell"],"picked":"Coolheaded","floor":5.0},{"not_picked":["Beam Cell","Barrage"],"picked":"Coolheaded","floor":7.0},{"not_picked":["Hyperbeam","Aggregate"],"picked":"Biased Cognition","floor":11.0},{"not_picked":["Turbo","Doom and Gloom"],"picked":"Blizzard","floor":13.0},{"not_picked":["Skim","Double Energy"],"picked":"Reinforced Body","floor":14.0},{"not_picked":["Thunder Strike","Biased Cognition"],"picked":"Creative AI","floor":16.0},{"not_picked":["Sweeping Beam","Doom and Gloom"],"picked":"Ball Lightning+1","floor":18.0},{"not_picked":["BootSequence","Turbo+1"],"picked":"Defragment","floor":20.0},{"not_picked":["Scrape","Sweeping Beam","Beam Cell"],"picked":"SKIP","floor":24.0}],"player_experience":454057,"relics_obtained":[{"floor":7.0,"key":"Nunchaku"},{"floor":9.0,"key":"Ancient Tea Set"},{"floor":11.0,"key":"CeramicFish"},{"floor":14.0,"key":"Oddly Smooth Stone"},{"floor":24.0,"key":"Girya"},{"floor":26.0,"key":"Blue Candle"}],"event_choices":[{"damage_healed":17.0,"max_hp_gain":0.0,"max_hp_loss":0.0,"gold_gain":0.0,"event_name":"The Cleric","player_choice":"Healed","floor":3.0,"gold_loss":35.0,"damage_taken":0.0},{"damage_healed":0.0,"max_hp_gain":0.0,"max_hp_loss":0.0,"gold_gain":0.0,"event_name":"Match and Keep!","player_choice":"1 cards matched","floor":4.0,"gold_loss":0.0,"damage_taken":0.0,"cards_obtained":["Core Surge"]},{"cards_removed":["Strike_B"],"damage_healed":0.0,"max_hp_gain":0.0,"max_hp_loss":0.0,"gold_gain":0.0,"event_name":"Back to Basics","player_choice":"Elegance","floor":19.0,"gold_loss":0.0,"damage_taken":0.0},{"damage_healed":0.0,"max_hp_gain":0.0,"max_hp_loss":0.0,"gold_gain":50.0,"event_name":"Nest","player_choice":"Stole From Cult","floor":21.0,"gold_loss":0.0,"damage_taken":0.0},{"damage_healed":0,"gold_gain":0,"cards_transformed":["Defend_B","Loop"],"player_choice":"Became Test Subject","damage_taken":0,"max_hp_gain":0,"max_hp_loss":0,"event_name":"Drug Dealer","floor":27,"gold_loss":0,"cards_obtained":["Turbo","Meteor Strike"]}],"is_beta":false,"boss_relics":[{"not_picked":["Calling Bell","Busted Crown"],"picked":"Empty Cage"}],"items_purged_floors":[2,22],"is_endless":false,"potions_floor_spawned":[1,7,16,18],"killed_by":"Slavers","ascension_level":15}}