{"host":"eaiphzh066bwqdh7","time":1611349888,"event":{"mods":["BaseMod","Hubris","Minty Spire (QoL Compilation)","Replay The Spire","StSLib"],"gold_per_floor":[119,130,55,66,84,84,96,96,96,96,113,144,144,163,163,262,262,282,282,29,39,39,39,53,84,136,136,46,65,14,43,43,140,140,158,158,171,15,33,33,68,86,109,144,153,188,188,225,225,225,225],"floor_reached":50,"language":"ENG","playtime":1971,"items_purged":["Strike_R"],"score":707,"play_id":"6a7e89e6-e6e5-4490-8656-e0bfdeeeeed0","local_time":"20210122161128","is_ascension_mode":true,"campfire_choices":[{"floor":6,"key":"REST"},{"data":"Combust","floor":8,"key":"SMITH"},{"floor":13,"key":"REST"},{"floor":15,"key":"DIG"},{"floor":23,"key":"REST"},{"floor":27,"key":"REST"},{"floor":32,"key":"REST"},{"data":"Limit Break","floor":40,"key":"SMITH"},{"floor":45,"key":"REST"},{"floor":47,"key":"REST"},{"floor":49,"key":"REST"}],"circlet_count":0,"master_deck":["Strike_R","Strike_R","Defend_R","Defend_R","Defend_R+1","Defend_R","Bash","Combust+1","Inflame","Cleave","Intimidate","Feed","Replay:Undeath\u0027s Touch","Rage","Demon Form+1","Hemogenesis","Fire Breathing+1","Reaper","Rage","Rage+1","Limit Break+1","Hemogenesis","Headbutt+1","Ghostly Armor","Parasite","Reaper","Flex+1","Juggernaut","Limit Break"],"relics":["Burning Blood","NeowsBlessing","Smiling Mask","Incense Burner","hubris:Spice","ChewingGum","Replay:Bottled Eggs","Dream Catcher","Pen Nib","Bag of Preparation","SacredBark","Replay:Baseball","Kunai","CeramicFish","Pantograph","Garlic"],"acts_visited":["Exordium","TheCity","TheBeyond"],"potions_floor_usage":[5,12,14,16,16,25,25,31,39,41,50,50],"damage_taken":[{"damage":0,"enemies":"2 Louse","floor":1,"turns":1},{"damage":0,"enemies":"Cultist","floor":2,"turns":1},{"damage":0,"enemies":"Small Slimes","floor":4,"turns":1},{"damage":24,"enemies":"Exordium Thugs","floor":5,"turns":3},{"damage":9,"enemies":"Exordium Wildlife","floor":7,"turns":3},{"damage":13,"enemies":"Blue Slaver","floor":11,"turns":4},{"damage":29,"enemies":"Gremlin Nob","floor":12,"turns":4},{"damage":20,"enemies":"Gremlin Gang","floor":14,"turns":3},{"damage":70,"enemies":"The Guardian","floor":16,"turns":7},{"damage":23,"enemies":"Shell Parasite","floor":18,"turns":6},{"damage":20,"enemies":"Spheric Guardian","floor":21,"turns":4},{"damage":10,"enemies":"Cultist and Chosen","floor":24,"turns":5},{"damage":51,"enemies":"Book of Stabbing","floor":25,"turns":6},{"damage":28,"enemies":"Chosen and Byrds","floor":29,"turns":5},{"damage":58,"enemies":"Gremlin Leader","floor":31,"turns":7},{"damage":79,"enemies":"Automaton","floor":33,"turns":9},{"damage":8,"enemies":"3 Darklings","floor":35,"turns":5},{"damage":41,"enemies":"3 Shapes","floor":37,"turns":4},{"damage":29,"enemies":"3 Darklings","floor":39,"turns":5},{"damage":94,"enemies":"Reptomancer","floor":41,"turns":7},{"damage":24,"enemies":"Maw","floor":42,"turns":6},{"damage":64,"enemies":"Writhing Mass","floor":44,"turns":5},{"damage":29,"enemies":"R_Hoarder","floor":46,"turns":7},{"damage":111,"enemies":"Reptomancer","floor":48,"turns":6},{"damage":134,"enemies":"hubris:GrandSnecko","floor":50,"turns":8}],"seed_played":"59583070520105371","potions_obtained":[{"floor":1,"key":"BloodPotion"},{"floor":4,"key":"Fire Potion"},{"floor":11,"key":"FearPotion"},{"floor":12,"key":"SteroidPotion"},{"floor":14,"key":"Regen Potion"},{"floor":16,"key":"Dexterity Potion"},{"floor":18,"key":"BloodPotion"},{"floor":31,"key":"BloodPotion"},{"floor":33,"key":"Reflective Coating"},{"floor":39,"key":"Swift Potion"},{"floor":44,"key":"Milkshake"},{"floor":48,"key":"Venom Potion"}],"is_trial":false,"path_per_floor":["M","M","$","M","M","R","M","R","T","?","M","E","R","M","R","B",null,"M","?","$","M","$","R","M","E","T","R","?","M","$","E","R","B",null,"M","?","M","$","M","R","E","M","T","M","R","E","R","E","R","B"],"character_chosen":"IRONCLAD","items_purchased":["Replay:Bottled Eggs","Rage+1","Replay:Baseball"],"campfire_rested":8,"item_purchase_floors":[20,30,38],"current_hp_per_floor":[80,80,80,80,62,80,77,77,77,77,73,66,83,72,80,30,94,80,83,83,74,74,100,96,76,76,100,100,81,81,68,98,50,106,106,106,99,99,110,110,52,46,46,15,49,49,83,34,68,0,0],"gold":225,"neow_bonus":"THREE_ENEMY_KILL","is_daily":false,"chose_seed":false,"campfire_upgraded":2,"win_rate":0.0,"timestamp":1611349888,"path_taken":["M","M","$","M","M","R","M","R","T","?","?","E","R","?","R","BOSS","M","?","$","M","$","R","M","E","T","R","?","?","?","E","R","BOSS","M","?","M","$","M","R","E","M","T","?","R","E","R","E","R","BOSS"],"items_purchased_type":["Relic","Card","Relic"],"build_version":"2020-12-22","purchased_purges":1,"victory":false,"max_hp_per_floor":[80,80,80,80,80,80,80,80,80,80,83,83,83,86,94,94,94,97,100,100,100,100,100,100,100,100,100,100,103,103,103,103,106,106,106,106,109,109,112,112,112,112,112,115,115,115,115,115,115,115,115],"card_choices":[{"not_picked":["Intimidate","ReplayTheSpireMod:Muscle Training"],"picked":"Combust","floor":1},{"not_picked":["Clash","Thunderclap","ReplayTheSpireMod:LeadingStrike"],"picked":"SKIP","floor":2},{"not_picked":["Heavy Blade","ReplayTheSpireMod:Muscle Training"],"picked":"Inflame","floor":4},{"not_picked":["Immolate","hubris:CleavingFinish"],"picked":"Cleave","floor":5},{"not_picked":["Reckless Charge","Second Wind"],"picked":"Intimidate","floor":7},{"not_picked":["Sword Boomerang","True Grit"],"picked":"Replay:Undeath\u0027s Touch","floor":11},{"not_picked":["Headbutt","Cleave"],"picked":"Rage","floor":12},{"not_picked":["ReplayTheSpireMod:LeadingStrike","Clothesline"],"picked":"Demon Form","floor":14},{"not_picked":["Offering","Impervious"],"picked":"Hemogenesis","floor":16},{"not_picked":["ReplayTheSpireMod:Strike From Hell","Wild Strike","True Grit+1"],"picked":"SKIP","floor":18},{"not_picked":["Warcry","Bloodletting","Uppercut+1"],"picked":"SKIP","floor":21},{"not_picked":["Twin Strike","Pommel Strike+1"],"picked":"Fire Breathing+1","floor":24},{"not_picked":["Reckless Charge","Pommel Strike"],"picked":"Reaper","floor":25},{"not_picked":["Replay:Undeath\u0027s Touch+1","hubris:ReadiedAction"],"picked":"Rage","floor":27},{"not_picked":["Havoc","Clothesline","ReplayTheSpireMod:Strike From Hell"],"picked":"SKIP","floor":29},{"not_picked":["hubris:ReadiedAction","Burning Pact","Fire Breathing+1"],"picked":"SKIP","floor":31},{"not_picked":["Cleave+1","Power Through"],"picked":"Limit Break","floor":32},{"not_picked":["Immolate","Brutality"],"picked":"Hemogenesis","floor":33},{"not_picked":["hubris:ReadiedAction","Massacre"],"picked":"Headbutt+1","floor":35},{"not_picked":["Replay:Undeath\u0027s Touch+1","Heavy Blade+1","Pommel Strike"],"picked":"SKIP","floor":37},{"not_picked":["Carnage","ReplayTheSpireMod:Corrosion Curse","Replay:Undeath\u0027s Touch"],"picked":"SKIP","floor":39},{"not_picked":["Sever Soul","Reckless Charge+1"],"picked":"Ghostly Armor","floor":41},{"not_picked":["Thunderclap+1","Replay:Undeath\u0027s Touch","Wild Strike+1"],"picked":"SKIP","floor":42},{"not_picked":["Defy Death+1","Anger"],"picked":"Reaper","floor":44},{"not_picked":["hubris:ReadiedAction+1","Iron Wave"],"picked":"Flex+1","floor":45},{"not_picked":["Evolve","Blood for Blood"],"picked":"Juggernaut","floor":46},{"not_picked":["Feel No Pain","Power Through"],"picked":"Limit Break","floor":48}],"player_experience":173358,"relics_obtained":[{"floor":9,"key":"Smiling Mask"},{"floor":12,"key":"Incense Burner"},{"floor":15,"key":"hubris:Spice"},{"floor":25,"key":"Dream Catcher"},{"floor":26,"key":"Pen Nib"},{"floor":31,"key":"Bag of Preparation"},{"floor":41,"key":"Kunai"},{"floor":43,"key":"CeramicFish"},{"floor":46,"key":"Pantograph"},{"floor":48,"key":"Garlic"}],"event_choices":[{"damage_healed":0,"gold_gain":0,"player_choice":"1 cards matched","damage_taken":0,"max_hp_gain":0,"max_hp_loss":0,"event_name":"Match and Keep!","floor":10,"gold_loss":0,"cards_obtained":["Feed"]},{"cards_removed":["Strike_R"],"damage_healed":0,"gold_gain":0,"player_choice":"Upgrade and Remove","damage_taken":0,"max_hp_gain":0,"max_hp_loss":0,"event_name":"Designer","floor":28,"gold_loss":90,"cards_upgraded":["Defend_R"]},{"cards_removed":["Strike_R"],"damage_healed":0,"gold_gain":0,"player_choice":"Offered Basic","damage_taken":0,"max_hp_gain":0,"max_hp_loss":0,"event_name":"Bonfire Elementals","floor":36,"gold_loss":0}],"is_beta":false,"boss_relics":[{"not_picked":["Runic Dome","Sozu"],"picked":"ChewingGum"},{"not_picked":["hubris:Spice","Replay:Wanted Poster"],"picked":"SacredBark"}],"items_purged_floors":[3],"is_endless":false,"potions_floor_spawned":[1,4,11,12,14,16,18,31,33,39,44,48],"killed_by":"hubris:GrandSnecko","ascension_level":2}}