{"host":"nbmmy2ys5j9alw05","time":1611286310,"event":{"mods":["AchievementEnabler","BaseMod","Bestiary","Better Vampires","Colored Map","Colored Powertips","Googly Eyes","Minty Spire (QoL Compilation)","Quick Restart","StSLib","The Hierophant","The IronCluck","everything is the same but u backflip on backflip"],"gold_per_floor":[212,229,229,304,304,304,336,336,336,130,11,11,29,59,59,155,155,165,165,183,108,207,241,241,241,291,304,318,328,328,328],"floor_reached":30,"language":"ENG","playtime":980,"items_purged":["Strike_B","Strike_B"],"score":384,"play_id":"d6248272-3636-4920-866f-daade0529513","local_time":"20210121193150","is_ascension_mode":true,"campfire_choices":[{"data":"Genetic Algorithm","floor":6,"key":"SMITH"},{"floor":8,"key":"REST"},{"floor":12,"key":"REST"},{"data":"Go for the Eyes","floor":15,"key":"SMITH"},{"data":"Buffer","floor":24,"key":"SMITH"}],"circlet_count":0,"master_deck":["AscendersBane","Defend_B+1","Defend_B","Defend_B","Defend_B","Zap+1","Dualcast","Go for the Eyes+1","Genetic Algorithm+1","Beam Cell","Core Surge","Self Repair","Gash","Go for the Eyes","Beam Cell","Buffer+1","FTL","Hologram","Gash","Sweeping Beam+1","Storm"],"relics":["FrozenCore","Smiling Mask","Meat on the Bone","Dead Branch","Bottled Tornado","Nunchaku"],"acts_visited":["Exordium","TheCity"],"potions_floor_usage":[20,23,28,29],"damage_taken":[{"damage":0,"enemies":"2 Louse","floor":1,"turns":2},{"damage":0,"enemies":"Jaw Worm","floor":2,"turns":3},{"damage":26,"enemies":"Lagavulin","floor":7,"turns":7},{"damage":0,"enemies":"Cultist","floor":13,"turns":3},{"damage":47,"enemies":"3 Sentries","floor":14,"turns":9},{"damage":9,"enemies":"Slime Boss","floor":16,"turns":6},{"damage":13,"enemies":"Spheric Guardian","floor":18,"turns":5},{"damage":11,"enemies":"2 Thieves","floor":20,"turns":5},{"damage":1,"enemies":"Slavers","floor":23,"turns":4},{"damage":0,"enemies":"Centurion and Healer","floor":27,"turns":7},{"damage":20,"enemies":"Snecko","floor":28,"turns":10},{"damage":23,"enemies":"Snake Plant","floor":29,"turns":6},{"damage":58,"enemies":"Gremlin Leader","floor":30,"turns":4}],"seed_played":"2907874022173715126","potions_obtained":[{"floor":7,"key":"BlessingOfTheForge"},{"floor":14,"key":"SneckoOil"},{"floor":18,"key":"Strength Potion"},{"floor":20,"key":"SkillPotion"},{"floor":28,"key":"Swift Potion"}],"is_trial":false,"path_per_floor":["M","M","?","?","?","R","E","R","T","$","$","R","M","E","R","B",null,"M","?","M","$","?","E","R","?","T","M","M","M","E"],"character_chosen":"DEFECT","items_purchased":["Core Surge","Self Repair","Gash","Gash"],"campfire_rested":2,"item_purchase_floors":[10,11,11,21],"current_hp_per_floor":[68,68,68,57,42,42,16,38,38,38,38,60,67,39,39,49,69,63,63,59,59,59,65,65,65,65,72,59,55,0,0],"gold":328,"neow_bonus":"HUNDRED_GOLD","is_daily":false,"chose_seed":false,"campfire_upgraded":3,"win_rate":0.0,"timestamp":1611286310,"path_taken":["M","M","?","?","?","R","E","R","T","?","$","R","M","E","R","BOSS","M","?","?","$","?","E","R","?","T","M","?","M","E"],"items_purchased_type":["Card","Card","Card","Card"],"build_version":"2020-12-22","purchased_purges":2,"victory":false,"max_hp_per_floor":[75,75,75,75,75,75,75,75,75,75,75,75,75,75,75,75,75,75,75,75,75,75,75,75,75,75,75,75,75,75,75],"card_choices":[{"not_picked":["Chaos","Streamline"],"picked":"Go for the Eyes","floor":1},{"not_picked":["Sweeping Beam","Gash"],"picked":"Genetic Algorithm","floor":2},{"not_picked":["Stack","Sweeping Beam"],"picked":"Beam Cell","floor":7},{"not_picked":["Genetic Algorithm","Aggregate"],"picked":"Go for the Eyes","floor":13},{"not_picked":["Steam","Conserve Battery"],"picked":"Beam Cell","floor":14},{"not_picked":["Rainbow","Fission"],"picked":"Buffer","floor":16},{"not_picked":["Coolheaded+1","Barrage+1"],"picked":"FTL","floor":18},{"not_picked":["Cold Snap","Fusion"],"picked":"Hologram","floor":20},{"not_picked":["Compile Driver","Coolheaded","Chaos"],"picked":"SKIP","floor":23},{"not_picked":["Stack","Sunder+1"],"picked":"Sweeping Beam+1","floor":27},{"not_picked":["Sweeping Beam","Conserve Battery"],"picked":"Storm","floor":28},{"not_picked":["Reinforced Body","Barrage","Meteor Strike"],"picked":"SKIP","floor":29}],"player_experience":527144,"relics_obtained":[{"floor":7,"key":"Smiling Mask"},{"floor":9,"key":"Meat on the Bone"},{"floor":14,"key":"Dead Branch"},{"floor":23,"key":"Bottled Tornado"},{"floor":26,"key":"Nunchaku"}],"event_choices":[{"cards_removed":["Strike_B"],"damage_healed":0,"gold_gain":0,"player_choice":"Forget","damage_taken":0,"max_hp_gain":0,"max_hp_loss":0,"event_name":"Living Wall","floor":3,"gold_loss":0},{"damage_healed":0,"gold_gain":75,"player_choice":"Gather Gold","damage_taken":11,"max_hp_gain":0,"max_hp_loss":0,"event_name":"World of Goop","floor":4,"gold_loss":0},{"damage_healed":0,"gold_gain":0,"player_choice":"Entered Light","damage_taken":15,"max_hp_gain":0,"max_hp_loss":0,"event_name":"Shining Light","floor":5,"gold_loss":0,"cards_upgraded":["Defend_B","Zap"]},{"cards_removed":["Strike_B"],"damage_healed":0,"gold_gain":0,"player_choice":"Offered Basic","damage_taken":0,"max_hp_gain":0,"max_hp_loss":0,"event_name":"Bonfire Elementals","floor":19,"gold_loss":0},{"damage_healed":0,"gold_gain":99,"player_choice":"Stole From Cult","damage_taken":0,"max_hp_gain":0,"max_hp_loss":0,"event_name":"Nest","floor":22,"gold_loss":0},{"damage_healed":0,"gold_gain":0,"player_choice":"Ignored","damage_taken":0,"max_hp_gain":0,"max_hp_loss":0,"event_name":"The Mausoleum","floor":25,"gold_loss":0}],"is_beta":false,"boss_relics":[{"not_picked":["Astrolabe","Nuclear Battery"],"picked":"FrozenCore"}],"items_purged_floors":[10,21],"is_endless":false,"potions_floor_spawned":[7,14,18,20,28],"killed_by":"Gremlin Leader","ascension_level":10}}