{"host":"s41rn2jhghpwfrvz","time":1611350237,"event":{"mods":["BaseMod","Minty Spire (QoL Compilation)","Quick Restart","Relic Stats","SuperFastMode"],"gold_per_floor":[113,124,49,49,124,157,157,184,184,211,231,249,249,260,260,333,333,345,345,245,170,197,231,264,291,372,400,431,456,473,489,489,567,567,582,595,1594,1620,1176,1205,1216,1241,1264,1291,1591,1619,1629,1661,1661,1661,1661,1661,1661,870,898,898],"floor_reached":57,"language":"ENG","playtime":1544,"items_purged":["Warcry","Gash","Beam Cell+1"],"score":4403,"play_id":"e06cc342-3e0d-4649-8f64-868b03902970","local_time":"20210122231717","daily_mods":["SealedDeck","Diverse","DeadlyEvents"],"is_ascension_mode":true,"campfire_choices":[{"data":"Rage","floor":7,"key":"SMITH"},{"data":"Blade Dance","floor":13,"key":"SMITH"},{"data":"Blade Dance","floor":15,"key":"SMITH"},{"floor":32,"key":"RECALL"}],"circlet_count":0,"master_deck":["AscendersBane","Coolheaded+1","Quick Slash+1","Prepared+1","Blade Dance+1","Blade Dance+1","Rage+1","Burning Pact","Expertise+1"],"relics":["Burning Blood","Darkstone Periapt","Shuriken","Toy Ornithopter","Fusion Hammer","Blood Vial","Sundial","WingedGreaves","Bag of Preparation","Bottled Lightning","Omamori","War Paint","Whetstone","Coffee Dripper","Strawberry","Ornamental Fan","Pen Nib","Singing Bowl","Turnip","Bronze Scales","Incense Burner","Old Coin","Lantern","Oddly Smooth Stone","TheAbacus","Anchor","Pantograph","Vajra"],"acts_visited":["Exordium","TheCity","TheBeyond","TheEnding"],"potions_floor_usage":[6,51,56,56],"damage_taken":[{"damage":0,"enemies":"Jaw Worm","floor":1,"turns":2},{"damage":0,"enemies":"Small Slimes","floor":2,"turns":2},{"damage":34,"enemies":"3 Sentries","floor":6,"turns":9},{"damage":0,"enemies":"Lagavulin","floor":8,"turns":5},{"damage":14,"enemies":"Gremlin Nob","floor":10,"turns":3},{"damage":11,"enemies":"2 Louse","floor":11,"turns":2},{"damage":0,"enemies":"Large Slime","floor":12,"turns":2},{"damage":0,"enemies":"Blue Slaver","floor":14,"turns":1},{"damage":23,"enemies":"Hexaghost","floor":16,"turns":4},{"damage":0,"enemies":"Spheric Guardian","floor":18,"turns":2},{"damage":0,"enemies":"Slavers","floor":23,"turns":3},{"damage":0,"enemies":"Gremlin Leader","floor":24,"turns":3},{"damage":0,"enemies":"Book of Stabbing","floor":25,"turns":3},{"damage":0,"enemies":"Slavers","floor":27,"turns":2},{"damage":0,"enemies":"Gremlin Leader","floor":28,"turns":2},{"damage":0,"enemies":"Book of Stabbing","floor":29,"turns":2},{"damage":0,"enemies":"Shell Parasite","floor":30,"turns":1},{"damage":0,"enemies":"Sentry and Sphere","floor":31,"turns":2},{"damage":0,"enemies":"Champ","floor":33,"turns":3},{"damage":0,"enemies":"3 Darklings","floor":35,"turns":2},{"damage":0,"enemies":"Orb Walker","floor":36,"turns":1},{"damage":0,"enemies":"Giant Head","floor":38,"turns":2},{"damage":0,"enemies":"Reptomancer","floor":40,"turns":2},{"damage":0,"enemies":"Spire Growth","floor":41,"turns":2},{"damage":0,"enemies":"Nemesis","floor":42,"turns":3},{"damage":0,"enemies":"Giant Head","floor":44,"turns":2},{"damage":0,"enemies":"Nemesis","floor":46,"turns":3},{"damage":4,"enemies":"4 Shapes","floor":47,"turns":2},{"damage":0,"enemies":"Reptomancer","floor":48,"turns":2},{"damage":0,"enemies":"Donu and Deca","floor":50,"turns":3},{"damage":0,"enemies":"Time Eater","floor":51,"turns":6},{"damage":0,"enemies":"Shield and Spear","floor":55,"turns":3},{"damage":4,"enemies":"The Heart","floor":56,"turns":5}],"seed_played":"-6737512335906457061","potions_obtained":[{"floor":2,"key":"Regen Potion"},{"floor":8,"key":"FearPotion"},{"floor":11,"key":"AttackPotion"},{"floor":24,"key":"DuplicationPotion"},{"floor":48,"key":"Swift Potion"}],"is_trial":true,"path_per_floor":["M","M","$","?","?","E","R","E","T","E","M","M","R","M","R","B",null,"M","?","$","?","T","E","E","E","T","E","E","E","M","M","R","B",null,"M","M","?","E","$","E","M","E","T","E","T","E","M","E","R","B","B",null,"R","$","E","B",null],"character_chosen":"IRONCLAD","items_purchased":["Ornamental Fan","Pen Nib","TheAbacus","Anchor","Pantograph","FearPotion"],"campfire_rested":0,"item_purchase_floors":[39,39,54,54,54,54],"current_hp_per_floor":[74,75,75,75,64,51,51,57,57,49,44,50,50,56,56,39,66,72,72,72,72,72,75,75,75,75,75,75,75,75,75,75,75,75,75,75,75,82,82,84,86,88,88,90,90,92,94,94,94,94,94,94,94,94,96,96],"gold":898,"neow_bonus":"","is_daily":false,"chose_seed":false,"campfire_upgraded":3,"win_rate":0.0,"timestamp":1611350237,"path_taken":["M","M","$","?","?","E","R","E","T","E","M","M","R","?","R","BOSS","M","?","$","?","?","?","E","E","T","E","E","E","M","M","R","BOSS","M","?","?","?","$","E","M","E","T","E","?","E","M","E","R","BOSS","BOSS","R","$","E","BOSS"],"items_purchased_type":["Relic","Relic","Relic","Relic","Relic","Potion"],"build_version":"2020-12-22","purchased_purges":3,"victory":true,"max_hp_per_floor":[75,75,75,75,75,75,75,75,75,75,75,75,75,75,75,75,75,75,75,75,75,75,75,75,75,75,75,75,75,75,75,75,75,75,75,75,75,82,82,84,86,88,88,90,90,92,94,94,94,94,94,94,94,94,96,96],"relic_stats":{"Darkstone Periapt":0,"Singing Bowl":14,"counters":[33,91],"Pen Nib":[33],"Bag of Preparation":[40],"Whetstone":["Beam Cell","Quick Slash"],"War Paint":["Prepared","Coolheaded"],"Burning Blood":64,"Blood Vial":2,"TheAbacus":[108],"Shuriken":[196],"Sundial":[52],"Ornamental Fan":[404],"Bronze Scales":[99],"Pantograph":0,"Turnip":[2],"obtain_stats":[{"Darkstone Periapt":6,"Lantern":46,"Singing Bowl":40,"Vajra":55,"Bag of Preparation":25,"Incense Burner":44,"Whetstone":29,"Burning Blood":0,"Old Coin":45,"Blood Vial":22,"TheAbacus":54,"Sundial":23,"Strawberry":38,"Pantograph":54,"Fusion Hammer":17,"WingedGreaves":24,"Oddly Smooth Stone":48,"Pen Nib":39,"Omamori":27,"War Paint":28,"Anchor":54,"Shuriken":8,"Ornamental Fan":39,"Bronze Scales":43,"Turnip":42,"Coffee Dripper":34,"Bottled Lightning":26,"Toy Ornithopter":10},{"Darkstone Periapt":3,"Lantern":27,"Singing Bowl":23,"Vajra":32,"Bag of Preparation":13,"Incense Burner":26,"Whetstone":16,"Burning Blood":0,"Old Coin":26,"Blood Vial":10,"TheAbacus":31,"Sundial":11,"Strawberry":22,"Pantograph":31,"Fusion Hammer":9,"WingedGreaves":12,"Oddly Smooth Stone":29,"Pen Nib":22,"Omamori":14,"War Paint":15,"Anchor":31,"Shuriken":4,"Ornamental Fan":22,"Bronze Scales":25,"Turnip":25,"Coffee Dripper":19,"Bottled Lightning":13,"Toy Ornithopter":5},{"Darkstone Periapt":13,"Lantern":70,"Singing Bowl":60,"Vajra":86,"Bag of Preparation":41,"Incense Burner":67,"Whetstone":47,"Burning Blood":0,"Old Coin":67,"Blood Vial":32,"TheAbacus":83,"Sundial":35,"Strawberry":58,"Pantograph":83,"Fusion Hammer":30,"WingedGreaves":38,"Oddly Smooth Stone":74,"Pen Nib":58,"Omamori":43,"War Paint":45,"Anchor":83,"Shuriken":18,"Ornamental Fan":58,"Bronze Scales":65,"Turnip":65,"Coffee Dripper":53,"Bottled Lightning":41,"Toy Ornithopter":21}],"Toy Ornithopter":0},"card_choices":[{"not_picked":["Underhanded Strike","CutThroughFate","PathToVictory"],"picked":"SKIP","floor":1},{"not_picked":["Meditate","Stack","PiercingWail"],"picked":"SKIP","floor":2},{"not_picked":["Poisoned Stab","True Grit","Dash"],"picked":"SKIP","floor":6},{"not_picked":["Protect","Hologram","Caltrops"],"picked":"SKIP","floor":8},{"not_picked":["Backstab","Brilliance","Cleave"],"picked":"SKIP","floor":10},{"not_picked":["Bane","Pommel Strike","Dodge and Roll"],"picked":"SKIP","floor":11},{"not_picked":["FollowUp","FTL","EmptyMind"],"picked":"SKIP","floor":12},{"not_picked":["Warcry","InnerPeace","Heavy Blade"],"picked":"SKIP","floor":14},{"not_picked":["Scrape","BowlingBash+1","InnerPeace"],"picked":"SKIP","floor":18},{"not_picked":["Hyperbeam","Gash","Go for the Eyes"],"picked":"SKIP","floor":23},{"not_picked":["SpiritShield","A Thousand Cuts","Flying Knee"],"picked":"SKIP","floor":24},{"not_picked":["CutThroughFate","Steam+1","BattleHymn"],"picked":"SKIP","floor":25},{"not_picked":["Rebound","Rampage","Storm"],"picked":"SKIP","floor":27},{"not_picked":["Chill","Perfected Strike","Fiend Fire"],"picked":"SKIP","floor":28},{"not_picked":["FearNoEvil","BowlingBash","Hello World"],"picked":"SKIP","floor":29},{"not_picked":["FearNoEvil","BowlingBash","Hello World"],"picked":"SKIP","floor":29},{"not_picked":["Stack","Flying Knee","Underhanded Strike"],"picked":"SKIP","floor":30},{"not_picked":["Sword Boomerang","FollowUp+1","Cleave"],"picked":"SKIP","floor":31},{"not_picked":["Infernal Blade","Barrage","Beam Cell"],"picked":"SKIP","floor":35},{"not_picked":["Backstab","Flying Knee+1","Poisoned Stab"],"picked":"SKIP","floor":36},{"not_picked":["Deadly Poison","FlurryOfBlows","SashWhip"],"picked":"SKIP","floor":38},{"not_picked":["FlurryOfBlows+1","Chaos","Envenom"],"picked":"Singing Bowl","floor":40},{"not_picked":["Ghostly Armor+1","CrushJoints+1","PathToVictory+1"],"picked":"Singing Bowl","floor":41},{"not_picked":["Havoc+1","Poisoned Stab","Undo"],"picked":"Singing Bowl","floor":42},{"not_picked":["Meditate","Defragment","Underhanded Strike"],"picked":"Singing Bowl","floor":44},{"not_picked":["Doppelganger","Shrug It Off","Thunderclap+1"],"picked":"Singing Bowl","floor":46},{"not_picked":["WindmillStrike+1","Consecrate+1","Clothesline+1"],"picked":"Singing Bowl","floor":47},{"not_picked":["Slice","Conserve Battery"],"picked":"Expertise+1","floor":48},{"not_picked":["Quick Slash","Setup","Hello World"],"picked":"Singing Bowl","floor":55}],"player_experience":1825274,"relics_obtained":[{"floor":6,"key":"Darkstone Periapt"},{"floor":8,"key":"Shuriken"},{"floor":10,"key":"Toy Ornithopter"},{"floor":22,"key":"Blood Vial"},{"floor":23,"key":"Sundial"},{"floor":24,"key":"WingedGreaves"},{"floor":25,"key":"Bag of Preparation"},{"floor":26,"key":"Bottled Lightning"},{"floor":27,"key":"Omamori"},{"floor":28,"key":"War Paint"},{"floor":29,"key":"Whetstone"},{"floor":38,"key":"Strawberry"},{"floor":40,"key":"Singing Bowl"},{"floor":42,"key":"Turnip"},{"floor":43,"key":"Bronze Scales"},{"floor":44,"key":"Incense Burner"},{"floor":45,"key":"Old Coin"},{"floor":46,"key":"Lantern"},{"floor":48,"key":"Oddly Smooth Stone"},{"floor":55,"key":"Vajra"}],"event_choices":[{"damage_healed":0,"gold_gain":0,"player_choice":"Ignored","damage_taken":0,"max_hp_gain":0,"max_hp_loss":0,"event_name":"Liars Game","floor":4,"gold_loss":0},{"damage_healed":0,"gold_gain":75,"player_choice":"Gather Gold","damage_taken":11,"max_hp_gain":0,"max_hp_loss":0,"event_name":"World of Goop","floor":5,"gold_loss":0},{"damage_healed":0,"gold_gain":0,"player_choice":"Read","damage_taken":0,"max_hp_gain":0,"max_hp_loss":0,"event_name":"The Library","floor":19,"gold_loss":0,"cards_obtained":["Burning Pact"]},{"cards_removed":["Reinforced Body"],"damage_healed":0,"gold_gain":0,"player_choice":"Gave Gold","damage_taken":0,"max_hp_gain":0,"max_hp_loss":0,"event_name":"Beggar","floor":21,"gold_loss":75},{"damage_healed":0,"gold_gain":999,"player_choice":"Gold","damage_taken":0,"max_hp_gain":0,"max_hp_loss":0,"event_name":"MindBloom","floor":37,"gold_loss":0,"cards_obtained":["Normality","Normality"]}],"is_beta":false,"boss_relics":[{"not_picked":["Ectoplasm","Runic Pyramid"],"picked":"Fusion Hammer"},{"not_picked":["Busted Crown","SlaversCollar"],"picked":"Coffee Dripper"}],"items_purged_floors":[3,20,54],"is_endless":false,"potions_floor_spawned":[2,8,11,12,14,23,24,25,30,36,40,48],"ascension_level":20}}