{"host":"15dd7v8o90xso62x","time":1611307131,"event":{"mods":["BaseMod","Minty Spire (QoL Compilation)","Quick Restart","StSLib","SuperFastMode"],"gold_per_floor":[119,119,36,36,36,71,71,101,101,116,136,168,168,168,168,243,243,255,269,301,301,320,320,340,340,340,352,8,8,34,48,48,124,124,144,157,80,97,151,151,182,182,182,196,50,50,69,79,79,79,79],"floor_reached":52,"language":"KOR","playtime":2545,"items_purged":["Strike_G","Strike_G","Strike_G"],"score":2194,"play_id":"230bac7d-5646-4a3c-8ed1-e6c6d119ddb2","local_time":"20210122181851","is_ascension_mode":true,"campfire_choices":[{"data":"Noxious Fumes","floor":7.0,"key":"SMITH"},{"data":"Bouncing Flask","floor":13.0,"key":"SMITH"},{"data":"Tactician","floor":15.0,"key":"SMITH"},{"data":"Deadly Poison","floor":23.0,"key":"SMITH"},{"data":"Venomology","floor":25.0,"key":"SMITH"},{"data":"Concentrate","floor":32.0,"key":"SMITH"},{"floor":40,"key":"REST"},{"data":"Burst","floor":42,"key":"SMITH"},{"data":"Crippling Poison","floor":46,"key":"SMITH"},{"floor":49,"key":"REST"}],"circlet_count":0,"master_deck":["AscendersBane","Strike_G","Defend_G","Defend_G","Defend_G","Survivor","Neutralize","Bouncing Flask+1","Noxious Fumes+1","Venomology+1","Tactician+1","Deflect+1","Acrobatics+1","Deadly Poison+1","Dash","Concentrate+1","Crippling Poison+1","Backflip","Footwork","Footwork","Burst+1"],"relics":["Ring of the Snake","NeowsBlessing","Singing Bowl","Bag of Marbles","Mango","Thread and Needle","Eternal Feather","Runic Pyramid","Girya","Membership Card","Matryoshka","Dream Catcher","WristBlade","Peace Pipe","Frozen Egg 2","Ornamental Fan","CaptainsWheel","Happy Flower"],"acts_visited":["Exordium","TheCity","TheBeyond"],"potions_floor_usage":[36,36,38,39,41,44,44,47,47,48,50,50,51],"damage_taken":[{"damage":0.0,"enemies":"2 Louse","floor":1.0,"turns":1.0},{"damage":0.0,"enemies":"Lagavulin","floor":6.0,"turns":1.0},{"damage":0.0,"enemies":"3 Sentries","floor":8.0,"turns":1.0},{"damage":0.0,"enemies":"Cultist","floor":10.0,"turns":3.0},{"damage":4.0,"enemies":"Small Slimes","floor":11.0,"turns":4.0},{"damage":24.0,"enemies":"Gremlin Nob","floor":12.0,"turns":4.0},{"damage":18.0,"enemies":"The Guardian","floor":16.0,"turns":9.0},{"damage":41.0,"enemies":"3 Byrds","floor":18.0,"turns":6.0},{"damage":17.0,"enemies":"Shell Parasite","floor":19.0,"turns":4.0},{"damage":0.0,"enemies":"Snecko","floor":20.0,"turns":4.0},{"damage":20.0,"enemies":"Snake Plant","floor":22.0,"turns":5.0},{"damage":13.0,"enemies":"Shelled Parasite and Fungi","floor":24.0,"turns":5.0},{"damage":2.0,"enemies":"Chosen and Byrds","floor":27.0,"turns":4.0},{"damage":3.0,"enemies":"Book of Stabbing","floor":30.0,"turns":5.0},{"damage":0.0,"enemies":"Sentry and Sphere","floor":31.0,"turns":4.0},{"damage":0.0,"enemies":"Collector","floor":33.0,"turns":7.0},{"damage":1.0,"enemies":"3 Darklings","floor":35.0,"turns":6.0},{"damage":12,"enemies":"Orb Walker","floor":36,"turns":2},{"damage":6,"enemies":"Spire Growth","floor":38,"turns":5},{"damage":86,"enemies":"2 Orb Walkers","floor":39,"turns":6},{"damage":26,"enemies":"Giant Head","floor":41,"turns":9},{"damage":0,"enemies":"4 Shapes","floor":44,"turns":7},{"damage":0,"enemies":"Sphere and 2 Shapes","floor":47,"turns":4},{"damage":1,"enemies":"Transient","floor":48,"turns":6},{"damage":0,"enemies":"Donu and Deca","floor":50,"turns":10},{"damage":5,"enemies":"Time Eater","floor":51,"turns":10}],"seed_played":"3807381231464255515","potions_obtained":[{"floor":1.0,"key":"Energy Potion"},{"floor":8.0,"key":"Energy Potion"},{"floor":11.0,"key":"FairyPotion"},{"floor":16.0,"key":"Regen Potion"},{"floor":19.0,"key":"CunningPotion"},{"floor":20.0,"key":"Fire Potion"},{"floor":24.0,"key":"DuplicationPotion"},{"floor":30.0,"key":"FearPotion"},{"floor":35.0,"key":"AttackPotion"},{"floor":38,"key":"Swift Potion"},{"floor":41,"key":"Fire Potion"}],"is_trial":false,"path_per_floor":["M","?","$","?","$","E","R","E","T","M","M","E","R","?","R","B",null,"M","M","M","?","M","R","M","R","T","M","$","?","E","M","R","B",null,"M","M","$","M","?","R","E","R","T","M","$","R","M","M","R","B","B",null],"character_chosen":"THE_SILENT","items_purchased":["Noxious Fumes","Membership Card","Matryoshka","Backflip","Happy Flower"],"campfire_rested":2,"item_purchase_floors":[3,28,28,37,45],"current_hp_per_floor":[59,59,59,59,59,59,59,75,75,75,73,51,60,60,69,53,79,53,36,36,36,18,27,16,25,25,25,25,25,22,24,33,35,82,83,73,73,67,22,65,54,66,66,68,68,80,82,83,112,112,107],"gold":79,"neow_bonus":"THREE_ENEMY_KILL","is_daily":false,"chose_seed":false,"campfire_upgraded":8,"win_rate":0.0,"timestamp":1611307131,"path_taken":["M","?","?","?","$","E","R","E","T","M","?","E","R","?","R","BOSS","M","M","?","?","M","R","M","R","T","M","$","?","E","M","R","BOSS","M","M","$","M","?","R","E","R","T","M","$","R","M","M","R","BOSS","BOSS"],"items_purchased_type":["Card","Relic","Relic","Card","Relic"],"build_version":"2020-12-22","purchased_purges":3,"victory":true,"max_hp_per_floor":[66,66,66,66,66,66,66,82,82,82,84,86,86,86,86,88,88,88,88,88,88,90,90,92,92,92,94,94,94,94,96,96,98,98,100,102,102,102,104,104,104,104,104,106,106,106,108,110,112,112,112],"card_choices":[{"not_picked":["Dodge and Roll","Prepared"],"picked":"Riddle With Holes","floor":1.0},{"not_picked":["Heel Hook","Distraction"],"picked":"Venomology","floor":6.0},{"not_picked":["Blade Dance","Dash","Flying Knee"],"picked":"Singing Bowl","floor":8.0},{"not_picked":["Backstab","Dagger Spray"],"picked":"Tactician","floor":10.0},{"not_picked":["Infinite Blades","Poisoned Stab","Flying Knee"],"picked":"Singing Bowl","floor":11.0},{"not_picked":["Accuracy","Dodge and Roll","Expertise"],"picked":"Singing Bowl","floor":12.0},{"not_picked":["Glass Knife","Die Die Die","Venomology"],"picked":"Singing Bowl","floor":16.0},{"not_picked":["Flying Knee","Riddle With Holes"],"picked":"Deflect+1","floor":18.0},{"not_picked":["Tactician","Quick Slash+1"],"picked":"Acrobatics+1","floor":19.0},{"not_picked":["Bane","Expertise"],"picked":"Deadly Poison","floor":20.0},{"not_picked":["Dagger Throw","Sucker Punch","Bouncing Flask"],"picked":"Singing Bowl","floor":22.0},{"not_picked":["Eviscerate","Heel Hook","Bouncing Flask+1"],"picked":"Singing Bowl","floor":24.0},{"not_picked":["Sucker Punch","Reflex","Concentrate"],"picked":"Singing Bowl","floor":27.0},{"not_picked":["Dagger Throw","Leg Sweep"],"picked":"Crippling Poison","floor":30.0},{"not_picked":["Heel Hook","Sucker Punch","Dagger Throw"],"picked":"Singing Bowl","floor":31.0},{"not_picked":["Night Terror","Tools of the Trade","Glass Knife"],"picked":"Singing Bowl","floor":33.0},{"not_picked":["Slice","All Out Attack+1","Heel Hook"],"picked":"Singing Bowl","floor":35.0},{"not_picked":["Slice","Acrobatics+1","Deflect"],"picked":"Singing Bowl","floor":36},{"not_picked":["Noxious Fumes","Blade Dance"],"picked":"Footwork","floor":38},{"not_picked":["Dodge and Roll","Prepared","Slice"],"picked":"Singing Bowl","floor":39},{"not_picked":["Heel Hook","Backflip"],"picked":"Footwork","floor":40},{"not_picked":["Phantasmal Killer","Well Laid Plans+1"],"picked":"Burst","floor":41},{"not_picked":["Flechettes","Noxious Fumes+1","Dagger Spray"],"picked":"Singing Bowl","floor":44},{"not_picked":["Concentrate","Blade Dance","Noxious Fumes+1"],"picked":"Singing Bowl","floor":47},{"not_picked":["Choke","Endless Agony","Skewer+1"],"picked":"Singing Bowl","floor":48},{"not_picked":["Sucker Punch+1","Deflect+1","Choke"],"picked":"Singing Bowl","floor":49}],"player_experience":1057900,"relics_obtained":[{"floor":6.0,"key":"Bag of Marbles"},{"floor":8.0,"key":"Mango"},{"floor":9.0,"key":"Thread and Needle"},{"floor":12.0,"key":"Eternal Feather"},{"floor":26.0,"key":"Girya"},{"floor":30.0,"key":"Dream Catcher"},{"floor":39,"key":"Peace Pipe"},{"floor":41,"key":"Frozen Egg 2"},{"floor":43,"key":"Ornamental Fan"},{"floor":43,"key":"CaptainsWheel"}],"event_choices":[{"damage_healed":0.0,"max_hp_gain":0.0,"max_hp_loss":0.0,"gold_gain":0.0,"cards_transformed":["Defend_G"],"event_name":"Transmorgrifier","player_choice":"Transformed","floor":2.0,"gold_loss":0.0,"damage_taken":0.0,"cards_obtained":["Bouncing Flask"]},{"cards_removed":["Riddle With Holes"],"damage_healed":0.0,"max_hp_gain":0.0,"max_hp_loss":0.0,"gold_gain":0.0,"event_name":"WeMeetAgain","player_choice":"Gave Card","floor":4.0,"gold_loss":0.0,"damage_taken":0.0,"relics_obtained":["Singing Bowl"]},{"damage_healed":0.0,"max_hp_gain":0.0,"max_hp_loss":0.0,"gold_gain":0.0,"event_name":"Match and Keep!","player_choice":"0 cards matched","floor":14.0,"gold_loss":0.0,"damage_taken":0.0,"cards_obtained":[]},{"damage_healed":0.0,"max_hp_gain":0.0,"max_hp_loss":0.0,"gold_gain":0.0,"event_name":"The Mausoleum","player_choice":"Ignored","floor":21.0,"gold_loss":0.0,"damage_taken":0.0},{"damage_healed":0.0,"max_hp_gain":0.0,"max_hp_loss":0.0,"gold_gain":0.0,"cards_transformed":["Strike_G","Defend_G"],"event_name":"Drug Dealer","player_choice":"Became Test Subject","floor":29.0,"gold_loss":0.0,"damage_taken":0.0,"cards_obtained":["Dash","Concentrate"]},{"damage_healed":0,"gold_gain":0,"player_choice":"Fight","damage_taken":0,"max_hp_gain":0,"max_hp_loss":0,"event_name":"Mysterious Sphere","floor":39,"gold_loss":0}],"is_beta":false,"boss_relics":[{"not_picked":["Black Star","Tiny House"],"picked":"Runic Pyramid"},{"not_picked":["Velvet Choker","Fusion Hammer"],"picked":"WristBlade"}],"items_purged_floors":[28,37,45],"is_endless":false,"potions_floor_spawned":[1,8,11,16,19,20,24,30,35,38,41,44],"ascension_level":20}}