{"host":"9jkzatiwan7o33sr","time":1611328814,"event":{"mods":["AchievementEnabler","Act Like it!","Aspiration","BaseMod","Colored Map","Colored Powertips","Conspire","Downfall","GifTheSpireLib","Hallownest","Hermit","Hubris","Infinite Spire","Jorbs\u0027s Wanderer Trilogy","Mad Scientist","Mimic Mod","Minty Spire (QoL Compilation)","Permanent Neow","Shade Mod","StSLib","Stuff the Spire","Td1madao Mod","The Bladedancer","The Bug Knight","The Cursed","The Forsaken","The Hierophant","The Jungle","The Mystic","The Necromancer","The Poker Player","The Servant 0.9.4","The Witch","[IsaacMod]????"],"gold_per_floor":[119,119,119,119,129,129,129,129],"floor_reached":7,"language":"ENG","playtime":557,"items_purged":[],"score":43,"play_id":"e4c4f723-eb1e-492a-aa67-51fd330b1fbf","local_time":"20210122162014","is_ascension_mode":true,"campfire_choices":[{"data":"infinitespire:Starlight","floor":6,"key":"SMITH"}],"circlet_count":0,"master_deck":["Strike_P","Strike_P","Strike_P","Strike_P","Defend_P","Defend_P","Defend_P","Defend_P","Eruption","Vigilance","Wallop","infinitespire:Starlight+1","Establishment"],"relics":["PureWater","HushsDoor","Chaos","aspiration:Nostalgia","sneckomod:SneckoSoul"],"acts_visited":["Exordium"],"potions_floor_usage":[],"damage_taken":[{"damage":2,"enemies":"Cultist","floor":1,"turns":4},{"damage":3,"enemies":"2 Louse","floor":5,"turns":3},{"damage":63,"enemies":"Gremlin Nob","floor":7,"turns":7}],"seed_played":"4097486328086644461","potions_obtained":[{"floor":5,"key":"Fire Potion"}],"is_trial":false,"path_per_floor":["M","?","?","?","M","R","E"],"character_chosen":"WATCHER","items_purchased":[],"campfire_rested":0,"item_purchase_floors":[],"current_hp_per_floor":[70,70,52,52,59,59,11,11],"gold":129,"neow_bonus":"NOSTALGIA","is_daily":false,"chose_seed":false,"campfire_upgraded":1,"win_rate":0.0,"timestamp":1611328814,"path_taken":["M","?","?","?","M","R","E"],"items_purchased_type":[],"build_version":"2020-12-22","purchased_purges":0,"victory":false,"max_hp_per_floor":[72,72,72,72,72,72,72,72],"card_choices":[{"not_picked":["Prostrate","JustLucky"],"picked":"Wallop","floor":1},{"not_picked":["infinitespire:Fortify","infinitespire:UltimateForm"],"picked":"infinitespire:Starlight","floor":3},{"not_picked":["Consecrate","Evaluate"],"picked":"Establishment","floor":5}],"player_experience":603058,"relics_obtained":[],"event_choices":[],"is_beta":false,"boss_relics":[],"items_purged_floors":[],"is_endless":false,"potions_floor_spawned":[5],"killed_by":"Gremlin Nob","ascension_level":2}}