{"host":"7wagoesq7cf4lu47","time":1611330798,"event":{"mods":["BaseMod","Downfall","Googly Eyes","Minty Spire (QoL Compilation)","StSLib"],"gold_per_floor":[99,118,293,306,19,19,19,19,29,29,40,40,68,82,101,200,200,200,220,237,237,237,271,324,474,60,60,76,104,4,22,37,133,133,133,68,81,81,81,81,108,118,118,129,129,158,178,178,178,178],"floor_reached":48,"language":"ZHS","playtime":2613,"items_purged":["hexamod:Strike","Doubt","hexamod:EmpoweredFlame"],"score":525,"play_id":"ef20bb5e-c0a8-42af-8773-4b2f629b0dec","local_time":"20210122235318","is_ascension_mode":false,"campfire_choices":[{"data":"Apotheosis","floor":1.0,"key":"SMITH"},{"data":"expansioncontent:DashGenerateEvil","floor":6.0,"key":"SMITH"},{"data":"hexamod:SoulSteal","floor":18.0,"key":"SMITH"},{"data":"hexamod:VolcanoVisage","floor":27.0,"key":"SMITH"},{"floor":30.0,"key":"REST"},{"data":"hexamod:SearingWound","floor":35.0,"key":"SMITH"},{"data":"hexamod:HexaLevel","floor":40.0,"key":"SMITH"},{"floor":43,"key":"RECALL"}],"circlet_count":0,"master_deck":["hexamod:Strike+1","hexamod:Strike+1","hexamod:Defend+1","hexamod:Defend","hexamod:Defend","hexamod:Sear","hexamod:Float+1","Apotheosis+1","expansioncontent:DashGenerateEvil+1","hexamod:SoulSteal+1","hexamod:VolcanoVisage+1","hexamod:SearingWound+1","hexamod:HexaLevel+1","hexamod:ShieldOfDarkness+1","hexamod:WildfireWeapon"],"relics":["hexamod:SpiritBrand","The Courier","downfall:ShatteredFragment","Smiling Mask","Empty Cage","Mango","Strawberry","hexamod:MatchstickCase","TungstenRod","Bronze Scales","downfall:HeartBlessingGreen","Runic Pyramid","Bag of Marbles","Whetstone"],"acts_visited":["Exordium","TheCity","TheBeyond"],"potions_floor_usage":[44,46],"damage_taken":[{"damage":6.0,"enemies":"Cultist","floor":2.0,"turns":4.0},{"damage":2.0,"enemies":"2 Louse","floor":4.0,"turns":2.0},{"damage":5.0,"enemies":"downfall:FleeingMerchant","floor":5.0,"turns":4.0},{"damage":0.0,"enemies":"Small Slimes","floor":9.0,"turns":3.0},{"damage":0.0,"enemies":"Blue Slaver","floor":11.0,"turns":2.0},{"damage":0.0,"enemies":"Gremlin Nob","floor":13.0,"turns":3.0},{"damage":4.0,"enemies":"2 Fungi Beasts","floor":14.0,"turns":3.0},{"damage":0.0,"enemies":"3 Louse","floor":15.0,"turns":3.0},{"damage":55.0,"enemies":"IC_STATUS_ARCHETYPE","floor":16.0,"turns":12.0},{"damage":19.0,"enemies":"Spheric Guardian","floor":19.0,"turns":4.0},{"damage":10.0,"enemies":"Sentry and Sphere","floor":20.0,"turns":5.0},{"damage":49.0,"enemies":"Slavers","floor":23.0,"turns":6.0},{"damage":0.0,"enemies":"downfall:FleeingMerchant","floor":26.0,"turns":4.0},{"damage":11.0,"enemies":"Chosen and Byrds","floor":28.0,"turns":6.0},{"damage":6.0,"enemies":"Book of Stabbing","floor":29.0,"turns":5.0},{"damage":17.0,"enemies":"Shelled Parasite and Fungi","floor":31.0,"turns":6.0},{"damage":0.0,"enemies":"Snake Plant","floor":32.0,"turns":3.0},{"damage":33.0,"enemies":"DF_ARCHETYPE_CLAW","floor":33.0,"turns":7.0},{"damage":0.0,"enemies":"downfall:FleeingMerchant","floor":36.0,"turns":4.0},{"damage":0.0,"enemies":"Orb Walker","floor":37.0,"turns":3.0},{"damage":8.0,"enemies":"3 Darklings","floor":42.0,"turns":3.0},{"damage":9,"enemies":"Transient","floor":44,"turns":5},{"damage":42,"enemies":"Reptomancer","floor":46,"turns":9},{"damage":15,"enemies":"Spire Growth","floor":47,"turns":5},{"damage":22,"enemies":"Jaw Worm Horde","floor":48,"turns":2}],"seed_played":"1454995049496370062","potions_obtained":[{"floor":9.0,"key":"Block Potion"},{"floor":11.0,"key":"FairyPotion"},{"floor":15.0,"key":"CultistPotion"},{"floor":23.0,"key":"Swift Potion"},{"floor":29.0,"key":"DistilledChaos"},{"floor":33.0,"key":"Fire Potion"},{"floor":44,"key":"Weak Potion"},{"floor":47,"key":"Ancient Potion"}],"is_trial":false,"path_per_floor":["R","M","?","M","$","R","T","?","M","?","M","?","E","M","M","B",null,"R","M","M","?","?","E","T","?","$","R","M","E","R","M","M","B",null,"R","$","M","?","?","R","T","M","R","M","?","E","M","M"],"character_chosen":"THE_SPIRIT","items_purchased":["expansioncontent:DashGenerateEvil","hexamod:MatchstickCase","TungstenRod"],"campfire_rested":1,"item_purchase_floors":[5,26,26],"current_hp_per_floor":[63,57,57,55,50,50,50,50,50,29,29,29,29,35,35,9,63,63,44,34,34,34,36,43,43,43,43,32,26,51,34,34,1,84,84,84,84,84,84,84,84,76,76,67,67,25,20,0,0,0],"gold":178,"neow_bonus":"RANDOM_COLORLESS_2","is_daily":false,"chose_seed":false,"campfire_upgraded":6,"win_rate":0.0,"timestamp":1611330798,"path_taken":["R","M","?","M","$","R","T","?","M","?","M","?","E","?","M","BOSS","R","M","M","?","?","E","T","?","$","R","?","E","R","M","M","BOSS","R","$","M","?","?","R","T","M","R","M","?","E","M","M"],"items_purchased_type":["Card","Relic","Relic"],"build_version":"2020-12-22","purchased_purges":3,"victory":false,"max_hp_per_floor":[63,63,63,63,63,63,63,63,63,63,63,63,63,63,63,63,63,63,63,63,63,63,77,84,84,84,84,84,84,84,84,84,84,84,84,84,84,84,84,84,84,84,84,84,84,84,84,84,84,84],"card_choices":[{"not_picked":["Secret Weapon","The Bomb"],"picked":"Apotheosis","floor":0.0},{"not_picked":["hexamod:BacktrackSmack","hexamod:GhostOfSpirePast","hexamod:NightmareGuise"],"picked":"SKIP","floor":2.0},{"not_picked":["hexamod:GhostLash","hexamod:Incineration"],"picked":"hexamod:EmpoweredFlame","floor":4.0},{"not_picked":["hexamod:Firestarter","hexamod:NightmareGuise","hexamod:RetreatToShadows"],"picked":"SKIP","floor":5.0},{"not_picked":["hexamod:HeatMetal","hexamod:GhostShield","hexamod:ThermalTransfer"],"picked":"SKIP","floor":9.0},{"not_picked":["hexamod:SwordOfDarkness","hexamod:ThermalTransfer"],"picked":"hexamod:SoulSteal","floor":11.0},{"not_picked":["hexamod:Firestarter","hexamod:GhostLash","hexamod:ShieldOfDarkness"],"picked":"SKIP","floor":13.0},{"not_picked":["hexamod:InspiringFlames","hexamod:BacktrackSmack","hexamod:EmpoweredFlame"],"picked":"SKIP","floor":14.0},{"not_picked":["hexamod:Rewind","hexamod:UnlimitedPower","hexamod:SwordOfDarkness"],"picked":"SKIP","floor":15.0},{"not_picked":["hexamod:WildfireWeapon","hexamod:GhostOfSpirePresent"],"picked":"hexamod:VolcanoVisage","floor":16.0},{"not_picked":["hexamod:SwordOfDarkness","hexamod:EmpoweredFlame","hexamod:RadiantFlame"],"picked":"SKIP","floor":19.0},{"not_picked":["hexamod:GhostLash","hexamod:RainOfEmbers","hexamod:NightmareStrike"],"picked":"SKIP","floor":20.0},{"not_picked":["hexamod:StepThrough","hexamod:ThirdSeal","hexamod:GhostLash"],"picked":"SKIP","floor":23.0},{"not_picked":["hexamod:SecondSeal","hexamod:Hexaguard","hexamod:GhostShield"],"picked":"SKIP","floor":26.0},{"not_picked":["hexamod:HauntingEcho+1","hexamod:HeatMetal","hexamod:EmpoweredFlame+1"],"picked":"SKIP","floor":28.0},{"not_picked":["hexamod:NecessarySacrifice","hexamod:RadiantFlame","hexamod:BurningTouch+1"],"picked":"SKIP","floor":29.0},{"not_picked":["hexamod:Again","hexamod:Firestarter+1","hexamod:FirstSeal"],"picked":"SKIP","floor":31.0},{"not_picked":["hexamod:InspiringFlames","hexamod:BacktrackSmack","hexamod:Again"],"picked":"SKIP","floor":32.0},{"not_picked":["hexamod:SixthSeal","hexamod:UnlimitedPower"],"picked":"hexamod:SearingWound","floor":33.0},{"not_picked":["hexamod:ThermalTransfer","hexamod:NightmareGuise+1"],"picked":"hexamod:HexaLevel","floor":36.0},{"not_picked":["hexamod:RecurringNightmare","hexamod:BurningTouch","hexamod:GhostOfSpirePast"],"picked":"SKIP","floor":37.0},{"not_picked":["hexamod:NecessarySacrifice+1","hexamod:GhostOfSpireFuture"],"picked":"hexamod:ShieldOfDarkness+1","floor":42.0},{"not_picked":["hexamod:ShieldOfDarkness+1","hexamod:SwordOfDarkness+1","hexamod:HauntingEcho+1"],"picked":"SKIP","floor":44},{"not_picked":["hexamod:HauntingEcho","hexamod:PhantomCloak"],"picked":"hexamod:WildfireWeapon","floor":46},{"not_picked":["hexamod:SwordOfDarkness+1","hexamod:Hexaguard+1","hexamod:HeatMetal+1"],"picked":"SKIP","floor":47}],"player_experience":180365,"relics_obtained":[{"floor":7.0,"key":"The Courier"},{"floor":13.0,"key":"Smiling Mask"},{"floor":23.0,"key":"Mango"},{"floor":24.0,"key":"Strawberry"},{"floor":29.0,"key":"Bronze Scales"},{"floor":41.0,"key":"Bag of Marbles"},{"floor":46,"key":"Whetstone"}],"event_choices":[{"damage_healed":0,"gold_gain":0,"player_choice":"Ignored","damage_taken":0,"max_hp_gain":0,"max_hp_loss":0,"event_name":"NoteForYourself","floor":45,"gold_loss":0}],"is_beta":false,"boss_relics":[{"not_picked":["Fusion Hammer","Snecko Eye"],"picked":"Empty Cage"},{"not_picked":["Busted Crown","Black Star"],"picked":"Runic Pyramid"}],"items_purged_floors":[5,26,36],"is_endless":false,"potions_floor_spawned":[9,11,15,23,29,31,33,37,42,44,47],"killed_by":"Jaw Worm Horde","ascension_level":0}}