{"host":"wha9hktbkslqvblg","time":1611300941,"event":{"mods":["BaseMod","Colored Map","Minty Spire (QoL Compilation)","Relic Stats","SuperFastMode","everything is the same but u backflip on backflip"],"gold_per_floor":[118,13,32,32,32,32,67,77,77,94,157,157,51,51,51,147,147,166,180,13,63,94,94,114,114,114,133,158,158,80,80,80,80,80],"floor_reached":33,"language":"KOR","playtime":866,"items_purged":["Defend_B"],"score":536,"play_id":"e1960e04-c572-46df-b769-7c5cd04bc829","local_time":"20210122163541","is_ascension_mode":true,"campfire_choices":[{"data":"Zap","floor":6,"key":"SMITH"},{"data":"Go for the Eyes","floor":12,"key":"SMITH"},{"floor":15,"key":"REST"},{"data":"Biased Cognition","floor":23,"key":"SMITH"},{"data":"Darkness","floor":25,"key":"SMITH"},{"data":"Aggregate","floor":29,"key":"SMITH"},{"data":"Defragment","floor":32,"key":"SMITH"}],"circlet_count":0,"master_deck":["AscendersBane","Strike_B","Strike_B","Strike_B","Defend_B+1","Defend_B","Defend_B","Zap+1","Dualcast","Go for the Eyes+1","Sweeping Beam+1","Undo","Gash","Cold Snap","Flash of Steel","Biased Cognition+1","Capacitor","Aggregate+1","Darkness+1","Defragment+1"],"relics":["Cracked Core","NeowsBlessing","Question Card","HornCleat","StrikeDummy","Bloody Idol","Runic Pyramid","ClockworkSouvenir","Red Mask","Matryoshka"],"acts_visited":["Exordium","TheCity"],"potions_floor_usage":[11,18,22,22],"damage_taken":[{"damage":0,"enemies":"2 Louse","floor":1,"turns":1},{"damage":0,"enemies":"Small Slimes","floor":3,"turns":1},{"damage":0,"enemies":"Gremlin Nob","floor":7,"turns":1},{"damage":0,"enemies":"Jaw Worm","floor":8,"turns":2},{"damage":0,"enemies":"Blue Slaver","floor":10,"turns":4},{"damage":13,"enemies":"3 Sentries","floor":11,"turns":5},{"damage":19,"enemies":"The Guardian","floor":16,"turns":12},{"damage":0,"enemies":"Chosen","floor":18,"turns":4},{"damage":7,"enemies":"Spheric Guardian","floor":19,"turns":4},{"damage":5,"enemies":"Masked Bandits","floor":22,"turns":5},{"damage":5,"enemies":"Snecko","floor":24,"turns":5},{"damage":5,"enemies":"Snake Plant","floor":27,"turns":5},{"damage":16,"enemies":"Cultist and Chosen","floor":28,"turns":6},{"damage":34,"enemies":"Automaton","floor":33,"turns":6}],"seed_played":"1507838649444123256","potions_obtained":[{"floor":7,"key":"ColorlessPotion"},{"floor":8,"key":"Weak Potion"},{"floor":10,"key":"Dexterity Potion"},{"floor":11,"key":"Ancient Potion"},{"floor":19,"key":"Regen Potion"},{"floor":24,"key":"Fruit Juice"},{"floor":28,"key":"LiquidMemories"}],"is_trial":false,"path_per_floor":["M","$","M","?","?","R","E","M","T","M","?","R","$","?","R","B",null,"M","M","$","?","?","R","M","R","T","M","M","R","$","?","R","B"],"character_chosen":"DEFECT","items_purchased":["Sweeping Beam","Flash of Steel","ClockworkSouvenir","Defragment"],"campfire_rested":1,"item_purchase_floors":[2,13,20,30],"current_hp_per_floor":[64,64,64,57,36,36,36,36,36,36,23,23,23,23,42,23,54,54,47,47,47,56,56,51,51,51,46,30,30,30,30,30,0,0],"gold":80,"neow_bonus":"THREE_ENEMY_KILL","is_daily":false,"chose_seed":false,"campfire_upgraded":6,"win_rate":0.0,"timestamp":1611300941,"path_taken":["M","$","M","?","?","R","E","M","T","M","?","R","$","?","R","BOSS","M","M","$","?","?","R","?","R","T","M","M","R","?","?","R","BOSS"],"items_purchased_type":["Card","Card","Relic","Card"],"build_version":"2020-12-22","purchased_purges":1,"victory":false,"max_hp_per_floor":[71,71,71,71,71,71,71,71,71,71,71,71,71,64,64,64,64,64,64,64,64,64,64,64,64,64,64,64,64,64,64,64,64,64],"relic_stats":{"counters":[14,61],"Bloody Idol":0,"Question Card":10,"obtain_stats":[{"HornCleat":9,"Matryoshka":26,"NeowsBlessing":0,"Golden Idol":14,"Bloody Idol":31,"Red Mask":22,"Cracked Core":0,"Question Card":7,"StrikeDummy":11,"Runic Pyramid":17,"ClockworkSouvenir":20},{"HornCleat":4,"Matryoshka":11,"NeowsBlessing":0,"Golden Idol":6,"Bloody Idol":13,"Red Mask":10,"Cracked Core":0,"Question Card":3,"StrikeDummy":6,"Runic Pyramid":7,"ClockworkSouvenir":9},{"HornCleat":5,"Matryoshka":44,"NeowsBlessing":0,"Golden Idol":14,"Bloody Idol":55,"Red Mask":39,"Cracked Core":0,"Question Card":3,"StrikeDummy":14,"Runic Pyramid":26,"ClockworkSouvenir":34}]},"card_choices":[{"not_picked":["Compile Driver","Conserve Battery"],"picked":"Go for the Eyes","floor":1},{"not_picked":["Fusion","Double Energy","Hologram"],"picked":"SKIP","floor":3},{"not_picked":["Rip and Tear","Gash"],"picked":"Undo","floor":7},{"not_picked":["Streamline","Go for the Eyes","Genetic Algorithm"],"picked":"Gash","floor":8},{"not_picked":["Sweeping Beam","Steam","Leap","Stack"],"picked":"SKIP","floor":10},{"not_picked":["Ball Lightning","Double Energy","Compile Driver"],"picked":"Cold Snap","floor":11},{"not_picked":["Echo Form","Seek","Machine Learning"],"picked":"Biased Cognition","floor":16},{"not_picked":["Sweeping Beam","Ball Lightning","Streamline","Leap"],"picked":"SKIP","floor":18},{"not_picked":["Double Energy+1","Ball Lightning","Compile Driver"],"picked":"Capacitor","floor":19},{"not_picked":["Hello World","Steam+1","Ball Lightning"],"picked":"Aggregate","floor":22},{"not_picked":["Lockon","Darkness","Undo","White Noise"],"picked":"SKIP","floor":24},{"not_picked":["Lockon","Undo","White Noise"],"picked":"Darkness","floor":24},{"not_picked":["Redo","Barrage","Creative AI","Doom and Gloom"],"picked":"SKIP","floor":27},{"not_picked":["Steam","Gash","Genetic Algorithm","Melter"],"picked":"SKIP","floor":28}],"player_experience":987353,"relics_obtained":[{"floor":7,"key":"Question Card"},{"floor":9,"key":"HornCleat"},{"floor":11,"key":"StrikeDummy"},{"floor":22,"key":"Red Mask"},{"floor":26,"key":"Matryoshka"}],"event_choices":[{"cards_removed":["Strike_B"],"damage_healed":0,"gold_gain":0,"player_choice":"Card Removal","damage_taken":7,"max_hp_gain":0,"max_hp_loss":0,"event_name":"Golden Wing","floor":4,"gold_loss":0},{"damage_healed":0,"gold_gain":0,"player_choice":"Entered Light","damage_taken":21,"max_hp_gain":0,"max_hp_loss":0,"event_name":"Shining Light","floor":5,"gold_loss":0,"cards_upgraded":["Sweeping Beam","Defend_B"]},{"damage_healed":0,"gold_gain":30,"player_choice":"Searched \u00272\u0027 times","damage_taken":0,"max_hp_gain":0,"max_hp_loss":0,"event_name":"Dead Adventurer","floor":11,"gold_loss":0},{"damage_healed":0,"gold_gain":0,"player_choice":"Lose Max HP","damage_taken":0,"relics_obtained":["Golden Idol"],"max_hp_gain":0,"max_hp_loss":7,"event_name":"Golden Idol","floor":14,"gold_loss":0},{"damage_healed":0,"gold_gain":50,"player_choice":"Stole From Cult","damage_taken":0,"max_hp_gain":0,"max_hp_loss":0,"event_name":"Nest","floor":21,"gold_loss":0},{"damage_healed":0,"gold_gain":0,"player_choice":"Fought Bandits","damage_taken":0,"max_hp_gain":0,"max_hp_loss":0,"event_name":"Masked Bandits","floor":22,"gold_loss":0},{"damage_healed":0,"gold_gain":0,"player_choice":"Gave Idol","damage_taken":0,"relics_obtained":["Bloody Idol"],"max_hp_gain":0,"max_hp_loss":0,"event_name":"Forgotten Altar","floor":31,"relics_lost":["Golden Idol"],"gold_loss":0}],"is_beta":false,"boss_relics":[{"not_picked":["Fusion Hammer","Black Star"],"picked":"Runic Pyramid"}],"items_purged_floors":[2],"is_endless":false,"potions_floor_spawned":[7,8,10,11,19,24,28],"killed_by":"Automaton","ascension_level":20}}