{"host":"56d873i5r3uhle0q","time":1611280090,"event":{"mods":["100% Spire Juice","Act Like it!","Aspiration","BaseMod","Block Reminder","Conspire","Gensokyo","Hermit","Hubris","Infinite Spire","Jedi Mod","Lobotomy","Marisa????????","Marked Mod","Minty Spire (QoL Compilation)","Replay The Spire","StSLib","The Animator","The Bug Knight","The Cursed","The Marked","The Servant 0.9.4","everything is the same but u backflip on backflip","vexMod","??????REMEMod"],"gold_per_floor":[112,4,24,24,37,37,249,249,299,313,328,328,346,346,346,346,346],"floor_reached":16,"language":"ENG","playtime":630,"items_purged":[],"score":94,"play_id":"ac6167e5-bc29-40c6-88a0-3db3d816d058","local_time":"20210121184810","is_ascension_mode":false,"campfire_choices":[{"floor":6.0,"key":"REST"},{"floor":8.0,"key":"REST"},{"floor":15.0,"key":"REST"}],"circlet_count":0,"master_deck":["Strike_R","Strike_R","Strike_R","Strike_R","Strike_R","Defend_R","Defend_R","Defend_R","Defend_R","Bash","animator:Eve","Defy Death","Pain"],"relics":["Burning Blood","REME_ComplimentaryCards","conspire:TopHat","vexMod:HeadHunter","Gensokyo:LunaticRedEyes"],"acts_visited":["Gensokyo:Gensokyo"],"potions_floor_usage":[],"damage_taken":[{"damage":4.0,"enemies":"Gensokyo:3_Fairies","floor":1.0,"turns":6.0},{"damage":15.0,"enemies":"Gensokyo:Gryphon","floor":3.0,"turns":5.0},{"damage":19.0,"enemies":"Gensokyo:2_Kodama","floor":5.0,"turns":7.0},{"damage":60.0,"enemies":"Gensokyo:2_Rabbits","floor":7.0,"turns":7.0},{"damage":20.0,"enemies":"Gensokyo:Python_and_Kodama","floor":10.0,"turns":5.0},{"damage":16.0,"enemies":"Gensokyo:Kitsune","floor":11.0,"turns":5.0},{"damage":15.0,"enemies":"Gensokyo:2_Rabbits","floor":13.0,"turns":7.0},{"damage":51,"enemies":"Gensokyo:Yukari","floor":16,"turns":8}],"seed_played":"-3265280008207259946","potions_obtained":[{"floor":5.0,"key":"LiquidBronze"},{"floor":7.0,"key":"Elixir"},{"floor":11.0,"key":"SmokeBomb"}],"is_trial":false,"path_per_floor":["M","COS","M","$","M","R","M","R","T","M","M","?","M","?","R","B"],"character_chosen":"IRONCLAD","items_purchased":[],"campfire_rested":3,"item_purchase_floors":[],"current_hp_per_floor":[80,80,71,71,58,80,26,50,50,36,26,34,25,25,49,0,0],"gold":346,"neow_bonus":"THREE_CARDS","is_daily":false,"chose_seed":false,"campfire_upgraded":0,"win_rate":0.0,"timestamp":1611280090,"path_taken":["M","COS","M","$","M","R","M","R","T","M","M","?","?","?","R","BOSS"],"items_purchased_type":[],"build_version":"2020-12-22","purchased_purges":0,"victory":false,"max_hp_per_floor":[80,80,80,80,80,80,80,80,80,80,80,80,80,80,80,80,80],"card_choices":[{"not_picked":["Twin Strike","Replay:Undeath\u0027s Touch","Sword Boomerang"],"picked":"SKIP","floor":1.0},{"not_picked":["Bloodletting","Anger"],"picked":"Defy Death","floor":3.0},{"not_picked":["Entrench","Shrug It Off","Clash"],"picked":"SKIP","floor":5.0},{"not_picked":["ReplayReversal","Cleave","Pommel Strike"],"picked":"SKIP","floor":7.0},{"not_picked":["hubris:ReadiedAction","infinitespire:OneForAll","Cleave"],"picked":"SKIP","floor":10.0},{"not_picked":["Uppercut","Double Tap","Dual Wield"],"picked":"SKIP","floor":11.0},{"not_picked":["Rage","Twin Strike","Cleave"],"picked":"SKIP","floor":13.0}],"player_experience":578990,"relics_obtained":[{"floor":9.0,"key":"conspire:TopHat"}],"event_choices":[],"is_beta":false,"boss_relics":[],"items_purged_floors":[],"is_endless":false,"potions_floor_spawned":[5,7,11,13],"killed_by":"Gensokyo:Yukari","ascension_level":0}}