{"host":"a3oe3gstxz77c7qu","time":1611320349,"event":{"mods":["2.2 Compatiblity","Act Like it!","Astrologer","BaseMod","Bestiary","Better Altar","Better Match","Better Note","Better Skull","Better Third Choice","Block Reminder","Curses Come First","Custom Start","Dark Map","Downfall","Fox Events","Friendly Minions","GifTheSpireLib","Hallownest","Hermit","Jorbs\u0027s Wanderer Trilogy","Lobotomy","LobotomyExtend","Marisa????????","Minty Spire (QoL Compilation)","Permanent Neow","Quick Restart","Relic Stats","Spire Arcade","StSLib","The Bug Knight","The Cursed","The Disciple","The Jungle","Uncapped","Unknown Chances","Wandering Minibosses"],"gold_per_floor":[99,119,119,31,42,67,93,93,78,292,312,312,331,344,361,466,466,466,485,503,521,521,538,619,645,645,630,630,630],"floor_reached":27,"language":"ENG","playtime":1533,"items_purged":[],"score":342,"play_id":"68b803fc-6690-4e56-9e43-1f9b6dccf2a2","local_time":"20210122125909","is_ascension_mode":true,"campfire_choices":[{"data":"Slimebound:Teamwork","floor":1.0,"key":"SMITH"},{"data":"Slimebound:AcidTongue","floor":8.0,"key":"SMITH"},{"data":"Slimebound:GoopSpray","floor":12.0,"key":"SMITH"},{"data":"Slimebound:DuplicatedForm","floor":18.0,"key":"SMITH"}],"circlet_count":0,"master_deck":["Slimebound:Defend_Slimebound","Slimebound:Defend_Slimebound+1","Slimebound:Defend_Slimebound","Slimebound:Split+1","Slimebound:Teamwork+1","Slimebound:SplitMire","Slimebound:AcidTongue+1","Slimebound:GoopSpray+1","Slimebound:DuplicatedForm+1","Slimebound:Prepare","Slimebound:GoopSpray","Slimebound:Tackle+1","Slimebound:Tackle+1","Slimebound:Tackle+1","Slimebound:SplitSpecialist+1","Pain"],"relics":["Slimebound:AbsorbEndCombat","Bottled Tornado","Oddly Smooth Stone","War Paint","Philosopher\u0027s Stone","The Courier","Regal Pillow"],"acts_visited":["Exordium","TheCity"],"potions_floor_usage":[],"damage_taken":[{"damage":0.0,"enemies":"2 Louse","floor":2.0,"turns":2.0},{"damage":0.0,"enemies":"downfall:FleeingMerchant","floor":4.0,"turns":4.0},{"damage":0.0,"enemies":"Cultist","floor":5.0,"turns":3.0},{"damage":12.0,"enemies":"3 Sentries","floor":6.0,"turns":7.0},{"damage":0.0,"enemies":"downfall:FleeingMerchant","floor":9.0,"turns":4.0},{"damage":7.0,"enemies":"Jaw Worm","floor":11.0,"turns":3.0},{"damage":0.0,"enemies":"Red Slaver","floor":13.0,"turns":3.0},{"damage":0.0,"enemies":"Blue Slaver","floor":14.0,"turns":4.0},{"damage":2.0,"enemies":"Gremlin Gang","floor":15.0,"turns":6.0},{"damage":0.0,"enemies":"SI_SHIV_ARCHETYPE","floor":16.0,"turns":6.0},{"damage":1.0,"enemies":"Shell Parasite","floor":19.0,"turns":4.0},{"damage":11.0,"enemies":"Chosen","floor":20.0,"turns":5.0},{"damage":43.0,"enemies":"Snecko","floor":21.0,"turns":4.0},{"damage":17.0,"enemies":"3 Cultists","floor":23.0,"turns":5.0},{"damage":21.0,"enemies":"Gremlin Leader","floor":25.0,"turns":7.0},{"damage":25.0,"enemies":"downfall:FleeingMerchant","floor":27.0,"turns":4.0}],"seed_played":"-4217728937131524551","potions_obtained":[{"floor":5.0,"key":"Slimebound:SlimedPotion"},{"floor":11.0,"key":"Slimebound:SlimedPotion"},{"floor":13.0,"key":"AttackPotion"},{"floor":15.0,"key":"EntropicBrew"},{"floor":20.0,"key":"CultistPotion"},{"floor":25.0,"key":"bronze:BurnAndBuffPotion"}],"is_trial":false,"path_per_floor":["R","M","?","$","M","E","T","R","$","?","M","R","M","M","M","B",null,"R","M","M","M","?","M","T","E","?","$"],"character_chosen":"SLIMEBOUND","items_purchased":["Slimebound:AcidTongue"],"campfire_rested":0,"item_purchase_floors":[4],"current_hp_per_floor":[65,65,65,65,65,61,61,61,65,35,32,32,36,38,44,48,65,65,65,60,36,36,40,40,27,27,19,19,19],"gold":630,"neow_bonus":"ONE_RANDOM_RARE_CARD","is_daily":false,"chose_seed":false,"campfire_upgraded":4,"win_rate":0.0,"timestamp":1611320349,"path_taken":["R","M","?","?","?","E","T","R","$","?","?","R","M","M","M","BOSS","R","M","M","M","?","M","T","E","?","$"],"items_purchased_type":["Card"],"build_version":"2020-12-22","purchased_purges":0,"victory":false,"max_hp_per_floor":[65,65,65,65,65,65,65,65,65,65,65,65,65,65,65,65,65,65,65,65,65,65,65,65,65,65,65,65,65],"relic_stats":{"Regal Pillow":0,"counters":[16,70],"War Paint":["Slimebound:Defend_Slimebound","Slimebound:Defend_Slimebound"],"obtain_stats":[{"Regal Pillow":25,"Oddly Smooth Stone":7,"Philosopher\u0027s Stone":17,"The Courier":24,"Slimebound:AbsorbEndCombat":0,"LetterFromLob":6,"Bottled Tornado":6,"War Paint":10},{"Regal Pillow":15,"Oddly Smooth Stone":4,"Philosopher\u0027s Stone":10,"The Courier":14,"Slimebound:AbsorbEndCombat":0,"LetterFromLob":4,"Bottled Tornado":4,"War Paint":5},{"Regal Pillow":66,"Oddly Smooth Stone":16,"Philosopher\u0027s Stone":41,"The Courier":59,"Slimebound:AbsorbEndCombat":0,"LetterFromLob":16,"Bottled Tornado":16,"War Paint":20}]},"card_choices":[{"not_picked":["Slimebound:PressTheAttack","Slimebound:HungryTackle"],"picked":"Slimebound:SplitMire","floor":2.0},{"not_picked":["Slimebound:SpikyOuterGoop","Slimebound:ItLooksTasty","Slimebound:GoopTackle"],"picked":"SKIP","floor":4.0},{"not_picked":["Slimebound:SamplingLick","Slimebound:SplitMire","Slimebound:Recollect"],"picked":"SKIP","floor":5.0},{"not_picked":["Slimebound:SplitLeeching","Slimebound:SplitAcid","Slimebound:RollThrough"],"picked":"SKIP","floor":6.0},{"not_picked":["Slimebound:SamplingLick","Slimebound:SplitLeeching","Slimebound:FinishingTackle"],"picked":"SKIP","floor":9.0},{"not_picked":["Slimebound:SplitBruiser","Slimebound:SlimeTap"],"picked":"Slimebound:GoopSpray","floor":11.0},{"not_picked":["Slimebound:SplitLeeching","Slimebound:PressTheAttack","Slimebound:ViciousTackle"],"picked":"SKIP","floor":13.0},{"not_picked":["Slimebound:Grow","Slimebound:SplitLeeching","Slimebound:ItLooksTasty"],"picked":"SKIP","floor":14.0},{"not_picked":["Slimebound:Prepare","Slimebound:HauntingLick","Slimebound:GoopTackle"],"picked":"SKIP","floor":15.0},{"not_picked":["Slimebound:Overexert","Slimebound:CheckThePlaybook"],"picked":"Slimebound:DuplicatedForm","floor":16.0},{"not_picked":["Slimebound:SplitBruiser","Slimebound:ItLooksTasty+1","Slimebound:DivideAndConquer"],"picked":"SKIP","floor":19.0},{"not_picked":["Slimebound:SlimeBrawl","Slimebound:SlimeTap"],"picked":"Slimebound:Prepare","floor":20.0},{"not_picked":["Slimebound:ProtectTheBoss+1","Slimebound:ComboTackle"],"picked":"Slimebound:GoopSpray","floor":21.0},{"not_picked":["Slimebound:SplitBruiser","Slimebound:SamplingLick","Slimebound:Prepare"],"picked":"SKIP","floor":23.0},{"not_picked":["Slimebound:RainOfGoop+1","Slimebound:ComboTackle"],"picked":"Slimebound:SplitSpecialist+1","floor":25.0}],"player_experience":1074264,"relics_obtained":[{"floor":6.0,"key":"LetterFromLob"},{"floor":6.0,"key":"Bottled Tornado"},{"floor":7.0,"key":"Oddly Smooth Stone"},{"floor":20.0,"key":"LetterFromLob"},{"floor":24.0,"key":"The Courier"},{"floor":25.0,"key":"Regal Pillow"}],"event_choices":[{"damage_healed":0.0,"max_hp_gain":0.0,"max_hp_loss":0.0,"gold_gain":214.0,"event_name":"betterSkull:BetterSkull","player_choice":"GO GO RE ","floor":10.0,"gold_loss":0.0,"damage_taken":34.0,"cards_upgraded":[],"relics_obtained":["War Paint"]}],"is_beta":false,"boss_relics":[{"not_picked":["Busted Crown","Slimebound:TarBlob"],"picked":"Philosopher\u0027s Stone"}],"items_purged_floors":[],"is_endless":false,"potions_floor_spawned":[5,11,13,15,16,19,20,25],"killed_by":"downfall:FleeingMerchant","ascension_level":4}}