{"host":"aewhn2fld106mlky","time":1611322158,"event":{"mods":["Act Like it!","BaseMod","Downfall","Koishi","KomeijiMod","Minty Spire (QoL Compilation)","Quick Restart","Relic Stats","Spicy Shops","StSLib","The Jungle","The Mystic"],"gold_per_floor":[99,111,111,123,223,237,237,37,51,74,99,119,147,166,176,278,278,278,294,294,171,4,33,33,18,34,48,48,148,48,73,85,183,183,183,203,220,3,162,162,189,189,107,107,161,171,171,171,181,181,181,212,64,64,64,64,64,64],"floor_reached":56,"language":"ZHS","playtime":3369,"items_purged":["Confused"],"score":745,"play_id":"7dae7e52-ebdd-4242-bdb5-16302f03d2a3","local_time":"20210122212918","is_ascension_mode":false,"campfire_choices":[{"floor":1.0,"key":"RECALL"},{"data":"Guardian:FloatingOrbs","floor":8.0,"key":"SMITH"},{"data":"Guardian:CurlUp","floor":18.0,"key":"SMITH"},{"data":"Guardian:RefractedBeam+1","floor":28.0,"key":"SMITH"},{"data":"Guardian:WalkerClaw","floor":30.0,"key":"SMITH"},{"data":"Guardian:ConstructionForm","floor":40,"key":"SMITH"},{"floor":54,"key":"REST"}],"circlet_count":0,"master_deck":["Guardian:Strike_Guardian+1","Guardian:Strike_Guardian+1","Guardian:Strike_Guardian+1","Guardian:Defend_Guardian+1","Guardian:Defend_Guardian+1","Guardian:Defend_Guardian+1","Guardian:CurlUp+1","Guardian:TwinSlam+1","Guardian:RollAttack+1","Guardian:FloatingOrbs+1","Guardian:TimeCapacitor+1","Guardian:VentSteam+1","Guardian:PrismaticBarrier+1","Guardian:EvasiveProtocol+1","Guardian:EvasiveProtocol+1","Guardian:ConstructionForm+1","CurseOfTheBell","Guardian:ShieldCharger+1","Guardian:RefractedBeam+3","Guardian:Emergency+1","Guardian:FloatingOrbs+1","Guardian:WalkerClaw+1","Guardian:PolyBeam+1","Guardian:RevengeProtocol+1","Swift Strike+1","Regret","Guardian:DonusPower+1","Guardian:PolyBeam+1","Guardian:PrismaticBarrier+1","Guardian:ShieldCharger+1","Guardian:Gem_Purple","Guardian:Gem_Yellow","Guardian:BodySlam+1"],"relics":["Guardian:ModeShifter","Bird Faced Urn","Happy Flower","Toxic Egg 2","Lantern","Calling Bell","Bag of Preparation","Shuriken","WingedGreaves","GoodDreamPillow","Strange Spoon","InkBottle","downfall:GremlinSack","Guardian:PickAxe","SacredBark","Bag of Marbles","Whetstone","Sling","FossilizedHelix","PreservedInsect"],"acts_visited":["Exordium","Exordium","TheBeyond","TheEnding"],"potions_floor_usage":[38,46,49,50,50,50,55,55,55,55],"damage_taken":[{"damage":6.0,"enemies":"2 Louse","floor":2.0,"turns":3.0},{"damage":6.0,"enemies":"Cultist","floor":4.0,"turns":4.0},{"damage":29.0,"enemies":"downfall:Heads","floor":5.0,"turns":7.0},{"damage":1.0,"enemies":"Jaw Worm","floor":6.0,"turns":3.0},{"damage":0.0,"enemies":"Exordium Wildlife","floor":9.0,"turns":2.0},{"damage":11.0,"enemies":"Lagavulin","floor":11.0,"turns":4.0},{"damage":11.0,"enemies":"Exordium Thugs","floor":12.0,"turns":3.0},{"damage":18.0,"enemies":"3 Sentries","floor":13.0,"turns":5.0},{"damage":9.0,"enemies":"Blue Slaver","floor":14.0,"turns":3.0},{"damage":4.0,"enemies":"Exordium Wildlife","floor":15.0,"turns":3.0},{"damage":18.0,"enemies":"SI_SHIV_ARCHETYPE","floor":16.0,"turns":8.0},{"damage":10.0,"enemies":"theJungle:GiantWrat","floor":19.0,"turns":5.0},{"damage":0.0,"enemies":"downfall:FleeingMerchant","floor":22.0,"turns":4.0},{"damage":21.0,"enemies":"theJungle:Cassacara","floor":23.0,"turns":8.0},{"damage":6.0,"enemies":"downfall:FleeingMerchant","floor":25.0,"turns":4.0},{"damage":0.0,"enemies":"theJungle:5_Spyders","floor":26.0,"turns":5.0},{"damage":0.0,"enemies":"theJungle:Snecko_Cultist_And_Trap","floor":27.0,"turns":5.0},{"damage":6.0,"floor":29.0,"turns":4.0},{"damage":0.0,"enemies":"theJungle:MamaSnecko","floor":31.0,"turns":5.0},{"damage":0.0,"enemies":"theJungle:2_Snecko_Cultists","floor":32.0,"turns":4.0},{"damage":29.0,"enemies":"WA_ARCHETYPE_CALM","floor":33.0,"turns":7.0},{"damage":7.0,"enemies":"3 Darklings","floor":36.0,"turns":4.0},{"damage":0.0,"enemies":"Orb Walker","floor":37.0,"turns":4.0},{"damage":3,"enemies":"downfall:FleeingMerchant","floor":38,"turns":4},{"damage":0,"enemies":"downfall:FleeingMerchant","floor":43,"turns":1},{"damage":22,"enemies":"2 Orb Walkers","floor":45,"turns":3},{"damage":0,"enemies":"4 Shapes","floor":46,"turns":3},{"damage":26,"enemies":"Spire Growth","floor":49,"turns":5},{"damage":21,"enemies":"IC_BLOCK_ARCHETYPE","floor":50,"turns":7},{"damage":29,"enemies":"downfall:CharBossMerchant","floor":52,"turns":6},{"damage":25,"enemies":"downfall:NeowBoss","floor":55,"turns":12},{"damage":64,"enemies":"downfall:NeowBossFinal","floor":56,"turns":5}],"seed_played":"5724700778621546231","potions_obtained":[{"floor":2.0,"key":"Block Potion"},{"floor":9.0,"key":"Explosive Potion"},{"floor":12.0,"key":"BlessingOfTheForge"},{"floor":13.0,"key":"Fire Potion"},{"floor":15.0,"key":"LiquidBronze"},{"floor":19.0,"key":"Fire Potion"},{"floor":23.0,"key":"BlessingOfTheForge"},{"floor":26.0,"key":"JyouchiReiPotion"},{"floor":29.0,"key":"Fire Potion"},{"floor":33.0,"key":"ColorlessPotion"},{"floor":36.0,"key":"LiquidBronze"},{"floor":46,"key":"Fire Potion"},{"floor":52,"key":"bronze:BurnAndBuffPotion"}],"is_trial":false,"path_per_floor":["R","M","?","M","?","M","T","R","M","T","E","M","E","M","M","B",null,"R","M","?","?","$","E","T","$","M","M","R","?","R","E","M","B",null,"R","M","M","$","?","R","T","?","$","?","?","M","R","?","M","B",null,"E","$","R","B","B"],"character_chosen":"GUARDIAN","items_purchased":["Strange Spoon","DuplicationPotion","Explosive Potion","Whetstone","Sling","AttackPotion","PowerPotion","SkillPotion"],"campfire_rested":1,"item_purchase_floors":[22,38,38,43,43,43,53,53],"current_hp_per_floor":[72,66,72,66,39,40,40,50,50,50,43,36,22,15,19,9,82,82,74,74,74,82,61,61,61,67,75,75,76,76,82,82,53,82,82,82,82,79,79,79,79,79,79,72,50,54,54,54,36,25,72,47,47,68,50,0,0,0],"gold":64,"neow_bonus":"ONE_RARE_RELIC","is_daily":false,"chose_seed":false,"campfire_upgraded":5,"win_rate":0.0,"timestamp":1611322158,"path_taken":["R","M","?","?","?","M","T","R","M","?","E","M","E","?","M","BOSS","R","M","?","?","$","E","T","?","M","?","R","?","R","E","M","BOSS","R","M","M","$","?","R","T","?","$","?","?","?","R","?","M","BOSS","E","$","R","BOSS","BOSS"],"items_purchased_type":["Relic","Potion","Potion","Relic","Relic","Potion","Potion","Potion"],"build_version":"2020-12-22","purchased_purges":1,"victory":false,"max_hp_per_floor":[72,72,72,72,72,72,72,82,82,82,82,82,82,82,82,82,82,82,82,82,82,82,82,82,82,82,82,82,82,82,82,82,82,82,82,82,82,82,82,82,82,82,82,72,72,72,72,72,72,72,72,72,72,72,72,72,72,72],"relic_stats":{"Strange Spoon":[55],"Happy Flower":[43],"counters":[32,150],"Shuriken":[46],"Bird Faced Urn":[125],"PreservedInsect":0,"Bag of Preparation":[42],"Whetstone":["Guardian:PolyBeam","Guardian:Strike_Guardian"],"obtain_stats":[{"Lantern":13,"GoodDreamPillow":21,"downfall:HeartBlessingRed":8,"Happy Flower":10,"SacredBark":34,"Guardian:ModeShifter":0,"downfall:HeartBlessingGreen":30,"PreservedInsect":52,"Bag of Preparation":17,"Whetstone":43,"Sling":43,"Calling Bell":17,"Guardian:PickAxe":31,"Strange Spoon":22,"Anchor":23,"downfall:GremlinSack":29,"downfall:HeartBlessingBlue":8,"Shuriken":17,"Bird Faced Urn":0,"WingedGreaves":17,"Bag of Marbles":41,"Toxic Egg 2":11,"InkBottle":24,"FossilizedHelix":45},{"Lantern":8,"GoodDreamPillow":12,"downfall:HeartBlessingRed":4,"Happy Flower":5,"SacredBark":21,"Guardian:ModeShifter":0,"downfall:HeartBlessingGreen":18,"PreservedInsect":30,"Bag of Preparation":11,"Whetstone":25,"Sling":25,"Calling Bell":11,"Guardian:PickAxe":19,"Strange Spoon":13,"Anchor":14,"downfall:GremlinSack":18,"downfall:HeartBlessingBlue":4,"Shuriken":11,"Bird Faced Urn":0,"WingedGreaves":11,"Bag of Marbles":24,"Toxic Egg 2":6,"InkBottle":14,"FossilizedHelix":26},{"Lantern":31,"GoodDreamPillow":50,"downfall:HeartBlessingRed":17,"Happy Flower":19,"SacredBark":96,"Guardian:ModeShifter":0,"downfall:HeartBlessingGreen":80,"PreservedInsect":133,"Bag of Preparation":45,"Whetstone":109,"Sling":109,"Calling Bell":45,"Guardian:PickAxe":85,"Strange Spoon":54,"Anchor":62,"downfall:GremlinSack":80,"downfall:HeartBlessingBlue":17,"Shuriken":45,"Bird Faced Urn":0,"WingedGreaves":45,"Bag of Marbles":108,"Toxic Egg 2":23,"InkBottle":62,"FossilizedHelix":112}],"InkBottle":[41]},"card_choices":[{"not_picked":["Guardian:SentryBeam","Guardian:PiercingHide"],"picked":"Guardian:Repulse","floor":2.0},{"not_picked":["Guardian:Repulse","Guardian:CrystalBeam"],"picked":"Guardian:Gem_Crimson","floor":4.0},{"not_picked":["Guardian:CrystalBeam","Guardian:Planning"],"picked":"Guardian:FloatingOrbs","floor":5.0},{"not_picked":["Guardian:GuardianWhirl","Guardian:TemporalShield","Guardian:Suspension"],"picked":"SKIP","floor":6.0},{"not_picked":["Guardian:Gem_Green","Guardian:BaubleBeam"],"picked":"Guardian:TimeCapacitor","floor":9.0},{"not_picked":["Guardian:PolyBeam","Guardian:ShieldSpikes+1"],"picked":"Guardian:VentSteam+1","floor":11.0},{"not_picked":["Guardian:Gem_Green","Guardian:CrystalBeam"],"picked":"Guardian:PrismaticBarrier+1","floor":12.0},{"not_picked":["Guardian:PrismaticBarrier+1","Guardian:ShieldCharger+1"],"picked":"Guardian:EvasiveProtocol","floor":13.0},{"not_picked":["Guardian:BodySlam","Guardian:PrimingBeam"],"picked":"Guardian:EvasiveProtocol","floor":14.0},{"not_picked":["Guardian:Preprogram+1","Guardian:Gem_Green"],"picked":"Guardian:Gem_White","floor":15.0},{"not_picked":["Guardian:FierceBash","Guardian:ExploitGems+1"],"picked":"Guardian:ConstructionForm","floor":16.0},{"not_picked":["Guardian:Incinerate","Guardian:Gem_Cyan"],"picked":"Guardian:Gem_Crimson","floor":19.0},{"not_picked":["Guardian:TemporalShield+1","Guardian:Gem_Green"],"picked":"Guardian:ShieldCharger+1","floor":22.0},{"not_picked":["Guardian:Reroute","Guardian:TimeCapacitor"],"picked":"Guardian:RefractedBeam+1","floor":23.0},{"not_picked":["Guardian:PrimingBeam+1","Guardian:FierceBash","Guardian:BodySlam"],"picked":"SKIP","floor":25.0},{"not_picked":["Guardian:TemporalShield+1","Guardian:PrimingBeam"],"picked":"Guardian:Gem_Blue","floor":26.0},{"not_picked":["Guardian:Incinerate","Guardian:ShieldCharger+1"],"picked":"Guardian:Emergency+1","floor":27.0},{"not_picked":["Guardian:TemporalShield+1","Guardian:Gem_Fragmented"],"picked":"Guardian:FloatingOrbs+1","floor":29.0},{"not_picked":["Guardian:ShieldSpikes+1","Guardian:PiercingHide+1"],"picked":"Guardian:Gem_Lightblue","floor":31.0},{"not_picked":["Guardian:TemporalStrike+1","Guardian:Suspension+1"],"picked":"Guardian:DonusPower+1","floor":32.0},{"not_picked":["Guardian:AncientConstruct","Guardian:FastForward+1"],"picked":"Guardian:Gem_Orange","floor":33.0},{"not_picked":["Guardian:BronzeArmor+1","Guardian:PrimingBeam+1"],"picked":"Guardian:Gem_Green","floor":36.0},{"not_picked":["Guardian:CrystalBeam","Guardian:Reroute+1"],"picked":"Guardian:Gem_Orange","floor":37.0},{"not_picked":["Guardian:PrimingBeam+1","Guardian:Incinerate+1"],"picked":"Guardian:PolyBeam+1","floor":38},{"not_picked":["Guardian:Gem_Lightblue","Guardian:Gem_Green"],"picked":"Guardian:Gem_Red","floor":39},{"not_picked":["Guardian:Gem_Synthetic","Guardian:Gem_Red"],"picked":"Guardian:PrismaticBarrier+1","floor":43},{"not_picked":["Guardian:RollAttack","Guardian:PiercingHide+1"],"picked":"Guardian:ShieldCharger+1","floor":45},{"not_picked":["Guardian:Gem_Red","Guardian:TemporalStrike+1"],"picked":"Guardian:Gem_Cyan","floor":46},{"not_picked":["Guardian:Gem_Lightblue","Guardian:WalkerClaw"],"picked":"Guardian:BodySlam+1","floor":49},{"not_picked":["Guardian:Gem_Lightblue","Guardian:Emergency+1","Guardian:Gem_Cyan"],"picked":"SKIP","floor":52}],"player_experience":33097,"relics_obtained":[{"floor":10.0,"key":"Happy Flower"},{"floor":11.0,"key":"Toxic Egg 2"},{"floor":13.0,"key":"Lantern"},{"floor":17.0,"key":"Bag of Preparation"},{"floor":17.0,"key":"Shuriken"},{"floor":17.0,"key":"WingedGreaves"},{"floor":23.0,"key":"Anchor"},{"floor":24.0,"key":"InkBottle"},{"floor":29.0,"key":"downfall:GremlinSack"},{"floor":31.0,"key":"Guardian:PickAxe"},{"floor":41,"key":"Bag of Marbles"},{"floor":45,"key":"FossilizedHelix"},{"floor":52,"key":"PreservedInsect"}],"event_choices":[{"cards_removed":["Guardian:Repulse"],"damage_healed":6.0,"max_hp_gain":0.0,"max_hp_loss":0.0,"gold_gain":0.0,"event_name":"Bonfire Elementals","player_choice":"Offered Uncommon","floor":3.0,"gold_loss":0.0,"damage_taken":0.0},{"damage_healed":0,"gold_gain":0,"player_choice":"Fight","damage_taken":0,"max_hp_gain":0,"max_hp_loss":0,"event_name":"Mysterious Sphere","floor":45,"gold_loss":0}],"is_beta":false,"boss_relics":[{"not_picked":["Guardian:StasisSlotReductionRelic","Black Star"],"picked":"Calling Bell"},{"not_picked":["Snecko Eye","bronze:MakeshiftBattery"],"picked":"SacredBark"}],"items_purged_floors":[43],"is_endless":false,"potions_floor_spawned":[2,9,12,13,15,19,23,26,29,33,36,46,52],"killed_by":"downfall:NeowBossFinal","ascension_level":0}}