{"host":"wha9hktbkslqvblg","time":1611299467,"event":{"mods":["BaseMod","Colored Map","Minty Spire (QoL Compilation)","Relic Stats","SuperFastMode","everything is the same but u backflip on backflip"],"gold_per_floor":[116,128,128,128,128,163,179,179,179,179,104,134,34,61,61,132,132,148,23,23,37,54,54,80,80,131,158,174,200,216,228,228,302,302,318,318,336,261,276,305,134,134,161,173,189,189,216,231,231,231,231,231,231,23,57,57],"floor_reached":57,"language":"KOR","playtime":1089,"items_purged":["Strike_R","Strike_R","Strike_R","Bash+1"],"score":3580,"play_id":"f3f7b88d-f04a-4be0-8850-d50cfb55093e","local_time":"20210122161107","is_ascension_mode":true,"campfire_choices":[{"data":"Body Slam","floor":8.0,"key":"SMITH"},{"data":"Entrench","floor":10.0,"key":"SMITH"},{"data":"Impervious","floor":15,"key":"SMITH"},{"data":"Burning Pact","floor":23,"key":"SMITH"},{"floor":25,"key":"RECALL"},{"data":"Entrench","floor":32,"key":"SMITH"},{"data":"Shockwave","floor":42,"key":"SMITH"},{"data":"Defend_R","floor":46,"key":"SMITH"},{"data":"Disarm","floor":49,"key":"SMITH"},{"floor":53,"key":"REST"}],"circlet_count":0,"master_deck":["AscendersBane","Defend_R+1","Defend_R+1","Body Slam+1","Impervious+1","Entrench+1","Burning Pact+1","Entrench+1","Disarm+1","Shockwave+1","Dark Embrace+1","Shrug It Off+1"],"relics":["Burning Blood","NeowsBlessing","Calipers","StrikeDummy","Singing Bowl","Bag of Preparation","Strawberry","Busted Crown","War Paint","PreservedInsect","Bag of Marbles","Lizard Tail","SlaversCollar","Toxic Egg 2","TheAbacus","Blood Vial","Eternal Feather"],"acts_visited":["Exordium","TheCity","TheBeyond","TheEnding"],"potions_floor_usage":[14,51,56],"damage_taken":[{"damage":0.0,"enemies":"Small Slimes","floor":1.0,"turns":1.0},{"damage":0.0,"enemies":"Jaw Worm","floor":2.0,"turns":1.0},{"damage":0.0,"enemies":"Gremlin Nob","floor":6.0,"turns":1.0},{"damage":9.0,"enemies":"2 Louse","floor":7.0,"turns":2.0},{"damage":30.0,"enemies":"3 Sentries","floor":12.0,"turns":11.0},{"damage":27,"enemies":"Gremlin Nob","floor":14,"turns":4},{"damage":0,"enemies":"The Guardian","floor":16,"turns":3},{"damage":0,"enemies":"3 Byrds","floor":18,"turns":4},{"damage":0,"enemies":"Chosen","floor":21,"turns":2},{"damage":0,"enemies":"Snecko","floor":22,"turns":3},{"damage":0,"enemies":"Gremlin Leader","floor":24,"turns":4},{"damage":0,"enemies":"Slavers","floor":27,"turns":4},{"damage":0,"enemies":"Centurion and Healer","floor":28,"turns":3},{"damage":0,"enemies":"Gremlin Leader","floor":29,"turns":2},{"damage":0,"enemies":"3 Cultists","floor":30,"turns":3},{"damage":0,"enemies":"Snake Plant","floor":31,"turns":1},{"damage":0,"enemies":"Automaton","floor":33,"turns":2},{"damage":0,"enemies":"3 Shapes","floor":35,"turns":5},{"damage":0,"enemies":"3 Darklings","floor":37,"turns":2},{"damage":2,"enemies":"4 Shapes","floor":39,"turns":9},{"damage":0,"enemies":"Reptomancer","floor":40,"turns":2},{"damage":0,"enemies":"Transient","floor":44,"turns":3},{"damage":0,"enemies":"3 Darklings","floor":45,"turns":4},{"damage":0,"enemies":"Giant Head","floor":47,"turns":3},{"damage":0,"enemies":"Jaw Worm Horde","floor":48,"turns":3},{"damage":0,"enemies":"Donu and Deca","floor":50,"turns":4},{"damage":0,"enemies":"Time Eater","floor":51,"turns":2},{"damage":0,"enemies":"Shield and Spear","floor":55,"turns":3},{"damage":0,"enemies":"The Heart","floor":56,"turns":7}],"seed_played":"5578628268451033887","potions_obtained":[{"floor":1.0,"key":"SkillPotion"},{"floor":7.0,"key":"Dexterity Potion"},{"floor":12.0,"key":"AttackPotion"},{"floor":27,"key":"Dexterity Potion"},{"floor":28,"key":"DuplicationPotion"}],"is_trial":false,"path_per_floor":["M","M","?","?","?","E","M","R","T","R","$","E","$","E","R","B",null,"M","$","?","M","M","R","E","R","T","E","M","E","M","M","R","B",null,"M","?","M","?","M","E","$","R","T","M","M","R","E","M","R","B","B",null,"R","$","E","B",null],"character_chosen":"IRONCLAD","items_purchased":["TheAbacus","Shrug It Off+1"],"campfire_rested":1,"item_purchase_floors":[41,54],"current_hp_per_floor":[74,75,52,57,57,63,60,60,60,60,60,36,36,24,24,32,76,84,84,84,92,97,97,99,99,99,101,103,105,107,109,109,111,111,113,113,115,115,117,119,119,119,119,121,121,121,123,125,125,125,125,125,125,125,127,127],"gold":57,"neow_bonus":"THREE_ENEMY_KILL","is_daily":false,"chose_seed":false,"campfire_upgraded":8,"win_rate":0.0,"timestamp":1611299467,"path_taken":["M","M","?","?","?","E","M","R","T","R","$","E","$","E","R","BOSS","M","$","?","M","M","R","E","R","T","E","M","E","M","M","R","BOSS","M","?","M","?","?","E","$","R","T","M","M","R","E","M","R","BOSS","BOSS","R","$","E","BOSS"],"items_purchased_type":["Relic","Card"],"build_version":"2020-12-22","purchased_purges":4,"victory":true,"max_hp_per_floor":[75,75,75,80,80,80,80,80,80,80,80,80,80,89,89,91,91,93,93,93,95,97,97,99,99,99,101,103,105,107,109,109,111,111,113,113,115,115,117,119,119,119,119,121,121,121,123,125,125,125,125,125,125,125,127,127],"relic_stats":{"Blood Vial":0,"Lizard Tail":0,"Busted Crown":38,"TheAbacus":[192],"Singing Bowl":40,"counters":[29,98],"Eternal Feather":0,"PreservedInsect":353,"Bag of Preparation":[48],"War Paint":["Havoc","Defend_R"],"obtain_stats":[{"Calipers":5,"NeowsBlessing":0,"Singing Bowl":9,"Eternal Feather":55,"PreservedInsect":26,"Bag of Preparation":12,"War Paint":24,"Burning Blood":0,"Blood Vial":47,"SlaversCollar":34,"Lizard Tail":29,"Busted Crown":17,"TheAbacus":41,"Strawberry":14,"Bag of Marbles":27,"Toxic Egg 2":40,"StrikeDummy":6},{"Calipers":2,"NeowsBlessing":0,"Singing Bowl":4,"Eternal Feather":28,"PreservedInsect":11,"Bag of Preparation":5,"War Paint":11,"Burning Blood":0,"Blood Vial":24,"SlaversCollar":17,"Lizard Tail":14,"Busted Crown":7,"TheAbacus":21,"Strawberry":6,"Bag of Marbles":12,"Toxic Egg 2":21,"StrikeDummy":3},{"Calipers":2,"NeowsBlessing":0,"Singing Bowl":5,"Eternal Feather":91,"PreservedInsect":36,"Bag of Preparation":16,"War Paint":36,"Burning Blood":0,"Blood Vial":79,"SlaversCollar":51,"Lizard Tail":45,"Busted Crown":23,"TheAbacus":69,"Strawberry":20,"Bag of Marbles":40,"Toxic Egg 2":69,"StrikeDummy":3}],"Burning Blood":54},"card_choices":[{"not_picked":["Clothesline","Flex"],"picked":"Body Slam","floor":1.0},{"not_picked":["Cleave","Wild Strike"],"picked":"Impervious","floor":2.0},{"not_picked":["True Grit","Clothesline","Wild Strike"],"picked":"SKIP","floor":6.0},{"not_picked":["Pommel Strike","Searing Blow"],"picked":"Entrench","floor":7.0},{"not_picked":["Second Wind","Rupture"],"picked":"Burning Pact","floor":12.0},{"not_picked":["Rage","Anger","Perfected Strike"],"picked":"Singing Bowl","floor":14},{"not_picked":["Juggernaut","Double Tap","Barricade"],"picked":"Singing Bowl","floor":16},{"not_picked":["True Grit"],"picked":"Singing Bowl","floor":18},{"not_picked":["Dropkick"],"picked":"Singing Bowl","floor":21},{"not_picked":["Wild Strike"],"picked":"Singing Bowl","floor":22},{"not_picked":["Thunderclap"],"picked":"Singing Bowl","floor":24},{"not_picked":["Corruption"],"picked":"Singing Bowl","floor":27},{"not_picked":["Iron Wave"],"picked":"Singing Bowl","floor":28},{"not_picked":["Inflame"],"picked":"Singing Bowl","floor":29},{"not_picked":["Fire Breathing"],"picked":"Singing Bowl","floor":30},{"not_picked":["Clothesline"],"picked":"Singing Bowl","floor":31},{"not_picked":["Corruption"],"picked":"Singing Bowl","floor":33},{"not_picked":["Body Slam"],"picked":"Singing Bowl","floor":35},{"not_picked":["Havoc"],"picked":"Singing Bowl","floor":37},{"not_picked":["Inflame"],"picked":"Singing Bowl","floor":39},{"not_picked":["Metallicize"],"picked":"Singing Bowl","floor":40},{"not_picked":["Pommel Strike"],"picked":"Singing Bowl","floor":44},{"not_picked":[],"picked":"Dark Embrace+1","floor":45},{"not_picked":["Havoc+1"],"picked":"Singing Bowl","floor":47},{"not_picked":["Disarm+1"],"picked":"Singing Bowl","floor":48},{"not_picked":["Heavy Blade"],"picked":"Singing Bowl","floor":55}],"player_experience":986264,"relics_obtained":[{"floor":6.0,"key":"StrikeDummy"},{"floor":9.0,"key":"Singing Bowl"},{"floor":12.0,"key":"Bag of Preparation"},{"floor":14,"key":"Strawberry"},{"floor":24,"key":"War Paint"},{"floor":26,"key":"PreservedInsect"},{"floor":27,"key":"Bag of Marbles"},{"floor":29,"key":"Lizard Tail"},{"floor":40,"key":"Toxic Egg 2"},{"floor":47,"key":"Blood Vial"},{"floor":55,"key":"Eternal Feather"}],"event_choices":[{"damage_healed":0.0,"max_hp_gain":0.0,"max_hp_loss":0.0,"gold_gain":0.0,"event_name":"Shining Light","player_choice":"Entered Light","floor":3.0,"gold_loss":0.0,"damage_taken":23.0,"cards_upgraded":["Bash","Defend_R"]},{"damage_healed":0.0,"max_hp_gain":5.0,"max_hp_loss":0.0,"gold_gain":0.0,"event_name":"Big Fish","player_choice":"Donut","floor":4.0,"gold_loss":0.0,"damage_taken":0.0},{"damage_healed":0.0,"max_hp_gain":0.0,"max_hp_loss":0.0,"gold_gain":0.0,"event_name":"WeMeetAgain","player_choice":"Gave Potion","floor":5.0,"gold_loss":0.0,"damage_taken":0.0,"relics_obtained":["Calipers"]},{"damage_healed":0,"gold_gain":0,"cards_transformed":["Strike_R","Strike_R"],"player_choice":"Became Test Subject","damage_taken":0,"max_hp_gain":0,"max_hp_loss":0,"event_name":"Drug Dealer","floor":20,"gold_loss":0,"cards_obtained":["Havoc","Entrench"]},{"cards_removed":["Defend_R"],"damage_healed":0,"gold_gain":0,"player_choice":"Removed Skill","damage_taken":0,"max_hp_gain":0,"max_hp_loss":0,"event_name":"Falling","floor":36,"gold_loss":0},{"damage_healed":0,"gold_gain":0,"cards_transformed":["Defend_R","Havoc"],"player_choice":"Transformed Cards","damage_taken":0,"max_hp_gain":0,"max_hp_loss":0,"event_name":"Designer","floor":38,"gold_loss":75,"cards_obtained":["Disarm","Shockwave"]}],"is_beta":false,"boss_relics":[{"not_picked":["SacredBark","Coffee Dripper"],"picked":"Busted Crown"},{"not_picked":["Black Blood","Velvet Choker"],"picked":"SlaversCollar"}],"items_purged_floors":[11,13,19,54],"is_endless":false,"potions_floor_spawned":[1,7,12,27,28,29,30,33,40,45,47],"ascension_level":20}}