{"host":"y76clbnovzmw9ubx","time":1611273810,"event":{"mods":["AchievementEnabler","BaseMod","Minty Spire (QoL Compilation)","Permanent Neow","Relic Stats"],"gold_per_floor":[113,130,130,40,40,69,69,99,181,199,209,242,260,272,272,349,349,366,366,366,381,28,63,63,90,117,117,135,85,97,44,44,118,118,133,149,166,183,14,14,14,14],"floor_reached":41,"language":"ENG","playtime":3783,"items_purged":["Strike_G"],"score":956,"play_id":"9d0d1d18-cbc9-444b-9a28-7a255d89842a","local_time":"20210121190329","is_ascension_mode":true,"campfire_choices":[{"data":"Catalyst","floor":7,"key":"SMITH"},{"floor":15,"key":"REST"},{"floor":24,"key":"REST"},{"floor":27,"key":"REST"},{"floor":32,"key":"REST"},{"floor":40,"key":"REST"}],"circlet_count":0,"master_deck":["AscendersBane","Strike_G","Strike_G","Strike_G","Strike_G","Defend_G","Defend_G+1","Defend_G","Defend_G","Defend_G+1","Survivor","Neutralize","Flash of Steel","Poisoned Stab","Noxious Fumes+1","Catalyst+1","Adrenaline","Masterful Stab","Calculated Gamble","Leg Sweep","Corpse Explosion","Night Terror","CurseOfTheBell","Dodge and Roll","RitualDagger","Caltrops","Backflip+1","Footwork","PiercingWail+1","Adrenaline+1","Backflip+1","Deflect+1"],"relics":["Ring of the Snake","NlothsMask","War Paint","Letter Opener","Girya","Calling Bell","Boot","Singing Bowl","Incense Burner","Toxic Egg 2","Tiny Chest","Akabeko","Bag of Marbles","Cursed Key","Snake Skull"],"acts_visited":["Exordium","TheCity","TheBeyond"],"potions_floor_usage":[11,12,16,23,23,33,33,38,38],"damage_taken":[{"damage":0.0,"enemies":"2 Louse","floor":1.0,"turns":3.0},{"damage":0.0,"enemies":"Cultist","floor":2.0,"turns":3.0},{"damage":24,"enemies":"Lagavulin","floor":6,"turns":7},{"damage":16,"enemies":"3 Sentries","floor":8,"turns":6},{"damage":2,"enemies":"Jaw Worm","floor":10,"turns":5},{"damage":2,"enemies":"Red Slaver","floor":11,"turns":4},{"damage":3,"enemies":"Gremlin Nob","floor":12,"turns":3},{"damage":1,"enemies":"2 Fungi Beasts","floor":13,"turns":3},{"damage":0,"enemies":"3 Louse","floor":14,"turns":2},{"damage":14,"enemies":"Slime Boss","floor":16,"turns":10},{"damage":10,"enemies":"Chosen","floor":18,"turns":5},{"damage":0,"enemies":"3 Byrds","floor":21,"turns":2},{"damage":1,"enemies":"Gremlin Leader","floor":23,"turns":6},{"damage":35,"enemies":"Slavers","floor":25,"turns":3},{"damage":25,"enemies":"Centurion and Healer","floor":28,"turns":6},{"damage":0,"enemies":"3 Cultists","floor":30,"turns":4},{"damage":24,"enemies":"Champ","floor":33,"turns":10},{"damage":24,"enemies":"Orb Walker","floor":35,"turns":4},{"damage":0,"enemies":"3 Shapes","floor":36,"turns":2},{"damage":3,"enemies":"Maw","floor":37,"turns":9},{"damage":20,"enemies":"Writhing Mass","floor":38,"turns":6},{"damage":43,"enemies":"Giant Head","floor":41,"turns":7}],"seed_played":"454866553871429739","potions_obtained":[{"floor":1.0,"key":"SmokeBomb"},{"floor":8,"key":"BlessingOfTheForge"},{"floor":11,"key":"Fire Potion"},{"floor":12,"key":"LiquidMemories"},{"floor":14,"key":"Explosive Potion"},{"floor":21,"key":"CunningPotion"},{"floor":28,"key":"SkillPotion"},{"floor":33,"key":"LiquidMemories"},{"floor":36,"key":"Block Potion"}],"is_trial":false,"path_per_floor":["M","M","?","$","?","E","R","E","T","M","M","E","M","M","R","B",null,"M","?","?","M","$","E","R","E","T","R","M","?","M","$","R","B",null,"M","M","M","M","$","R","E"],"character_chosen":"THE_SILENT","items_purchased":["Noxious Fumes","Toxic Egg 2","PowerPotion","Snake Skull"],"campfire_rested":5,"item_purchase_floors":[4,22,31,39],"current_hp_per_floor":[59,59,59,59,59,35,35,19,19,17,15,12,11,11,30,16,54,44,44,38,38,38,37,56,21,21,40,15,15,17,17,37,13,54,30,32,31,11,11,32,0,0],"gold":14,"neow_bonus":"RANDOM_COLORLESS","is_daily":false,"chose_seed":false,"campfire_upgraded":1,"win_rate":0.0,"timestamp":1611273809,"path_taken":["M","M","?","?","?","E","R","E","T","M","?","E","M","M","R","BOSS","M","?","?","M","$","E","R","E","T","R","M","?","M","$","R","BOSS","M","M","M","M","?","R","E"],"items_purchased_type":["Card","Relic","Potion","Relic"],"build_version":"2020-12-22","purchased_purges":1,"victory":false,"max_hp_per_floor":[66,66,66,66,66,66,66,66,66,66,66,66,66,66,66,66,66,66,66,66,66,66,66,66,66,66,66,66,66,68,68,68,68,68,68,70,72,72,72,72,72,72],"relic_stats":{"Singing Bowl":6,"counters":[22,110],"Tiny Chest":0,"Snake Skull":[11],"Letter Opener":[155],"War Paint":["Defend_G","Defend_G"],"Boot":[81],"Cursed Key":0,"obtain_stats":[{"Girya":12,"Singing Bowl":17,"Snake Skull":39,"Incense Burner":17,"Letter Opener":8,"War Paint":6,"Boot":17,"Cursed Key":34,"Akabeko":25,"Calling Bell":17,"Tiny Chest":23,"Bag of Marbles":26,"Toxic Egg 2":22,"Ring of the Snake":0,"NlothsMask":3},{"Girya":7,"Singing Bowl":10,"Snake Skull":21,"Incense Burner":10,"Letter Opener":4,"War Paint":3,"Boot":10,"Cursed Key":17,"Akabeko":14,"Calling Bell":10,"Tiny Chest":13,"Bag of Marbles":14,"Toxic Egg 2":12,"Ring of the Snake":0,"NlothsMask":2},{"Girya":31,"Singing Bowl":46,"Snake Skull":103,"Incense Burner":46,"Letter Opener":19,"War Paint":13,"Boot":46,"Cursed Key":82,"Akabeko":62,"Calling Bell":46,"Tiny Chest":59,"Bag of Marbles":62,"Toxic Egg 2":53,"Ring of the Snake":0,"NlothsMask":6}],"Ring of the Snake":[44]},"card_choices":[{"not_picked":["Dramatic Entrance","Purity"],"picked":"Flash of Steel","floor":0.0},{"not_picked":["Crippling Poison","Underhanded Strike"],"picked":"Poisoned Stab","floor":1.0},{"not_picked":["Choke","Sucker Punch","Prepared"],"picked":"SKIP","floor":2},{"not_picked":["Skewer","PiercingWail"],"picked":"Catalyst","floor":6},{"not_picked":["Underhanded Strike","Bane","Flying Knee"],"picked":"SKIP","floor":8},{"not_picked":["Flying Knee","Heel Hook"],"picked":"Adrenaline","floor":10},{"not_picked":["Cloak And Dagger","Bane"],"picked":"Masterful Stab","floor":11},{"not_picked":["Sucker Punch","Bane"],"picked":"Calculated Gamble","floor":12},{"not_picked":["Slice","Poisoned Stab"],"picked":"Leg Sweep","floor":13},{"not_picked":["Bane","Footwork"],"picked":"Corpse Explosion","floor":14},{"not_picked":["Adrenaline","Tools of the Trade"],"picked":"Night Terror","floor":16},{"not_picked":["PiercingWail","Prepared"],"picked":"Dodge and Roll","floor":18},{"not_picked":["Deadly Poison+1","Acrobatics"],"picked":"Caltrops","floor":21},{"not_picked":["Underhanded Strike","Leg Sweep+1"],"picked":"Backflip+1","floor":23},{"not_picked":["Escape Plan+1","Dagger Throw"],"picked":"Footwork","floor":25},{"not_picked":["Distraction+1","Reflex+1"],"picked":"PiercingWail+1","floor":28},{"not_picked":["Choke","Sucker Punch","PiercingWail+1"],"picked":"Singing Bowl","floor":30},{"not_picked":["Burst+1","Unload"],"picked":"Adrenaline+1","floor":33},{"not_picked":["Blade Dance+1","Sucker Punch"],"picked":"Backflip+1","floor":35},{"not_picked":["Heel Hook+1","Calculated Gamble+1","Setup+1"],"picked":"Singing Bowl","floor":36},{"not_picked":["Outmaneuver+1","Dagger Throw","Flechettes"],"picked":"Singing Bowl","floor":37},{"not_picked":["Quick Slash","PiercingWail+1"],"picked":"Deflect+1","floor":38}],"player_experience":3092903,"relics_obtained":[{"floor":6,"key":"War Paint"},{"floor":8,"key":"Letter Opener"},{"floor":12,"key":"Girya"},{"floor":17,"key":"Boot"},{"floor":17,"key":"Singing Bowl"},{"floor":17,"key":"Incense Burner"},{"floor":23,"key":"Tiny Chest"},{"floor":25,"key":"Akabeko"},{"floor":26,"key":"Bag of Marbles"}],"event_choices":[{"damage_healed":0,"gold_gain":0,"player_choice":"Trade","damage_taken":0,"relics_obtained":["NlothsMask"],"max_hp_gain":0,"max_hp_loss":0,"event_name":"FaceTrader","floor":3,"gold_loss":0},{"damage_healed":0,"gold_gain":0,"player_choice":"Upgraded","damage_taken":0,"max_hp_gain":0,"max_hp_loss":0,"event_name":"Upgrade Shrine","floor":5,"gold_loss":0,"cards_upgraded":["Noxious Fumes"]},{"damage_healed":0,"gold_gain":0,"player_choice":"Ignored","damage_taken":0,"max_hp_gain":0,"max_hp_loss":0,"event_name":"The Mausoleum","floor":19,"gold_loss":0},{"damage_healed":0,"gold_gain":0,"player_choice":"Joined the Cult","damage_taken":6,"max_hp_gain":0,"max_hp_loss":0,"event_name":"Nest","floor":20,"gold_loss":0,"cards_obtained":["RitualDagger"]},{"damage_healed":0,"gold_gain":0,"player_choice":"Bet on Murderer","damage_taken":0,"max_hp_gain":0,"max_hp_loss":0,"event_name":"The Joust","floor":29,"gold_loss":50}],"is_beta":false,"boss_relics":[{"not_picked":["Coffee Dripper","WristBlade"],"picked":"Calling Bell"},{"not_picked":["Velvet Choker","HoveringKite"],"picked":"Cursed Key"}],"items_purged_floors":[22],"is_endless":false,"potions_floor_spawned":[1,8,11,12,14,21,28,33,36],"killed_by":"Giant Head","ascension_level":20}}