{"host":"6rz02yiipefhcw4r","time":1611348601,"event":{"mods":["2.2 Compatiblity","BaseMod","Block Reminder","Colored Map","DeckTracker","Googly Eyes","Minty Spire (QoL Compilation)","Quick Restart","Rare Cards Sparkle","StSLib"],"gold_per_floor":[368,89,89,107,126,156,168,34,86,86,86,118,193,206,206,285,285,299,312,126,139,154,154,179,179,179,179,104,104,131,63,63,63,63],"floor_reached":33,"language":"ENG","playtime":1232,"items_purged":["Defend_R","Strike_R"],"score":582,"play_id":"b516e7dc-366b-465c-be3a-7f4d4e9ac8d3","local_time":"20210122185001","is_ascension_mode":true,"campfire_choices":[{"floor":10,"key":"REST"},{"data":"Disarm","floor":15,"key":"SMITH"},{"data":"Whirlwind","floor":23,"key":"SMITH"},{"floor":27,"key":"REST"},{"data":"Metallicize","floor":29,"key":"SMITH"},{"data":"Heavy Blade","floor":32,"key":"SMITH"}],"circlet_count":0,"master_deck":["AscendersBane","Strike_R","Strike_R","Strike_R","Defend_R","Defend_R","Defend_R","Bash","Shrug It Off","Metallicize+1","Spot Weakness","Cleave","Flame Barrier+1","Whirlwind+1","Shrug It Off","Disarm+1","Impervious","Shrug It Off","Heavy Blade+1","Exhume","Battle Trance","Panacea"],"relics":["Burning Blood","Membership Card","MawBank","Chemical X","Omamori","Bottled Lightning","PreservedInsect","Cursed Key","Self Forming Clay","Anchor","Dead Branch","Bottled Flame"],"acts_visited":["Exordium","TheCity"],"potions_floor_usage":[6,12,22,24],"damage_taken":[{"damage":4.0,"enemies":"2 Louse","floor":1.0,"turns":3.0},{"damage":1.0,"enemies":"Jaw Worm","floor":4.0,"turns":6.0},{"damage":10.0,"enemies":"Small Slimes","floor":5.0,"turns":4.0},{"damage":29,"enemies":"Gremlin Nob","floor":6,"turns":4},{"damage":21,"enemies":"Lagavulin","floor":12,"turns":8},{"damage":0,"enemies":"Blue Slaver","floor":14,"turns":5},{"damage":16,"enemies":"Hexaghost","floor":16,"turns":10},{"damage":11,"enemies":"2 Thieves","floor":18,"turns":3},{"damage":7,"enemies":"Shell Parasite","floor":19,"turns":6},{"damage":13,"enemies":"Shelled Parasite and Fungi","floor":21,"turns":6},{"damage":9,"enemies":"3 Cultists","floor":22,"turns":4},{"damage":27,"enemies":"Slavers","floor":24,"turns":4},{"damage":2,"enemies":"Book of Stabbing","floor":30,"turns":6},{"damage":73,"enemies":"Collector","floor":33,"turns":6}],"seed_played":"3228052679454188460","potions_obtained":[{"floor":1.0,"key":"SteroidPotion"},{"floor":5.0,"key":"EssenceOfSteel"},{"floor":12,"key":"Energy Potion"},{"floor":19,"key":"PowerPotion"},{"floor":24,"key":"GamblersBrew"}],"is_trial":false,"path_per_floor":["M","$","?","M","M","E","?","$","T","R","T","E","?","M","R","B",null,"M","M","$","M","M","R","E","?","T","R","?","R","E","$","R","B"],"character_chosen":"IRONCLAD","items_purchased":["Membership Card","Metallicize","PowerPotion","Chemical X","Whirlwind","Shrug It Off","Self Forming Clay","Battle Trance","Panacea"],"campfire_rested":2,"item_purchase_floors":[2,2,2,8,8,8,20,31,31],"current_hp_per_floor":[52,52,52,57,53,30,30,30,30,52,52,37,26,32,32,22,62,57,56,56,49,46,46,25,25,25,47,47,47,51,51,51,0,0],"gold":63,"neow_bonus":"TWO_FIFTY_GOLD","is_daily":false,"chose_seed":false,"campfire_upgraded":4,"win_rate":0.0,"timestamp":1611348601,"path_taken":["M","$","?","M","M","E","?","$","T","R","?","E","?","M","R","BOSS","M","M","$","M","M","R","E","?","T","R","?","R","E","$","R","BOSS"],"items_purchased_type":["Relic","Card","Potion","Relic","Card","Card","Relic","Card","Card"],"build_version":"2020-12-22","purchased_purges":2,"victory":false,"max_hp_per_floor":[75,75,75,75,75,75,75,75,75,75,75,75,75,75,75,75,75,75,75,75,75,75,75,75,75,75,75,75,75,75,75,75,75,75],"card_choices":[{"not_picked":["Wild Strike","Pommel Strike"],"picked":"Shrug It Off","floor":1.0},{"not_picked":["Ghostly Armor","Shockwave"],"picked":"Spot Weakness","floor":4.0},{"not_picked":["Anger","Feel No Pain"],"picked":"Cleave","floor":5.0},{"not_picked":["Armaments","Shrug It Off"],"picked":"Flame Barrier","floor":6},{"not_picked":["Hemokinesis","Perfected Strike","Double Tap"],"picked":"SKIP","floor":12},{"not_picked":["Shockwave","Thunderclap"],"picked":"Disarm","floor":14},{"not_picked":["Berserk","Corruption"],"picked":"Impervious","floor":16},{"not_picked":["Thunderclap","Flex+1"],"picked":"Shrug It Off","floor":18},{"not_picked":["Iron Wave","Searing Blow","Combust+1"],"picked":"SKIP","floor":19},{"not_picked":["Thunderclap+1","Havoc+1"],"picked":"Heavy Blade","floor":21},{"not_picked":["Sever Soul","Evolve","Perfected Strike"],"picked":"SKIP","floor":22},{"not_picked":["Evolve","Barricade","Anger"],"picked":"SKIP","floor":24},{"not_picked":["Warcry","Perfected Strike"],"picked":"Exhume","floor":30}],"player_experience":720545,"relics_obtained":[{"floor":6,"key":"MawBank"},{"floor":9,"key":"Omamori"},{"floor":11,"key":"Bottled Lightning"},{"floor":12,"key":"PreservedInsect"},{"floor":24,"key":"Anchor"},{"floor":26,"key":"Dead Branch"},{"floor":30,"key":"Bottled Flame"}],"event_choices":[{"damage_healed":0.0,"max_hp_gain":0.0,"max_hp_loss":0.0,"gold_gain":0.0,"event_name":"Liars Game","player_choice":"Ignored","floor":3.0,"gold_loss":0.0,"damage_taken":0.0},{"damage_healed":0,"gold_gain":0,"player_choice":"Grow","damage_taken":0,"max_hp_gain":0,"max_hp_loss":0,"event_name":"Living Wall","floor":7,"gold_loss":0,"cards_upgraded":["Flame Barrier"]},{"damage_healed":0,"gold_gain":75,"player_choice":"Gather Gold","damage_taken":11,"max_hp_gain":0,"max_hp_loss":0,"event_name":"World of Goop","floor":13,"gold_loss":0},{"damage_healed":0,"gold_gain":0,"player_choice":"Ignored","damage_taken":0,"max_hp_gain":0,"max_hp_loss":0,"event_name":"Vampires","floor":25,"gold_loss":0},{"cards_removed":["Strike_R"],"damage_healed":0,"gold_gain":0,"player_choice":"Gave Gold","damage_taken":0,"max_hp_gain":0,"max_hp_loss":0,"event_name":"Beggar","floor":28,"gold_loss":75}],"is_beta":false,"boss_relics":[{"not_picked":["Runic Dome","Snecko Eye"],"picked":"Cursed Key"}],"items_purged_floors":[2,20],"is_endless":false,"potions_floor_spawned":[1,5,12,19,24],"killed_by":"Collector","ascension_level":20}}