{"host":"d9m9v0h6vo0edadb","time":1611317183,"event":{"mods":["BaseMod","Hermit","Keyboard Shortcuts","Minty Spire (QoL Compilation)","StSLib","SuperFastMode","The Cursed"],"gold_per_floor":[11,30,30,45,70,70,103,26,50,68,68,68,93,93,93,184,184,199,149,173,1,19,19,58,72,72,72,72],"floor_reached":27,"language":"KOR","playtime":539,"items_purged":[],"score":520,"play_id":"80d171ec-5c2b-40a7-8981-7889c63e0b5c","local_time":"20210122210623","is_ascension_mode":true,"campfire_choices":[{"data":"Apotheosis","floor":6.0,"key":"SMITH"},{"floor":11.0,"key":"REST"},{"data":"Tactician","floor":15.0,"key":"SMITH"},{"data":"Well Laid Plans","floor":23.0,"key":"SMITH"}],"circlet_count":0,"master_deck":["AscendersBane","Strike_G","Strike_G","Strike_G","Strike_G","Strike_G","Defend_G","Defend_G","Defend_G","Defend_G","Defend_G","Survivor","Neutralize","Apotheosis+1","Acrobatics","Blade Dance","Tactician+1","Acrobatics","Reflex","Calculated Gamble","Dagger Throw","Grand Finale","PiercingWail","Well Laid Plans+1"],"relics":["Ring of the Serpent","Golden Idol","Anchor","Pen Nib","Strawberry","Membership Card","Eternal Feather","StrikeDummy"],"acts_visited":["Exordium","TheCity"],"potions_floor_usage":[27],"damage_taken":[{"damage":0.0,"enemies":"Jaw Worm","floor":1.0,"turns":4.0},{"damage":15.0,"enemies":"2 Louse","floor":2.0,"turns":4.0},{"damage":3.0,"enemies":"Cultist","floor":4.0,"turns":4.0},{"damage":0.0,"enemies":"2 Fungi Beasts","floor":5.0,"turns":5.0},{"damage":12.0,"enemies":"Gremlin Nob","floor":7.0,"turns":4.0},{"damage":2.0,"enemies":"Lots of Slimes","floor":10.0,"turns":5.0},{"damage":0.0,"enemies":"Large Slime","floor":13.0,"turns":4.0},{"damage":1.0,"enemies":"The Guardian","floor":16.0,"turns":13.0},{"damage":0.0,"enemies":"2 Thieves","floor":18.0,"turns":2.0},{"damage":8.0,"enemies":"Spheric Guardian","floor":20.0,"turns":4.0},{"damage":0.0,"enemies":"Chosen and Byrds","floor":22.0,"turns":5.0},{"damage":10.0,"enemies":"Book of Stabbing","floor":24.0,"turns":3.0},{"damage":24.0,"enemies":"Snake Plant","floor":25.0,"turns":3.0},{"damage":22,"enemies":"Slavers","floor":27,"turns":5}],"seed_played":"8406139588346615407","potions_obtained":[{"floor":5.0,"key":"GhostInAJar"},{"floor":7.0,"key":"SpeedPotion"},{"floor":16.0,"key":"SneckoOil"},{"floor":18.0,"key":"PowerPotion"},{"floor":25.0,"key":"CunningPotion"}],"is_trial":false,"path_per_floor":["M","M","?","M","M","R","E","$","T","M","R","$","M","?","R","B",null,"M","?","M","$","M","R","E","M","T","E"],"character_chosen":"THE_SILENT","items_purchased":["Reflex","Membership Card"],"campfire_rested":1,"item_purchase_floors":[8,21],"current_hp_per_floor":[59,44,44,41,41,41,29,29,29,27,45,45,45,47,47,46,62,62,62,54,54,54,54,44,20,20,0,0],"gold":72,"neow_bonus":"RANDOM_COLORLESS_2","is_daily":false,"chose_seed":false,"campfire_upgraded":3,"win_rate":0.0,"timestamp":1611317183,"path_taken":["M","M","?","M","M","R","E","$","T","M","R","$","M","?","R","BOSS","M","?","?","$","M","R","E","M","T","E"],"items_purchased_type":["Card","Relic"],"build_version":"2020-12-22","purchased_purges":0,"victory":false,"max_hp_per_floor":[66,66,60,60,60,60,60,60,60,60,60,60,60,67,67,67,67,67,67,67,67,67,67,67,67,67,67,67],"card_choices":[{"not_picked":["Secret Weapon","Violence"],"picked":"Apotheosis","floor":0.0},{"not_picked":["Choke","Quick Slash"],"picked":"Acrobatics","floor":1.0},{"not_picked":["Choke","Catalyst"],"picked":"Blade Dance","floor":2.0},{"not_picked":["Backflip","Dodge and Roll"],"picked":"Tactician","floor":4.0},{"not_picked":["Expertise","Bane","Sucker Punch"],"picked":"SKIP","floor":5.0},{"not_picked":["Predator","Poisoned Stab"],"picked":"Acrobatics","floor":7.0},{"not_picked":["Bouncing Flask","Poisoned Stab"],"picked":"Calculated Gamble","floor":10.0},{"not_picked":["Cloak And Dagger","Calculated Gamble"],"picked":"Dagger Throw","floor":13.0},{"not_picked":["Burst","Corpse Explosion"],"picked":"Grand Finale","floor":16.0},{"not_picked":["Poisoned Stab+1","Deflect"],"picked":"PiercingWail","floor":18.0},{"not_picked":["Deadly Poison","Acrobatics","Deflect"],"picked":"SKIP","floor":20.0},{"not_picked":["Bane","Dagger Throw"],"picked":"Well Laid Plans","floor":22.0},{"not_picked":["PiercingWail","Underhanded Strike","Cloak And Dagger"],"picked":"SKIP","floor":24.0},{"not_picked":["Acrobatics","Footwork","Dagger Throw"],"picked":"SKIP","floor":25.0}],"player_experience":985288,"relics_obtained":[{"floor":7.0,"key":"Anchor"},{"floor":9.0,"key":"Pen Nib"},{"floor":24.0,"key":"Eternal Feather"},{"floor":26.0,"key":"StrikeDummy"}],"event_choices":[{"damage_healed":0.0,"max_hp_gain":0.0,"max_hp_loss":6.0,"gold_gain":0.0,"event_name":"Golden Idol","player_choice":"Lose Max HP","floor":3.0,"gold_loss":0.0,"damage_taken":0.0,"relics_obtained":["Golden Idol"]},{"damage_healed":0.0,"max_hp_gain":0.0,"max_hp_loss":0.0,"gold_gain":0.0,"event_name":"Scrap Ooze","player_choice":"Success","floor":14.0,"gold_loss":0.0,"damage_taken":5.0,"relics_obtained":["Strawberry"]},{"damage_healed":0.0,"max_hp_gain":0.0,"max_hp_loss":0.0,"gold_gain":0.0,"event_name":"The Joust","player_choice":"Bet on Owner","floor":19.0,"gold_loss":50.0,"damage_taken":0.0}],"is_beta":false,"boss_relics":[{"not_picked":["Velvet Choker","Calling Bell"],"picked":"Ring of the Serpent"}],"items_purged_floors":[],"is_endless":false,"potions_floor_spawned":[5,7,16,18,25],"killed_by":"Slavers","ascension_level":20}}