{"host":"jmumkimrafwvkspb","time":1611339292,"event":{"mods":["AchievementEnabler","BaseMod","Colored Map","Minty Spire (QoL Compilation)","Replay The Spire","StSLib"],"gold_per_floor":[110,121,196,196,214,214,227,246,246,246,270,304,325,325,325],"floor_reached":14,"language":"ENG","playtime":333,"items_purged":[],"score":180,"play_id":"8ba5665f-3217-47d8-a3c1-db2019c9070c","local_time":"20210122191452","is_ascension_mode":true,"campfire_choices":[{"data":"Chaos","floor":6,"key":"SMITH"},{"data":"Barrage","floor":10,"key":"SMITH"}],"circlet_count":0,"master_deck":["AscendersBane","Strike_B","Strike_B","Strike_B","Strike_B","Defend_B","Defend_B","Defend_B","Defend_B","Zap","Dualcast","Sweeping Beam","Gash","Chaos+1","Barrage+1","ReplaySolidLightProjector","Fission","Crystallizer"],"relics":["Cracked Core","Centennial Puzzle","Symbiotic Virus","TungstenRod","Odd Mushroom"],"acts_visited":["Exordium"],"potions_floor_usage":[12,13],"damage_taken":[{"damage":0,"enemies":"2 Louse","floor":1,"turns":2},{"damage":7,"enemies":"Jaw Worm","floor":2,"turns":2},{"damage":12,"enemies":"Small Slimes","floor":5,"turns":2},{"damage":10,"enemies":"3 Louse","floor":7,"turns":4},{"damage":5,"enemies":"Exordium Wildlife","floor":8,"turns":3},{"damage":22,"enemies":"Lagavulin","floor":12,"turns":6},{"damage":0,"enemies":"The Mushroom Lair","floor":13,"turns":1},{"damage":5,"enemies":"Gremlin Nob","floor":14,"turns":2}],"seed_played":"-5615595869809173170","potions_obtained":[{"floor":2,"key":"BlessingOfTheForge"},{"floor":12,"key":"PowerPotion"}],"is_trial":false,"path_per_floor":["M","M","?","?","M","R","M","M","T","R","T","E","?","E"],"character_chosen":"DEFECT","items_purchased":[],"campfire_rested":0,"item_purchase_floors":[],"current_hp_per_floor":[64,57,46,51,39,39,29,24,24,24,24,2,2,0,0],"gold":325,"neow_bonus":"RANDOM_COMMON_RELIC","is_daily":false,"chose_seed":false,"campfire_upgraded":2,"win_rate":0.0,"timestamp":1611339292,"path_taken":["M","M","?","?","M","R","M","M","T","R","?","E","?","E"],"items_purchased_type":[],"build_version":"2020-12-22","purchased_purges":0,"victory":false,"max_hp_per_floor":[71,71,71,76,76,76,76,76,76,76,76,76,76,76,76],"card_choices":[{"not_picked":["ReplaySort","Compile Driver"],"picked":"Sweeping Beam","floor":1},{"not_picked":["Loop","Go for the Eyes"],"picked":"Gash","floor":2},{"not_picked":["Coolheaded","Compile Driver"],"picked":"Chaos","floor":5},{"not_picked":["Coolheaded","Stack"],"picked":"Barrage","floor":7},{"not_picked":["Coolheaded","Panic Button"],"picked":"ReplaySolidLightProjector","floor":8},{"not_picked":["Static Discharge","Aggregate"],"picked":"Fission","floor":12},{"not_picked":["Tempest","Leap"],"picked":"Crystallizer","floor":13}],"player_experience":1579035,"relics_obtained":[{"floor":9,"key":"Symbiotic Virus"},{"floor":12,"key":"TungstenRod"},{"floor":13,"key":"Odd Mushroom"}],"event_choices":[{"damage_healed":0,"gold_gain":75,"player_choice":"Gather Gold","damage_taken":11,"max_hp_gain":0,"max_hp_loss":0,"event_name":"World of Goop","floor":3,"gold_loss":0},{"damage_healed":0,"gold_gain":0,"player_choice":"Donut","damage_taken":0,"max_hp_gain":5,"max_hp_loss":0,"event_name":"Big Fish","floor":4,"gold_loss":0},{"damage_healed":0,"gold_gain":0,"player_choice":"Fought Mushrooms","damage_taken":0,"max_hp_gain":0,"max_hp_loss":0,"event_name":"Mushrooms","floor":13,"gold_loss":0}],"is_beta":false,"boss_relics":[],"items_purged_floors":[],"is_endless":false,"potions_floor_spawned":[2,12],"killed_by":"Gremlin Nob","ascension_level":20}}