{"host":"3y2rtlgteqp2nuo3","time":1611309444,"event":{"mods":["2.2 Compatiblity","AchievementEnabler","BaseMod","Colored Map","DeckTracker","Highlight Path","Keyboard Shortcuts","Minty Spire (QoL Compilation)","Permanent Neow","Quick Restart","StSLib","SuperFastMode","everything is the same but u backflip on backflip"],"gold_per_floor":[11,27,43,57,22,22,22,22,22,54,70,70,82,7,7,82,82,92,92,120,20,35,35,35,35],"floor_reached":24,"language":"KOR","playtime":675,"items_purged":["Strike_G","Strike_G"],"score":356,"play_id":"82ae6001-8fd7-4d57-a9c3-e957273072ae","local_time":"20210122185724","is_ascension_mode":true,"campfire_choices":[{"data":"Deadly Poison","floor":6.0,"key":"SMITH"},{"data":"Sucker Punch","floor":8.0,"key":"SMITH"},{"data":"Poisoned Stab","floor":12.0,"key":"SMITH"},{"data":"Dodge and Roll","floor":15.0,"key":"SMITH"},{"data":"Bouncing Flask","floor":23.0,"key":"SMITH"}],"circlet_count":0,"master_deck":["AscendersBane","Strike_G","Strike_G","Defend_G","Defend_G","Defend_G","Defend_G","Survivor","Neutralize","Sucker Punch+1","Deadly Poison+1","Dodge and Roll+1","Well Laid Plans","Poisoned Stab+1","Wraith Form v2","Night Terror","Outmaneuver","Bouncing Flask+1","Backflip"],"relics":["Ring of the Snake","FossilizedHelix","Bird Faced Urn","Philosopher\u0027s Stone","Red Mask"],"acts_visited":["Exordium","TheCity"],"potions_floor_usage":[24],"damage_taken":[{"damage":0.0,"enemies":"2 Louse","floor":1.0,"turns":3.0},{"damage":1.0,"enemies":"Small Slimes","floor":2.0,"turns":5.0},{"damage":2.0,"enemies":"Jaw Worm","floor":3.0,"turns":4.0},{"damage":8.0,"enemies":"Large Slime","floor":4.0,"turns":8.0},{"damage":15.0,"enemies":"3 Sentries","floor":10.0,"turns":13.0},{"damage":0.0,"enemies":"Looter","floor":11.0,"turns":4.0},{"damage":11.0,"enemies":"Exordium Wildlife","floor":13.0,"turns":4.0},{"damage":11.0,"enemies":"The Guardian","floor":16.0,"turns":10.0},{"damage":11.0,"enemies":"Spheric Guardian","floor":18.0,"turns":7.0},{"damage":0.0,"enemies":"2 Thieves","floor":19.0,"turns":1.0},{"damage":0.0,"enemies":"Masked Bandits","floor":20.0,"turns":3.0},{"damage":6.0,"enemies":"Snake Plant","floor":22.0,"turns":4.0},{"damage":63,"enemies":"Gremlin Leader","floor":24,"turns":8}],"seed_played":"7303459946725223675","potions_obtained":[{"floor":1.0,"key":"Dexterity Potion"},{"floor":4.0,"key":"Poison Potion"},{"floor":10.0,"key":"EntropicBrew"},{"floor":16.0,"key":"SmokeBomb"},{"floor":20.0,"key":"Weak Potion"}],"is_trial":false,"path_per_floor":["M","M","M","M","?","R","$","R","T","E","M","R","M","$","R","B",null,"M","M","?","$","M","R","E"],"character_chosen":"THE_SILENT","items_purchased":[],"campfire_rested":0,"item_purchase_floors":[],"current_hp_per_floor":[59,58,56,48,64,64,64,64,64,49,51,51,40,40,40,31,57,50,50,54,54,52,52,0,0],"gold":35,"neow_bonus":"REMOVE_TWO","is_daily":false,"chose_seed":false,"campfire_upgraded":5,"win_rate":0.0,"timestamp":1611309444,"path_taken":["M","M","M","M","?","R","$","R","T","E","M","R","M","$","R","BOSS","M","M","?","$","M","R","E"],"items_purchased_type":[],"build_version":"2020-12-22","purchased_purges":2,"victory":false,"max_hp_per_floor":[66,66,66,66,66,66,66,66,66,66,66,66,66,66,66,66,66,66,66,66,66,66,66,66,66],"card_choices":[{"not_picked":["PiercingWail","Backflip"],"picked":"Sucker Punch","floor":1.0},{"not_picked":["Concentrate","Distraction"],"picked":"Deadly Poison","floor":2.0},{"not_picked":["Terror","Acrobatics"],"picked":"Dodge and Roll","floor":3.0},{"not_picked":["Skewer","Dodge and Roll","Storm of Steel"],"picked":"SKIP","floor":4.0},{"not_picked":["Venomology","Cloak And Dagger"],"picked":"Well Laid Plans","floor":10.0},{"not_picked":["Quick Slash","Deflect"],"picked":"Poisoned Stab","floor":11.0},{"not_picked":["Slice","Finisher"],"picked":"Wraith Form v2","floor":13.0},{"not_picked":["Die Die Die","Envenom"],"picked":"Night Terror","floor":16.0},{"not_picked":["Backflip","Slice+1"],"picked":"Outmaneuver","floor":18.0},{"not_picked":["Dagger Throw","Tactician"],"picked":"Bouncing Flask","floor":20.0},{"not_picked":["Flechettes","Flying Knee"],"picked":"Backflip","floor":22.0}],"player_experience":710284,"relics_obtained":[{"floor":9.0,"key":"FossilizedHelix"},{"floor":10.0,"key":"Bird Faced Urn"},{"floor":20.0,"key":"Red Mask"}],"event_choices":[{"damage_healed":16.0,"max_hp_gain":0.0,"max_hp_loss":0.0,"gold_gain":0.0,"event_name":"The Cleric","player_choice":"Healed","floor":5.0,"gold_loss":35.0,"damage_taken":0.0},{"damage_healed":0.0,"max_hp_gain":0.0,"max_hp_loss":0.0,"gold_gain":0.0,"event_name":"Masked Bandits","player_choice":"Fought Bandits","floor":20.0,"gold_loss":0.0,"damage_taken":0.0}],"is_beta":false,"boss_relics":[{"not_picked":["Coffee Dripper","Pandora\u0027s Box"],"picked":"Philosopher\u0027s Stone"}],"items_purged_floors":[14,21],"is_endless":false,"potions_floor_spawned":[1,4,10,16,20],"killed_by":"Gremlin Leader","ascension_level":16}}