{"host":"a89ncddexmxn0qqm","time":1611293863,"event":{"mods":["AchievementEnabler","BaseMod","Colored Map","Minty Spire (QoL Compilation)","Rare Cards Sparkle","StSLib","SuperFastMode"],"gold_per_floor":[110,120,120,130,144,144,144,144,220,65,65,93,93,15,15,15,15],"floor_reached":16,"language":"KOR","playtime":523,"items_purged":["Strike_R"],"score":196,"play_id":"39522639-c65f-4e20-abf2-55dd688bbfaa","local_time":"20210122143743","is_ascension_mode":true,"campfire_choices":[{"data":"Whirlwind","floor":6,"key":"SMITH"},{"data":"Second Wind","floor":11,"key":"SMITH"},{"floor":15,"key":"REST"}],"circlet_count":0,"master_deck":["AscendersBane","Strike_R+1","Strike_R","Defend_R+1","Defend_R","Defend_R","Defend_R","Bash","Twin Strike","Whirlwind+1","Twin Strike","Iron Wave","Second Wind+1","True Grit","Inflame"],"relics":["Burning Blood","NeowsBlessing","Blue Candle","Letter Opener","Meat on the Bone"],"acts_visited":["Exordium"],"potions_floor_usage":[12,16],"damage_taken":[{"damage":0.0,"enemies":"2 Louse","floor":1.0,"turns":1.0},{"damage":0.0,"enemies":"Jaw Worm","floor":2.0,"turns":1.0},{"damage":0.0,"enemies":"Small Slimes","floor":4.0,"turns":1.0},{"damage":23,"enemies":"Red Slaver","floor":5,"turns":3},{"damage":15,"enemies":"3 Sentries","floor":12,"turns":7},{"damage":61,"enemies":"Slime Boss","floor":16,"turns":11}],"seed_played":"-8867599962433546194","potions_obtained":[{"floor":1.0,"key":"LiquidMemories"},{"floor":12,"key":"Fruit Juice"}],"is_trial":false,"path_per_floor":["M","M","?","M","M","R","?","T","T","$","R","E","?","$","R","B"],"character_chosen":"IRONCLAD","items_purchased":["Second Wind","Inflame"],"campfire_rested":1,"item_purchase_floors":[10,14],"current_hp_per_floor":[74,75,68,74,57,57,34,34,34,34,34,30,30,30,54,0,0],"gold":15,"neow_bonus":"THREE_ENEMY_KILL","is_daily":false,"chose_seed":false,"campfire_upgraded":2,"win_rate":0.0,"timestamp":1611293863,"path_taken":["M","M","?","M","M","R","?","?","T","$","R","E","?","$","R","BOSS"],"items_purchased_type":["Card","Card"],"build_version":"2020-12-22","purchased_purges":1,"victory":false,"max_hp_per_floor":[75,75,75,75,75,75,75,75,75,75,75,80,80,80,80,80,80],"card_choices":[{"not_picked":["Armaments","Sword Boomerang"],"picked":"Twin Strike","floor":1.0},{"not_picked":["Pummel","Bloodletting"],"picked":"Whirlwind","floor":2.0},{"not_picked":["Intimidate","Thunderclap"],"picked":"Twin Strike","floor":4.0},{"not_picked":["Brutality","Dropkick"],"picked":"Iron Wave","floor":5},{"not_picked":["Iron Wave","Rupture"],"picked":"True Grit","floor":12}],"player_experience":1839012,"relics_obtained":[{"floor":8,"key":"Blue Candle"},{"floor":9,"key":"Letter Opener"},{"floor":12,"key":"Meat on the Bone"}],"event_choices":[{"cards_removed":["Strike_R"],"damage_healed":0.0,"max_hp_gain":0.0,"max_hp_loss":0.0,"gold_gain":0.0,"event_name":"Golden Wing","player_choice":"Card Removal","floor":3.0,"gold_loss":0.0,"damage_taken":7.0},{"damage_healed":0,"gold_gain":0,"player_choice":"Entered Light","damage_taken":23,"max_hp_gain":0,"max_hp_loss":0,"event_name":"Shining Light","floor":7,"gold_loss":0,"cards_upgraded":["Strike_R","Defend_R"]},{"cards_removed":["Strike_R"],"damage_healed":0,"gold_gain":0,"player_choice":"Purged","damage_taken":0,"max_hp_gain":0,"max_hp_loss":0,"event_name":"Purifier","floor":13,"gold_loss":0}],"is_beta":false,"boss_relics":[],"items_purged_floors":[10],"is_endless":false,"potions_floor_spawned":[1,12],"killed_by":"Slime Boss","ascension_level":20}}