{"host":"bq4pt811tk9yrmjl","time":1611340024,"event":{"mods":["AchievementEnabler","BaseMod","Colored Map","Colored Powertips","Defuse TimeMaze Blight","Hermit","Minty Spire (QoL Compilation)","StSLib","SuperFastMode"],"gold_per_floor":[110,125,125,125,73,105,121,153,177,239,258,5,16,36,36,131,131,144,157,167,142,155,155,190,47,47,57,118,168,168,144,144,248,248,265,315,334,345,395,395,410,440,440,440,133,149,149,212,212,212],"floor_reached":49,"language":"ENG","playtime":924,"items_purged":["Strike_R"],"score":604,"play_id":"a5063534-e76b-452c-91ee-b1b7f80c758b","local_time":"20210122162704","is_ascension_mode":true,"campfire_choices":[{"data":"Armaments","floor":15.0,"key":"SMITH"},{"floor":23.0,"key":"REST"},{"floor":30,"key":"REST"},{"data":"Demon Form","floor":32,"key":"SMITH"},{"floor":40,"key":"REST"},{"floor":44,"key":"REST"},{"floor":49,"key":"REST"}],"circlet_count":0,"master_deck":["Strike_R+1","Strike_R","Strike_R","Strike_R","Defend_R+1","Defend_R","Defend_R","Defend_R+1","Bash","Anger+1","Spot Weakness","Twin Strike","Armaments+1","Hemokinesis","Demon Form+1","Intimidate+1","Whirlwind","Limit Break","Sever Soul+1"],"relics":["Burning Blood","NeowsBlessing","SsserpentHead","Toy Ornithopter","Bronze Scales","White Beast Statue","Busted Crown","War Paint","Cauldron","Bottled Flame","Philosopher\u0027s Stone","Shuriken","Oddly Smooth Stone","Paper Frog","Sling","Bag of Marbles"],"acts_visited":["Exordium","TheCity","TheBeyond"],"potions_floor_usage":[33,33,33,35,38,41,42,46,48],"damage_taken":[{"damage":0.0,"enemies":"Small Slimes","floor":1.0,"turns":1.0},{"damage":0.0,"enemies":"Jaw Worm","floor":2.0,"turns":1.0},{"damage":0.0,"enemies":"Lagavulin","floor":6.0,"turns":1.0},{"damage":6.0,"enemies":"Cultist","floor":7.0,"turns":3.0},{"damage":34.0,"enemies":"Gremlin Nob","floor":8.0,"turns":5.0},{"damage":20.0,"enemies":"Exordium Thugs","floor":10.0,"turns":5.0},{"damage":8.0,"enemies":"Lots of Slimes","floor":11.0,"turns":4.0},{"damage":7.0,"enemies":"Blue Slaver","floor":13.0,"turns":2.0},{"damage":0.0,"enemies":"Exordium Thugs","floor":14.0,"turns":4.0},{"damage":18.0,"enemies":"The Guardian","floor":16.0,"turns":10.0},{"damage":14.0,"enemies":"Shell Parasite","floor":18.0,"turns":5.0},{"damage":29.0,"enemies":"Chosen","floor":19.0,"turns":5.0},{"damage":32.0,"enemies":"3 Cultists","floor":22.0,"turns":5.0},{"damage":31.0,"enemies":"Book of Stabbing","floor":24.0,"turns":4.0},{"damage":12.0,"enemies":"Cultist and Chosen","floor":27.0,"turns":6.0},{"damage":14.0,"enemies":"Snecko","floor":28.0,"turns":5.0},{"damage":77,"enemies":"Automaton","floor":33,"turns":7},{"damage":15,"enemies":"3 Darklings","floor":35,"turns":4},{"damage":11,"enemies":"3 Shapes","floor":37,"turns":4},{"damage":27,"enemies":"3 Darklings","floor":38,"turns":3},{"damage":33,"enemies":"4 Shapes","floor":41,"turns":8},{"damage":31,"enemies":"Giant Head","floor":42,"turns":6},{"damage":31,"enemies":"Spire Growth","floor":46,"turns":3},{"damage":33,"enemies":"Maw","floor":48,"turns":6}],"seed_played":"6714827908892431669","potions_obtained":[{"floor":1.0,"key":"BlessingOfTheForge"},{"floor":7.0,"key":"SpeedPotion"},{"floor":11.0,"key":"EssenceOfSteel"},{"floor":13.0,"key":"BlessingOfTheForge"},{"floor":14.0,"key":"LiquidBronze"},{"floor":16.0,"key":"DistilledChaos"},{"floor":18.0,"key":"LiquidBronze"},{"floor":19.0,"key":"Dexterity Potion"},{"floor":22.0,"key":"EntropicBrew"},{"floor":24.0,"key":"Block Potion"},{"floor":25.0,"key":"AttackPotion"},{"floor":25.0,"key":"Strength Potion"},{"floor":27.0,"key":"Explosive Potion"},{"floor":33,"key":"DistilledChaos"},{"floor":35,"key":"PowerPotion"},{"floor":37,"key":"Swift Potion"},{"floor":38,"key":"SteroidPotion"},{"floor":41,"key":"SpeedPotion"},{"floor":42,"key":"Fire Potion"},{"floor":46,"key":"ElixirPotion"},{"floor":48,"key":"Strength Potion"}],"is_trial":false,"path_per_floor":["M","M","?","?","$","E","M","E","T","M","M","$","M","M","R","B",null,"M","M","?","$","M","R","E","$","T","M","M","?","R","$","R","B",null,"M","?","M","M","T","R","M","E","T","R","$","M","$","M","R"],"character_chosen":"IRONCLAD","items_purchased":["Anger","White Beast Statue","Cauldron","Whirlwind","Sling","Bag of Marbles"],"campfire_rested":5,"item_purchase_floors":[5,12,25,31,45,45],"current_hp_per_floor":[80,80,80,80,80,80,80,52,52,38,41,41,45,56,56,54,80,72,49,49,49,33,57,52,52,52,51,43,43,67,67,67,11,80,71,71,66,50,50,74,52,32,32,56,56,36,36,14,38,38],"gold":212,"neow_bonus":"THREE_ENEMY_KILL","is_daily":false,"chose_seed":false,"campfire_upgraded":2,"win_rate":0.0,"timestamp":1611340024,"path_taken":["M","M","?","?","$","E","M","E","T","?","M","$","M","M","R","BOSS","M","M","?","?","M","R","E","$","T","M","?","?","R","?","R","BOSS","M","?","M","M","?","R","M","E","T","R","$","M","$","?","R"],"items_purchased_type":["Card","Relic","Relic","Card","Relic","Relic"],"build_version":"2020-12-22","purchased_purges":1,"victory":false,"max_hp_per_floor":[80,80,80,80,80,80,80,80,80,80,80,80,80,80,80,80,80,80,80,80,80,80,80,80,80,80,80,80,80,80,80,80,80,80,80,80,80,80,80,80,80,80,80,80,80,80,80,80,80,80],"card_choices":[{"not_picked":["Sword Boomerang","Burning Pact"],"picked":"Rupture","floor":1.0},{"not_picked":["Warcry","Evolve","Pommel Strike"],"picked":"SKIP","floor":2.0},{"not_picked":["Feel No Pain","Evolve","Anger"],"picked":"SKIP","floor":6.0},{"not_picked":["Thunderclap","Carnage"],"picked":"Spot Weakness","floor":7.0},{"not_picked":["Inflame","Anger","Ghostly Armor"],"picked":"SKIP","floor":8.0},{"not_picked":["Body Slam","Sword Boomerang"],"picked":"Twin Strike","floor":10.0},{"not_picked":["Second Wind","Armaments","Perfected Strike"],"picked":"SKIP","floor":11.0},{"not_picked":["Cleave","Evolve"],"picked":"Armaments","floor":13.0},{"not_picked":["Corruption","True Grit"],"picked":"Hemokinesis","floor":14.0},{"not_picked":["Barricade","Feed"],"picked":"Demon Form","floor":16.0},{"not_picked":["True Grit"],"picked":"SKIP","floor":18.0},{"not_picked":["Armaments"],"picked":"SKIP","floor":19.0},{"not_picked":[],"picked":"Intimidate+1","floor":22.0},{"not_picked":["Dual Wield+1"],"picked":"SKIP","floor":24.0},{"not_picked":["Warcry"],"picked":"SKIP","floor":27.0},{"not_picked":["Havoc"],"picked":"SKIP","floor":28.0},{"not_picked":[],"picked":"Limit Break","floor":33},{"not_picked":["Body Slam"],"picked":"SKIP","floor":35},{"not_picked":["Dual Wield+1"],"picked":"SKIP","floor":37},{"not_picked":["Second Wind"],"picked":"SKIP","floor":38},{"not_picked":["Sword Boomerang+1"],"picked":"SKIP","floor":41},{"not_picked":[],"picked":"Sever Soul+1","floor":42},{"not_picked":["Reckless Charge+1"],"picked":"SKIP","floor":46},{"not_picked":["Warcry"],"picked":"SKIP","floor":48}],"player_experience":209032,"relics_obtained":[{"floor":6.0,"key":"Toy Ornithopter"},{"floor":8.0,"key":"Bronze Scales"},{"floor":24.0,"key":"War Paint"},{"floor":26.0,"key":"Bottled Flame"},{"floor":39,"key":"Shuriken"},{"floor":42,"key":"Oddly Smooth Stone"},{"floor":43,"key":"Paper Frog"}],"event_choices":[{"damage_healed":0.0,"max_hp_gain":0.0,"max_hp_loss":0.0,"gold_gain":0.0,"event_name":"Living Wall","player_choice":"Grow","floor":3.0,"gold_loss":0.0,"damage_taken":0.0,"cards_upgraded":["Rupture"]},{"damage_healed":0.0,"max_hp_gain":0.0,"max_hp_loss":0.0,"gold_gain":0.0,"event_name":"FaceTrader","player_choice":"Trade","floor":4.0,"gold_loss":0.0,"damage_taken":0.0,"relics_obtained":["SsserpentHead"]},{"damage_healed":0.0,"max_hp_gain":0.0,"max_hp_loss":0.0,"gold_gain":0.0,"event_name":"Designer","player_choice":"Upgraded Two","floor":20.0,"gold_loss":40.0,"damage_taken":0.0,"cards_upgraded":["Anger","Strike_R"]},{"damage_healed":0,"gold_gain":0,"player_choice":"0 cards matched","damage_taken":0,"max_hp_gain":0,"max_hp_loss":0,"event_name":"Match and Keep!","floor":29,"gold_loss":0,"cards_obtained":[]},{"cards_removed":["Rupture"],"damage_healed":0,"gold_gain":0,"player_choice":"Removed Power","damage_taken":0,"max_hp_gain":0,"max_hp_loss":0,"event_name":"Falling","floor":36,"gold_loss":0}],"is_beta":false,"boss_relics":[{"not_picked":["Black Star","Empty Cage"],"picked":"Busted Crown"},{"not_picked":["Runic Pyramid","Snecko Eye"],"picked":"Philosopher\u0027s Stone"}],"items_purged_floors":[21],"is_endless":false,"potions_floor_spawned":[1,7,11,13,14,16,18,19,22,24,27,28,33,35,37,38,41,42,46,48],"ascension_level":1}}