{"host":"2hlhnd4tei6r1t0s","time":1611276954,"event":{"mods":["100% Spire Juice","ATMod(阿瑾Mod)","Act Like it!","Arknights The Spire","Aspiration","Astrologer","Bard","BaseMod","Conspire","Dota2Spire","Energized Spire","Evolution","Gensokyo","Gremlin Mod","Hallownest","Hermit","HololiveMod","HumanHunterMod(怪物杀人mod)","Jedi Mod","Jorbs\u0027s Wanderer Trilogy","KinomotoSakuraMod(木之本樱)","Koishi","Lobotomy","LobotomyExtend","Luminous","Mari Mod (Legacy)","Mari\u0027s V1 Patch","Minty Spire (QoL Compilation)","MostiFishMod","Pale of the Ancients","Potionbrewer","Prisma Mod","Quick Restart","Reimu（博丽灵梦）","Replay The Spire","Robot Space Explorer","RumiaBox-露米娅的神秘盒子","Spicy Shops","StSLib","TestMod","The Administrix","The Alterego","The Animator","The Blackbeard","The Construct","The Cursed","The Forsaken","The Gatherer","The Hayseed","The Invoker Mod","The Marked","The Mystic","The Runesmith","The Saiyan","The Senshi","The Showman","TheHeartMod","TheWitcher","Uncapped","WarShipGirlsR/战舰少女R mod","Yakumo Yukari mod","Yuyuko","[GremlinLeader]The Maniac","[IsaacMod]以撒尖塔","noobMod","vexMod","【功能Mod】混沌之环修复补丁","【功能Mod】聪明的最终Boss","【遗物卡牌】REMEMod","残留之物"],"gold_per_floor":[],"floor_reached":16,"language":"ZHS","playtime":764,"items_purged":[],"score":204,"play_id":"c0e726ec-79db-4380-8e22-9563801c0f29","local_time":"20210122085553","is_ascension_mode":false,"campfire_choices":[],"circlet_count":0,"master_deck":["theForsaken:RainingSunlight","theForsaken:ShieldBash","theForsaken:ScorchingSunlight","theForsaken:TheForsaken_Defend","theForsaken:TheForsaken_Defend","theForsaken:Smite","AT_KingSlayer+1","DoctorFetus","hermit:Purgatory+1","theForsaken:Enfeeble","theForsaken:ShieldCharge","theForsaken:ShieldCharge","theForsaken:Enfeeble","Swift Strike","testmod-PowerStrike+1","theForsaken:Enfeeble","theForsaken:QuickAttack+1","theForsaken:HymnOfPatience","theForsaken:DarkBargain","theForsaken:AncientWords","theForsaken:DarkBargain+1","theForsaken:Confusion","theForsaken:WordsOfPestilence","theForsaken:WordOfPower","theForsaken:DarkBargain","theForsaken:DarkBargain","theForsaken:Thunderbolt"],"relics":["theForsaken:JudgementScales","EVO:Axolotl","ice","testmod-TestBox","DaveBox","REME_ComplimentaryCards","HushsDoor","AT_ATBox","SalivaCoin","GreenFoldingFan","testmod-Nyarlathotep","Dota2Spire:Bloodstone","theForsaken:ArmorOfThorns","SynthV:TestCard","LetterFromLob","PreservedInsect","Hololive_LightStick","Frozen Eye","jedi:fakemustache","CeramicFish","conspire:DeflatedDodgeball","GnawedLeaf","Dota2Spire:OrchidMalevolence","MealTicket","Replay:Baseball","TentaclePot:ReiMu","Technique","jedi:crownofsimplicity","Sling","Singing Bowl","StrikeDummy","potionbrewer:ToyAutogyro","Chemical X","Regal Pillow","potionbrewer:SalesContract","Bottled Tornado","testmod-DragonStarHat","theForsaken:Lifeblossom","Strawberry","PokeGo"],"acts_visited":["Exordium"],"potions_floor_usage":[],"damage_taken":[],"seed_played":"6852396649188710215","potions_obtained":[],"is_trial":false,"path_per_floor":[],"character_chosen":"THE_FORSAKEN","items_purchased":[],"campfire_rested":0,"item_purchase_floors":[],"current_hp_per_floor":[],"gold":995122,"neow_bonus":"DOUBLE_BOSS_RELIC","is_daily":false,"chose_seed":false,"campfire_upgraded":1,"win_rate":0.0,"timestamp":1611276953,"path_taken":[],"items_purchased_type":[],"build_version":"2020-12-22","purchased_purges":4,"victory":false,"max_hp_per_floor":[],"card_choices":[],"player_experience":125727,"relics_obtained":[],"event_choices":[],"is_beta":false,"boss_relics":[],"items_purged_floors":[],"is_endless":false,"potions_floor_spawned":[],"killed_by":"Fading Forest","ascension_level":0}}