{"host":"i6cyhi9fkpzvr6lb","time":1611314571,"event":{"mods":["Act Like it!","Arknights The Spire","BaseMod","Better Skull","Gensokyo","Marisa£®ÏF”Í°°ƒß¿Ì…≥£©","Minty Spire (QoL Compilation)","Reimu£®≤©¿ˆ¡È√Œ£©","Remilia£®¿Ÿ√◊¿Ú—«£©","StSLib","The Servant 0.9.4","Thieving Mod","Youmu£®ªÍ∆«—˝√Œ£©","Yuyuko"],"gold_per_floor":[112,112,124,24,37,37,57,57,112,112,138,86,97,111,111,216,216,228,246,5,17,32,57,57,19,19,30,58,58,58,69,69,168,168,180,6,22,41,41,370,370,401,425,227,238,238,238,255,255,255],"floor_reached":51,"language":"ZHS","playtime":4135,"items_purged":[],"score":749,"play_id":"5322f59b-5333-47cb-b049-4eca66909097","local_time":"20210122192251","daily_mods":["SealedDeck"],"is_ascension_mode":false,"campfire_choices":[{"data":"ats:Soul Absorption","floor":6.0,"key":"SMITH"},{"data":"ats:Burning Ground","floor":10.0,"key":"SMITH"},{"floor":15.0,"key":"REST"},{"floor":24.0,"key":"REST"},{"data":"ats:Volcano","floor":29.0,"key":"SMITH"},{"data":"UltimateShortwave","floor":32.0,"key":"SMITH"},{"floor":49.0,"key":"REST"}],"circlet_count":0,"master_deck":["ats:Explosion Area Strengthen","ats:Explosion Area Strengthen","ats:Soul Absorption+1","ats:Explosion Area Strengthen","ats:Song Of Battle","ats:Ignite","ats:Revitalization","ats:Revitalization","ats:Burning Ground+1","ats:Thorns","ats:Childhood Dance+1","ats:Revitalization","ats:Automatic Cover","Pain","ats:Apocalypse","ats:Revitalization","ats:Wolf Pack","ats:Volcano+1","ats:Rat Pack","ats:Healing Strengthening+1","ats:Support Order+1","ats:Very Hot Blade","ats:Shell Defense","UltimateShortwave+1","ats:Revitalization+1","ats:Disruption Kick","ats:Very Hot Blade+1","Gensokyo:RPG","Gensokyo:MedicineKit","ats:Apocalypse+1","ats:Volcano","ats:Healing Strengthening","ats:Assault Order","ats:Calcification","Gensokyo:DreamlikeParadise","ats:Very Hot Blade"],"relics":["ats:Sanity Plus","StrikeDummy","Gensokyo:LunaticRedEyes","Lantern","ats:Originium","Bronze Scales","CrazyTorch:ReiMu","Shuriken","Akabeko","StoneCalendar","CaptainsWheel","SacredBark","ats:Bonebreaker","Mercury Hourglass","Art of War"],"acts_visited":["Exordium","Gensokyo:Gensokyo","Gensokyo:Gensokyoer"],"potions_floor_usage":[50,50,50],"damage_taken":[{"damage":3.0,"enemies":"Gensokyo:2_Kodama","floor":1.0,"turns":3.0},{"damage":11.0,"enemies":"Gensokyo:Python","floor":3.0,"turns":4.0},{"damage":36.0,"enemies":"Gensokyo:Gryphon","floor":5.0,"turns":6.0},{"damage":19.0,"enemies":"Gensokyo:Kitsune","floor":7.0,"turns":4.0},{"damage":13.0,"enemies":"Gensokyo:Cirno","floor":11.0,"turns":5.0},{"damage":26.0,"enemies":"Gensokyo:Gryphon_and_Rabbit","floor":13.0,"turns":4.0},{"damage":40.0,"enemies":"Gensokyo:LivingMonolith","floor":14.0,"turns":5.0},{"damage":42.0,"enemies":"Gensokyo:Reimu","floor":16.0,"turns":11.0},{"damage":23.0,"enemies":"Gensokyo:2_Gloops","floor":18.0,"turns":4.0},{"damage":57.0,"enemies":"Gensokyo:Chomper","floor":19.0,"turns":6.0},{"damage":75.0,"enemies":"Gensokyo:3_Gloops","floor":21.0,"turns":5.0},{"damage":109.0,"enemies":"Gensokyo:Slime_Group","floor":22.0,"turns":8.0},{"damage":97.0,"enemies":"Gensokyo:Reisen","floor":23.0,"turns":12.0},{"damage":41.0,"enemies":"Gensokyo:Wraith","floor":27.0,"turns":7.0},{"damage":61.0,"enemies":"Gensokyo:Tenshi","floor":28.0,"turns":7.0},{"damage":16.0,"enemies":"Gensokyo:Mirror_and_Dog","floor":31.0,"turns":4.0},{"damage":102.0,"enemies":"Gensokyo:Kaguya","floor":33.0,"turns":11.0},{"damage":7.0,"enemies":"Gensokyo:3_Bats","floor":35.0,"turns":4.0},{"damage":35.0,"enemies":"Gensokyo:3_Boulders","floor":37.0,"turns":7.0},{"damage":60.0,"enemies":"Gensokyo:SeedOfUnknown","floor":38.0,"turns":9.0},{"damage":124.0,"enemies":"Gensokyo:Doremy","floor":40.0,"turns":12.0},{"damage":36.0,"enemies":"Gensokyo:Marisa","floor":42.0,"turns":8.0},{"damage":80.0,"enemies":"Gensokyo:Sharpion","floor":45.0,"turns":7.0},{"damage":36.0,"enemies":"Gensokyo:Sharpion","floor":46.0,"turns":9.0},{"damage":33.0,"enemies":"Gensokyo:Dusk_and_Dawn","floor":48.0,"turns":5.0},{"damage":189,"enemies":"Gensokyo:Scarlet_Devils","floor":50,"turns":12}],"seed_played":"2023099864735697384","potions_obtained":[{"floor":3.0,"key":"Ancient Potion"},{"floor":14.0,"key":"PowerPotion"},{"floor":16.0,"key":"FairyPotion"},{"floor":21.0,"key":"FairyPotion"},{"floor":27.0,"key":"ColorlessPotion"},{"floor":38.0,"key":"PowerPotion"},{"floor":40.0,"key":"ColorlessPotion"}],"is_trial":true,"path_per_floor":["M","?","M","?","M","R","M","?","T","R","E","$","M","M","R","B",null,"M","M","COS","M","M","E","R","$","T","M","E","R","?","M","R","B",null,"M","COS","M","M","?","E","T","E","T","$","M","?","?","M","R","B",null],"character_chosen":"DOCTOR_CLASS","items_purchased":["ats:Revitalization","ats:Support Order","ats:Emergency Sanity Potion","ats:Calcification"],"campfire_rested":3,"item_purchase_floors":[12,25,44,44],"current_hp_per_floor":[69,72,64,64,63,63,65,65,65,65,72,72,54,39,60,72,72,64,57,57,1,12,33,54,54,54,62,55,55,55,50,50,67,72,72,72,56,46,46,64,64,59,59,59,43,43,18,6,27,6],"gold":255,"neow_bonus":"","is_daily":false,"chose_seed":false,"campfire_upgraded":4,"win_rate":0.0,"timestamp":1611314571,"path_taken":["M","?","?","?","M","R","M","?","T","R","E","$","M","?","R","BOSS","M","M","COS","M","M","E","R","?","T","M","E","R","?","M","R","BOSS","M","COS","M","M","?","E","?","E","T","$","M","?","?","M","R","BOSS"],"items_purchased_type":["Card","Card","Potion","Card"],"build_version":"2020-12-22","purchased_purges":0,"victory":true,"max_hp_per_floor":[72,72,72,72,72,72,72,72,72,72,72,72,72,72,72,72,72,72,72,72,72,72,72,72,72,72,72,72,72,72,72,72,72,72,72,72,72,72,72,72,72,72,72,72,72,72,72,72,72,72],"card_choices":[{"not_picked":["ats:Curse Doll","ats:Serious Mode"],"picked":"ats:Childhood Dance","floor":1.0},{"not_picked":["ats:Sashimi Platter","ats:Leaping Hammer"],"picked":"ats:Revitalization","floor":3.0},{"not_picked":["ats:Shadow Raid","ats:Shell Defense"],"picked":"ats:Automatic Cover","floor":5.0},{"not_picked":["ats:LN2 Cannon","ats:Consecutive Shot Auto","ats:Closed Bolt Burst Fire"],"picked":"SKIP","floor":7.0},{"not_picked":["ats:Closed Bolt Burst Fire","ats:Hammer On"],"picked":"ats:Apocalypse","floor":11.0},{"not_picked":["ats:Shell Defense","ats:Very Hot Blade"],"picked":"ats:Wolf Pack","floor":13.0},{"not_picked":["ats:Cat Scratch","ats:Shell Defense","ats:Healing Drone"],"picked":"SKIP","floor":14.0},{"not_picked":["ats:Disruption Kick","ats:Calcification"],"picked":"ats:Volcano","floor":16.0},{"not_picked":["ats:Rapid Magazine","ats:Closed Bolt Burst Fire","ats:Red Shift"],"picked":"SKIP","floor":18.0},{"not_picked":["ats:Flexible Camouflage","ats:Curse Doll","ats:Neurotoxin"],"picked":"SKIP","floor":19.0},{"not_picked":["ats:Hook Shot","ats:Hammer On+1","ats:Cat Scratch"],"picked":"SKIP","floor":21.0},{"not_picked":["ats:Automatic Cover","ats:Hammer On"],"picked":"ats:Rat Pack","floor":22.0},{"not_picked":["ats:Hook Shot+1","ats:Thorns"],"picked":"ats:Healing Strengthening+1","floor":23.0},{"not_picked":["ats:Childhood Dance+1","ats:Guardian Obelisk"],"picked":"ats:Very Hot Blade","floor":27.0},{"not_picked":["ats:Closed Bolt Burst Fire","ats:Hook Shot"],"picked":"ats:Shell Defense","floor":28.0},{"not_picked":["ats:Poison Spread","ats:Defend Order+1"],"picked":"ats:Revitalization+1","floor":31.0},{"not_picked":["ats:Echo Reverb","ats:Soul Rend"],"picked":"ats:Disruption Kick","floor":33.0},{"not_picked":["ats:Blood Oath","ats:Consecutive Shot Auto"],"picked":"ats:Very Hot Blade+1","floor":35.0},{"not_picked":["ats:Sashimi Platter","ats:Sword Rain+1"],"picked":"ats:Apocalypse+1","floor":37.0},{"not_picked":["ats:Poison Spread+1","ats:Powerful Strike+1","ats:Charging Defense+1"],"picked":"SKIP","floor":37.0},{"not_picked":["ats:Flexible Camouflage+1","ats:Shell Defense+1","ats:Explosion Area Strengthen+1"],"picked":"SKIP","floor":38.0},{"not_picked":["ats:Roar Of Ursus","ats:Shadow Assault"],"picked":"ats:Volcano","floor":40.0},{"not_picked":["ats:Ignite+1","ats:Cat Scratch"],"picked":"ats:Healing Strengthening","floor":40.0},{"not_picked":["ats:Red Shift","ats:Sashimi Platter"],"picked":"ats:Assault Order","floor":42.0},{"not_picked":["ats:Chain Hook","ats:Flexible Camouflage","ats:Shell Defense"],"picked":"SKIP","floor":45.0},{"not_picked":["Gensokyo:UnhurriedMind","Gensokyo:UnlikelyAid"],"picked":"Gensokyo:DreamlikeParadise","floor":46.0},{"not_picked":["ats:Healing Strengthening","ats:Demon Strength+1"],"picked":"ats:Very Hot Blade","floor":48.0}],"player_experience":185767,"relics_obtained":[{"floor":9.0,"key":"Lantern"},{"floor":11.0,"key":"ats:Originium"},{"floor":11.0,"key":"Bronze Scales"},{"floor":23.0,"key":"ats:Originium"},{"floor":23.0,"key":"Shuriken"},{"floor":26.0,"key":"Akabeko"},{"floor":28.0,"key":"ats:Originium"},{"floor":28.0,"key":"CaptainsWheel"},{"floor":40.0,"key":"ats:Originium"},{"floor":41.0,"key":"ats:Bonebreaker"},{"floor":42.0,"key":"ats:Originium"},{"floor":42.0,"key":"Mercury Hourglass"},{"floor":43.0,"key":"Art of War"}],"event_choices":[{"damage_healed":4.0,"max_hp_gain":0.0,"max_hp_loss":0.0,"gold_gain":0.0,"event_name":"betterSkull:BetterSkull","player_choice":"LEAVE ","floor":2.0,"gold_loss":0.0,"damage_taken":0.0,"cards_upgraded":[],"relics_obtained":[]},{"damage_healed":0.0,"max_hp_gain":0.0,"max_hp_loss":0.0,"gold_gain":0.0,"event_name":"betterSkull:BetterSkull","player_choice":"UP UP ","floor":47.0,"gold_loss":0.0,"damage_taken":29.0,"cards_upgraded":["ats:Childhood Dance","ats:Support Order"],"relics_obtained":[]}],"is_beta":false,"boss_relics":[{"not_picked":["Sozu","Velvet Choker"],"picked":"ats:Sanity Plus"},{"not_picked":["Runic Dome","ats:Tactical Delivery"],"picked":"SacredBark"}],"items_purged_floors":[],"is_endless":false,"potions_floor_spawned":[3,14,16,21,27,38,40,48],"ascension_level":0}}