{"host":"uv5ws9rdk87e8i5k","time":1611339641,"event":{"mods":["AchievementEnabler","BaseMod","Colored Map","Minty Spire (QoL Compilation)","StSLib","SuperFastMode"],"gold_per_floor":[112,124,124,142,154,187,187,221,248,277,288,288,288,306,306,402,402,402],"floor_reached":17,"language":"ENG","playtime":466,"items_purged":[],"score":253,"play_id":"2af690d4-1783-46a8-ba91-9557349a6fc3","local_time":"20210122122041","is_ascension_mode":true,"campfire_choices":[{"data":"Adrenaline","floor":13,"key":"SMITH"},{"data":"PiercingWail","floor":15,"key":"SMITH"}],"circlet_count":0,"master_deck":["Strike_G","Strike_G","Strike_G","Strike_G+1","Defend_G","Defend_G","Defend_G","Defend_G","Defend_G","Survivor","Neutralize","Dagger Spray","Dagger Throw+1","Adrenaline+1","PiercingWail+1","Masterful Stab+1","Dagger Spray+1","Prepared","Phantasmal Killer"],"relics":["Ring of the Snake","MealTicket","Meat on the Bone","Ornamental Fan","Pantograph","Molten Egg 2","Pen Nib","Whetstone","SacredBark"],"acts_visited":["Exordium","TheCity"],"potions_floor_usage":[8],"damage_taken":[{"damage":0.0,"enemies":"2 Louse","floor":1.0,"turns":3.0},{"damage":11.0,"enemies":"Jaw Worm","floor":2.0,"turns":6.0},{"damage":2.0,"enemies":"Small Slimes","floor":4.0,"turns":4.0},{"damage":1.0,"enemies":"Red Slaver","floor":5.0,"turns":5.0},{"damage":7.0,"enemies":"3 Sentries","floor":6.0,"turns":5.0},{"damage":29,"enemies":"Lagavulin","floor":8,"turns":9},{"damage":0,"enemies":"3 Sentries","floor":10,"turns":5},{"damage":0,"enemies":"2 Fungi Beasts","floor":11,"turns":1},{"damage":0,"enemies":"Exordium Thugs","floor":14,"turns":2},{"damage":27,"enemies":"Hexaghost","floor":16,"turns":11}],"seed_played":"3408257875313367988","potions_obtained":[{"floor":4.0,"key":"CultistPotion"},{"floor":5.0,"key":"ColorlessPotion"},{"floor":6.0,"key":"Weak Potion"},{"floor":14,"key":"Ancient Potion"},{"floor":16,"key":"Explosive Potion"}],"is_trial":false,"path_per_floor":["M","M","?","M","M","E","T","E","T","E","M","?","R","M","R","B",null],"character_chosen":"THE_SILENT","items_purchased":[],"campfire_rested":0,"item_purchase_floors":[],"current_hp_per_floor":[70,59,47,45,44,37,37,20,20,32,44,44,44,44,44,42,63,63],"gold":402,"neow_bonus":"RANDOM_COMMON_RELIC","is_daily":false,"chose_seed":false,"campfire_upgraded":2,"win_rate":0.0,"timestamp":1611339641,"path_taken":["M","M","?","M","M","E","?","E","T","E","M","?","R","M","R","BOSS"],"items_purchased_type":[],"build_version":"2020-12-22","purchased_purges":0,"victory":false,"max_hp_per_floor":[70,70,70,70,70,70,70,70,70,70,70,70,70,70,70,70,70,70],"card_choices":[{"not_picked":["Sucker Punch","Underhanded Strike"],"picked":"Dagger Spray","floor":1.0},{"not_picked":["All Out Attack","Well Laid Plans"],"picked":"Dagger Throw","floor":2.0},{"not_picked":["Outmaneuver","Slice","Blade Dance"],"picked":"SKIP","floor":4.0},{"not_picked":["PiercingWail","Setup"],"picked":"Adrenaline","floor":5.0},{"not_picked":["Deflect","Reflex"],"picked":"PiercingWail","floor":6.0},{"not_picked":["Underhanded Strike+1","Night Terror"],"picked":"Masterful Stab+1","floor":8},{"not_picked":["Endless Agony+1","PiercingWail"],"picked":"Dagger Spray+1","floor":10},{"not_picked":["Well Laid Plans","Slice+1"],"picked":"Prepared","floor":11},{"not_picked":["Deflect","Flying Knee+1","Slice+1"],"picked":"SKIP","floor":14},{"not_picked":["A Thousand Cuts","Bullet Time"],"picked":"Phantasmal Killer","floor":16}],"player_experience":161827,"relics_obtained":[{"floor":6.0,"key":"Ornamental Fan"},{"floor":7.0,"key":"Pantograph"},{"floor":8,"key":"Molten Egg 2"},{"floor":9,"key":"Pen Nib"},{"floor":10,"key":"Whetstone"}],"event_choices":[{"damage_healed":0.0,"max_hp_gain":0.0,"max_hp_loss":0.0,"gold_gain":0.0,"event_name":"Scrap Ooze","player_choice":"Success","floor":3.0,"gold_loss":0.0,"damage_taken":12.0,"relics_obtained":["Meat on the Bone"]},{"cards_removed":["Strike_G"],"damage_healed":0,"gold_gain":0,"player_choice":"Offered Basic","damage_taken":0,"max_hp_gain":0,"max_hp_loss":0,"event_name":"Bonfire Elementals","floor":12,"gold_loss":0}],"is_beta":false,"boss_relics":[{"not_picked":["Philosopher\u0027s Stone","Ectoplasm"],"picked":"SacredBark"}],"items_purged_floors":[],"is_endless":false,"potions_floor_spawned":[4,5,6,14,16],"ascension_level":5}}