{"host":"sw6p9u0oh417cx03","time":1611324213,"event":{"mods":["AchievementEnabler","Act Like it!","BaseMod","CapriCore","DeckTracker","Highlight Path","Minty Spire (QoL Compilation)","Quick Restart","StSLib"],"gold_per_floor":[110,60,60,60,60,88,88,114,166,190,190,200,213,243,243,317,317,333,333,333,333,258,258,276,276,300,315,42,73,73,90,90,164,164,179,193,1192,1192,671,671,722,722,768,781,781,361,396,396,396,396,396,396,98,123,123,123],"floor_reached":55,"language":"ZHS","playtime":1830,"items_purged":["Strike_R","Strike_R","Normality","Normality","Defend_R"],"score":1300,"play_id":"6462250f-1669-4465-84d3-690fbf5bfba9","local_time":"20210122220333","is_ascension_mode":true,"campfire_choices":[{"data":"Fiend Fire","floor":7.0,"key":"SMITH"},{"data":"Pommel Strike","floor":11.0,"key":"SMITH"},{"data":"Body Slam","floor":15.0,"key":"SMITH"},{"data":"Barricade","floor":23.0,"key":"SMITH"},{"data":"Battle Trance","floor":25.0,"key":"SMITH"},{"data":"Master of Strategy","floor":32.0,"key":"SMITH"},{"data":"Impatience","floor":40.0,"key":"SMITH"},{"floor":45.0,"key":"RECALL"},{"data":"Deep Breath","floor":49.0,"key":"SMITH"},{"data":"Power Through","floor":52.0,"key":"SMITH"}],"circlet_count":0,"master_deck":["AscendersBane","Defend_R+1","Defend_R","Defend_R+1","Fiend Fire+1","Pommel Strike+1","Power Through+1","Body Slam+1","Shrug It Off","Battle Trance+1","Necronomicurse","Flame Barrier","Barricade+1","Master of Strategy+1","Evolve+1","Impatience+1","Deep Breath+1","Purity"],"relics":["Burning Blood","NeowsBlessing","Vajra","Bag of Marbles","Odd Mushroom","Charon\u0027s Ashes","Velvet Choker","Necronomicon","Boot","Paper Frog","SacredBark","ClockworkSouvenir","Meat on the Bone","Orichalcum","Oddly Smooth Stone","Membership Card","War Paint","MealTicket","Juzu Bracelet","Bottled Tornado","Unceasing Top"],"acts_visited":["Exordium","TheCity","TheBeyond","TheEnding"],"potions_floor_usage":[55],"damage_taken":[{"damage":0.0,"enemies":"2 Louse","floor":1.0,"turns":1.0},{"damage":0.0,"enemies":"Lagavulin","floor":6.0,"turns":1.0},{"damage":0.0,"enemies":"Gremlin Nob","floor":8.0,"turns":1.0},{"damage":41.0,"enemies":"The Mushroom Lair","floor":10.0,"turns":5.0},{"damage":0.0,"enemies":"Jaw Worm","floor":12.0,"turns":1.0},{"damage":0.0,"enemies":"Small Slimes","floor":13.0,"turns":3.0},{"damage":20.0,"enemies":"3 Sentries","floor":14.0,"turns":8.0},{"damage":18.0,"enemies":"Hexaghost","floor":16.0,"turns":8.0},{"damage":0.0,"enemies":"Chosen","floor":18.0,"turns":2.0},{"damage":2.0,"enemies":"Shell Parasite","floor":24.0,"turns":2.0},{"damage":0.0,"enemies":"Snake Plant","floor":27.0,"turns":1.0},{"damage":21.0,"enemies":"Slavers","floor":29.0,"turns":2.0},{"damage":0.0,"enemies":"Shelled Parasite and Fungi","floor":31.0,"turns":2.0},{"damage":19.0,"enemies":"Collector","floor":33.0,"turns":3.0},{"damage":0.0,"enemies":"3 Shapes","floor":35.0,"turns":1.0},{"damage":9.0,"enemies":"3 Darklings","floor":36.0,"turns":6.0},{"damage":0.0,"enemies":"Spire Growth","floor":44.0,"turns":1.0},{"damage":0.0,"enemies":"Reptomancer","floor":47.0,"turns":3.0},{"damage":45.0,"enemies":"Time Eater","floor":50.0,"turns":11.0},{"damage":33.0,"enemies":"Shield and Spear","floor":54.0,"turns":6.0},{"damage":59,"enemies":"The Heart","floor":55,"turns":3}],"seed_played":"-1825785354660232899","potions_obtained":[{"floor":1.0,"key":"Weak Potion"},{"floor":10.0,"key":"SteroidPotion"},{"floor":14.0,"key":"ColorlessPotion"},{"floor":18.0,"key":"SpeedPotion"}],"is_trial":false,"path_per_floor":["M","?","?","$","$","E","R","E","T","?","R","M","M","E","R","B",null,"M","?","?","?","$","R","M","R","T","M","$","E","?","M","R","B",null,"M","M","?","?","$","R","T","?","T","M","R","$","E","?","R","B",null,"R","$","E","B"],"character_chosen":"IRONCLAD","items_purchased":["Master of Strategy","ClockworkSouvenir","Meat on the Bone","Membership Card","War Paint","MealTicket","Deep Breath","Bottled Tornado","ColorlessPotion","Energy Potion","Purity"],"campfire_rested":0,"item_purchase_floors":[28,39,39,46,46,46,46,53,53,53,53],"current_hp_per_floor":[74,74,74,74,74,75,75,75,75,40,40,46,52,38,38,26,63,69,69,53,53,53,53,57,57,57,63,63,48,36,42,42,29,64,70,67,67,67,67,67,67,67,67,73,73,73,75,75,75,48,68,68,75,48,0,0],"gold":123,"neow_bonus":"THREE_ENEMY_KILL","is_daily":false,"chose_seed":false,"campfire_upgraded":9,"win_rate":0.0,"timestamp":1611324213,"path_taken":["M","?","?","?","$","E","R","E","T","?","R","M","M","E","R","BOSS","M","?","?","?","$","R","M","R","T","M","$","E","?","?","R","BOSS","M","M","?","?","$","R","?","?","T","M","R","$","E","?","R","BOSS","R","$","E","BOSS"],"items_purchased_type":["Card","Relic","Relic","Relic","Relic","Relic","Card","Relic","Potion","Potion","Card"],"build_version":"2020-12-22","purchased_purges":5,"victory":false,"max_hp_per_floor":[75,75,75,75,75,75,75,75,75,75,75,75,75,75,75,75,75,75,75,75,75,75,75,75,75,75,75,75,75,75,75,75,75,75,75,75,75,75,75,75,75,75,75,75,75,75,75,75,75,75,75,75,75,75,75,75],"card_choices":[{"not_picked":["Rage","Heavy Blade","Sever Soul"],"picked":"SKIP","floor":1.0},{"not_picked":["Rage","Clash"],"picked":"Fiend Fire","floor":6.0},{"not_picked":["Seeing Red","Clothesline"],"picked":"Pommel Strike","floor":8.0},{"not_picked":["Spot Weakness","Evolve"],"picked":"Power Through","floor":10.0},{"not_picked":["Evolve","Warcry","Headbutt"],"picked":"SKIP","floor":12.0},{"not_picked":["Flame Barrier","Rage","Wild Strike"],"picked":"SKIP","floor":13.0},{"not_picked":["Entrench","Metallicize"],"picked":"Body Slam","floor":14.0},{"not_picked":["Burning Pact","Flex"],"picked":"Shrug It Off","floor":18.0},{"not_picked":["Iron Wave","Twin Strike","Fire Breathing"],"picked":"SKIP","floor":24.0},{"not_picked":["Rupture","Inflame","Body Slam"],"picked":"SKIP","floor":27.0},{"not_picked":["Whirlwind","Pommel Strike","Flex"],"picked":"SKIP","floor":29.0},{"not_picked":["Feed","True Grit","Shrug It Off"],"picked":"SKIP","floor":31.0},{"not_picked":["Iron Wave","Warcry","Clash"],"picked":"SKIP","floor":35.0},{"not_picked":["True Grit+1","Thunderclap"],"picked":"Evolve+1","floor":36.0},{"not_picked":["Good Instincts","Forethought"],"picked":"Impatience","floor":38.0},{"not_picked":["Combust","Clash+1","Sentinel+1"],"picked":"SKIP","floor":44.0},{"not_picked":["Clash+1","Heavy Blade+1","Warcry"],"picked":"SKIP","floor":47.0},{"not_picked":["Body Slam","Wild Strike+1","Flame Barrier"],"picked":"SKIP","floor":54.0}],"player_experience":317201,"relics_obtained":[{"floor":6.0,"key":"Vajra"},{"floor":8.0,"key":"Bag of Marbles"},{"floor":10.0,"key":"Odd Mushroom"},{"floor":14.0,"key":"Charon\u0027s Ashes"},{"floor":20.0,"key":"Necronomicon"},{"floor":26.0,"key":"Boot"},{"floor":29.0,"key":"Paper Frog"},{"floor":41.0,"key":"Orichalcum"},{"floor":43.0,"key":"Oddly Smooth Stone"},{"floor":47.0,"key":"Juzu Bracelet"},{"floor":54.0,"key":"Unceasing Top"}],"event_choices":[{"cards_removed":["Strike_R"],"damage_healed":0.0,"max_hp_gain":0.0,"max_hp_loss":0.0,"gold_gain":0.0,"event_name":"The Cleric","player_choice":"Card Removal","floor":2.0,"gold_loss":50.0,"damage_taken":0.0},{"damage_healed":0.0,"max_hp_gain":0.0,"max_hp_loss":0.0,"gold_gain":0.0,"cards_transformed":["Strike_R"],"event_name":"Living Wall","player_choice":"Change","floor":3.0,"gold_loss":0.0,"damage_taken":0.0,"cards_obtained":["Seeing Red"]},{"damage_healed":0.0,"max_hp_gain":0.0,"max_hp_loss":0.0,"gold_gain":0.0,"event_name":"Mushrooms","player_choice":"Fought Mushrooms","floor":10.0,"gold_loss":0.0,"damage_taken":0.0},{"damage_healed":0.0,"max_hp_gain":0.0,"max_hp_loss":0.0,"gold_gain":0.0,"event_name":"The Library","player_choice":"Read","floor":19.0,"gold_loss":0.0,"damage_taken":0.0,"cards_obtained":["Battle Trance"]},{"damage_healed":0.0,"max_hp_gain":0.0,"max_hp_loss":0.0,"gold_gain":0.0,"event_name":"Cursed Tome","player_choice":"Obtained Book","floor":20.0,"gold_loss":0.0,"damage_taken":16.0},{"damage_healed":0.0,"max_hp_gain":0.0,"max_hp_loss":0.0,"gold_gain":0.0,"cards_transformed":["Seeing Red","Strike_R"],"event_name":"Drug Dealer","player_choice":"Became Test Subject","floor":21.0,"gold_loss":0.0,"damage_taken":0.0,"cards_obtained":["Flame Barrier","Barricade"]},{"damage_healed":0.0,"max_hp_gain":0.0,"max_hp_loss":0.0,"gold_gain":0.0,"event_name":"Knowing Skull","player_choice":"POTION ","floor":30.0,"potions_obtained":["EntropicBrew"],"gold_loss":0.0,"damage_taken":12.0,"cards_obtained":[]},{"damage_healed":0.0,"max_hp_gain":0.0,"max_hp_loss":0.0,"gold_gain":999.0,"event_name":"MindBloom","player_choice":"Gold","floor":37.0,"gold_loss":0.0,"damage_taken":0.0,"cards_obtained":["Normality","Normality"]},{"damage_healed":0.0,"max_hp_gain":0.0,"max_hp_loss":0.0,"gold_gain":0.0,"event_name":"SensoryStone","player_choice":"Memory 1","floor":38.0,"gold_loss":0.0,"damage_taken":0.0},{"damage_healed":0.0,"max_hp_gain":0.0,"max_hp_loss":0.0,"gold_gain":0.0,"event_name":"Tomb of Lord Red Mask","player_choice":"Ignored","floor":42.0,"gold_loss":0.0,"damage_taken":0.0},{"cards_removed":["Bash"],"damage_healed":0.0,"max_hp_gain":0.0,"max_hp_loss":0.0,"gold_gain":0.0,"event_name":"Falling","player_choice":"Removed Attack","floor":48.0,"gold_loss":0.0,"damage_taken":0.0}],"is_beta":false,"boss_relics":[{"not_picked":["Cursed Key","Busted Crown"],"picked":"Velvet Choker"},{"not_picked":["SlaversCollar","Fusion Hammer"],"picked":"SacredBark"}],"items_purged_floors":[22,28,39,46,53],"is_endless":false,"potions_floor_spawned":[1,10,14,18,27,31,33,35,36],"killed_by":"The Heart","ascension_level":14}}