{"host":"opyh6vr790e42ffe","time":1611336147,"event":{"mods":["BaseMod","Bestiary","Colored Map","Highlight Path","Minty Spire (QoL Compilation)","Relic Stats","StSLib"],"gold_per_floor":[111,129,146,157,157,192,192,223,247,247,277,291,321,371,383,395,395],"floor_reached":16,"language":"ENG","playtime":790,"items_purged":[],"score":260,"play_id":"6d28c99e-f977-494b-97f8-e6a6d4a04578","local_time":"20210122092227","is_ascension_mode":true,"campfire_choices":[{"floor":7,"key":"REST"},{"floor":10,"key":"REST"},{"data":"1","floor":15,"key":"LIFT"}],"circlet_count":0,"master_deck":["AscendersBane","Strike_P","Strike_P","Strike_P","Strike_P+1","Defend_P","Defend_P","Defend_P","Defend_P","Eruption+1","Vigilance","EmptyFist","Adaptation","CutThroughFate","Prostrate","SpiritShield","DeceiveReality","MentalFortress","CrushJoints","FlyingSleeves"],"relics":["PureWater","NeowsBlessing","Pantograph","Whetstone","Girya","Akabeko","Strawberry","Happy Flower","MawBank"],"acts_visited":["Exordium"],"potions_floor_usage":[8,11,14,16],"damage_taken":[{"damage":0,"enemies":"Cultist","floor":1,"turns":1},{"damage":0,"enemies":"Small Slimes","floor":2,"turns":1},{"damage":0,"enemies":"Jaw Worm","floor":3,"turns":1},{"damage":0,"enemies":"3 Louse","floor":4,"turns":4},{"damage":39,"enemies":"Gremlin Nob","floor":6,"turns":4},{"damage":40,"enemies":"3 Sentries","floor":8,"turns":9},{"damage":11,"enemies":"Lagavulin","floor":11,"turns":8},{"damage":0,"enemies":"Exordium Wildlife","floor":12,"turns":1},{"damage":8,"enemies":"Gremlin Nob","floor":14,"turns":3},{"damage":35,"enemies":"Hexaghost","floor":16,"turns":14}],"seed_played":"4557202341774264503","potions_obtained":[{"floor":3,"key":"LiquidBronze"},{"floor":4,"key":"ColorlessPotion"},{"floor":8,"key":"StancePotion"},{"floor":12,"key":"DuplicationPotion"}],"is_trial":false,"path_per_floor":["M","M","M","M","T","E","R","E","T","R","E","M","?","E","R","B"],"character_chosen":"WATCHER","items_purchased":[],"campfire_rested":2,"item_purchase_floors":[],"current_hp_per_floor":[61,61,61,61,61,22,42,2,2,22,18,18,18,10,10,0,0],"gold":395,"neow_bonus":"THREE_ENEMY_KILL","is_daily":false,"chose_seed":false,"campfire_upgraded":0,"win_rate":0.0,"timestamp":1611336147,"path_taken":["M","?","M","?","?","E","R","E","T","R","E","M","?","E","R","BOSS"],"items_purchased_type":[],"build_version":"2020-12-22","purchased_purges":0,"victory":false,"max_hp_per_floor":[68,68,68,68,68,68,68,68,68,68,75,75,75,75,75,75,75],"relic_stats":{"Happy Flower":[5],"counters":[10,46],"Pantograph":25,"Whetstone":["Eruption","Strike_P"],"MawBank":24,"obtain_stats":[{"Girya":8,"NeowsBlessing":0,"Happy Flower":13,"Pantograph":5,"Strawberry":11,"Whetstone":6,"PureWater":0,"MawBank":14,"Akabeko":9},{"Girya":6,"NeowsBlessing":0,"Happy Flower":8,"Pantograph":4,"Strawberry":7,"Whetstone":5,"PureWater":0,"MawBank":9,"Akabeko":6},{"Girya":20,"NeowsBlessing":0,"Happy Flower":29,"Pantograph":7,"Strawberry":28,"Whetstone":11,"PureWater":0,"MawBank":32,"Akabeko":20}]},"card_choices":[{"not_picked":["Swivel","Crescendo"],"picked":"EmptyFist","floor":1},{"not_picked":["CrushJoints","Evaluate"],"picked":"Adaptation","floor":2},{"not_picked":["Protect","Consecrate"],"picked":"CutThroughFate","floor":3},{"not_picked":["Protect","Omniscience"],"picked":"Prostrate","floor":4},{"not_picked":["FlurryOfBlows","WaveOfTheHand"],"picked":"SpiritShield","floor":6},{"not_picked":["BowlingBash","SignatureMove"],"picked":"DeceiveReality","floor":8},{"not_picked":["SashWhip","SandsOfTime"],"picked":"MentalFortress","floor":11},{"not_picked":["Consecrate","WreathOfFlame"],"picked":"CrushJoints","floor":12},{"not_picked":["Consecrate","FollowUp"],"picked":"FlyingSleeves","floor":14}],"player_experience":2419975,"relics_obtained":[{"floor":5,"key":"Pantograph"},{"floor":6,"key":"Whetstone"},{"floor":8,"key":"Girya"},{"floor":9,"key":"Akabeko"},{"floor":11,"key":"Strawberry"},{"floor":14,"key":"MawBank"}],"event_choices":[{"damage_healed":0,"gold_gain":30,"player_choice":"Searched \u00272\u0027 times","damage_taken":0,"relics_obtained":["Happy Flower"],"max_hp_gain":0,"max_hp_loss":0,"event_name":"Dead Adventurer","floor":13,"gold_loss":0}],"is_beta":false,"boss_relics":[],"items_purged_floors":[],"is_endless":false,"potions_floor_spawned":[3,4,8,12],"killed_by":"Hexaghost","ascension_level":20}}