{"host":"bf9sa99gaumonoeu","time":1611345759,"event":{"mods":["AchievementEnabler","Act Like it!","Aspiration","BaseMod","Bestiary","Block Reminder","Colored Map","Colored Powertips","Friendly Minions","Gensokyo","GifTheSpireLib","Googly Eyes","Hallownest","Hermit","Highlight Path","Jorbs\u0027s Wanderer Trilogy","KinomotoSakuraMod(????)","Koishi","Marisa????????","Minty Spire (QoL Compilation)","Rare Cards Sparkle","Relic Stats","Spire Arcade","StSLib","The Administrix","The Animator","The Bug Knight","The Construct","The Cursed","The Hierophant","The Mystic","The Necromancer","The Poker Player","The Runesmith","The Senshi","The Servant 0.9.4","ojb\u0027s Info Mod"],"gold_per_floor":[115,132,148,160,177,205,258,287,287,287,437,437,465,465,465,544,544,555,574,588,608,621,621,621,621,621,153,153,187,205,223,223,300,300,312,330,344,113,113,131,165,183,183,209,229,304,304,16,16,16,16,16,16,16,41,41],"floor_reached":57,"language":"ENG","playtime":7149,"items_purged":["Strike_G","Masterful Stab","Strike_G+1"],"score":2787,"play_id":"5af9449d-1285-414c-be63-ab1b431d34fb","local_time":"20210122180239","is_ascension_mode":true,"campfire_choices":[{"data":"Skewer","floor":10.0,"key":"SMITH"},{"data":"Prepared","floor":12.0,"key":"SMITH"},{"data":"Blade Dance","floor":15.0,"key":"SMITH"},{"floor":23.0,"key":"REST"},{"floor":25.0,"key":"REST"},{"data":"Tools of the Trade","floor":32.0,"key":"SMITH"},{"floor":49.0,"key":"RECALL"},{"data":"Accuracy","floor":53.0,"key":"SMITH"}],"circlet_count":0,"master_deck":["AscendersBane","Defend_G","Defend_G","Defend_G","Survivor","Neutralize+1","Blade Dance+1","Deadly Poison","Skewer+1","Accuracy+1","Prepared+1","Acrobatics","Backflip+1","Tools of the Trade+1","Backflip+1","Doppelganger+1","Leg Sweep+1","Backflip+1","Blade Dance+1","Cloak And Dagger+1","Cloak And Dagger+1","Terror+1","Apotheosis+1","Blade Dance+1","Blade Dance+1","Bullet Time+1","Acrobatics+1","Prepared+1","Footwork+1","Cloak And Dagger+1","Footwork+1","Dodge and Roll+1","Phantasmal Killer+1","Caltrops+1"],"relics":["Ring of the Snake","Omamori","Tiny Chest","Potion Belt","Toxic Egg 2","Nunchaku","Astrolabe","aspiration:FetidBarrel","Frozen Egg 2","HornCleat","aspiration:RitualDagger","theSenshi:SailorFukuRelic","Whetstone","Pear","construct:FoamFinger"],"acts_visited":["Exordium","TheCity","TheBeyond","TheEnding"],"potions_floor_usage":[56,56,56,56,56,56,56],"damage_taken":[{"damage":0.0,"enemies":"Cultist","floor":1.0,"turns":4.0},{"damage":9.0,"enemies":"Small Slimes","floor":2.0,"turns":4.0},{"damage":1.0,"enemies":"2 Louse","floor":3.0,"turns":3.0},{"damage":8.0,"enemies":"Blue Slaver","floor":4.0,"turns":4.0},{"damage":3.0,"enemies":"3 Louse","floor":5.0,"turns":4.0},{"damage":10.0,"enemies":"Lagavulin","floor":6.0,"turns":7.0},{"damage":5.0,"enemies":"3 Sentries","floor":8.0,"turns":5.0},{"damage":30.0,"enemies":"Gremlin Nob","floor":13.0,"turns":4.0},{"damage":24.0,"enemies":"Hexaghost","floor":16.0,"turns":9.0},{"damage":10.0,"enemies":"3 Byrds","floor":18.0,"turns":6.0},{"damage":4.0,"enemies":"Shell Parasite","floor":19.0,"turns":9.0},{"damage":22.0,"enemies":"Cultist and Chosen","floor":20.0,"turns":7.0},{"damage":15.0,"enemies":"Sentry and Sphere","floor":21.0,"turns":5.0},{"damage":0.0,"enemies":"Chosen and Byrds","floor":22.0,"turns":3.0},{"damage":5.0,"enemies":"Book of Stabbing","floor":29.0,"turns":5.0},{"damage":0.0,"enemies":"Snecko","floor":30.0,"turns":3.0},{"damage":0.0,"enemies":"Sentry and Sphere","floor":31.0,"turns":3.0},{"damage":0.0,"enemies":"Collector","floor":33.0,"turns":6.0},{"damage":18.0,"enemies":"3 Shapes","floor":35.0,"turns":6.0},{"damage":9.0,"enemies":"3 Darklings","floor":36.0,"turns":3.0},{"damage":17.0,"enemies":"Jaw Worm Horde","floor":37.0,"turns":4.0},{"damage":6.0,"enemies":"4 Shapes","floor":40.0,"turns":2.0},{"damage":48.0,"enemies":"Nemesis","floor":41.0,"turns":5.0},{"damage":13.0,"enemies":"Sphere and 2 Shapes","floor":42.0,"turns":3.0},{"damage":22.0,"enemies":"Reptomancer","floor":44.0,"turns":5.0},{"damage":28.0,"enemies":"Spire Growth","floor":45.0,"turns":4.0},{"damage":115.0,"enemies":"Awakened One","floor":50.0,"turns":15.0},{"damage":30.0,"enemies":"Donu and Deca","floor":51.0,"turns":7.0},{"damage":82.0,"enemies":"Shield and Spear","floor":55.0,"turns":6.0},{"damage":109,"enemies":"The Heart","floor":56,"turns":11}],"seed_played":"2720751463433531007","potions_obtained":[{"floor":0.0,"key":"Fruit Juice"},{"floor":0.0,"key":"Explosive Potion"},{"floor":0.0,"key":"BlessingOfTheForge"},{"floor":4.0,"key":"PowerPotion"},{"floor":6.0,"key":"Regen Potion"},{"floor":8.0,"key":"Regen Potion"},{"floor":13.0,"key":"FearPotion"},{"floor":19.0,"key":"Energy Potion"},{"floor":21.0,"key":"GhostInAJar"},{"floor":31.0,"key":"DuplicationPotion"},{"floor":33.0,"key":"Regen Potion"},{"floor":41.0,"key":"GhostInAJar"},{"floor":45.0,"key":"DuplicationPotion"},{"floor":46.0,"key":"EntropicBrew"}],"is_trial":false,"path_per_floor":["M","M","M","M","M","E","T","E","T","R","?","R","E","?","R","B",null,"M","M","M","M","M","R","T","R","T","$","?","E","M","M","R","B",null,"M","M","M","$","?","M","E","M","T","E","M","?","T","$","R","B","B",null,"R","$","E","B",null],"character_chosen":"THE_SILENT","items_purchased":["Terror+1","Apotheosis+1","GamblersBrew","Swift Potion","Footwork+1","Strength Potion","Phantasmal Killer+1"],"campfire_rested":2,"item_purchase_floors":[27,27,27,27,38,38,48],"current_hp_per_floor":[64,55,54,46,43,33,33,42,42,42,42,42,12,12,12,3,54,44,40,18,3,3,24,24,45,45,45,45,40,40,40,40,40,63,45,36,33,33,33,27,70,68,68,71,55,55,65,65,65,54,76,80,80,80,40,14],"gold":41,"neow_bonus":"THREE_SMALL_POTIONS","is_daily":false,"chose_seed":false,"campfire_upgraded":5,"win_rate":0.0,"timestamp":1611345759,"path_taken":["M","M","M","M","?","E","?","E","T","R","?","R","E","?","R","BOSS","M","M","?","M","M","R","?","R","T","$","?","E","M","M","R","BOSS","M","M","M","$","?","M","E","M","T","E","M","?","?","$","R","BOSS","BOSS","R","$","E","BOSS"],"items_purchased_type":["Card","Card","Potion","Potion","Card","Potion","Card"],"build_version":"2020-12-22","purchased_purges":3,"victory":true,"max_hp_per_floor":[71,71,71,71,71,71,71,71,71,71,71,71,71,71,71,71,71,71,71,71,71,71,71,71,71,71,71,71,71,71,71,71,71,71,71,71,71,71,71,71,71,71,71,71,71,71,81,81,81,81,81,81,81,81,81,81],"relic_stats":{"Nunchaku":[50],"counters":[30,162],"Astrolabe":["Backflip","Doppelganger","Leg Sweep"],"Tiny Chest":2,"Whetstone":["Neutralize","Strike_G"],"obtain_stats":[{"Potion Belt":8,"Pear":47,"construct:FoamFinger":55,"aspiration:FetidBarrel":24,"Astrolabe":17,"Omamori":6,"Whetstone":44,"Frozen Egg 2":26,"Nunchaku":13,"HornCleat":29,"Tiny Chest":7,"aspiration:RitualDagger":34,"Toxic Egg 2":9,"theSenshi:SailorFukuRelic":41,"Ring of the Snake":0},{"Potion Belt":7,"Pear":26,"construct:FoamFinger":29,"aspiration:FetidBarrel":14,"Astrolabe":9,"Omamori":6,"Whetstone":25,"Frozen Egg 2":14,"Nunchaku":8,"HornCleat":15,"Tiny Chest":6,"aspiration:RitualDagger":18,"Toxic Egg 2":7,"theSenshi:SailorFukuRelic":23,"Ring of the Snake":0},{"Potion Belt":31,"Pear":123,"construct:FoamFinger":151,"aspiration:FetidBarrel":74,"Astrolabe":44,"Omamori":26,"Whetstone":119,"Frozen Egg 2":74,"Nunchaku":35,"HornCleat":79,"Tiny Chest":26,"aspiration:RitualDagger":91,"Toxic Egg 2":31,"theSenshi:SailorFukuRelic":111,"Ring of the Snake":0}],"Ring of the Snake":[60]},"card_choices":[{"not_picked":["Eviscerate","Dagger Throw"],"picked":"Blade Dance","floor":1.0},{"not_picked":["Slice","Quick Slash"],"picked":"Deadly Poison","floor":2.0},{"not_picked":["Blade Dance","Backflip"],"picked":"Masterful Stab","floor":3.0},{"not_picked":["Poisoned Stab","Dagger Throw"],"picked":"Skewer","floor":4.0},{"not_picked":["Phantasmal Killer","Dodge and Roll"],"picked":"Accuracy","floor":5.0},{"not_picked":["Dagger Throw","Crippling Poison"],"picked":"Prepared","floor":6.0},{"not_picked":["Deflect","Noxious Fumes"],"picked":"Acrobatics","floor":8.0},{"not_picked":["Acrobatics+1","Sucker Punch"],"picked":"Backflip+1","floor":13.0},{"not_picked":["Phantasmal Killer+1","Grand Finale"],"picked":"Tools of the Trade","floor":16.0},{"not_picked":["Dagger Spray","Choke"],"picked":"Backflip+1","floor":18.0},{"not_picked":["Well Laid Plans","Deadly Poison+1"],"picked":"Blade Dance+1","floor":19.0},{"not_picked":["Dagger Spray","Sucker Punch"],"picked":"Cloak And Dagger+1","floor":20.0},{"not_picked":["Quick Slash","Deflect+1"],"picked":"Cloak And Dagger+1","floor":21.0},{"not_picked":["Sucker Punch","Slice+1","All Out Attack"],"picked":"SKIP","floor":22.0},{"not_picked":["Poisoned Stab","Bouncing Flask+1","Eviscerate"],"picked":"SKIP","floor":29.0},{"not_picked":["Storm of Steel+1","Sucker Punch+1"],"picked":"Blade Dance+1","floor":30.0},{"not_picked":["Slice","Endless Agony"],"picked":"Blade Dance+1","floor":31.0},{"not_picked":["Grand Finale","Glass Knife"],"picked":"Bullet Time+1","floor":33.0},{"not_picked":["Slice+1","Dagger Spray"],"picked":"Acrobatics+1","floor":35.0},{"not_picked":["Underhanded Strike","Infinite Blades+1","Blade Dance+1"],"picked":"SKIP","floor":36.0},{"not_picked":["Underhanded Strike","Heel Hook"],"picked":"Prepared+1","floor":37.0},{"not_picked":["Eviscerate","Caltrops+1"],"picked":"Cloak And Dagger+1","floor":40.0},{"not_picked":["Deadly Poison+1","Doppelganger+1"],"picked":"Footwork+1","floor":41.0},{"not_picked":["Blade Dance+1","Slice","Quick Slash"],"picked":"SKIP","floor":42.0},{"not_picked":["Slice","Poisoned Stab+1"],"picked":"Dodge and Roll+1","floor":44.0},{"not_picked":["Caltrops+1","Crippling Poison+1","Underhanded Strike"],"picked":"SKIP","floor":45.0},{"not_picked":["Predator","Poisoned Stab"],"picked":"Caltrops+1","floor":55.0}],"player_experience":1120992,"relics_obtained":[{"floor":6.0,"key":"Omamori"},{"floor":7.0,"key":"Tiny Chest"},{"floor":8.0,"key":"Potion Belt"},{"floor":9.0,"key":"Toxic Egg 2"},{"floor":13.0,"key":"Nunchaku"},{"floor":24.0,"key":"aspiration:FetidBarrel"},{"floor":26.0,"key":"Frozen Egg 2"},{"floor":29.0,"key":"HornCleat"},{"floor":41.0,"key":"theSenshi:SailorFukuRelic"},{"floor":44.0,"key":"Whetstone"},{"floor":47.0,"key":"Pear"},{"floor":55.0,"key":"construct:FoamFinger"}],"event_choices":[{"damage_healed":0.0,"max_hp_gain":0.0,"max_hp_loss":0.0,"gold_gain":150.0,"event_name":"Liars Game","player_choice":"AGREE","floor":11.0,"gold_loss":0.0,"damage_taken":0.0,"cards_obtained":["Doubt"]},{"damage_healed":0.0,"max_hp_gain":0.0,"max_hp_loss":0.0,"gold_gain":0.0,"event_name":"Match and Keep!","player_choice":"0 cards matched","floor":14.0,"gold_loss":0.0,"damage_taken":0.0,"cards_obtained":[]},{"cards_removed":["Defend_G"],"damage_healed":0.0,"max_hp_gain":0.0,"max_hp_loss":0.0,"gold_gain":0.0,"event_name":"Back to Basics","player_choice":"Elegance","floor":28.0,"gold_loss":0.0,"damage_taken":0.0},{"cards_removed":["Strike_G"],"damage_healed":0.0,"max_hp_gain":0.0,"max_hp_loss":0.0,"gold_gain":0.0,"event_name":"Falling","player_choice":"Removed Attack","floor":39.0,"gold_loss":0.0,"damage_taken":0.0}],"is_beta":false,"boss_relics":[{"not_picked":["aspiration:RunicSpoon","construct:ClawGrip"],"picked":"Astrolabe"},{"not_picked":["Snecko Eye","aspiration:SecretTechniqueScroll"],"picked":"aspiration:RitualDagger"}],"items_purged_floors":[27,38,48],"is_endless":false,"potions_floor_spawned":[2,4,6,8,13,19,21,31,33,41,42,44,45],"ascension_level":20}}