{"host":"zaw2ll3ecp1xl5l4","time":1611352340,"event":{"mods":["BaseMod","Minty Spire (QoL Compilation)"],"gold_per_floor":[109,129,142,142,53,83,40,40,40,40,57,57,69,79,79,182,182,197,296,296,316,9,40,40,40,40,56,89,108,143,162,162,162,162],"floor_reached":33,"language":"POL","playtime":1598,"items_purged":[],"score":332,"play_id":"a5bf3cec-cf8e-4cd5-b66b-27f807365af0","local_time":"20210122225220","is_ascension_mode":false,"campfire_choices":[{"floor":10,"key":"REST"},{"data":"Survivor","floor":12,"key":"SMITH"},{"data":"Adrenaline","floor":15,"key":"SMITH"},{"data":"Backflip","floor":25,"key":"SMITH"},{"floor":32,"key":"REST"}],"circlet_count":0,"master_deck":["Strike_G","Strike_G","Strike_G","Defend_G","Defend_G","Defend_G","Defend_G","Defend_G","Survivor+1","Neutralize","Predator","PiercingWail","Adrenaline+1","Flash of Steel","Backflip+1","Deadly Poison","Footwork","Caltrops","Corpse Explosion","Bane+1","Deadly Poison","Cloak And Dagger","Dagger Spray","Blur","Escape Plan","Calculated Gamble+1","Dash"],"relics":["Ring of the Snake","NeowsBlessing","Bottled Lightning","GremlinMask","Vajra","Black Star","PreservedInsect","Lee\u0027s Waffle","Art of War","InkBottle","Lantern","StoneCalendar","Ninja Scroll","White Beast Statue","Blue Candle"],"acts_visited":["Exordium","TheCity"],"potions_floor_usage":[16,18,23,33,33],"damage_taken":[{"damage":0,"enemies":"Cultist","floor":1,"turns":1},{"damage":0,"enemies":"Jaw Worm","floor":2,"turns":1},{"damage":0,"enemies":"Small Slimes","floor":3,"turns":2},{"damage":21,"enemies":"3 Sentries","floor":6,"turns":11},{"damage":14,"enemies":"Red Slaver","floor":11,"turns":3},{"damage":0,"enemies":"Blue Slaver","floor":13,"turns":4},{"damage":7,"enemies":"Looter","floor":14,"turns":3},{"damage":12,"enemies":"Hexaghost","floor":16,"turns":9},{"damage":7,"enemies":"2 Thieves","floor":18,"turns":2},{"damage":20,"enemies":"Spheric Guardian","floor":21,"turns":5},{"damage":3,"enemies":"Gremlin Leader","floor":23,"turns":5},{"damage":6,"enemies":"Shelled Parasite and Fungi","floor":27,"turns":5},{"damage":26,"enemies":"Book of Stabbing","floor":28,"turns":5},{"damage":1,"enemies":"Centurion and Healer","floor":29,"turns":4},{"damage":0,"enemies":"Slavers","floor":30,"turns":1},{"damage":0,"enemies":"Cultist and Chosen","floor":31,"turns":4},{"damage":64,"enemies":"Collector","floor":33,"turns":7}],"seed_played":"3289506771812216316","potions_obtained":[{"floor":1,"key":"LiquidBronze"},{"floor":3,"key":"GamblersBrew"},{"floor":6,"key":"BlessingOfTheForge"},{"floor":11,"key":"Fire Potion"},{"floor":16,"key":"BlessingOfTheForge"},{"floor":23,"key":"PowerPotion"},{"floor":27,"key":"Ancient Potion"}],"is_trial":false,"path_per_floor":["M","M","M","?","$","E","?","?","T","R","M","R","M","M","R","B",null,"M","?","?","M","$","E","?","R","T","M","E","M","E","M","R","B"],"character_chosen":"THE_SILENT","items_purchased":["Flash of Steel","PreservedInsect","Lee\u0027s Waffle"],"campfire_rested":2,"item_purchase_floors":[5,22,22],"current_hp_per_floor":[70,70,70,70,70,49,49,49,49,70,56,56,56,49,49,37,70,63,63,63,43,77,74,74,74,74,68,42,41,41,41,64,0,0],"gold":162,"neow_bonus":"THREE_ENEMY_KILL","is_daily":false,"chose_seed":false,"campfire_upgraded":3,"win_rate":0.0,"timestamp":1611352340,"path_taken":["M","?","M","?","$","E","?","?","T","R","M","R","?","M","R","BOSS","M","?","?","?","$","E","?","R","T","M","E","M","E","M","R","BOSS"],"items_purchased_type":["Card","Relic","Relic"],"build_version":"2020-12-22","purchased_purges":0,"victory":false,"max_hp_per_floor":[70,70,70,70,70,70,70,70,70,70,70,70,70,70,70,70,70,70,70,70,70,77,77,77,77,77,77,77,77,77,77,77,77,77],"card_choices":[{"not_picked":["Terror","Skewer"],"picked":"Predator","floor":1},{"not_picked":["Slice","Prepared"],"picked":"PiercingWail","floor":2},{"not_picked":["Expertise","Prepared"],"picked":"Adrenaline","floor":3},{"not_picked":["Deflect","Underhanded Strike"],"picked":"Backflip","floor":6},{"not_picked":["Sucker Punch","Quick Slash"],"picked":"Deadly Poison","floor":11},{"not_picked":["Quick Slash","Masterful Stab"],"picked":"Footwork","floor":13},{"not_picked":["Acrobatics","Deflect"],"picked":"Caltrops","floor":14},{"not_picked":["Venomology","Envenom"],"picked":"Corpse Explosion","floor":16},{"not_picked":["Prepared","Poisoned Stab"],"picked":"Bane+1","floor":18},{"not_picked":["Prepared","Skewer","Masterful Stab"],"picked":"SKIP","floor":21},{"not_picked":["Acrobatics","Finisher"],"picked":"Deadly Poison","floor":23},{"not_picked":["Sucker Punch","Riddle With Holes","Distraction+1"],"picked":"SKIP","floor":27},{"not_picked":["Distraction","Backflip"],"picked":"Blur","floor":28},{"not_picked":["Blade Dance","Deflect"],"picked":"Escape Plan","floor":29},{"not_picked":["Grand Finale","Eviscerate+1"],"picked":"Calculated Gamble+1","floor":30},{"not_picked":["Underhanded Strike","Bane+1"],"picked":"Dash","floor":31}],"player_experience":188458,"relics_obtained":[{"floor":6,"key":"Bottled Lightning"},{"floor":9,"key":"Vajra"},{"floor":23,"key":"Art of War"},{"floor":23,"key":"InkBottle"},{"floor":26,"key":"Lantern"},{"floor":28,"key":"StoneCalendar"},{"floor":28,"key":"Ninja Scroll"},{"floor":30,"key":"White Beast Statue"},{"floor":30,"key":"Blue Candle"}],"event_choices":[{"damage_healed":0,"gold_gain":0,"player_choice":"Leave","damage_taken":0,"max_hp_gain":0,"max_hp_loss":0,"event_name":"The Cleric","floor":4,"gold_loss":0},{"damage_healed":0,"gold_gain":0,"player_choice":"Left Gold","damage_taken":0,"max_hp_gain":0,"max_hp_loss":0,"event_name":"World of Goop","floor":7,"gold_loss":43},{"damage_healed":0,"gold_gain":0,"player_choice":"Trade","damage_taken":0,"relics_obtained":["GremlinMask"],"max_hp_gain":0,"max_hp_loss":0,"event_name":"FaceTrader","floor":8,"gold_loss":0},{"damage_healed":0,"gold_gain":99,"player_choice":"Stole From Cult","damage_taken":0,"max_hp_gain":0,"max_hp_loss":0,"event_name":"Nest","floor":19,"gold_loss":0},{"damage_healed":0,"gold_gain":0,"player_choice":"Ignored","damage_taken":0,"max_hp_gain":0,"max_hp_loss":0,"event_name":"NoteForYourself","floor":20,"gold_loss":0},{"damage_healed":0,"gold_gain":0,"cards_transformed":["Strike_G","Strike_G"],"player_choice":"Became Test Subject","damage_taken":0,"max_hp_gain":0,"max_hp_loss":0,"event_name":"Drug Dealer","floor":24,"gold_loss":0,"cards_obtained":["Cloak And Dagger","Dagger Spray"]}],"is_beta":false,"boss_relics":[{"not_picked":["SlaversCollar","Fusion Hammer"],"picked":"Black Star"}],"items_purged_floors":[],"is_endless":false,"potions_floor_spawned":[1,3,6,11,16,23,27,31],"killed_by":"Collector","ascension_level":0}}