{"host":"njb27ds59h4j3ikk","time":1611342648,"event":{"mods":["AchievementEnabler","BaseMod","Better Altar","Better Match","Better Note","Better Sensory Stone","Better Skull","Better Third Choice","BetterRewards","Downfall","Hermit","Hubris","Minty Spire (QoL Compilation)","Permanent Neow","Quarter Circle Forward PUNCH!","Quick Restart","Rare Cards Sparkle","Shop Mod","StSLib","Trackpad","Transform Curses"],"gold_per_floor":[115,115,115,126,145,145,170,185,185,218,231,231,196,251,251,346,346,360,360,372,71,89,124,124,150,200,227,574,599,631,305,305,426,426,457,507,548,607,640,681,71,71,71,94,134,162,208,280,280,292,292,292,6,50,74],"floor_reached":56,"language":"ENG","playtime":2569,"items_purged":[],"score":1898,"play_id":"bc5e2445-7458-4b7e-8bb7-3509fca837eb","local_time":"20210122141048","is_ascension_mode":true,"campfire_choices":[{"data":"hermit:CursedWeapon","floor":6.0,"key":"SMITH"},{"data":"hermit:Vantage","floor":12.0,"key":"SMITH"},{"floor":15.0,"key":"REST"},{"floor":32.0,"key":"REST"},{"floor":42.0,"key":"RECALL"},{"floor":49.0,"key":"REST"},{"data":"1","floor":52,"key":"LIFT"}],"circlet_count":0,"master_deck":["hermit:Strike_Hermit","hermit:Strike_Hermit","hermit:Strike_Hermit","hermit:Defend_Hermit","hermit:Defend_Hermit+1","hermit:Defend_Hermit","hermit:Snapshot","hermit:Covet","hermit:Ricochet","hermit:CursedWeapon+1","hermit:Headshot","hermit:CalledShot","hermit:Enervate","hermit:Horror","hermit:BlackWind+1","hermit:Gestalt+1","hermit:Desperado","hermit:Vantage+1","hermit:HeroicBravado+1","hermit:Virtue","hermit:HighCaliber+1","hermit:Midnight+1","hermit:Cheat","hermit:Spite+1","hermit:Scavenge","hermit:RoundhouseKick","hermit:Malice","hermit:Scavenge+1","hermit:ShadowCloak","hermit:WideOpen+1","Trip","hermit:HighCaliber+1","hermit:Coalescence+1","hermit:HeroicBravado+1","hermit:Headshot+1","hermit:NoHoldsBarred+1","Panache","hermit:GhostlyPresence+1","hermit:Virtue+1","hermit:Misfire+1","hermit:Maintenance+1","hermit:Shortfuse+1","Swift Strike+1","hermit:Headshot+1","hermit:Dissolve"],"relics":["hermit:Momento","Girya","hubris:Icosahedron","trackpad:AdjectivePendant","White Beast Statue","trackpad:ZombieHeart","betterThird:SlimedRelic","Black Star","MerchantsRug","trackpad:BiPhaseBiplane","hubris:GlazedTorus","SsserpentHead","hubris:ToyBattleship","Shuriken","hubris:CrystalStatue","qcfpunch:Red_Headband","bronze:MakeshiftBattery","War Paint","qcfpunch:Fighting_Gloves","hubris:TenFootPole","Akabeko","ClockworkSouvenir","trackpad:DisasterInABottle","Meat on the Bone","Molten Egg 2","trackpad:Mousetrap","Anchor","hubris:Teleporter"],"acts_visited":["Exordium","TheCity","TheBeyond","TheEnding"],"potions_floor_usage":[55,55,55,55,55],"damage_taken":[{"damage":12.0,"enemies":"Jaw Worm","floor":1.0,"turns":2.0},{"damage":12.0,"enemies":"Small Slimes","floor":4.0,"turns":3.0},{"damage":0.0,"enemies":"Cultist","floor":5.0,"turns":2.0},{"damage":24.0,"enemies":"3 Sentries","floor":7.0,"turns":5.0},{"damage":1.0,"enemies":"3 Louse","floor":8.0,"turns":2.0},{"damage":3.0,"enemies":"Lagavulin","floor":10.0,"turns":3.0},{"damage":1.0,"enemies":"Blue Slaver","floor":11.0,"turns":2.0},{"damage":6.0,"enemies":"Slime Boss","floor":16.0,"turns":6.0},{"damage":14.0,"enemies":"Shell Parasite","floor":18.0,"turns":5.0},{"damage":21.0,"enemies":"2 Thieves","floor":20.0,"turns":4.0},{"damage":7.0,"enemies":"Sentry and Sphere","floor":22.0,"turns":4.0},{"damage":18.0,"enemies":"Book of Stabbing","floor":23.0,"turns":4.0},{"damage":3.0,"enemies":"Gremlin Leader","floor":25.0,"turns":4.0},{"damage":26.0,"enemies":"Cultist and Chosen","floor":27.0,"turns":5.0},{"damage":9.0,"enemies":"Slavers","floor":28.0,"turns":2.0},{"damage":4.0,"enemies":"Snecko","floor":29.0,"turns":3.0},{"damage":17.0,"enemies":"Snake Plant","floor":30.0,"turns":2.0},{"damage":5.0,"enemies":"Collector","floor":33.0,"turns":6.0},{"damage":3.0,"enemies":"Orb Walker","floor":35.0,"turns":3.0},{"damage":16.0,"enemies":"3 Darklings","floor":37.0,"turns":3.0},{"damage":5.0,"enemies":"Sphere and 2 Shapes","floor":39.0,"turns":3.0},{"damage":17.0,"enemies":"Giant Head","floor":40.0,"turns":6.0},{"damage":2.0,"enemies":"Spire Growth","floor":44.0,"turns":2.0},{"damage":3.0,"enemies":"Reptomancer","floor":45.0,"turns":4.0},{"damage":44.0,"enemies":"3 Darklings","floor":46.0,"turns":4.0},{"damage":5.0,"enemies":"Giant Head","floor":47.0,"turns":4.0},{"damage":13.0,"enemies":"Jaw Worm Horde","floor":48.0,"turns":2.0},{"damage":22.0,"enemies":"hubris:GrandSnecko","floor":50.0,"turns":5.0},{"damage":14,"enemies":"Shield and Spear","floor":54,"turns":2},{"damage":77,"enemies":"The Heart","floor":55,"turns":9}],"seed_played":"37800619944070696","potions_obtained":[{"floor":1.0,"key":"EntropicBrew"},{"floor":5.0,"key":"Energy Potion"},{"floor":10.0,"key":"Swift Potion"},{"floor":16.0,"key":"LiquidBronze"},{"floor":18.0,"key":"PowerPotion"},{"floor":20.0,"key":"EssenceOfSteel"},{"floor":23.0,"key":"CultistPotion"},{"floor":25.0,"key":"SneckoOil"},{"floor":27.0,"key":"SmokeBomb"},{"floor":28.0,"key":"Slimebound:ThreeZeroPotion"},{"floor":29.0,"key":"Dexterity Potion"},{"floor":30.0,"key":"Regen Potion"},{"floor":35.0,"key":"champ:CounterPotion"},{"floor":37.0,"key":"Explosive Potion"},{"floor":39.0,"key":"DuplicationPotion"},{"floor":47.0,"key":"SkillPotion"},{"floor":48.0,"key":"SpeedPotion"},{"floor":54,"key":"Strength Potion"}],"is_trial":false,"path_per_floor":["M","?","?","M","M","R","E","M","T","E","M","R","?","?","R","B",null,"M","?","M","$","M","E","?","E","T","M","E","M","M","$","R","B",null,"M","?","M","?","M","E","$","R","T","M","E","M","E","M","R","B",null,"R","$","E","B",null],"character_chosen":"HERMIT","items_purchased":["hermit:Ricochet","hermit:CursedWeapon","MerchantsRug","trackpad:BiPhaseBiplane","qcfpunch:Red_Headband","hermit:ShadowCloak","hermit:WideOpen","Trip","hubris:TenFootPole","Akabeko","ClockworkSouvenir","Panache","trackpad:Mousetrap","Swift Strike+1","hermit:Headshot+1","SpeedPotion","hermit:Tonic"],"campfire_rested":3,"item_purchase_floors":[0,0,21,21,31,31,31,31,41,41,41,41,53,53,53,53,53],"current_hp_per_floor":[55,55,55,43,43,43,19,21,21,21,24,24,13,13,35,35,79,66,66,50,50,48,44,44,45,45,24,21,21,8,8,38,37,104,102,102,95,95,96,83,83,83,83,85,86,63,74,67,105,87,128,128,128,116,70],"gold":74,"neow_bonus":"","is_daily":false,"chose_seed":false,"campfire_upgraded":2,"win_rate":0.0,"timestamp":1611342648,"path_taken":["M","?","?","M","M","R","E","M","T","E","?","R","?","?","R","BOSS","M","?","?","$","M","E","?","E","T","M","E","M","M","$","R","BOSS","M","?","M","?","M","E","$","R","T","M","E","M","E","?","R","BOSS","R","$","E","BOSS"],"items_purchased_type":["Card","Card","Relic","Relic","Relic","Card","Card","Card","Relic","Relic","Relic","Card","Relic","Card","Card","Potion","Potion"],"build_version":"2020-12-22","purchased_purges":0,"victory":true,"max_hp_per_floor":[75,75,75,75,75,75,75,75,75,75,76,76,76,76,76,79,79,80,80,82,82,84,95,95,96,96,98,101,102,103,103,103,104,104,105,105,111,111,114,115,115,115,115,116,117,123,124,127,127,128,128,128,128,130,131],"card_choices":[{"not_picked":["hermit:Manifest","hermit:CursedWeapon"],"picked":"hermit:Headshot","floor":1.0},{"not_picked":["hermit:HighCaliber","hermit:LowProfile"],"picked":"hermit:Enervate","floor":4.0},{"not_picked":["hermit:Manifest","hermit:Snipe"],"picked":"hermit:Horror","floor":5.0},{"not_picked":["hermit:Brawl","hermit:Manifest"],"picked":"hermit:BlackWind","floor":7.0},{"not_picked":["hermit:Manifest","hermit:CalledShot"],"picked":"hermit:Gestalt","floor":8.0},{"not_picked":["hermit:Feint","hermit:Dive"],"picked":"hermit:Desperado","floor":10.0},{"not_picked":["hermit:HoleUp","hermit:TakeCover"],"picked":"hermit:Vantage","floor":11.0},{"not_picked":["hermit:Gambit","hermit:FinalCanter"],"picked":"hermit:HeroicBravado","floor":16.0},{"not_picked":["hermit:Desperado","hermit:Ricochet"],"picked":"hermit:Virtue","floor":18.0},{"not_picked":["hermit:LowProfile","hermit:Dive"],"picked":"hermit:HighCaliber+1","floor":20.0},{"not_picked":["hermit:Quickdraw","hermit:BigShot"],"picked":"hermit:Midnight+1","floor":22.0},{"not_picked":["hermit:Roulette","hermit:LowProfile"],"picked":"hermit:Cheat","floor":23.0},{"not_picked":["hermit:Magnum","hermit:Combo"],"picked":"hermit:Spite+1","floor":25.0},{"not_picked":["hermit:Deadeye","hermit:DeadMansHand"],"picked":"hermit:Scavenge","floor":27.0},{"not_picked":["hermit:Dive","hermit:Ricochet"],"picked":"hermit:RoundhouseKick","floor":28.0},{"not_picked":["hermit:ItchyTrigger+1","hermit:BodyArmor"],"picked":"hermit:Malice","floor":29.0},{"not_picked":["hermit:Spite","hermit:Shortfuse"],"picked":"hermit:Scavenge+1","floor":30.0},{"not_picked":["hermit:Roughhouse","hermit:HighNoon"],"picked":"hermit:Purgatory","floor":33.0},{"not_picked":["hermit:Glare+1","hermit:SprayPray+1"],"picked":"hermit:HighCaliber+1","floor":35.0},{"not_picked":["hermit:BigShot+1","hermit:Snipe+1"],"picked":"hermit:Coalescence+1","floor":37.0},{"not_picked":["hermit:Combo","hermit:TakeCover+1"],"picked":"hermit:Headshot+1","floor":39.0},{"not_picked":["hermit:BlackWind","hermit:Headshot"],"picked":"hermit:NoHoldsBarred+1","floor":40.0},{"not_picked":["hermit:Coalescence+1","hermit:Deadeye"],"picked":"hermit:GhostlyPresence+1","floor":44.0},{"not_picked":["hermit:Coalescence","hermit:BodyArmor+1"],"picked":"hermit:Virtue+1","floor":45.0},{"not_picked":["hermit:LoneWolf","hermit:Feint+1"],"picked":"hermit:Misfire+1","floor":46.0},{"not_picked":["hermit:NoHoldsBarred+1","hermit:LoneWolf"],"picked":"hermit:Maintenance+1","floor":47.0},{"not_picked":["hermit:DeadMansHand","hermit:WideOpen+1"],"picked":"hermit:Shortfuse+1","floor":48.0},{"not_picked":["hermit:Ricochet+1","hermit:Malice+1"],"picked":"hermit:Dissolve","floor":54}],"player_experience":1290089,"relics_obtained":[{"floor":7.0,"key":"trackpad:AdjectivePendant"},{"floor":9.0,"key":"White Beast Statue"},{"floor":10.0,"key":"trackpad:ZombieHeart"},{"floor":23.0,"key":"Pear"},{"floor":23.0,"key":"hubris:GlazedTorus"},{"floor":25.0,"key":"hubris:ToyBattleship"},{"floor":25.0,"key":"Shuriken"},{"floor":26.0,"key":"CeramicFish"},{"floor":28.0,"key":"Old Coin"},{"floor":28.0,"key":"hubris:CrystalStatue"},{"floor":40.0,"key":"War Paint"},{"floor":40.0,"key":"qcfpunch:Fighting_Gloves"},{"floor":45.0,"key":"trackpad:DisasterInABottle"},{"floor":45.0,"key":"Meat on the Bone"},{"floor":47.0,"key":"Potion Belt"},{"floor":47.0,"key":"Molten Egg 2"},{"floor":54,"key":"Anchor"},{"floor":54,"key":"hubris:Teleporter"}],"event_choices":[{"damage_healed":0.0,"max_hp_gain":0.0,"max_hp_loss":0.0,"gold_gain":0.0,"cards_transformed":["hermit:Strike_Hermit"],"event_name":"Transmorgrifier","player_choice":"Transformed","floor":3.0,"gold_loss":0.0,"damage_taken":0.0,"cards_obtained":["hermit:CalledShot"]},{"damage_healed":0.0,"max_hp_gain":0.0,"max_hp_loss":0.0,"gold_gain":0.0,"event_name":"betterThird:BetterGoop","player_choice":"Slimed","floor":13.0,"gold_loss":35.0,"damage_taken":11.0},{"damage_healed":0.0,"max_hp_gain":0.0,"max_hp_loss":0.0,"gold_gain":55.0,"event_name":"Golden Wing","player_choice":"Gained Gold","floor":14.0,"gold_loss":0.0,"damage_taken":0.0},{"damage_healed":0.0,"max_hp_gain":0.0,"max_hp_loss":0.0,"gold_gain":0.0,"event_name":"Lab","player_choice":"Got Potions","floor":19.0,"gold_loss":0.0,"damage_taken":0.0},{"damage_healed":0.0,"max_hp_gain":0.0,"max_hp_loss":0.0,"gold_gain":0.0,"event_name":"FaceTrader","player_choice":"Trade","floor":24.0,"gold_loss":0.0,"damage_taken":0.0,"relics_obtained":["SsserpentHead"]},{"cards_removed":["hermit:Purgatory"],"damage_healed":0.0,"max_hp_gain":0.0,"max_hp_loss":0.0,"gold_gain":0.0,"event_name":"Falling","player_choice":"Removed Attack","floor":36.0,"gold_loss":0.0,"damage_taken":0.0},{"damage_healed":0.0,"max_hp_gain":0.0,"max_hp_loss":0.0,"gold_gain":0.0,"cards_transformed":["hermit:Defend_Hermit"],"event_name":"Transmorgrifier","player_choice":"Transformed","floor":38.0,"gold_loss":0.0,"damage_taken":0.0,"cards_obtained":["hermit:HeroicBravado"]}],"is_beta":false,"boss_relics":[{"not_picked":["hubris:HollowSoul","Calling Bell"],"picked":"Black Star"},{"not_picked":["Velvet Choker","Philosopher\u0027s Stone"],"picked":"bronze:MakeshiftBattery"}],"items_purged_floors":[],"is_endless":false,"potions_floor_spawned":[1,5,10,11,16,18,20,22,23,25,27,28,29,30,33,35,37,39,40,44,45,46,47,48,54],"ascension_level":3}}