{"host":"17eltwdkyvydzbrm","time":1611305106,"event":{"mods":["BaseMod","Better Vampires","Dota2Spire","Downfall","Minty Spire (QoL Compilation)","Robot Space Explorer","StSLib","noobMod"],"gold_per_floor":[99,99,111,111,1,21,21,6,16,16,16,51,51,51,64,163,213,213,227,227,244,244,261,316,332,332,344,344,444,463,155,171,268,268,268,282,295,295,309,309,309,342,355,371,371,397,407,61,75,75],"floor_reached":51,"language":"ZHS","playtime":3349,"items_purged":["downfall:Bewildered"],"score":781,"play_id":"39ecad53-d003-4712-9880-e0830fbf5c7e","local_time":"20210122164506","is_ascension_mode":false,"campfire_choices":[{"data":"Guardian:TwinSlam","floor":1,"key":"SMITH"},{"data":"Guardian:PrimingBeam","floor":11,"key":"SMITH"},{"data":"Guardian:SentryBeam","floor":13,"key":"SMITH"},{"data":"Guardian:HyperBeam_Guardian","floor":18,"key":"SMITH"},{"floor":28,"key":"REST"},{"data":"Guardian:BronzeOrb","floor":35,"key":"SMITH"},{"floor":45,"key":"REST"}],"circlet_count":0,"master_deck":["Guardian:Strike_Guardian","Guardian:Strike_Guardian","Guardian:Strike_Guardian","Guardian:Defend_Guardian","Guardian:Defend_Guardian+1","Guardian:Defend_Guardian","Guardian:Defend_Guardian+1","Guardian:CurlUp","Guardian:TwinSlam+1","Guardian:Reroute","Guardian:PrimingBeam+1","Guardian:Preprogram","Guardian:Reroute","Guardian:SentryBeam+1","Guardian:CrystalBeam+1","Guardian:HyperBeam_Guardian+1","Guardian:RollAttack","Guardian:VentSteam","Necronomicurse","Guardian:TemporalStrike","Guardian:Incinerate","Guardian:CrystalBeam","Guardian:SphericShield","Guardian:TimeSifter","Guardian:BronzeOrb+1","Guardian:PiercingHide+1","Guardian:TimeBomb","Guardian:EvasiveProtocol+1","Guardian:HyperBeam_Guardian","Guardian:DonusPower+1","Guardian:BronzeOrb+1","Guardian:CrystalBeam+1","expansioncontent:YouAreMine","expansioncontent:PolyBeam","expansioncontent:HyperBeam","Guardian:DecasProtection","Guardian:ShieldCharger","Guardian:BronzeOrb+1","Guardian:ChargeCore+1","expansioncontent:DashGenerateEvil","Guardian:RefractedBeam","Guardian:BronzeArmor","Parasite","Guardian:Reroute+1"],"relics":["Guardian:ModeShifter","ice","InkBottle","War Paint","Nunchaku","Tiny House","Necronomicon","Dream Catcher","sneckomod:BabySnecko","Dota2Spire:Butterfly","Bottled Flame","Orrery","Sozu","Dota2Spire:Desolator","Bronze Scales","Vajra","HandDrill","Sundial"],"acts_visited":["Exordium","TheCity","TheBeyond"],"potions_floor_usage":[16,16,25,33,33,33,42,50],"damage_taken":[{"damage":6,"enemies":"Cultist","floor":3,"turns":4},{"damage":5,"enemies":"downfall:FleeingMerchant","floor":5,"turns":4},{"damage":6,"enemies":"Jaw Worm","floor":6,"turns":3},{"damage":15,"enemies":"downfall:FleeingMerchant","floor":8,"turns":4},{"damage":0,"enemies":"2 Louse","floor":9,"turns":3},{"damage":18,"enemies":"3 Sentries","floor":12,"turns":6},{"damage":6,"enemies":"2 Fungi Beasts","floor":15,"turns":3},{"damage":13,"enemies":"SI_SHIV_ARCHETYPE","floor":16,"turns":7},{"damage":20,"enemies":"Shell Parasite","floor":19,"turns":4},{"damage":2,"enemies":"Spheric Guardian","floor":21,"turns":3},{"damage":10,"enemies":"Cultist and Chosen","floor":23,"turns":3},{"damage":14,"enemies":"Sentry and Sphere","floor":25,"turns":6},{"damage":11,"enemies":"Snake Plant","floor":27,"turns":2},{"damage":21,"enemies":"Colosseum Nobs","floor":29,"turns":4},{"damage":0,"enemies":"Centurion and Healer","floor":30,"turns":3},{"damage":16,"enemies":"downfall:FleeingMerchant","floor":31,"turns":4},{"damage":0,"enemies":"3 Cultists","floor":32,"turns":1},{"damage":7,"enemies":"WA_ARCHETYPE_CALM","floor":33,"turns":7},{"damage":0,"enemies":"3 Shapes","floor":36,"turns":1},{"damage":0,"enemies":"3 Darklings","floor":37,"turns":1},{"damage":0,"enemies":"Jaw Worm Horde","floor":39,"turns":1},{"damage":0,"enemies":"Nemesis","floor":42,"turns":3},{"damage":10,"enemies":"Transient","floor":43,"turns":5},{"damage":0,"enemies":"3 Darklings","floor":44,"turns":1},{"damage":10,"enemies":"Spire Growth","floor":47,"turns":2},{"damage":20,"enemies":"downfall:FleeingMerchant","floor":48,"turns":3},{"damage":0,"enemies":"Writhing Mass","floor":49,"turns":2},{"damage":8,"enemies":"IC_BLOCK_ARCHETYPE","floor":50,"turns":8}],"seed_played":"1501676910622716252","potions_obtained":[{"floor":6,"key":"Strength Potion"},{"floor":9,"key":"EssenceOfSteel"},{"floor":16,"key":"EntropicBrew"},{"floor":17,"key":"AttackPotion"},{"floor":23,"key":"ColorlessPotion"}],"is_trial":false,"path_per_floor":["R","?","M","?","$","M","T","$","M","?","R","E","R","?","M","B",null,"R","M","?","M","?","M","T","M","?","M","R","?","M","$","M","B",null,"R","M","M","?","M","?","T","E","M","M","R","T","M","$","M","B",null],"character_chosen":"GUARDIAN","items_purchased":["Guardian:PrimingBeam","Fire Potion","Guardian:BronzeOrb","Orrery","expansioncontent:DashGenerateEvil","Guardian:RefractedBeam","Guardian:BronzeArmor","HandDrill","Sundial"],"campfire_rested":2,"item_purchase_floors":[5,5,31,31,48,48,48,48,48],"current_hp_per_floor":[88,88,82,87,82,76,76,61,61,61,61,43,43,25,19,6,98,98,78,62,60,60,50,50,36,36,25,54,33,33,17,17,10,98,98,98,98,98,98,88,88,88,78,78,98,98,88,68,68,90],"gold":75,"neow_bonus":"TEN_PERCENT_HP_BONUS","is_daily":false,"chose_seed":false,"campfire_upgraded":5,"win_rate":0.0,"timestamp":1611305106,"path_taken":["R","?","?","?","$","M","T","?","?","?","R","E","R","?","M","BOSS","R","M","?","M","?","M","T","M","?","M","R","?","M","$","M","BOSS","R","M","M","?","M","?","T","E","?","M","R","?","?","$","M","BOSS"],"items_purchased_type":["Card","Potion","Card","Relic","Card","Card","Card","Relic","Relic"],"build_version":"2020-12-22","purchased_purges":1,"victory":true,"max_hp_per_floor":[88,88,88,93,93,93,93,93,93,93,93,93,93,93,93,93,98,98,98,98,98,98,98,98,98,98,98,98,98,98,98,98,98,98,98,98,98,98,98,98,98,98,98,98,98,98,98,98,98,103],"card_choices":[{"not_picked":["Guardian:TemporalShield","Guardian:PiercingHide"],"picked":"Guardian:Reroute","floor":3},{"not_picked":["Guardian:ShieldCharger","Guardian:Recover"],"picked":"Guardian:Gem_White","floor":5},{"not_picked":["Guardian:Gem_Green","Guardian:EvasiveProtocol"],"picked":"Guardian:Gem_Lightblue","floor":6},{"not_picked":["Guardian:ShieldCharger","Guardian:TemporalShield"],"picked":"Guardian:Preprogram","floor":8},{"not_picked":["Guardian:Gem_Green","Guardian:VentSteam"],"picked":"Guardian:Reroute","floor":9},{"not_picked":["Guardian:BronzeArmor","Guardian:Gem_Synthetic"],"picked":"Guardian:SentryBeam","floor":12},{"not_picked":["Guardian:TemporalShield","Guardian:PrimingBeam"],"picked":"Guardian:CrystalBeam","floor":15},{"not_picked":["Guardian:Gem_Synthetic","Guardian:ExploitGems"],"picked":"Guardian:HyperBeam_Guardian","floor":16},{"not_picked":["Guardian:Clone","Guardian:BronzeArmor"],"picked":"Guardian:RollAttack","floor":17},{"not_picked":["Guardian:Reroute","Guardian:PrimingBeam"],"picked":"Guardian:VentSteam","floor":19},{"not_picked":["Guardian:Gem_Green","Guardian:GuardianWhirl"],"picked":"Guardian:Gem_Blue","floor":21},{"not_picked":["Guardian:GuardianWhirl","Guardian:TimeSifter"],"picked":"Guardian:Gem_Red","floor":23},{"not_picked":["Guardian:ShieldSpikes","Guardian:CrystalBeam+1"],"picked":"Guardian:Gem_Red","floor":25},{"not_picked":["Guardian:VentSteam","Guardian:BodySlam"],"picked":"Guardian:TemporalStrike","floor":27},{"not_picked":["Guardian:PrimingBeam","Guardian:Repulse"],"picked":"Guardian:Incinerate","floor":28},{"not_picked":["Guardian:Gem_Red","Guardian:TemporalShield"],"picked":"Guardian:CrystalBeam","floor":29},{"not_picked":["Guardian:Gem_White","Guardian:Gem_Red"],"picked":"Guardian:SphericShield","floor":30},{"not_picked":["Guardian:Repulse+1","Guardian:Gem_Purple"],"picked":"Guardian:TimeSifter","floor":31},{"not_picked":["Guardian:CrystalBeam+1","Guardian:Incinerate"],"picked":"Guardian:PiercingHide+1","floor":31},{"not_picked":["Guardian:VentSteam","Guardian:TemporalStrike"],"picked":"Guardian:TimeBomb","floor":31},{"not_picked":["Guardian:TemporalStrike","Guardian:Gem_Fragmented"],"picked":"Guardian:Gem_Cyan","floor":31},{"not_picked":["Guardian:TemporalShield","Guardian:Planning"],"picked":"Guardian:EvasiveProtocol+1","floor":31},{"not_picked":["Guardian:ArmoredProtocol","Guardian:VentSteam+1"],"picked":"Guardian:HyperBeam_Guardian","floor":31},{"not_picked":["Guardian:Harden","Guardian:PrismaticBarrier"],"picked":"Guardian:DonusPower+1","floor":32},{"not_picked":["Guardian:StasisStrike","Guardian:StasisField"],"picked":"Guardian:Gem_Synthetic","floor":33},{"not_picked":["Guardian:Planning+1","Guardian:ShieldCharger"],"picked":"Guardian:BronzeOrb+1","floor":36},{"not_picked":["Guardian:PiercingHide","Guardian:Incinerate"],"picked":"Guardian:Gem_Lightblue","floor":37},{"not_picked":["Guardian:Recover","Guardian:TemporalShield+1"],"picked":"Guardian:CrystalBeam+1","floor":39},{"not_picked":["expansioncontent:PrepareCrush","expansioncontent:LastStand"],"picked":"expansioncontent:YouAreMine","floor":40},{"not_picked":["expansioncontent:HyperBeam","expansioncontent:YouAreMine"],"picked":"expansioncontent:PolyBeam","floor":40},{"not_picked":["expansioncontent:Chronoboost","expansioncontent:YouAreMine"],"picked":"expansioncontent:HyperBeam","floor":40},{"not_picked":["Guardian:GuardianWhirl+1","Guardian:RevengeProtocol"],"picked":"Guardian:DecasProtection","floor":42},{"not_picked":["Guardian:RollAttack","Guardian:PrimingBeam","Guardian:Planning"],"picked":"SKIP","floor":43},{"not_picked":["Guardian:Gem_Blue","Guardian:Emergency+1"],"picked":"Guardian:Gem_Yellow","floor":44},{"not_picked":["Guardian:Gem_Red","Guardian:Gem_Lightblue"],"picked":"Guardian:ShieldCharger","floor":45},{"not_picked":["Guardian:Suspension+1","Guardian:Gem_Cyan"],"picked":"Guardian:BronzeOrb+1","floor":47},{"not_picked":["Guardian:Gem_Cyan","Guardian:HyperBeam_Guardian"],"picked":"Guardian:ChargeCore+1","floor":48},{"not_picked":["Guardian:PrimingBeam+1","Guardian:PrismaticBeam+1"],"picked":"Guardian:Reroute+1","floor":49}],"player_experience":13033,"relics_obtained":[{"floor":7,"key":"InkBottle"},{"floor":12,"key":"War Paint"},{"floor":20,"key":"Necronomicon"},{"floor":24,"key":"Dream Catcher"},{"floor":29,"key":"Dota2Spire:Butterfly"},{"floor":29,"key":"Bottled Flame"},{"floor":41,"key":"Dota2Spire:Desolator"},{"floor":42,"key":"Bronze Scales"},{"floor":46,"key":"Vajra"}],"event_choices":[{"damage_healed":0,"gold_gain":0,"player_choice":"Donut","damage_taken":0,"max_hp_gain":5,"max_hp_loss":0,"event_name":"Big Fish","floor":4,"gold_loss":0},{"damage_healed":0,"gold_gain":0,"player_choice":"Success","damage_taken":18,"relics_obtained":["Nunchaku"],"max_hp_gain":0,"max_hp_loss":0,"event_name":"Scrap Ooze","floor":14,"gold_loss":0}],"is_beta":false,"boss_relics":[{"not_picked":["Guardian:StasisSlotReductionRelic","Velvet Choker"],"picked":"Tiny House"},{"not_picked":["Fusion Hammer","Guardian:ModeShifterPlus"],"picked":"Sozu"}],"items_purged_floors":[31],"is_endless":false,"potions_floor_spawned":[6,9,15,16,21,23,37,39,42],"ascension_level":0}}