{"host":"dw8ij7emqco3quom","time":1611342577,"event":{"mods":["BaseMod","Minty Spire (QoL Compilation)"],"gold_per_floor":[110,120,70,70,35,35,52,81,81,106,106,31,31,31,31,136,136,150,150,50,60,71,71,105,105,179,179,195,210,210,220,220,220,220],"floor_reached":33,"language":"FRA","playtime":5098,"items_purged":["Strike_R","Strike_R"],"score":355,"play_id":"e913d667-a0ba-4ca8-8f93-d34f94e52561","local_time":"20210122200937","is_ascension_mode":true,"campfire_choices":[{"floor":6.0,"key":"RECALL"},{"floor":11.0,"key":"REST"},{"data":"Armaments","floor":15.0,"key":"SMITH"},{"data":"Rampage","floor":23,"key":"SMITH"},{"data":"Exhume","floor":25,"key":"SMITH"},{"data":"Body Slam","floor":27,"key":"SMITH"},{"floor":32,"key":"REST"}],"circlet_count":0,"master_deck":["Strike_R","Strike_R","Defend_R","Defend_R","Bash","Armaments+1","Metallicize","Impervious","Entrench","Rampage+1","Impervious","Body Slam+1","Exhume+1","Iron Wave","Sword Boomerang","Twin Strike","Power Through+1","Metallicize","Headbutt","Clothesline+1","Shrug It Off","Juggernaut","Body Slam"],"relics":["Burning Blood","Torii","WingedGreaves","Regal Pillow","NlothsMask","Sozu","Potion Belt"],"acts_visited":["Exordium","TheCity"],"potions_floor_usage":[16,18],"damage_taken":[{"damage":4.0,"enemies":"Small Slimes","floor":1.0,"turns":5.0},{"damage":1.0,"enemies":"Cultist","floor":2.0,"turns":4.0},{"damage":1.0,"enemies":"2 Louse","floor":7.0,"turns":3.0},{"damage":46.0,"enemies":"Gremlin Nob","floor":8.0,"turns":6.0},{"damage":25.0,"enemies":"Lagavulin","floor":10.0,"turns":11.0},{"damage":51,"enemies":"Slime Boss","floor":16,"turns":18},{"damage":2,"enemies":"Shell Parasite","floor":18,"turns":8},{"damage":13,"enemies":"Spheric Guardian","floor":21,"turns":6},{"damage":0,"enemies":"Snake Plant","floor":22,"turns":4},{"damage":31,"enemies":"Gremlin Leader","floor":24,"turns":9},{"damage":27,"enemies":"Cultist and Chosen","floor":28,"turns":8},{"damage":0,"enemies":"Centurion and Healer","floor":29,"turns":8},{"damage":28,"enemies":"3 Cultists","floor":31,"turns":7},{"damage":65,"enemies":"Collector","floor":33,"turns":9}],"seed_played":"-4718257094080866201","potions_obtained":[{"floor":2.0,"key":"Regen Potion"},{"floor":8.0,"key":"ElixirPotion"},{"floor":16,"key":"SkillPotion"}],"is_trial":false,"path_per_floor":["M","M","?","?","$","R","M","E","T","E","R","$","?","?","R","B",null,"M","?","$","M","M","R","E","R","T","R","M","M","?","M","R","B"],"character_chosen":"IRONCLAD","items_purchased":["Entrench"],"campfire_rested":2,"item_purchase_floors":[5],"current_hp_per_floor":[82,87,87,87,87,87,88,48,48,44,85,85,85,85,85,40,76,80,80,80,73,79,79,54,54,54,54,33,39,39,17,58,0,0],"gold":220,"neow_bonus":"TEN_PERCENT_HP_BONUS","is_daily":false,"chose_seed":false,"campfire_upgraded":4,"win_rate":0.0,"timestamp":1611342577,"path_taken":["M","M","?","?","$","R","?","E","T","E","R","$","?","?","R","BOSS","M","?","$","M","M","R","E","R","T","R","M","M","?","?","R","BOSS"],"items_purchased_type":["Card"],"build_version":"2020-12-22","purchased_purges":2,"victory":false,"max_hp_per_floor":[88,88,88,88,88,88,88,88,88,88,88,88,88,88,88,88,88,88,88,88,88,88,88,88,88,88,88,88,88,88,88,88,88,88],"card_choices":[{"not_picked":["Clothesline","Thunderclap"],"picked":"Armaments","floor":1.0},{"not_picked":["Bloodletting","Havoc"],"picked":"Metallicize","floor":2.0},{"not_picked":["Cleave","Infernal Blade"],"picked":"Rampage","floor":7.0},{"not_picked":["Metallicize","True Grit"],"picked":"Impervious","floor":8.0},{"not_picked":["Perfected Strike","Uppercut"],"picked":"Body Slam","floor":10.0},{"not_picked":["Brutality","Offering"],"picked":"Exhume","floor":16},{"not_picked":["Reckless Charge","Hemokinesis"],"picked":"Iron Wave","floor":18},{"not_picked":["Pummel","Armaments"],"picked":"Power Through+1","floor":21},{"not_picked":["Disarm+1","Thunderclap+1"],"picked":"Metallicize","floor":22},{"not_picked":["Brutality","Burning Pact+1","Heavy Blade"],"picked":"SKIP","floor":24},{"not_picked":["Rampage+1","Feel No Pain"],"picked":"Headbutt","floor":28},{"not_picked":["Second Wind","Twin Strike"],"picked":"Clothesline+1","floor":29},{"not_picked":["Intimidate","Thunderclap"],"picked":"Body Slam","floor":31}],"player_experience":669338,"relics_obtained":[{"floor":8.0,"key":"Torii"},{"floor":9.0,"key":"WingedGreaves"},{"floor":10.0,"key":"Regal Pillow"},{"floor":24,"key":"Potion Belt"}],"event_choices":[{"cards_removed":["Defend_R"],"damage_healed":0.0,"max_hp_gain":0.0,"max_hp_loss":0.0,"gold_gain":0.0,"event_name":"The Cleric","player_choice":"Card Removal","floor":3.0,"gold_loss":50.0,"damage_taken":0.0},{"damage_healed":0.0,"max_hp_gain":0.0,"max_hp_loss":0.0,"gold_gain":0.0,"event_name":"Match and Keep!","player_choice":"1 cards matched","floor":4.0,"gold_loss":0.0,"damage_taken":0.0,"cards_obtained":["Impervious"]},{"damage_healed":0.0,"max_hp_gain":0.0,"max_hp_loss":0.0,"gold_gain":0.0,"event_name":"Shining Light","player_choice":"Ignored","floor":13.0,"gold_loss":0.0,"damage_taken":0.0},{"damage_healed":0.0,"max_hp_gain":0.0,"max_hp_loss":0.0,"gold_gain":0.0,"event_name":"FaceTrader","player_choice":"Trade","floor":14.0,"gold_loss":0.0,"damage_taken":0.0,"relics_obtained":["NlothsMask"]},{"damage_healed":0,"gold_gain":0,"cards_transformed":["Strike_R","Defend_R"],"player_choice":"Became Test Subject","damage_taken":0,"max_hp_gain":0,"max_hp_loss":0,"event_name":"Drug Dealer","floor":19,"gold_loss":0,"cards_obtained":["Sword Boomerang","Twin Strike"]},{"damage_healed":0,"gold_gain":0,"player_choice":"2 cards matched","damage_taken":0,"max_hp_gain":0,"max_hp_loss":0,"event_name":"Match and Keep!","floor":30,"gold_loss":0,"cards_obtained":["Shrug It Off","Juggernaut"]}],"is_beta":false,"boss_relics":[{"not_picked":["Cursed Key","Black Blood"],"picked":"Sozu"}],"items_purged_floors":[12,20],"is_endless":false,"potions_floor_spawned":[2,8,16,21,28,31],"killed_by":"Collector","ascension_level":6}}