{"host":"by8i6f8xc0ywpsd5","time":1611340634,"event":{"mods":["BaseMod","Colored Map","Minty Spire (QoL Compilation)","Relic Stats"],"gold_per_floor":[111,111,9,26,43,43,57,92,115,143,18,33,33,65,65,137,137,155,14,14,29,40,70,70,88,88,117,117,117,117],"floor_reached":29,"language":"ENG","playtime":1210,"items_purged":["Strike_R","Strike_R"],"score":566,"play_id":"36cf789f-1dc6-4a00-bb53-f197ed8cc95e","local_time":"20210122203714","is_ascension_mode":true,"campfire_choices":[{"data":"Clothesline","floor":6.0,"key":"SMITH"},{"data":"Body Slam","floor":15.0,"key":"SMITH"},{"data":"Juggernaut","floor":24.0,"key":"SMITH"},{"data":"Fire Breathing","floor":28,"key":"SMITH"}],"circlet_count":0,"master_deck":["AscendersBane","Strike_R","Strike_R","Strike_R","Defend_R","Defend_R","Defend_R","Bash","Flame Barrier","Clothesline+1","Evolve","Power Through","Armaments","Dropkick","Fire Breathing+1","Body Slam+1","Juggernaut+1","Carnage","Corruption","Power Through","Evolve","Ghostly","Ghostly","Ghostly","Whirlwind","Metallicize+1","Seeing Red","Juggernaut","Exhume"],"relics":["Burning Blood","Akabeko","Regal Pillow","Orichalcum","Lantern","Nunchaku","Philosopher\u0027s Stone","Calipers","Incense Burner"],"acts_visited":["Exordium","TheCity"],"potions_floor_usage":[29],"damage_taken":[{"damage":0.0,"enemies":"Small Slimes","floor":1.0,"turns":2.0},{"damage":1.0,"enemies":"Cultist","floor":4.0,"turns":4.0},{"damage":0.0,"enemies":"2 Louse","floor":5.0,"turns":3.0},{"damage":5.0,"enemies":"Lots of Slimes","floor":7.0,"turns":6.0},{"damage":15.0,"enemies":"3 Sentries","floor":8.0,"turns":8.0},{"damage":24.0,"enemies":"Gremlin Nob","floor":10.0,"turns":5.0},{"damage":4.0,"enemies":"2 Fungi Beasts","floor":12.0,"turns":3.0},{"damage":18.0,"enemies":"Lagavulin","floor":14.0,"turns":7.0},{"damage":28.0,"enemies":"Hexaghost","floor":16.0,"turns":9.0},{"damage":0.0,"enemies":"2 Thieves","floor":18.0,"turns":3.0},{"damage":0.0,"enemies":"Chosen","floor":21.0,"turns":5.0},{"damage":0.0,"enemies":"3 Cultists","floor":22.0,"turns":1.0},{"damage":1.0,"enemies":"Book of Stabbing","floor":23.0,"turns":6.0},{"damage":12.0,"enemies":"Centurion and Healer","floor":25.0,"turns":7.0},{"damage":20,"enemies":"Gremlin Leader","floor":27,"turns":8},{"damage":31,"enemies":"Slavers","floor":29,"turns":1}],"seed_played":"-8977978300497756747","potions_obtained":[{"floor":4.0,"key":"Ancient Potion"},{"floor":7.0,"key":"Energy Potion"},{"floor":12.0,"key":"FearPotion"},{"floor":18.0,"key":"Regen Potion"}],"is_trial":false,"path_per_floor":["M","?","$","M","M","R","M","E","T","E","$","M","?","E","R","B",null,"M","$","?","M","M","E","R","M","T","E","R","E"],"character_chosen":"IRONCLAD","items_purchased":["Clothesline","Evolve","Body Slam","Evolve"],"campfire_rested":0,"item_purchase_floors":[3,3,11,19],"current_hp_per_floor":[74,74,74,75,75,75,75,66,66,48,48,50,75,63,63,41,67,73,73,37,37,37,37,37,31,31,17,17,0,0],"gold":117,"neow_bonus":"RANDOM_COMMON_RELIC","is_daily":false,"chose_seed":false,"campfire_upgraded":4,"win_rate":0.0,"timestamp":1611340634,"path_taken":["M","?","?","M","M","R","M","E","T","E","$","M","?","E","R","BOSS","M","?","?","M","M","E","R","M","T","E","R","E"],"items_purchased_type":["Card","Card","Card","Card"],"build_version":"2020-12-22","purchased_purges":2,"victory":false,"max_hp_per_floor":[75,75,75,75,75,75,75,75,75,75,75,75,75,75,75,75,75,75,75,37,37,37,37,37,37,37,37,37,37,37],"relic_stats":{"Regal Pillow":0,"Nunchaku":[5],"counters":[16,78],"Orichalcum":[132],"obtain_stats":[{"Regal Pillow":8,"Lantern":10,"Nunchaku":14,"Calipers":23,"Philosopher\u0027s Stone":17,"Incense Burner":27,"Orichalcum":9,"Burning Blood":0,"Akabeko":0},{"Regal Pillow":5,"Lantern":6,"Nunchaku":8,"Calipers":13,"Philosopher\u0027s Stone":9,"Incense Burner":15,"Orichalcum":5,"Burning Blood":0,"Akabeko":0},{"Regal Pillow":23,"Lantern":28,"Nunchaku":38,"Calipers":62,"Philosopher\u0027s Stone":47,"Incense Burner":77,"Orichalcum":23,"Burning Blood":0,"Akabeko":0}],"Burning Blood":62},"card_choices":[{"not_picked":["Wild Strike","Warcry"],"picked":"Flame Barrier","floor":1.0},{"not_picked":["Rampage","Armaments"],"picked":"Power Through","floor":4.0},{"not_picked":["Shrug It Off","Dual Wield"],"picked":"Armaments","floor":5.0},{"not_picked":["Entrench","Iron Wave"],"picked":"Dropkick","floor":7.0},{"not_picked":["Second Wind","Pummel"],"picked":"Inflame","floor":8.0},{"not_picked":["Dark Embrace","Havoc"],"picked":"Fire Breathing","floor":10.0},{"not_picked":["Rampage","Sword Boomerang"],"picked":"Juggernaut","floor":12.0},{"not_picked":["Flex","Rage"],"picked":"Carnage","floor":14.0},{"not_picked":["Brutality","Feed"],"picked":"Corruption","floor":16.0},{"not_picked":["Anger","Headbutt"],"picked":"Power Through","floor":18.0},{"not_picked":["Flame Barrier","Pummel"],"picked":"Whirlwind","floor":21.0},{"not_picked":["Clash","Iron Wave"],"picked":"Metallicize+1","floor":22.0},{"not_picked":["Carnage","Pommel Strike"],"picked":"Seeing Red","floor":23.0},{"not_picked":["True Grit","Havoc"],"picked":"Juggernaut","floor":25.0},{"not_picked":["Heavy Blade+1","Havoc"],"picked":"Exhume","floor":27}],"player_experience":1709919,"relics_obtained":[{"floor":8.0,"key":"Regal Pillow"},{"floor":9.0,"key":"Orichalcum"},{"floor":10.0,"key":"Lantern"},{"floor":14.0,"key":"Nunchaku"},{"floor":23.0,"key":"Calipers"},{"floor":27,"key":"Incense Burner"}],"event_choices":[{"cards_removed":["Defend_R"],"damage_healed":0.0,"max_hp_gain":0.0,"max_hp_loss":0.0,"gold_gain":0.0,"event_name":"Purifier","player_choice":"Purged","floor":2.0,"gold_loss":0.0,"damage_taken":0.0},{"cards_removed":["Inflame"],"damage_healed":25.0,"max_hp_gain":0.0,"max_hp_loss":0.0,"gold_gain":0.0,"event_name":"Bonfire Elementals","player_choice":"Offered Uncommon","floor":13.0,"gold_loss":0.0,"damage_taken":0.0},{"damage_healed":0.0,"max_hp_gain":0.0,"max_hp_loss":38.0,"gold_gain":0.0,"event_name":"Ghosts","player_choice":"Became a Ghost","floor":20.0,"gold_loss":0.0,"damage_taken":0.0,"cards_obtained":["Ghostly","Ghostly","Ghostly"]}],"is_beta":false,"boss_relics":[{"not_picked":["Busted Crown","Ectoplasm"],"picked":"Philosopher\u0027s Stone"}],"items_purged_floors":[11,19],"is_endless":false,"potions_floor_spawned":[4,7,12,18,23,27],"killed_by":"Slavers","ascension_level":20}}