{"host":"b7j598ve05halrwk","time":1611359240,"event":{"mods":["2.2 Compatiblity","BaseMod","Block Reminder","DeckTracker","Minty Spire (QoL Compilation)","Relic Stats","Slay the Relics Exporter","StSLib","ojb\u0027s Better Paths Mod","ojb\u0027s Info Mod"],"gold_per_floor":[19,19,43,64,89,89,89],"floor_reached":6,"language":"ENG","playtime":307,"items_purged":[],"score":76,"play_id":"3055f8be-669d-4c6c-8eab-66b28b9c7063","local_time":"20210122184720","is_ascension_mode":true,"campfire_choices":[],"circlet_count":0,"master_deck":["AscendersBane","Strike_B","Strike_B","Defend_B","Defend_B","Defend_B","Defend_B","Zap","Dualcast","Barrage","Static Discharge","Sweeping Beam","Sweeping Beam"],"relics":["Cracked Core","Golden Idol"],"acts_visited":["Exordium"],"potions_floor_usage":[5],"damage_taken":[{"damage":9,"enemies":"Jaw Worm","floor":1,"turns":4},{"damage":8,"enemies":"2 Louse","floor":3,"turns":3},{"damage":2,"enemies":"Cultist","floor":4,"turns":4},{"damage":18,"enemies":"Large Slime","floor":5,"turns":4},{"damage":44,"enemies":"Gremlin Nob","floor":6,"turns":3}],"seed_played":"-5034217603001507047","potions_obtained":[{"floor":4,"key":"DistilledChaos"}],"is_trial":false,"path_per_floor":["M","?","M","M","M","E"],"character_chosen":"DEFECT","items_purchased":[],"campfire_rested":0,"item_purchase_floors":[],"current_hp_per_floor":[55,55,47,45,27,0,0],"gold":89,"neow_bonus":"REMOVE_TWO","is_daily":false,"chose_seed":false,"campfire_upgraded":0,"win_rate":0.0,"timestamp":1611359240,"path_taken":["M","?","M","M","M","E"],"items_purchased_type":[],"build_version":"2020-12-22","purchased_purges":0,"victory":false,"max_hp_per_floor":[71,64,64,64,64,64,64],"relic_stats":{"counters":[5,18],"Golden Idol":14,"obtain_stats":[{"Golden Idol":2,"Cracked Core":0},{"Golden Idol":1,"Cracked Core":0},{"Golden Idol":4,"Cracked Core":0}]},"card_choices":[{"not_picked":["Fusion","Coolheaded"],"picked":"Barrage","floor":1},{"not_picked":["Hologram","Storm"],"picked":"Static Discharge","floor":3},{"not_picked":["Hologram","Genetic Algorithm"],"picked":"Sweeping Beam","floor":4},{"not_picked":["Aggregate","Stack"],"picked":"Sweeping Beam","floor":5}],"player_experience":1035164,"relics_obtained":[],"event_choices":[{"damage_healed":0,"gold_gain":0,"player_choice":"Lose Max HP","damage_taken":0,"relics_obtained":["Golden Idol"],"max_hp_gain":0,"max_hp_loss":7,"event_name":"Golden Idol","floor":2,"gold_loss":0}],"is_beta":false,"boss_relics":[],"items_purged_floors":[],"is_endless":false,"potions_floor_spawned":[4],"killed_by":"Gremlin Nob","ascension_level":20}}