{"host":"hqxy2g3i5ker09hc","time":1611357415,"event":{"mods":["2.2 Compatiblity","AlwaysNeverKeys","Aspiration","BaseMod","Beaked The Cultist","Better Match","Better Note","Better Sensory Stone","Better Silent Start","Better Third Choice","Better-Laid Plans","CCEM","CatGirl Mod","Chen","Conspire","Fireblade Mod","GifTheSpireLib","Gold Saver","Hubris","Ironclad Rager","Minty Spire (QoL Compilation)","MostiFishMod","Permanent Neow","Quarter Circle Forward PUNCH!","Quick Restart","Replay The Spire","Shop Mod","Small Relic Pack","Spikes Relics","StSLib","Stuff the Spire","The Animator","The Bug Knight","The Forsaken","The Wild Card","vexMod"],"gold_per_floor":[776,241,258,258,179,214,214,243,323,323,334,346,346,362,362,458,458,475,475,435,446,52,52,84,102,102,119,131,131,131,206,206],"floor_reached":31,"language":"ENG","playtime":1530,"items_purged":["theCatGirl:Strike"],"score":278,"play_id":"8b8a8523-616b-4cfd-a2e3-b2bfc97443fd","local_time":"20210123001655","is_ascension_mode":true,"campfire_choices":[{"floor":7.0,"key":"REST"},{"floor":10.0,"key":"REST"},{"data":"theCatGirl:Enrage","floor":15.0,"key":"SMITH"},{"data":"theCatGirl:BleedingWounds","floor":23.0,"key":"SMITH"}],"circlet_count":0,"master_deck":["theCatGirl:Strike+1","theCatGirl:Strike+1","theCatGirl:Strike+1","theCatGirl:Defend+1","theCatGirl:Defend+1","theCatGirl:Defend+1","theCatGirl:Defend+1","theCatGirl:ClawStrike","theCatGirl:Evasion","Replay:Bootleg Shield Generator","theCatGirl:FumblingBlow","theCatGirl:Prepared","theCatGirl:PoisedStrike","theCatGirl:BloodScent","theCatGirl:Misfire","theCatGirl:Counterattack","theCatGirl:QuickStrike","theCatGirl:Enrage+1","theCatGirl:BleedingWounds+1","theCatGirl:TrainWreck+1","RitualDagger","theCatGirl:LearnByMistake+1","MostiFishMod:Galeforce","theCatGirl:SevenLives+1","theCatGirl:ThatWasntIt+1"],"relics":["theCatGirl:TrainedRelic","DaveBox","Blood Vial","SynthV:TestCard","theForsaken:Lifeblossom","Blue Doll","relicPack:DSword","Potion Belt","PreservedInsect","Toxic Egg 2","aspiration:PoetsPen_weak","relicPack:SpireResearchBook","Nunchaku","Mirror"],"acts_visited":["Exordium","TheCity"],"potions_floor_usage":[],"damage_taken":[{"damage":9.0,"enemies":"Cultist","floor":1.0,"turns":4.0},{"damage":0.0,"enemies":"Small Slimes","floor":3.0,"turns":4.0},{"damage":20.0,"enemies":"Gremlin Nob","floor":6.0,"turns":4.0},{"damage":33.0,"enemies":"Lagavulin","floor":8.0,"turns":4.0},{"damage":0.0,"enemies":"2 Louse","floor":11.0,"turns":3.0},{"damage":0.0,"enemies":"Gremlin Gang","floor":12.0,"turns":5.0},{"damage":9.0,"enemies":"Exordium Wildlife","floor":14.0,"turns":4.0},{"damage":37.0,"enemies":"The Guardian","floor":16.0,"turns":7.0},{"damage":11.0,"enemies":"Chosen","floor":18.0,"turns":4.0},{"damage":15.0,"enemies":"Shell Parasite","floor":21.0,"turns":5.0},{"damage":23.0,"enemies":"HollowMod:Nosk","floor":24.0,"turns":8.0},{"damage":8.0,"enemies":"Snake Plant","floor":25.0,"turns":4.0},{"damage":12.0,"enemies":"Snecko","floor":27.0,"turns":5.0},{"damage":36.0,"enemies":"Sentry and Sphere","floor":28.0,"turns":8.0}],"seed_played":"-3007944884558079235","potions_obtained":[{"floor":3.0,"key":"FearPotion"},{"floor":8.0,"key":"GamblersBrew"},{"floor":12.0,"key":"FearPotion"},{"floor":14.0,"key":"Strength Potion"},{"floor":16.0,"key":"LiquidMemories"},{"floor":18.0,"key":"conspire:TimeTravelPotion"},{"floor":20.0,"key":"Strength Potion"},{"floor":20.0,"key":"DuplicationPotion"},{"floor":20.0,"key":"SteroidPotion"},{"floor":24.0,"key":"Swift Potion"}],"is_trial":false,"path_per_floor":["M","$","M","?","$","E","R","E","T","R","M","M","?","M","R","B",null,"M","?","?","M","$","R","E","M","T","M","M","$","?","?"],"character_chosen":"THE_CATGIRL","items_purchased":["theForsaken:Lifeblossom","Blue Doll","Replay:Bootleg Shield Generator","theCatGirl:FumblingBlow","theCatGirl:Prepared","theCatGirl:BloodScent","theCatGirl:Misfire","relicPack:SpireResearchBook","MostiFishMod:Galeforce"],"campfire_rested":2,"item_purchase_floors":[2,2,2,2,2,5,5,22,22],"current_hp_per_floor":[61,61,69,34,34,22,43,18,18,39,46,54,57,56,56,27,73,63,57,57,50,50,50,35,35,35,31,3,3,3,0,0],"gold":206,"neow_bonus":"RANDOM_COMMON_RELIC","is_daily":false,"chose_seed":false,"campfire_upgraded":2,"win_rate":0.0,"timestamp":1611357415,"path_taken":["M","$","M","?","$","E","R","E","T","R","M","M","?","M","R","BOSS","M","?","?","?","$","R","E","M","T","M","M","$","?","?"],"items_purchased_type":["Relic","Relic","Card","Card","Card","Card","Card","Relic","Card"],"build_version":"2020-12-22","purchased_purges":1,"victory":false,"max_hp_per_floor":[70,70,70,70,70,70,70,70,70,70,70,70,73,73,73,73,73,73,73,73,73,73,73,73,73,73,73,73,73,73,73,73],"card_choices":[{"not_picked":["theCatGirl:ChangeOfPlans","theCatGirl:ExtremeSpeed","theCatGirl:Stalk"],"picked":"SKIP","floor":1.0},{"not_picked":["theCatGirl:LuckyBlow","theCatGirl:RecoveryBlow","theCatGirl:DefensiveStance","theCatGirl:ClawScratch"],"picked":"theCatGirl:PoisedStrike","floor":3.0},{"not_picked":["theCatGirl:Misfire","theCatGirl:EmergencyParry","theCatGirl:ScratchFlurry","theCatGirl:BloodBath"],"picked":"theCatGirl:Counterattack","floor":6.0},{"not_picked":["theCatGirl:KeepAlert","theCatGirl:TrainWreck","theCatGirl:RageClaws","theCatGirl:Claws"],"picked":"theCatGirl:QuickStrike","floor":8.0},{"not_picked":["theCatGirl:DefensiveStance+1","theCatGirl:AccidentalSlap","theCatGirl:BloodScent","theCatGirl:PoisedStrike","theCatGirl:Growl+1"],"picked":"SKIP","floor":11.0},{"not_picked":["theCatGirl:ThatWasntIt+1","theCatGirl:DecliningDefenses+1","theCatGirl:SearchBackpack+1","theCatGirl:QuickStrike"],"picked":"theCatGirl:Enrage","floor":12.0},{"not_picked":["theCatGirl:PilingErrors","theCatGirl:PlayAround","theCatGirl:SpinningStrike","theCatGirl:TripLunge","theCatGirl:DefensiveStance+1"],"picked":"SKIP","floor":14.0},{"not_picked":["theCatGirl:Beastification","theCatGirl:AdventurersInsight","theCatGirl:Insane+1","theCatGirl:PoiseStance"],"picked":"theCatGirl:BleedingWounds","floor":16.0},{"not_picked":["theCatGirl:UnrelentingAssault","theCatGirl:PoisedStrike","theCatGirl:SpinningStrike","theCatGirl:BloodBath"],"picked":"theCatGirl:TrainWreck+1","floor":18.0},{"not_picked":["theCatGirl:RageClaws","theCatGirl:ElegantStrike+1","theCatGirl:AllIn","theCatGirl:Counterattack"],"picked":"theCatGirl:LearnByMistake+1","floor":21.0},{"not_picked":["theCatGirl:UnrelentingAssault","theCatGirl:PilingErrors","theCatGirl:RecoveryBlow","theCatGirl:ShockedWitness"],"picked":"theCatGirl:SevenLives+1","floor":24.0},{"not_picked":["theCatGirl:ComboAttack","theCatGirl:FinishingMove","theCatGirl:ShockedWitness","theCatGirl:ClawScratch","theCatGirl:TripLunge+1"],"picked":"SKIP","floor":25.0},{"not_picked":["theCatGirl:Claws","theCatGirl:SearchBackpack+1","theCatGirl:Growl+1","theCatGirl:ClenchYourTeeth+1"],"picked":"theCatGirl:ThatWasntIt+1","floor":27.0},{"not_picked":["theCatGirl:RunningWithDaggers+1","theCatGirl:DecliningDefenses+1","theCatGirl:Growl+1","theCatGirl:ShockedWitness","theCatGirl:PlayAround"],"picked":"SKIP","floor":28.0}],"player_experience":679644,"relics_obtained":[{"floor":1.0,"key":"SynthV:TestCard"},{"floor":6.0,"key":"Potion Belt"},{"floor":8.0,"key":"PreservedInsect"},{"floor":9.0,"key":"Toxic Egg 2"},{"floor":24.0,"key":"Nunchaku"},{"floor":26.0,"key":"Mirror"}],"event_choices":[{"damage_healed":0.0,"max_hp_gain":0.0,"max_hp_loss":0.0,"gold_gain":0.0,"event_name":"betterThird:BetterNest","player_choice":"Dagger","floor":19.0,"gold_loss":0.0,"damage_taken":6.0,"cards_obtained":["RitualDagger"]},{"damage_healed":0.0,"max_hp_gain":0.0,"max_hp_loss":0.0,"gold_gain":0.0,"event_name":"The Woman in Blue","player_choice":"Bought 3 Potions","floor":20.0,"gold_loss":0.0,"damage_taken":0.0},{"damage_healed":0.0,"max_hp_gain":0.0,"max_hp_loss":7.0,"gold_gain":0.0,"event_name":"betterThird:BetterWriting","player_choice":"Simplicity","floor":30.0,"gold_loss":0.0,"damage_taken":0.0},{"damage_healed":0,"gold_gain":75,"player_choice":"Touch","damage_taken":7,"max_hp_gain":0,"max_hp_loss":0,"event_name":"FaceTrader","floor":31,"gold_loss":0}],"is_beta":false,"boss_relics":[{"not_picked":["conspire:SlowCooker","HereWithMe"],"picked":"aspiration:PoetsPen_weak"}],"items_purged_floors":[22],"is_endless":false,"potions_floor_spawned":[3,8,12,14,16,18,24,27],"ascension_level":1}}