{"host":"a5lz0e76zb3fcwkm","time":1611318053,"event":{"mods":["AchievementEnabler","BaseMod","Colored Map","Colored Powertips","Minty Spire (QoL Compilation)","StSLib","SuperFastMode"],"gold_per_floor":[118,118,129,129,144,144,144,158,183,183,199,222,35,55,55,55,55],"floor_reached":16,"language":"KOR","playtime":250,"items_purged":["Defend_G"],"score":188,"play_id":"19414d6f-5eeb-47be-b7ff-fbf98b40072e","local_time":"20210122212053","is_ascension_mode":true,"campfire_choices":[{"data":"Calculated Gamble","floor":6,"key":"SMITH"},{"data":"Tactician","floor":10,"key":"SMITH"},{"data":"Noxious Fumes","floor":15,"key":"SMITH"}],"circlet_count":0,"master_deck":["AscendersBane","Strike_G","Strike_G","Strike_G","Strike_G+1","Defend_G","Defend_G","Defend_G","Defend_G","Survivor","Neutralize","Corpse Explosion+1","Calculated Gamble+1","PiercingWail","Tactician+1","Noxious Fumes+1","Backflip"],"relics":["Ring of the Snake","Golden Idol","Lantern"],"acts_visited":["Exordium"],"potions_floor_usage":[8,8],"damage_taken":[{"damage":4.0,"enemies":"Jaw Worm","floor":1.0,"turns":5.0},{"damage":12,"enemies":"Small Slimes","floor":3,"turns":3},{"damage":0,"enemies":"2 Louse","floor":5,"turns":2},{"damage":4,"enemies":"Large Slime","floor":8,"turns":8},{"damage":0,"enemies":"Blue Slaver","floor":11,"turns":3},{"damage":0,"enemies":"Looter","floor":12,"turns":3},{"damage":0,"enemies":"Gremlin Gang","floor":14,"turns":4},{"damage":38,"enemies":"Slime Boss","floor":16,"turns":3}],"seed_played":"5951676259454800062","potions_obtained":[{"floor":3,"key":"AttackPotion"},{"floor":5,"key":"Block Potion"}],"is_trial":false,"path_per_floor":["M","?","M","?","M","R","?","M","T","R","M","M","$","M","R","B"],"character_chosen":"THE_SILENT","items_purchased":["Noxious Fumes","Backflip"],"campfire_rested":0,"item_purchase_floors":[13,13],"current_hp_per_floor":[55,55,43,25,25,25,25,21,21,21,21,21,21,21,21,0,0],"gold":55,"neow_bonus":"THREE_RARE_CARDS","is_daily":false,"chose_seed":false,"campfire_upgraded":3,"win_rate":0.0,"timestamp":1611318053,"path_taken":["M","?","M","?","M","R","?","M","T","R","M","M","$","M","R","BOSS"],"items_purchased_type":["Card","Card"],"build_version":"2020-12-22","purchased_purges":1,"victory":false,"max_hp_per_floor":[60,60,60,60,60,60,54,54,54,54,54,54,54,54,54,54,54],"card_choices":[{"not_picked":["Bullet Time","Phantasmal Killer"],"picked":"Corpse Explosion","floor":0.0},{"not_picked":["Blade Dance","Backflip"],"picked":"Calculated Gamble","floor":1.0},{"not_picked":["Accuracy","Quick Slash"],"picked":"PiercingWail","floor":3},{"not_picked":["Underhanded Strike","Poisoned Stab","PiercingWail"],"picked":"SKIP","floor":5},{"not_picked":["Prepared","Eviscerate"],"picked":"Tactician","floor":8},{"not_picked":["Accuracy","Tactician","A Thousand Cuts"],"picked":"SKIP","floor":11},{"not_picked":["Blade Dance","All Out Attack","Poisoned Stab"],"picked":"SKIP","floor":12},{"not_picked":["Backstab","Flechettes","Underhanded Strike"],"picked":"SKIP","floor":14}],"player_experience":1782742,"relics_obtained":[{"floor":9,"key":"Lantern"}],"event_choices":[{"cards_removed":["Strike_G"],"damage_healed":0,"gold_gain":0,"player_choice":"Forget","damage_taken":0,"max_hp_gain":0,"max_hp_loss":0,"event_name":"Living Wall","floor":2,"gold_loss":0},{"damage_healed":0,"gold_gain":0,"player_choice":"Entered Light","damage_taken":18,"max_hp_gain":0,"max_hp_loss":0,"event_name":"Shining Light","floor":4,"gold_loss":0,"cards_upgraded":["Corpse Explosion","Strike_G"]},{"damage_healed":0,"gold_gain":0,"player_choice":"Lose Max HP","damage_taken":0,"relics_obtained":["Golden Idol"],"max_hp_gain":0,"max_hp_loss":6,"event_name":"Golden Idol","floor":7,"gold_loss":0}],"is_beta":false,"boss_relics":[],"items_purged_floors":[13],"is_endless":false,"potions_floor_spawned":[3,5],"killed_by":"Slime Boss","ascension_level":20}}