{"host":"khm4we1ijduz33xh","time":1611293853,"event":{"mods":["AchievementEnabler","BaseMod","Colored Map","Minty Spire (QoL Compilation)","Rare Cards Sparkle","StSLib","SuperFastMode"],"gold_per_floor":[113,113,128,148,73,106,106,26,26,44,44,57,72,72,72,169,169,184,202,221,21,21,21,21,47,47,47,63,23,36,55,55,159,159,170,6,6,6,6,6,19,19,19,19,19,37,51,71,71,71],"floor_reached":51,"language":"KOR","playtime":2087,"items_purged":["Defend_P","Defend_P","ThirdEye+1"],"score":952,"play_id":"edbbd641-9239-46d7-91f5-064184b9f7c2","local_time":"20210122143733","is_ascension_mode":true,"campfire_choices":[{"floor":7.0,"key":"REST"},{"data":"ClearTheMind","floor":11.0,"key":"SMITH"},{"floor":15.0,"key":"REST"},{"data":"Adaptation","floor":23.0,"key":"SMITH"},{"floor":32.0,"key":"REST"},{"data":"Adaptation","floor":40.0,"key":"SMITH"},{"data":"MentalFortress","floor":42.0,"key":"SMITH"},{"data":"Vault","floor":44.0,"key":"SMITH"},{"floor":49,"key":"REST"}],"circlet_count":0,"master_deck":["Strike_P+1","Eruption+1","Vigilance","MentalFortress+1","SignatureMove+1","ClearTheMind+1","Protect","FearNoEvil+1","MentalFortress+1","Adaptation+1","LessonLearned+1","Crescendo+1","FollowUp+1","EmptyMind","TalkToTheHand+1","Scrawl+1","Vault+1","Adaptation+1"],"relics":["PureWater","TungstenRod","Sundial","Astrolabe","Mummified Hand","Ice Cream","Boot","SlaversCollar","TeardropLocket"],"acts_visited":["Exordium","TheCity","TheBeyond"],"potions_floor_usage":[47],"damage_taken":[{"damage":19.0,"enemies":"Small Slimes","floor":1.0,"turns":2.0},{"damage":2.0,"enemies":"Cultist","floor":3.0,"turns":3.0},{"damage":11.0,"enemies":"2 Louse","floor":4.0,"turns":2.0},{"damage":14.0,"enemies":"3 Sentries","floor":6.0,"turns":9.0},{"damage":12.0,"enemies":"2 Fungi Beasts","floor":10.0,"turns":2.0},{"damage":4.0,"enemies":"3 Louse","floor":12.0,"turns":2.0},{"damage":12.0,"enemies":"Lots of Slimes","floor":13.0,"turns":4.0},{"damage":13.0,"enemies":"Hexaghost","floor":16.0,"turns":9.0},{"damage":29.0,"enemies":"2 Thieves","floor":18.0,"turns":4.0},{"damage":0.0,"enemies":"Spheric Guardian","floor":19.0,"turns":3.0},{"damage":28.0,"enemies":"Shelled Parasite and Fungi","floor":20.0,"turns":3.0},{"damage":5.0,"enemies":"Book of Stabbing","floor":25.0,"turns":4.0},{"damage":0.0,"enemies":"Chosen and Byrds","floor":28.0,"turns":3.0},{"damage":0.0,"enemies":"Centurion and Healer","floor":30.0,"turns":3.0},{"damage":0.0,"enemies":"Sentry and Sphere","floor":31.0,"turns":3.0},{"damage":27.0,"enemies":"Champ","floor":33.0,"turns":7.0},{"damage":1.0,"enemies":"3 Shapes","floor":35.0,"turns":3.0},{"damage":0.0,"enemies":"3 Darklings","floor":41.0,"turns":2.0},{"damage":0.0,"enemies":"Maw","floor":46.0,"turns":2.0},{"damage":14,"enemies":"Spire Growth","floor":47,"turns":3},{"damage":26,"enemies":"4 Shapes","floor":48,"turns":3},{"damage":0,"enemies":"Awakened One","floor":50,"turns":3}],"seed_played":"343018752843285888","potions_obtained":[{"floor":1.0,"key":"EntropicBrew"},{"floor":4.0,"key":"Ancient Potion"},{"floor":10.0,"key":"DuplicationPotion"},{"floor":13.0,"key":"GamblersBrew"},{"floor":18.0,"key":"Energy Potion"},{"floor":19.0,"key":"AttackPotion"},{"floor":20.0,"key":"LiquidMemories"},{"floor":25.0,"key":"Swift Potion"},{"floor":33.0,"key":"Weak Potion"},{"floor":41.0,"key":"Block Potion"},{"floor":47,"key":"LiquidMemories"}],"is_trial":false,"path_per_floor":["M","?","M","M","$","E","R","$","T","M","R","M","M","?","R","B",null,"M","M","M","$","?","R","?","E","T","?","M","$","M","M","R","B",null,"M","$","?","$","?","R","M","R","T","R","$","M","M","M","R","B",null],"character_chosen":"WATCHER","items_purchased":["FearNoEvil","FairyPotion","TalkToTheHand","Adaptation"],"campfire_rested":4,"item_purchase_floors":[8,21,29,36],"current_hp_per_floor":[46,46,44,33,33,19,40,40,40,28,28,24,12,12,33,20,59,30,30,2,2,26,26,26,21,21,21,21,21,21,21,42,15,58,57,57,57,57,57,57,57,57,57,57,57,57,43,17,37,37],"gold":71,"neow_bonus":"UPGRADE_CARD","is_daily":false,"chose_seed":false,"campfire_upgraded":5,"win_rate":0.0,"timestamp":1611293853,"path_taken":["M","?","M","M","$","E","R","?","T","?","R","M","M","?","R","BOSS","M","M","M","$","?","R","?","E","T","?","?","?","M","M","R","BOSS","M","?","?","$","?","R","M","R","T","R","$","M","M","M","R","BOSS"],"items_purchased_type":["Card","Potion","Card","Card"],"build_version":"2020-12-22","purchased_purges":3,"victory":true,"max_hp_per_floor":[72,72,72,72,72,72,72,72,72,72,72,72,72,72,72,72,72,72,72,72,72,72,72,72,72,72,72,72,72,72,72,72,72,72,72,72,68,68,68,68,68,68,68,68,68,68,68,68,68,68],"card_choices":[{"not_picked":["FlyingSleeves","ForeignInfluence"],"picked":"MentalFortress","floor":1.0},{"not_picked":["WreathOfFlame","FlyingSleeves"],"picked":"ClearTheMind","floor":3.0},{"not_picked":["Crescendo","Prostrate"],"picked":"Protect","floor":4.0},{"not_picked":["SignatureMove","Consecrate","CrushJoints"],"picked":"SKIP","floor":6.0},{"not_picked":["FollowUp","SashWhip"],"picked":"MentalFortress","floor":10.0},{"not_picked":["Judgement","MentalFortress"],"picked":"Adaptation","floor":12.0},{"not_picked":["Wireheading","Evaluate","Protect"],"picked":"SKIP","floor":13.0},{"not_picked":["Vault","DeusExMachina"],"picked":"LessonLearned","floor":16.0},{"not_picked":["Pray+1","Weave","Protect"],"picked":"SKIP","floor":18.0},{"not_picked":["Crescendo+1","LikeWater","ThirdEye"],"picked":"SKIP","floor":19.0},{"not_picked":["Worship","Consecrate"],"picked":"EmptyMind","floor":20.0},{"not_picked":["FollowUp","SandsOfTime+1","EmptyBody"],"picked":"SKIP","floor":25.0},{"not_picked":["EmptyFist","PathToVictory+1","LikeWater"],"picked":"SKIP","floor":28.0},{"not_picked":["ThirdEye","ReachHeaven"],"picked":"Scrawl","floor":30.0},{"not_picked":["Evaluate","Perseverance","BattleHymn"],"picked":"SKIP","floor":31.0},{"not_picked":["SpiritShield","Blasphemy"],"picked":"Vault","floor":33.0},{"not_picked":["Crescendo","Indignation","DeceiveReality+1"],"picked":"SKIP","floor":35.0},{"not_picked":["Indignation","Evaluate+1","DeceiveReality"],"picked":"SKIP","floor":41.0},{"not_picked":["Pray+1","ClearTheMind+1","BowlingBash"],"picked":"SKIP","floor":46.0},{"not_picked":["ThirdEye","Halt","PathToVictory"],"picked":"SKIP","floor":47},{"not_picked":["Protect+1","Collect","WreathOfFlame"],"picked":"SKIP","floor":48}],"player_experience":234539,"relics_obtained":[{"floor":6.0,"key":"TungstenRod"},{"floor":9.0,"key":"Sundial"},{"floor":25.0,"key":"Mummified Hand"},{"floor":26.0,"key":"Ice Cream"},{"floor":27.0,"key":"Boot"},{"floor":43.0,"key":"TeardropLocket"}],"event_choices":[{"damage_healed":0.0,"max_hp_gain":0.0,"max_hp_loss":0.0,"gold_gain":0.0,"cards_transformed":["Strike_P"],"event_name":"Transmorgrifier","player_choice":"Transformed","floor":2.0,"gold_loss":0.0,"damage_taken":0.0,"cards_obtained":["SignatureMove"]},{"damage_healed":0.0,"max_hp_gain":0.0,"max_hp_loss":0.0,"gold_gain":0.0,"event_name":"Shining Light","player_choice":"Ignored","floor":14.0,"gold_loss":0.0,"damage_taken":0.0},{"damage_healed":24.0,"max_hp_gain":0.0,"max_hp_loss":0.0,"gold_gain":0.0,"event_name":"The Library","player_choice":"Heal","floor":22.0,"gold_loss":0.0,"damage_taken":0.0},{"damage_healed":0.0,"max_hp_gain":0.0,"max_hp_loss":0.0,"gold_gain":0.0,"event_name":"Ghosts","player_choice":"Ignored","floor":24.0,"gold_loss":0.0,"damage_taken":0.0},{"damage_healed":0.0,"max_hp_gain":0.0,"max_hp_loss":0.0,"gold_gain":0.0,"event_name":"Wheel of Change","player_choice":"Relic","floor":27.0,"gold_loss":0.0,"damage_taken":0.0},{"damage_healed":0.0,"max_hp_gain":0.0,"max_hp_loss":4.0,"gold_gain":0.0,"event_name":"Winding Halls","player_choice":"Max HP","floor":37.0,"gold_loss":0.0,"damage_taken":0.0},{"cards_removed":["Defend_P"],"damage_healed":0.0,"max_hp_gain":0.0,"max_hp_loss":0.0,"gold_gain":0.0,"event_name":"Purifier","player_choice":"Purged","floor":39.0,"gold_loss":0.0,"damage_taken":0.0}],"is_beta":false,"boss_relics":[{"not_picked":["SacredBark","Pandora\u0027s Box"],"picked":"Astrolabe"},{"not_picked":["Cursed Key","Runic Dome"],"picked":"SlaversCollar"}],"items_purged_floors":[5,21,36],"is_endless":false,"potions_floor_spawned":[1,4,10,13,18,19,20,25,33,41,46,47],"ascension_level":6}}