{"host":"p7cjtxxrilhp4dw7","time":1611294677,"event":{"mods":["BaseMod","Block Reminder","Colored Map","Highlight Path","Minty Spire (QoL Compilation)","Replay The Spire","StSLib","The Hierophant"],"gold_per_floor":[114,114,114,114,127,127,140,171,198,213,243,343,384,397,397,504,604,626,635,635,624,645,682,488,488,570,614,631,669,669,700,700,795,795,822,450,649,312,333,375,375,407,434,445,445,455,499,516,525,525,525,525,370,414,414,414],"floor_reached":55,"language":"ENG","playtime":6106,"items_purged":["Hallucinations","Defend_B"],"score":1234,"play_id":"ac9e0d37-eeaa-4a3f-a4a1-6320a83d119d","local_time":"20210121225117","is_ascension_mode":true,"campfire_choices":[{"data":"Zap","floor":6,"key":"SMITH"},{"floor":15,"key":"REST"},{"floor":25,"key":"REST"},{"floor":30,"key":"RECALL"},{"data":"Mirror Shield","floor":32,"key":"SMITH"},{"data":"Replay:Bootleg Shield Generator","floor":41,"key":"SMITH"},{"data":"Dualcast","floor":45,"key":"SMITH"},{"data":"Consume","floor":52,"key":"SMITH"}],"circlet_count":0,"master_deck":["Strike_B+1","Strike_B","Strike_B","Strike_B+1","Defend_B","Defend_B","Defend_B","Zap+1","Dualcast+1","Sweeping Beam","Conserve Battery+1","White Noise+1","Leap+1","Stack","Mirror Shield+1","Conserve Battery+1","Cold Snap+1","White Noise+1","Ball Lightning+1","BasicCrystalCard+1","Sweeping Beam+1","ReplayTheSpireMod:System Scan+1","Replay:Bootleg Shield Generator+1","Hologram+1","Replay:Sssssssssshield","Redo+1","Blizzard+1","Consume+1","Skim","Aggregate+1"],"relics":["Cracked Core","Smiling Mask","CeramicFish","Durian","Simple Rune","Replay:Wanted Poster","Ring of Shattering","Ring of Hypnosis","FossilizedHelix","Vajra","War Paint","ReplayTheSpireMod:Ninjato","Bag of Marbles","Nunchaku","StrikeDummy","Painkiller Herb","Divine Protection","Shuriken","Pocketwatch","Onion Ring","Dream Catcher","Bronze Scales","ReplayFunnel"],"acts_visited":["Exordium","TheCity","TheBeyond","TheEnding"],"potions_floor_usage":[8,13,16,22,50,55,55],"damage_taken":[{"damage":1,"enemies":"Jaw Worm","floor":1,"turns":3},{"damage":0,"enemies":"Small Slimes","floor":5,"turns":2},{"damage":0,"enemies":"2 Louse","floor":7,"turns":2},{"damage":34,"enemies":"3 Sentries","floor":8,"turns":7},{"damage":4,"enemies":"Exordium Thugs","floor":10,"turns":4},{"damage":32,"enemies":"Lagavulin","floor":11,"turns":9},{"damage":10,"enemies":"3 Sentries","floor":13,"turns":7},{"damage":6,"enemies":"Exordium Wildlife","floor":14,"turns":4},{"damage":26,"enemies":"The Guardian","floor":16,"turns":16},{"damage":8,"enemies":"Spheric Guardian","floor":18,"turns":5},{"damage":0,"enemies":"2 Thieves","floor":21,"turns":4},{"damage":16,"enemies":"Centurion and Healer","floor":22,"turns":4},{"damage":6,"enemies":"Replay:Snechameleon","floor":23,"turns":5},{"damage":7,"enemies":"Slavers","floor":27,"turns":6},{"damage":0,"enemies":"Sentry and Sphere","floor":28,"turns":6},{"damage":0,"enemies":"Book of Stabbing","floor":29,"turns":5},{"damage":0,"enemies":"Replay:Snechameleon","floor":31,"turns":3},{"damage":23,"enemies":"Pondfish","floor":33,"turns":15},{"damage":0,"enemies":"3 Shapes","floor":35,"turns":4},{"damage":0,"enemies":"3 Darklings","floor":39,"turns":3},{"damage":0,"enemies":"Nemesis","floor":40,"turns":9},{"damage":0,"enemies":"Reptomancer","floor":42,"turns":7},{"damage":0,"enemies":"Jaw Worm Horde","floor":44,"turns":4},{"damage":0,"enemies":"Writhing Mass","floor":46,"turns":5},{"damage":0,"enemies":"R_Hoarder","floor":47,"turns":6},{"damage":0,"enemies":"Maw","floor":48,"turns":7},{"damage":21,"enemies":"Time Eater","floor":50,"turns":11},{"damage":29,"enemies":"Shield and Spear","floor":54,"turns":5},{"damage":66,"enemies":"The Heart","floor":55,"turns":9}],"seed_played":"878167108754930901","potions_obtained":[{"floor":5,"key":"Adrenaline Potion"},{"floor":7,"key":"CultistPotion"},{"floor":14,"key":"EssenceOfSteel"},{"floor":16,"key":"FocusPotion"},{"floor":18,"key":"AttackPotion"},{"floor":21,"key":"Ancient Potion"},{"floor":28,"key":"Ancient Potion"},{"floor":31,"key":"Energy Potion"},{"floor":39,"key":"Dexterity Potion"}],"is_trial":false,"path_per_floor":["M","$","?","?","M","R","M","E","T","M","E","?","E","M","R","B",null,"M","?","T","M","M","E","$","R","T","E","M","E","R","E","R","B",null,"?","T","?","T","?","E","T","E","T","?","T","?","E","?","T","B",null,"T","T","E","B"],"character_chosen":"DEFECT","items_purchased":["War Paint","Divine Protection","Replay:Bootleg Shield Generator","Shuriken","Replay:Sssssssssshield","Bronze Scales"],"campfire_rested":2,"item_purchase_floors":[24,36,36,38,38,53],"current_hp_per_floor":[81,81,86,86,86,86,86,52,52,48,21,21,11,5,32,6,92,84,84,84,84,68,62,62,89,89,82,82,82,82,82,82,59,92,92,92,92,92,92,92,92,92,92,92,92,92,92,92,92,71,92,92,92,63,0,0],"gold":414,"neow_bonus":"TEN_PERCENT_HP_BONUS","is_daily":false,"chose_seed":false,"campfire_upgraded":5,"win_rate":0.0,"timestamp":1611294677,"path_taken":["M","$","?","?","M","R","M","E","T","M","E","?","E","M","R","BOSS","M","?","?","M","M","E","?","R","T","E","M","E","R","E","R","BOSS","?","T","?","T","?","E","T","E","T","?","T","?","E","?","T","BOSS","T","T","E","BOSS"],"items_purchased_type":["Relic","Relic","Card","Relic","Card","Relic"],"build_version":"2020-12-22","purchased_purges":2,"victory":false,"max_hp_per_floor":[82,82,87,87,87,87,87,87,87,87,92,92,92,92,92,92,92,92,92,92,92,92,92,92,92,92,92,92,92,92,92,92,92,92,92,92,92,92,92,92,92,92,92,92,92,92,92,92,92,92,92,92,92,92,92,92],"card_choices":[{"not_picked":["FIFO Queue","ReplayTheSpireMod:Reroute Power"],"picked":"Sweeping Beam","floor":1},{"not_picked":["BasicCrystalCard","Beam Cell"],"picked":"Conserve Battery","floor":5},{"not_picked":["Streamline","Sweeping Beam"],"picked":"White Noise","floor":7},{"not_picked":["Loop","Redo"],"picked":"Leap","floor":8},{"not_picked":["Blizzard","Beam Cell","Barrage"],"picked":"SKIP","floor":10},{"not_picked":["Hyperbeam","Steam","Loop"],"picked":"SKIP","floor":11},{"not_picked":["ReplaySort","Rip and Tear"],"picked":"Stack","floor":13},{"not_picked":["Conserve Battery","Hologram","Barrage"],"picked":"SKIP","floor":14},{"not_picked":["Meteor Strike","Thunder Strike"],"picked":"Mirror Shield","floor":16},{"not_picked":["Reprogram+1","Panic Button+1"],"picked":"Conserve Battery+1","floor":18},{"not_picked":["Turbo","FTL+1"],"picked":"Cold Snap+1","floor":21},{"not_picked":["Streamline+1","Core Surge"],"picked":"White Noise+1","floor":22},{"not_picked":["Genetic Algorithm","Scrape"],"picked":"Ball Lightning+1","floor":23},{"not_picked":["Undo","Streamline"],"picked":"BasicCrystalCard+1","floor":27},{"not_picked":["Conserve Battery","Rebound+1","Beam Cell"],"picked":"SKIP","floor":28},{"not_picked":["Double Energy","Panic Button"],"picked":"Sweeping Beam+1","floor":29},{"not_picked":["Fission","Sunder","Conserve Battery+1"],"picked":"SKIP","floor":31},{"not_picked":["Sweeping Beam+1","Rebound"],"picked":"ReplayTheSpireMod:System Scan+1","floor":35},{"not_picked":["Double Energy","Panic Button"],"picked":"Hologram+1","floor":37},{"not_picked":["Crystallizer+1","Capacitor"],"picked":"Redo+1","floor":39},{"not_picked":["Chill","Go for the Eyes"],"picked":"Blizzard+1","floor":40},{"not_picked":["Darkness","Hologram","Turbo"],"picked":"SKIP","floor":42},{"not_picked":["Leap","Biased Cognition","Self Repair"],"picked":"SKIP","floor":44},{"not_picked":["Rebound","Sweeping Beam","Barrage+1"],"picked":"SKIP","floor":46},{"not_picked":["ReplayTheSpireMod:GoodbyeWorld","Leap+1"],"picked":"Consume","floor":47},{"not_picked":["Capacitor+1","ReplaySort","ReplayTheSpireMod:Reroute Power+1"],"picked":"SKIP","floor":48},{"not_picked":["Crystallizer","Conserve Battery+1"],"picked":"Skim","floor":49},{"not_picked":["Core Surge","Seek"],"picked":"Aggregate+1","floor":54}],"player_experience":546495,"relics_obtained":[{"floor":8,"key":"Smiling Mask"},{"floor":9,"key":"CeramicFish"},{"floor":11,"key":"Durian"},{"floor":13,"key":"Simple Rune"},{"floor":19,"key":"Ring of Shattering"},{"floor":19,"key":"Ring of Hypnosis"},{"floor":20,"key":"FossilizedHelix"},{"floor":23,"key":"Vajra"},{"floor":26,"key":"ReplayTheSpireMod:Ninjato"},{"floor":27,"key":"Bag of Marbles"},{"floor":29,"key":"Nunchaku"},{"floor":31,"key":"StrikeDummy"},{"floor":40,"key":"Pocketwatch"},{"floor":42,"key":"Onion Ring"},{"floor":47,"key":"Dream Catcher"},{"floor":54,"key":"ReplayFunnel"}],"event_choices":[{"damage_healed":0,"gold_gain":0,"player_choice":"Donut","damage_taken":0,"max_hp_gain":5,"max_hp_loss":0,"event_name":"Big Fish","floor":3,"gold_loss":0},{"damage_healed":0,"gold_gain":0,"player_choice":"Leave","damage_taken":0,"max_hp_gain":0,"max_hp_loss":0,"event_name":"The Cleric","floor":4,"gold_loss":0},{"damage_healed":0,"gold_gain":100,"player_choice":"Pray","damage_taken":0,"max_hp_gain":0,"max_hp_loss":0,"event_name":"Golden Shrine","floor":12,"gold_loss":0}],"is_beta":false,"boss_relics":[{"not_picked":["Kintsugi","Fusion Hammer"],"picked":"Replay:Wanted Poster"},{"not_picked":["Busted Crown","Inserter"],"picked":"Painkiller Herb"}],"items_purged_floors":[24,36],"is_endless":false,"potions_floor_spawned":[5,7,14,16,18,21,28,31,39,40,46,47,48],"killed_by":"The Heart","ascension_level":1}}