{"host":"xb2tau8pgi8aflss","time":1611314083,"event":{"mods":["AchievementEnabler","BaseMod","Hermit","Minty Spire (QoL Compilation)","StSLib","SuperFastMode"],"gold_per_floor":[114,114,31,31,44,44,69,81,132,132,147,157,157,14,14,14,14],"floor_reached":16,"language":"KOR","playtime":361,"items_purged":[],"score":130,"play_id":"5931b37e-0186-4a00-9410-7b2bbd91ddbb","local_time":"20210122201443","is_ascension_mode":true,"campfire_choices":[{"data":"Hyperbeam","floor":6,"key":"SMITH"},{"floor":10,"key":"REST"},{"data":"Genetic Algorithm","floor":13,"key":"SMITH"},{"data":"Hologram","floor":15,"key":"SMITH"}],"circlet_count":0,"master_deck":["Strike_B","Strike_B+1","Defend_B","Defend_B","Defend_B","Zap+1","Dualcast","Reprogram","Hyperbeam+1","Streamline","Enlightenment","Go for the Eyes","Chill","White Noise","Genetic Algorithm+1","Hologram+1","Chill","Melter","Genetic Algorithm"],"relics":["Cracked Core","Strawberry","MealTicket"],"acts_visited":["Exordium"],"potions_floor_usage":[16],"damage_taken":[{"damage":7,"enemies":"Jaw Worm","floor":1,"turns":2},{"damage":6,"enemies":"2 Louse","floor":5,"turns":2},{"damage":35,"enemies":"Lagavulin","floor":7,"turns":5},{"damage":0,"enemies":"Cultist","floor":8,"turns":2},{"damage":0,"enemies":"Blue Slaver","floor":11,"turns":1},{"damage":1,"enemies":"Looter","floor":12,"turns":2},{"damage":53,"enemies":"Hexaghost","floor":16,"turns":9}],"seed_played":"442267000866523215","potions_obtained":[{"floor":5,"key":"SmokeBomb"},{"floor":12,"key":"Fire Potion"}],"is_trial":false,"path_per_floor":["M","?","$","?","M","R","E","M","T","R","M","M","R","$","R","B"],"character_chosen":"DEFECT","items_purchased":["Enlightenment","Melter","Genetic Algorithm"],"campfire_rested":1,"item_purchase_floors":[3,14,14],"current_hp_per_floor":[61,47,47,47,41,41,13,13,13,35,35,34,34,49,49,0,0],"gold":14,"neow_bonus":"TRANSFORM_TWO_CARDS","is_daily":false,"chose_seed":false,"campfire_upgraded":3,"win_rate":0.0,"timestamp":1611314083,"path_taken":["M","?","$","?","M","R","E","?","T","R","M","M","R","$","R","BOSS"],"items_purchased_type":["Card","Card","Card"],"build_version":"2020-12-22","purchased_purges":0,"victory":false,"max_hp_per_floor":[68,68,68,68,68,68,75,75,75,75,75,75,75,75,75,75,75],"card_choices":[{"not_picked":["Sweeping Beam","Steam"],"picked":"Streamline","floor":1},{"not_picked":["Redo","Compile Driver"],"picked":"Chill","floor":5},{"not_picked":["Reinforced Body","Scrape"],"picked":"White Noise","floor":7},{"not_picked":["Hologram","Storm"],"picked":"Genetic Algorithm","floor":8},{"not_picked":["Cold Snap","Leap"],"picked":"Hologram","floor":11},{"not_picked":["Capacitor","Ball Lightning"],"picked":"Chill","floor":12}],"player_experience":785591,"relics_obtained":[{"floor":7,"key":"Strawberry"},{"floor":9,"key":"MealTicket"}],"event_choices":[{"damage_healed":0,"gold_gain":0,"player_choice":"Entered Light","damage_taken":14,"max_hp_gain":0,"max_hp_loss":0,"event_name":"Shining Light","floor":2,"gold_loss":0,"cards_upgraded":["Strike_B","Zap"]},{"damage_healed":0,"gold_gain":0,"cards_transformed":["Strike_B"],"player_choice":"Transformed","damage_taken":0,"max_hp_gain":0,"max_hp_loss":0,"event_name":"Transmorgrifier","floor":4,"gold_loss":0,"cards_obtained":["Go for the Eyes"]}],"is_beta":false,"boss_relics":[],"items_purged_floors":[],"is_endless":false,"potions_floor_spawned":[5,12],"killed_by":"Hexaghost","ascension_level":6}}