{"host":"xrdu44lqyrrw1kvr","time":1611359433,"event":{"mods":["Aspiration","BaseMod","Colored Powertips","Minty Spire (QoL Compilation)","Relic Stats","Replay The Spire","StSLib","The Mystic"],"gold_per_floor":[109,31,113,129,141,141,141],"floor_reached":6,"language":"RUS","playtime":360,"items_purged":[],"score":72,"play_id":"571574aa-7bd2-46de-94a9-a236eace7e95","local_time":"20210123025033","is_ascension_mode":true,"campfire_choices":[],"circlet_count":0,"master_deck":["AscendersBane","Strike_G","Strike_G","Strike_G","Strike_G","Strike_G","Defend_G","Defend_G","Defend_G","Defend_G","Defend_G","Survivor","Neutralize","Blur","Footwork","Backflip","ReplayTheSpireMod:Speed Training","Escape Plan","Dagger Spray","Dagger Throw"],"relics":["Ring of the Snake"],"acts_visited":["Exordium"],"potions_floor_usage":[],"damage_taken":[{"damage":13,"enemies":"Cultist","floor":1,"turns":7},{"damage":0,"enemies":"Jaw Worm","floor":4,"turns":10},{"damage":0,"enemies":"2 Louse","floor":5,"turns":2},{"damage":14,"enemies":"Lagavulin","floor":6,"turns":9}],"seed_played":"996726088763285864","potions_obtained":[{"floor":5,"key":"SneckoOil"}],"is_trial":false,"path_per_floor":["M","$","?","M","M","E"],"character_chosen":"THE_SILENT","items_purchased":["Footwork"],"campfire_rested":0,"item_purchase_floors":[2],"current_hp_per_floor":[52,52,24,24,24,10,10],"gold":141,"neow_bonus":"TEN_PERCENT_HP_BONUS","is_daily":false,"chose_seed":false,"campfire_upgraded":0,"win_rate":0.0,"timestamp":1611359433,"path_taken":["M","?","?","M","?","E"],"items_purchased_type":["Card"],"build_version":"2020-12-22","purchased_purges":0,"victory":false,"max_hp_per_floor":[72,72,72,72,72,72,72],"relic_stats":{"counters":[4,28],"obtain_stats":[{"Ring of the Snake":0},{"Ring of the Snake":0},{"Ring of the Snake":0}],"Ring of the Snake":[8]},"card_choices":[{"not_picked":["Underhanded Strike","ReplayTheSpireMod:Shiv Toss"],"picked":"Blur","floor":1},{"not_picked":["Underhanded Strike","Fluid Movement"],"picked":"Backflip","floor":3},{"not_picked":["Infinite Blades","Flying Knee"],"picked":"ReplayTheSpireMod:Speed Training","floor":3},{"not_picked":["Slice","Deadly Poison"],"picked":"Escape Plan","floor":3},{"not_picked":["Reflex","Outmaneuver"],"picked":"Dagger Spray","floor":4},{"not_picked":["Underhanded Strike","Quick Slash"],"picked":"Dagger Throw","floor":5}],"player_experience":2043288,"relics_obtained":[],"event_choices":[],"is_beta":false,"boss_relics":[],"items_purged_floors":[],"is_endless":false,"potions_floor_spawned":[5],"killed_by":"Lagavulin","ascension_level":20}}