{"host":"b3ffc6bdvud3tp8m","time":1611355653,"event":{"mods":["AchievementEnabler","BaseMod","Colored Map","Colored Powertips","Highlight Path","Minty Spire (QoL Compilation)","Rare Cards Sparkle","SuperFastMode","slay the spire mod where everything is the same but ironclad has a cowboy hat"],"gold_per_floor":[113,27,27,27,27,27,27,68,68,23,54,69,104,123,123,249,249,262,281,294,101,101,141,156,179,179,179,23,23,23,47,47,168,168,184,99,99,46,67,67,108,108,108,108,123,123,141,156,156,156,156,156,7,48,48,48],"floor_reached":55,"language":"ENG","playtime":7249,"items_purged":["Defend_B","Biased Cognition"],"score":856,"play_id":"99b11dad-e0f5-42b9-b1c7-61088f947664","local_time":"20210122224733","is_ascension_mode":true,"campfire_choices":[{"data":"Static Discharge","floor":6,"key":"SMITH"},{"floor":15,"key":"RECALL"},{"data":"Barrage","floor":27,"key":"SMITH"},{"data":"Hologram","floor":29,"key":"SMITH"},{"floor":32,"key":"REST"},{"data":"Capacitor","floor":40,"key":"SMITH"},{"floor":42,"key":"REST"},{"floor":46,"key":"REST"},{"floor":49,"key":"REST"},{"data":"Rainbow","floor":52,"key":"SMITH"}],"circlet_count":0,"master_deck":["Strike_B+1","Strike_B+1","Defend_B","Defend_B","Defend_B","Zap","Dualcast","Static Discharge+1","Capacitor+1","Coolheaded","Streamline","Barrage+1","Barrage","Machine Learning","Hologram","Biased Cognition","Self Repair","Seek","Beam Cell+1","Capacitor+1","Redo","Consume","Self Repair","Conserve Battery+1","BootSequence","Redo+1","Chill","Stack","Stack","Hologram+1","Aggregate+1","Rainbow+1","Conserve Battery+1","Conserve Battery","Heatsinks","Barrage","Conserve Battery","Conserve Battery+1","Madness","Madness","Ball Lightning","Fusion+1"],"relics":["Cracked Core","NeowsBlessing","Golden Idol","Lizard Tail","HornCleat","Bird Faced Urn","Cursed Key","Sundial","Orrery","Vajra","Nuclear Battery","Letter Opener","Whetstone"],"acts_visited":["Exordium","TheCity","TheBeyond","TheEnding"],"potions_floor_usage":[16,18,23,24,33,50,54],"damage_taken":[{"damage":0,"enemies":"2 Louse","floor":1,"turns":1},{"damage":0,"enemies":"Lagavulin","floor":8,"turns":1},{"damage":0,"enemies":"Gremlin Nob","floor":11,"turns":1},{"damage":3,"enemies":"Cultist","floor":12,"turns":4},{"damage":12,"enemies":"3 Sentries","floor":13,"turns":7},{"damage":0,"enemies":"Jaw Worm","floor":14,"turns":4},{"damage":37,"enemies":"The Guardian","floor":16,"turns":6},{"damage":14,"enemies":"Shell Parasite","floor":18,"turns":4},{"damage":7,"enemies":"Spheric Guardian","floor":19,"turns":4},{"damage":17,"enemies":"Snake Plant","floor":20,"turns":3},{"damage":37,"enemies":"Book of Stabbing","floor":23,"turns":5},{"damage":12,"enemies":"Cultist and Chosen","floor":24,"turns":7},{"damage":18,"enemies":"Shelled Parasite and Fungi","floor":25,"turns":7},{"damage":23,"enemies":"Snake Plant","floor":31,"turns":4},{"damage":11,"enemies":"Collector","floor":33,"turns":13},{"damage":12,"enemies":"3 Shapes","floor":35,"turns":4},{"damage":14,"enemies":"Orb Walker","floor":39,"turns":5},{"damage":38,"enemies":"Reptomancer","floor":41,"turns":6},{"damage":40,"enemies":"Jaw Worm Horde","floor":45,"turns":8},{"damage":42,"enemies":"4 Shapes","floor":47,"turns":5},{"damage":3,"enemies":"Maw","floor":48,"turns":9},{"damage":98,"enemies":"Time Eater","floor":50,"turns":11},{"damage":76,"enemies":"Shield and Spear","floor":54,"turns":7},{"damage":47,"enemies":"The Heart","floor":55,"turns":2}],"seed_played":"3229364282092726920","potions_obtained":[{"floor":1,"key":"FearPotion"},{"floor":11,"key":"Ancient Potion"},{"floor":16,"key":"Weak Potion"},{"floor":18,"key":"Strength Potion"},{"floor":23,"key":"SkillPotion"},{"floor":25,"key":"SteroidPotion"},{"floor":47,"key":"Strength Potion"}],"is_trial":false,"path_per_floor":["M","$","?","$","?","R","?","E","T","$","E","M","E","M","R","B",null,"M","M","M","$","T","E","M","M","T","R","$","R","?","M","R","B",null,"M","$","?","$","M","R","E","R","T","?","M","R","M","M","R","B",null,"R","$","E","B"],"character_chosen":"DEFECT","items_purchased":["Capacitor","Coolheaded","Barrage","Consume","Self Repair","Orrery","Conserve Battery","Heatsinks","Barrage","Explosive Potion"],"campfire_rested":4,"item_purchase_floors":[2,2,10,21,21,28,36,36,38,53],"current_hp_per_floor":[75,75,75,75,69,69,69,69,69,69,69,66,54,58,58,29,69,67,69,63,63,63,45,52,51,51,51,51,51,51,43,63,69,69,69,69,69,69,63,63,37,57,57,48,38,58,27,56,69,37,69,69,69,17,0,0],"gold":48,"neow_bonus":"THREE_ENEMY_KILL","is_daily":false,"chose_seed":false,"campfire_upgraded":5,"win_rate":0.0,"timestamp":1611355653,"path_taken":["M","$","?","?","?","R","?","E","T","$","E","?","E","M","R","BOSS","M","M","?","$","?","E","M","M","T","R","$","R","?","?","R","BOSS","M","?","?","$","?","R","E","R","T","?","M","R","M","M","R","BOSS","R","$","E","BOSS"],"items_purchased_type":["Card","Card","Card","Card","Card","Relic","Card","Card","Card","Potion"],"build_version":"2020-12-22","purchased_purges":2,"victory":false,"max_hp_per_floor":[75,75,75,75,69,69,69,69,69,69,69,69,69,69,69,69,69,69,69,69,69,69,69,69,69,69,69,69,69,69,69,69,69,69,69,69,69,69,69,69,69,69,69,69,69,69,69,69,69,69,69,69,69,69,69,69],"card_choices":[{"not_picked":["Scrape","Beam Cell"],"picked":"Static Discharge","floor":1},{"not_picked":["Leap","Creative AI"],"picked":"Barrage","floor":8},{"not_picked":["Rebound","Hyperbeam"],"picked":"Machine Learning","floor":11},{"not_picked":["Cold Snap","Gash"],"picked":"Hologram","floor":12},{"not_picked":["Compile Driver","Rebound"],"picked":"Biased Cognition","floor":13},{"not_picked":["Rebound","Auto Shields"],"picked":"Self Repair","floor":14},{"not_picked":["Multi-Cast","Hyperbeam"],"picked":"Seek","floor":16},{"not_picked":["Compile Driver","Steam"],"picked":"Beam Cell+1","floor":18},{"not_picked":["Self Repair+1","Rebound"],"picked":"Capacitor","floor":19},{"not_picked":["Rebound","Beam Cell"],"picked":"Redo","floor":20},{"not_picked":["Redo+1","Rebound"],"picked":"Conserve Battery+1","floor":23},{"not_picked":["Redo","Blizzard"],"picked":"BootSequence","floor":24},{"not_picked":["Steam","Gash"],"picked":"Redo+1","floor":25},{"not_picked":["Coolheaded","Leap+1"],"picked":"Chill","floor":28},{"not_picked":["Hologram","Auto Shields"],"picked":"Stack","floor":28},{"not_picked":["Rainbow","Turbo"],"picked":"Stack","floor":28},{"not_picked":["Reinforced Body","Cold Snap"],"picked":"Hologram","floor":28},{"not_picked":["Gash+1","Steam"],"picked":"Biased Cognition","floor":28},{"not_picked":["Barrage","Steam"],"picked":"Aggregate+1","floor":31},{"not_picked":["Thunder Strike","Core Surge"],"picked":"Rainbow","floor":33},{"not_picked":["Redo+1","Beam Cell"],"picked":"Conserve Battery+1","floor":35},{"not_picked":["Reinforced Body+1","Turbo+1"],"picked":"Conserve Battery","floor":39},{"not_picked":["Cold Snap+1","Sweeping Beam+1"],"picked":"Conserve Battery+1","floor":41},{"not_picked":["Cold Snap+1","Sweeping Beam+1"],"picked":"Ball Lightning","floor":45},{"not_picked":["Hello World+1","Sweeping Beam"],"picked":"Fusion+1","floor":47},{"not_picked":["Streamline+1","Fusion","Double Energy"],"picked":"SKIP","floor":48},{"not_picked":["Genetic Algorithm+1","Ball Lightning+1","Turbo"],"picked":"SKIP","floor":54}],"player_experience":117593,"relics_obtained":[{"floor":8,"key":"Lizard Tail"},{"floor":11,"key":"HornCleat"},{"floor":13,"key":"Bird Faced Urn"},{"floor":23,"key":"Sundial"},{"floor":41,"key":"Letter Opener"},{"floor":54,"key":"Whetstone"}],"event_choices":[{"damage_healed":0,"gold_gain":0,"cards_transformed":["Strike_B"],"player_choice":"Transformed","damage_taken":0,"max_hp_gain":0,"max_hp_loss":0,"event_name":"Transmorgrifier","floor":3,"gold_loss":0,"cards_obtained":["Streamline"]},{"damage_healed":0,"gold_gain":0,"player_choice":"Lose Max HP","damage_taken":0,"relics_obtained":["Golden Idol"],"max_hp_gain":0,"max_hp_loss":6,"event_name":"Golden Idol","floor":5,"gold_loss":0},{"cards_removed":["Strike_B"],"damage_healed":0,"gold_gain":0,"player_choice":"Forget","damage_taken":0,"max_hp_gain":0,"max_hp_loss":0,"event_name":"Living Wall","floor":7,"gold_loss":0},{"damage_healed":0,"gold_gain":0,"player_choice":"Gave Potion","damage_taken":0,"relics_obtained":["Vajra"],"max_hp_gain":0,"max_hp_loss":0,"event_name":"WeMeetAgain","floor":30,"gold_loss":0},{"damage_healed":0,"gold_gain":0,"player_choice":"Upgraded","damage_taken":0,"max_hp_gain":0,"max_hp_loss":0,"event_name":"Upgrade Shrine","floor":37,"gold_loss":0,"cards_upgraded":["Capacitor"]},{"damage_healed":0,"gold_gain":0,"player_choice":"Embrace Madness","damage_taken":9,"max_hp_gain":0,"max_hp_loss":0,"event_name":"Winding Halls","floor":44,"gold_loss":0,"cards_obtained":["Madness","Madness"]}],"is_beta":false,"boss_relics":[{"not_picked":["Astrolabe","Snecko Eye"],"picked":"Cursed Key"},{"not_picked":["Runic Dome","Runic Pyramid"],"picked":"Nuclear Battery"}],"items_purged_floors":[21,53],"is_endless":false,"potions_floor_spawned":[1,11,16,18,23,25,47],"killed_by":"The Heart","ascension_level":2}}