{"host":"zghbuvjjzzk6yre0","time":1611334949,"event":{"mods":["2.2 Compatiblity","AchievementEnabler","Act Like it!","Aspiration","BaseMod","Bestiary","Card Forge","ChefMod","Colored Powertips","Conspire","Curses Come First","Custom Start","Gensokyo","Halation","Hubris","Minty Spire (QoL Compilation)","Q\u0027s Relics","Quick Restart","Railgun Mod","Reorder Act Four","Replay The Spire","StSLib","Strawberry Spire","Synergy Search","The Cursed","vexMod"],"gold_per_floor":[113,113,125,125,125,160,173,173,197,261,361,374,426,352,352,447,447,461,473,473,473,489,524,524,542,569,582,582,594,578,592,592,688,688,707,707,707,719,719,719,719,475,522,532,559,577,593,568,568,568,568,20,20,53,53,53],"floor_reached":55,"language":"ENG","playtime":4436,"items_purged":[],"score":764,"play_id":"190e1fee-1223-42ad-b9f0-f6f60d7d83fa","local_time":"20210122180229","is_ascension_mode":false,"campfire_choices":[{"floor":15.0,"key":"REST"},{"floor":24.0,"key":"REST"},{"floor":28.0,"key":"RECALL"},{"floor":32.0,"key":"REST"},{"floor":40.0,"key":"REST"},{"floor":49.0,"key":"REST"},{"data":"Noxious Fumes","floor":53.0,"key":"SMITH"}],"circlet_count":0,"master_deck":["Strike_G+1","Strike_G+1","Strike_G+1","Strike_G+1","Strike_G+1","Defend_G+1","Defend_G+1","Defend_G+1","Defend_G+1","Defend_G+1","Survivor+1","Neutralize+1","hubris:Strike_Merchant+1","Strike_P+1","Fluid Movement+1","Crippling Poison+1","Deadly Poison+1","Catalyst+1","Sickly","hubris:Counter+1","Flying Knee+1","strawberrySpire:Slide+1","Poisoned Stab+1","Terror+1","Malaise+1","strawberrySpire:Urgency+1","All Out Attack+1","Blade Dance+1","Poisoned Stab+1","Bane+1","Deflect+1","Toxin Wave+1","Adrenaline+1","Terror+1","Footwork+1","Caltrops+1","The Bomb+1","Endless Agony+1","Cloak And Dagger+1","strawberrySpire:Insectonator+1","Deflect+1","Noxious Fumes+1","Mind Blast+1","Adrenaline+1","hubris:DuctTapeCard"],"relics":["Ring of the Snake","Hammer of Thor","Seething Fire","Anvil of the Gods","Du-Vu Doll","Strawberry","hubris:DuctTape","ReplayTheSpireMod:Ring of Challenge","QRelics:ExpiredBeans","QRelics:ClockworkEngine","halation:EternalFortune","hubris:TenFootPole","QRelics:AstralDiamond","ChewingGum","aspiration:VileToxins","Snake Skull","Happy Flower","White Beast Statue","strawberrySpire:PoopsieRoll","Orichalcum","QRelics:BlessedBelt"],"acts_visited":["Gensokyo:Gensokyo","Gensokyo:Gensokyoer","Gensokyo:Gensokyoest","TheEnding"],"potions_floor_usage":[55,55,55],"damage_taken":[{"damage":0.0,"enemies":"Gensokyo:3_Fairies","floor":1.0,"turns":2.0},{"damage":5.0,"enemies":"Gensokyo:Gryphon","floor":3.0,"turns":2.0},{"damage":0.0,"enemies":"Gensokyo:Aya","floor":6.0,"turns":5.0},{"damage":3.0,"enemies":"Gensokyo:Python","floor":7.0,"turns":2.0},{"damage":10.0,"enemies":"Gensokyo:VengefulSpirit","floor":10.0,"turns":3.0},{"damage":9.0,"enemies":"Gensokyo:Gryphon_and_Rabbit","floor":12.0,"turns":4.0},{"damage":34.0,"enemies":"Gensokyo:Yukari","floor":16.0,"turns":8.0},{"damage":5.0,"enemies":"Gensokyo:AngelMirror","floor":18.0,"turns":3.0},{"damage":17.0,"enemies":"Gensokyo:CosmicMonolith","floor":19.0,"turns":3.0},{"damage":23.0,"enemies":"Gensokyo:Slime_Group","floor":22.0,"turns":4.0},{"damage":10.0,"enemies":"Gensokyo:Koishi","floor":23.0,"turns":6.0},{"damage":12.0,"enemies":"Gensokyo:3_Gloops","floor":25.0,"turns":6.0},{"damage":0.0,"enemies":"Gensokyo:Wraith","floor":27.0,"turns":3.0},{"damage":0.0,"enemies":"Gensokyo:Chomper_and_Gloop","floor":29.0,"turns":4.0},{"damage":30.0,"enemies":"Gensokyo:Swordslinger","floor":31.0,"turns":3.0},{"damage":51.0,"enemies":"Gensokyo:Eternal_Rivals","floor":33.0,"turns":10.0},{"damage":11.0,"enemies":"Gensokyo:3_Bats","floor":35.0,"turns":3.0},{"damage":4.0,"enemies":"Gensokyo:AncientGuardian","floor":38.0,"turns":5.0},{"damage":12.0,"enemies":"Gensokyo:Dusk_and_Dawn","floor":44.0,"turns":5.0},{"damage":21.0,"enemies":"conspire:MimicChest","floor":45.0,"turns":4.0},{"damage":0.0,"enemies":"Gensokyo:AtlasGolem","floor":46.0,"turns":4.0},{"damage":0.0,"enemies":"Gensokyo:SeedOfUnknown","floor":47.0,"turns":3.0},{"damage":13.0,"enemies":"Gensokyo:Shinki","floor":50.0,"turns":13.0},{"damage":46.0,"enemies":"Shield and Spear","floor":54.0,"turns":5.0},{"damage":100,"enemies":"The Heart","floor":55,"turns":8}],"seed_played":"3966479428383977450","potions_obtained":[{"floor":1.0,"key":"CultistPotion"},{"floor":6.0,"key":"Elixir"},{"floor":13.0,"key":"FearPotion"},{"floor":16.0,"key":"BlessingOfTheForge"},{"floor":31.0,"key":"Strength Potion"},{"floor":33.0,"key":"Fruit Juice"},{"floor":46.0,"key":"Swift Potion"},{"floor":54.0,"key":"AttackPotion"}],"is_trial":false,"path_per_floor":["M","?","M","?","?","E","M","?","T","M","?","M","?","$","R","B",null,"M","M","?","?","M","E","R","M","T","M","R","M","?","M","R","B",null,"M","?","?","M","?","R","?","$","T","M","?","M","M","?","R","B",null,"$","R","E","B"],"character_chosen":"THE_SILENT","items_purchased":["Terror","Caltrops","The Bomb","Noxious Fumes","strawberrySpire:PoopsieRoll","Mind Blast","Orichalcum"],"campfire_rested":5,"item_purchase_floors":[14,42,42,52,52,52,52],"current_hp_per_floor":[70,70,65,72,69,69,66,66,66,56,56,47,47,47,72,38,88,83,66,69,72,49,39,70,59,60,61,62,63,87,61,95,46,115,110,111,112,109,110,126,127,128,129,118,98,99,100,101,135,124,138,139,140,96,0,0],"gold":53,"neow_bonus":"ONE_RARE_RELIC","is_daily":false,"chose_seed":false,"campfire_upgraded":1,"win_rate":0.0,"timestamp":1611334949,"path_taken":["M","?","?","?","?","E","M","?","T","M","?","?","?","$","R","BOSS","M","M","?","?","?","E","R","M","T","M","R","M","?","M","R","BOSS","M","?","?","M","?","R","?","$","T","M","?","?","M","?","R","BOSS","$","R","E","BOSS"],"items_purchased_type":["Card","Card","Card","Card","Relic","Card","Relic"],"build_version":"2020-12-22","purchased_purges":0,"victory":false,"max_hp_per_floor":[70,70,70,77,84,84,84,84,84,84,84,84,84,85,86,87,88,89,90,94,98,99,100,101,102,103,104,105,106,107,111,112,114,115,121,122,123,124,125,126,127,128,129,130,131,132,133,134,135,137,138,139,140,142,143,143],"card_choices":[{"not_picked":["Backstab","Predator"],"picked":"Bouncing Flask","floor":1.0},{"not_picked":["hubris:SlightOfHand","Flying Knee"],"picked":"Fluid Movement","floor":2.0},{"not_picked":["Well Laid Plans","Underhanded Strike"],"picked":"Crippling Poison","floor":2.0},{"not_picked":["hubris:Sniper","Sneak Up"],"picked":"Flying Knee","floor":3.0},{"not_picked":["Riddle With Holes","Reflex"],"picked":"Deadly Poison","floor":6.0},{"not_picked":["Hidden Blade","strawberrySpire:Rummage"],"picked":"Catalyst","floor":7.0},{"not_picked":["Doppelganger","Hidden Blade"],"picked":"hubris:Counter","floor":10.0},{"not_picked":["hubris:TrickCloak","Slice"],"picked":"Flying Knee","floor":12.0},{"not_picked":["Reflex","Predator"],"picked":"strawberrySpire:Slide","floor":13.0},{"not_picked":["Quick Slash","Dagger Throw"],"picked":"Poisoned Stab","floor":13.0},{"not_picked":["Unload","strawberrySpire:Lockstep"],"picked":"Malaise","floor":16.0},{"not_picked":["hubris:SlightOfHand+1","Underhanded Strike"],"picked":"strawberrySpire:Urgency","floor":18.0},{"not_picked":["strawberrySpire:Rummage","hubris:SlightOfHand+1"],"picked":"All Out Attack","floor":19.0},{"not_picked":["strawberrySpire:Slide","Blur"],"picked":"Endless Agony","floor":22.0},{"not_picked":["Hidden Blade+1","strawberrySpire:SpinKick"],"picked":"Blade Dance+1","floor":23.0},{"not_picked":["strawberrySpire:Pant","Adrenaline"],"picked":"Poisoned Stab+1","floor":25.0},{"not_picked":["Flying Knee","Skewer"],"picked":"Bane","floor":27.0},{"not_picked":["strawberrySpire:SideSwipe+1","hubris:TrickCloak"],"picked":"Deflect","floor":29.0},{"not_picked":["strawberrySpire:Pant+1","Blade Dance"],"picked":"Toxin Wave","floor":31.0},{"not_picked":["Glass Knife","strawberrySpire:Lockstep"],"picked":"Adrenaline","floor":33.0},{"not_picked":["Blade Dance","Acrobatics"],"picked":"Terror","floor":35.0},{"not_picked":["Acrobatics+1","Distraction+1"],"picked":"Footwork","floor":38.0},{"not_picked":["Slice","strawberrySpire:Rummage+1"],"picked":"Endless Agony+1","floor":44.0},{"not_picked":["Expertise+1","Wraith Form v2"],"picked":"Cloak And Dagger","floor":45.0},{"not_picked":["Terror","strawberrySpire:SideSwipe+1"],"picked":"strawberrySpire:Insectonator","floor":46.0},{"not_picked":["Underhanded Strike","Leg Sweep"],"picked":"Deflect+1","floor":47.0},{"not_picked":["Distraction+1","Bane"],"picked":"Adrenaline","floor":54.0}],"player_experience":220449,"relics_obtained":[{"floor":6.0,"key":"hubris:DuctTape"},{"floor":8.0,"key":"ReplayTheSpireMod:Ring of Challenge"},{"floor":13.0,"key":"QRelics:ExpiredBeans"},{"floor":23.0,"key":"hubris:TenFootPole"},{"floor":26.0,"key":"QRelics:AstralDiamond"},{"floor":31.0,"key":"halation:EternalFortune"},{"floor":43.0,"key":"Snake Skull"},{"floor":45.0,"key":"Happy Flower"},{"floor":54.0,"key":"QRelics:BlessedBelt"}],"event_choices":[],"is_beta":false,"boss_relics":[{"not_picked":["halation:Yufonium","conspire:SpecialSausage"],"picked":"QRelics:ClockworkEngine"},{"not_picked":["hubris:VirtuousBlindfold","Runic Pyramid"],"picked":"ChewingGum"}],"items_purged_floors":[],"is_endless":false,"potions_floor_spawned":[1,6,16,18,22,23,25,31,33,38,45,46,54],"killed_by":"The Heart","ascension_level":0}}