{"host":"ndpbn7fqb3wjbd7p","time":1611274922,"event":{"mods":["AchievementEnabler","Act Like it!","AlwaysNeverKeys","BaseMod","Better Vampires","Block Reminder","Colored Powertips","DeckTracker","Defuse TimeMaze Blight","Friendly Minions","Hallownest","Hermit","Highlight Path","MarisaÅiñ∂âJÅ@ñÇóùçπÅj","Minty Spire (QoL Compilation)","Permanent Neow","Shade Mod","StSLib","SuperFastMode","Synergy Search","The Mystic","Unceasing Turn Reminder","egg"],"gold_per_floor":[118,132,57,18,18,29,29,29,29],"floor_reached":8,"language":"ENG","playtime":255,"items_purged":[],"score":92,"play_id":"4216deb5-f936-4068-98da-97af94412ffc","local_time":"20210122012202","is_ascension_mode":true,"campfire_choices":[{"data":"Neutralize","floor":7,"key":"SMITH"}],"circlet_count":0,"master_deck":["AscendersBane","Strike_G","Strike_G","Strike_G","Strike_G","Defend_G","Defend_G","Defend_G","Defend_G","Defend_G+1","Survivor","Neutralize+1","After Image","Underhanded Strike+1","Choke","Escape Plan","Eviscerate"],"relics":["Ring of the Snake"],"acts_visited":["Exordium"],"potions_floor_usage":[8],"damage_taken":[{"damage":4,"enemies":"Cultist","floor":1,"turns":5},{"damage":0,"enemies":"Jaw Worm","floor":2,"turns":4},{"damage":0,"enemies":"2 Louse","floor":6,"turns":3},{"damage":49,"enemies":"Gremlin Nob","floor":8,"turns":4}],"seed_played":"-197058751449937243","potions_obtained":[{"floor":6,"key":"PowerPotion"}],"is_trial":false,"path_per_floor":["M","M","?","$","?","M","R","E"],"character_chosen":"THE_SILENT","items_purchased":["Escape Plan"],"campfire_rested":0,"item_purchase_floors":[4],"current_hp_per_floor":[55,55,55,55,35,35,35,0,0],"gold":29,"neow_bonus":"ONE_RANDOM_RARE_CARD","is_daily":false,"chose_seed":false,"campfire_upgraded":1,"win_rate":0.0,"timestamp":1611274922,"path_taken":["M","M","?","$","?","M","R","E"],"items_purchased_type":["Card"],"build_version":"2020-12-22","purchased_purges":0,"victory":false,"max_hp_per_floor":[66,66,66,66,66,66,66,66,66],"card_choices":[{"not_picked":["Deflect","Setup"],"picked":"Underhanded Strike","floor":1},{"not_picked":["Distraction","Noxious Fumes"],"picked":"Choke","floor":2},{"not_picked":["Dagger Throw","Cloak And Dagger"],"picked":"Eviscerate","floor":6}],"player_experience":1182418,"relics_obtained":[],"event_choices":[{"cards_removed":["Strike_G"],"damage_healed":0,"gold_gain":0,"player_choice":"Card Removal","damage_taken":0,"max_hp_gain":0,"max_hp_loss":0,"event_name":"The Cleric","floor":3,"gold_loss":75},{"damage_healed":0,"gold_gain":0,"player_choice":"Entered Light","damage_taken":20,"max_hp_gain":0,"max_hp_loss":0,"event_name":"Shining Light","floor":5,"gold_loss":0,"cards_upgraded":["Underhanded Strike","Defend_G"]}],"is_beta":false,"boss_relics":[],"items_purged_floors":[],"is_endless":false,"potions_floor_spawned":[6],"killed_by":"Gremlin Nob","ascension_level":20}}