{"host":"b995t17pt6d05w8c","time":1611355969,"event":{"mods":["AchievementEnabler","BaseMod","Colored Map","DeckTracker","Keyboard Shortcuts","Minty Spire (QoL Compilation)","Permanent Neow","SuperFastMode"],"gold_per_floor":[113,129,129,129,147,147,163,175,175,186,186,205,51,63,63,137,137,151,151,151,161,181,181,209,209,232,232,232,245,245,258,258,258,258],"floor_reached":33,"language":"KOR","playtime":841,"items_purged":[],"score":457,"play_id":"335a723f-b10d-40db-b8cf-c5fd90d9d876","local_time":"20210123075249","is_ascension_mode":true,"campfire_choices":[{"data":"Dualcast","floor":6.0,"key":"SMITH"},{"floor":11.0,"key":"REST"},{"data":"Go for the Eyes","floor":15,"key":"SMITH"},{"floor":23,"key":"REST"},{"data":"Chaos","floor":27,"key":"SMITH"},{"data":"Capacitor","floor":30,"key":"SMITH"},{"floor":32,"key":"REST"}],"circlet_count":0,"master_deck":["AscendersBane","Strike_B","Defend_B","Defend_B","Zap+1","Dualcast+1","All For One","Ball Lightning","BootSequence","Reboot","Capacitor+1","Chaos+1","Conserve Battery","Go for the Eyes+1","Buffer","Skim","Consume","Sunder","Genetic Algorithm","Sunder+1"],"relics":["Cracked Core","Blue Candle","OrangePellets","Snecko Eye","Happy Flower","Tiny Chest"],"acts_visited":["Exordium","TheCity"],"potions_floor_usage":[16,21,31,33],"damage_taken":[{"damage":9.0,"enemies":"Small Slimes","floor":1.0,"turns":3.0},{"damage":1.0,"enemies":"Cultist","floor":2.0,"turns":3.0},{"damage":2.0,"enemies":"Jaw Worm","floor":5.0,"turns":2.0},{"damage":36.0,"enemies":"Gremlin Gang","floor":7.0,"turns":5.0},{"damage":0.0,"enemies":"Looter","floor":8.0,"turns":2.0},{"damage":8.0,"enemies":"Large Slime","floor":10.0,"turns":4.0},{"damage":11.0,"enemies":"2 Fungi Beasts","floor":12.0,"turns":3.0},{"damage":3,"enemies":"Exordium Thugs","floor":14,"turns":4},{"damage":17,"enemies":"Hexaghost","floor":16,"turns":10},{"damage":14,"enemies":"Spheric Guardian","floor":18,"turns":4},{"damage":35,"enemies":"3 Byrds","floor":21,"turns":5},{"damage":16,"enemies":"Centurion and Healer","floor":22,"turns":6},{"damage":18,"enemies":"Gremlin Leader","floor":24,"turns":3},{"damage":17,"enemies":"Shelled Parasite and Fungi","floor":29,"turns":5},{"damage":33,"enemies":"Snake Plant","floor":31,"turns":6},{"damage":50,"enemies":"Collector","floor":33,"turns":5}],"seed_played":"-5335928618060224686","potions_obtained":[{"floor":2.0,"key":"SkillPotion"},{"floor":5.0,"key":"CultistPotion"},{"floor":10.0,"key":"DistilledChaos"},{"floor":12.0,"key":"Block Potion"},{"floor":18,"key":"FearPotion"},{"floor":24,"key":"Regen Potion"},{"floor":31,"key":"Regen Potion"}],"is_trial":false,"path_per_floor":["M","M","?","?","M","R","M","M","T","M","R","M","$","M","R","B",null,"M","?","?","M","M","R","E","?","T","R","?","M","R","M","R","B"],"character_chosen":"DEFECT","items_purchased":["OrangePellets"],"campfire_rested":3,"item_purchase_floors":[13],"current_hp_per_floor":[37,36,59,59,57,57,21,21,21,13,34,23,23,20,20,3,54,40,40,81,46,30,54,36,36,36,36,36,19,19,1,25,0,0],"gold":258,"neow_bonus":"TRANSFORM_TWO_CARDS","is_daily":false,"chose_seed":false,"campfire_upgraded":4,"win_rate":0.0,"timestamp":1611355969,"path_taken":["M","M","?","?","M","R","M","M","T","M","R","M","$","M","R","BOSS","M","?","?","?","M","R","E","?","T","R","?","M","R","M","R","BOSS"],"items_purchased_type":["Relic"],"build_version":"2020-12-22","purchased_purges":0,"victory":false,"max_hp_per_floor":[71,71,71,71,71,71,71,71,71,71,71,71,71,71,71,71,71,71,71,81,81,81,81,81,81,81,81,81,81,81,81,81,81,81],"card_choices":[{"not_picked":["Cold Snap","Redo"],"picked":"Ball Lightning","floor":1.0},{"not_picked":["Hologram","Scrape"],"picked":"BootSequence","floor":2.0},{"not_picked":["Steam","Sweeping Beam"],"picked":"Reboot","floor":5.0},{"not_picked":["Stack","Hologram"],"picked":"Capacitor","floor":7.0},{"not_picked":["Force Field","Reinforced Body"],"picked":"Chaos","floor":8.0},{"not_picked":["Sweeping Beam","Static Discharge"],"picked":"Conserve Battery","floor":10.0},{"not_picked":["Barrage","Steam Power","Lockon"],"picked":"SKIP","floor":12.0},{"not_picked":["Reinforced Body","Sweeping Beam"],"picked":"Go for the Eyes","floor":14},{"not_picked":["Cold Snap","Conserve Battery","Ball Lightning"],"picked":"SKIP","floor":18},{"not_picked":["Beam Cell","Lockon"],"picked":"Consume","floor":21},{"not_picked":["Streamline","Go for the Eyes","Redo"],"picked":"SKIP","floor":22},{"not_picked":["Coolheaded","Turbo"],"picked":"Sunder","floor":24},{"not_picked":["Recycle","Consume"],"picked":"Genetic Algorithm","floor":29},{"not_picked":["Stack+1","Beam Cell"],"picked":"Sunder+1","floor":31}],"player_experience":159994,"relics_obtained":[{"floor":9.0,"key":"Blue Candle"},{"floor":24,"key":"Happy Flower"},{"floor":26,"key":"Tiny Chest"}],"event_choices":[{"damage_healed":23.0,"max_hp_gain":0.0,"max_hp_loss":0.0,"gold_gain":0.0,"event_name":"Big Fish","player_choice":"Banana","floor":3.0,"gold_loss":0.0,"damage_taken":0.0},{"damage_healed":0.0,"max_hp_gain":0.0,"max_hp_loss":0.0,"gold_gain":0.0,"event_name":"Upgrade Shrine","player_choice":"Upgraded","floor":4.0,"gold_loss":0.0,"damage_taken":0.0,"cards_upgraded":["Zap"]},{"damage_healed":0,"gold_gain":0,"cards_transformed":["Strike_B","Defend_B"],"player_choice":"Became Test Subject","damage_taken":0,"max_hp_gain":0,"max_hp_loss":0,"event_name":"Drug Dealer","floor":19,"gold_loss":0,"cards_obtained":["Buffer","Skim"]},{"cards_removed":["Multi-Cast"],"damage_healed":31,"gold_gain":0,"player_choice":"Offered Rare","damage_taken":0,"max_hp_gain":10,"max_hp_loss":0,"event_name":"Bonfire Elementals","floor":20,"gold_loss":0},{"cards_removed":["Strike_B"],"damage_healed":0,"gold_gain":0,"player_choice":"Elegance","damage_taken":0,"max_hp_gain":0,"max_hp_loss":0,"event_name":"Back to Basics","floor":25,"gold_loss":0},{"damage_healed":0,"gold_gain":0,"player_choice":"Ignored","damage_taken":0,"max_hp_gain":0,"max_hp_loss":0,"event_name":"The Mausoleum","floor":28,"gold_loss":0}],"is_beta":false,"boss_relics":[{"not_picked":["Velvet Choker","Calling Bell"],"picked":"Snecko Eye"}],"items_purged_floors":[],"is_endless":false,"potions_floor_spawned":[2,5,10,12,18,24,29,31],"killed_by":"Collector","ascension_level":15}}