{"host":"3y33rrrkia6pkpow","time":1611278074,"event":{"mods":["2.2 Compatiblity","AchievementEnabler","Act Like it!","BaseMod","BetterRewards","Block Reminder","Colored Map","Colored Powertips","DeckTracker","Faster Ascension Climbing","Gensokyo","Highlight Path","Infinite Spire","Minty Spire (QoL Compilation)","Quick Restart","Rare Cards Sparkle","Replay The Spire","Shop Mod","Spicy Shops","StSLib","Synergy Search","The Animator","The Blue Laboratory","Unknown Chances"],"gold_per_floor":[125,125,225,136,136,165,165,180,180,213,213,232,264,302,302,408,408,434,434,457,457,457,457,457,496,496,496,534,546,566,87,87,202,202,216,232,142,142,142,142,184,184,184,218,218,250,250,250,250,258],"floor_reached":51,"language":"ENG","playtime":6045,"items_purged":["animator:Strike","animator:Strike"],"score":1239,"play_id":"fa34be46-d211-4a81-bd68-083bca2bb4e3","local_time":"20210121191434","is_ascension_mode":true,"campfire_choices":[{"floor":7.0,"key":"REST"},{"data":"animator:Viivi","floor":8.0,"key":"SMITH"},{"data":"animator:Viivi","floor":10.0,"key":"SMITH"},{"data":"animator:AcuraAkari","floor":11.0,"key":"SMITH"},{"data":"animator:Viivi","floor":12.0,"key":"SMITH"},{"data":"animator:Gillette","floor":13.0,"key":"SMITH"},{"data":"animator:Rider","floor":14.0,"key":"SMITH"},{"floor":15.0,"key":"REST"},{"data":"animator:Alexander","floor":16.0,"key":"SMITH"},{"data":"animator:ChaikaBohdan","floor":20.0,"key":"SMITH"},{"data":"infinitespire:NeuralNetwork","floor":23.0,"key":"SMITH"},{"data":"animator:Strike_Fate","floor":25.0,"key":"SMITH"},{"data":"animator:Eris","floor":27.0,"key":"SMITH"},{"data":"animator:Alexander","floor":28.0,"key":"SMITH"},{"floor":29.0,"key":"REST"},{"data":"animator:ChaikaBohdan","floor":30.0,"key":"SMITH"},{"data":"animator:Saber","floor":32.0,"key":"SMITH"},{"data":"animator:Defend_Fate","floor":33.0,"key":"SMITH"},{"data":"animator:Defend","floor":36.0,"key":"SMITH"},{"floor":40.0,"key":"REST"},{"data":"animator:Defend","floor":41.0,"key":"SMITH"},{"floor":42.0,"key":"REST"},{"floor":49,"key":"DIG"}],"circlet_count":0,"master_deck":["AscendersBane","animator:Strike_Fate+1","animator:Defend_Fate+1","animator:Defend","animator:Defend+1","animator:Defend+1","animator:Alexander+1","animator:Rider+1","animator:Viivi+1","animator:Viivi+1","animator:YachiyoNanami","animator:Viivi+1","animator:Cirno","animator:Chris","animator:AcuraAkari+1","animator:Fredrika","animator:Gillette+1","animator:Fredrika","animator:Fredrika","animator:Chris","animator:Eris+1","CurseOfTheBell","animator:ChaikaBohdan+1","infinitespire:NeuralNetwork+1","animator:Alexander+1","animator:ChaikaBohdan+1","animator:LizardPriest+1","animator:AcuraTooru","animator:Saber+1","animator:Kyubey","animator:Wiz","animator:AcuraAkari","animator:Viivi+1","Gensokyo:CustomPotion","animator:ChaikaBohdan","animator:AcuraShin","animator:AcuraAkari","Gensokyo:LifeSpringInfinity"],"relics":["animator:LivingPicture","animator:TheMissingPiece","animator:PurgingStone","Shuriken","infinitespire:Satchel","Bottled Tornado","Replay:Baseball","Dream Catcher","infinitespire:Eraser","Calling Bell","PreservedInsect","Eternal Feather","Durian","Gremlin Horn","Gremlin Horn","Boot","Singing Bowl","Fusion Hammer","Bag of Marbles","Torii","Anchor","Omamori","Bag of Preparation","Thread and Needle","White Beast Statue"],"acts_visited":["Gensokyo:Gensokyo","Gensokyo:Gensokyoer","Gensokyo:Gensokyoest"],"potions_floor_usage":[50,50],"damage_taken":[{"damage":5.0,"enemies":"Gensokyo:2_Kodama","floor":1.0,"turns":3.0},{"damage":9.0,"enemies":"Gensokyo:Cirno","floor":6.0,"turns":5.0},{"damage":0.0,"enemies":"Gensokyo:3_Fairies","floor":8.0,"turns":3.0},{"damage":10.0,"enemies":"Gensokyo:Aya","floor":10.0,"turns":3.0},{"damage":0.0,"enemies":"Gensokyo:Python","floor":12.0,"turns":2.0},{"damage":8.0,"enemies":"Gensokyo:Mamizou","floor":13.0,"turns":5.0},{"damage":12.0,"enemies":"Gensokyo:Aya","floor":14.0,"turns":3.0},{"damage":0.0,"enemies":"Gensokyo:Reimu","floor":16.0,"turns":8.0},{"damage":16.0,"enemies":"Gensokyo:Chomper","floor":18.0,"turns":3.0},{"damage":19.0,"enemies":"Gensokyo:3_Dogs","floor":20.0,"turns":3.0},{"damage":0.0,"enemies":"Gensokyo:Reisen","floor":25.0,"turns":2.0},{"damage":47.0,"enemies":"Gensokyo:Tenshi","floor":28.0,"turns":3.0},{"damage":21.0,"enemies":"Gensokyo:Wraith","floor":30.0,"turns":4.0},{"damage":47.0,"enemies":"Gensokyo:Eternal_Rivals","floor":33.0,"turns":8.0},{"damage":0.0,"enemies":"Gensokyo:3_Bats","floor":35.0,"turns":1.0},{"damage":23.0,"enemies":"Gensokyo:AncientGuardian","floor":36.0,"turns":4.0},{"damage":8.0,"enemies":"Gensokyo:Doremy","floor":41.0,"turns":4.0},{"damage":10.0,"enemies":"Gensokyo:Kasen","floor":44.0,"turns":4.0},{"damage":7.0,"enemies":"Gensokyo:Doremy","floor":46.0,"turns":4.0},{"damage":20,"enemies":"Gensokyo:Scarlet_Devils","floor":50,"turns":5}],"seed_played":"-8450648075493146889","potions_obtained":[{"floor":8.0,"key":"Explosive Potion"},{"floor":12.0,"key":"blueLaboratory:BottleOfVodka"},{"floor":13.0,"key":"EntropicBrew"},{"floor":14.0,"key":"infinitespire:BlackPotion"}],"is_trial":false,"path_per_floor":["M","?","?","$","?","E","R","M","T","E","R","M","?","E","R","B",null,"M","AVR","M","?","?","R","?","E","T","R","E","R","M","$","R_BF","B",null,"M","M","?","$","?","R","E","R","T","E","?","E","?","T","R_BF","B",null],"character_chosen":"THE_ANIMATOR","items_purchased":["Shuriken","animator:Viivi","animator:Kuroyukihime","animator:Viivi","animator:YachiyoNanami","animator:Viivi","animator:Cirno","animator:Rorona","animator:Saber","animator:Kyubey"],"campfire_rested":5,"item_purchase_floors":[0,0,0,0,0,0,0,4,31,31],"current_hp_per_floor":[54,48,48,48,48,39,58,58,58,48,48,48,40,28,47,48,67,54,54,38,38,38,53,53,53,53,68,27,66,45,45,63,22,60,60,49,49,49,49,74,72,74,74,66,66,65,65,65,76,62],"gold":258,"neow_bonus":"","is_daily":false,"chose_seed":true,"campfire_upgraded":17,"win_rate":0.0,"timestamp":1611278074,"path_taken":["M","?","?","$","?","E","R","M","T","E","R","M","?","E","R","BOSS","M","AVR","M","?","?","R","?","E","T","R","E","R","?","?","R_BF","BOSS","M","M","?","$","?","R","E","R","T","E","?","E","?","?","R_BF","BOSS"],"items_purchased_type":["Relic","Card","Card","Card","Card","Card","Card","Card","Card","Card"],"build_version":"2020-12-22","purchased_purges":2,"victory":true,"max_hp_per_floor":[66,66,66,66,66,66,66,66,66,66,66,66,66,66,66,67,72,72,72,72,72,72,72,72,72,72,72,72,72,72,72,72,72,72,72,72,72,72,72,74,74,74,74,76,76,76,76,76,76,76],"card_choices":[{"not_picked":["animator:Shigure","animator:AliceMargatroid"],"picked":"animator:Chris","floor":1.0},{"not_picked":["animator:OrikoMikuni","animator:YuukaKazami"],"picked":"animator:AcuraAkari","floor":6.0},{"not_picked":["animator:Berserker","animator:Gillette"],"picked":"animator:Fredrika","floor":8.0},{"not_picked":["animator:Viivi","animator:Guy"],"picked":"animator:Gillette","floor":10.0},{"not_picked":["animator:Kazuma","animator:ShinjiMatou"],"picked":"animator:Fredrika","floor":12.0},{"not_picked":["animator:Alexander","animator:KyokoSakura"],"picked":"animator:Fredrika","floor":13.0},{"not_picked":["animator:HiedaNoAkyuu","animator:MasamiIwasawa"],"picked":"animator:Chris","floor":14.0},{"not_picked":["animator:KanadeTachibana","animator:Ainz"],"picked":"animator:Eris","floor":16.0},{"not_picked":["animator:Guy","animator:AcuraTooru"],"picked":"animator:ChaikaBohdan","floor":18.0},{"not_picked":["animator:ReimuHakurei","animator:Cocytus+1","animator:Witch"],"picked":"SKIP","floor":20.0},{"not_picked":["animator:SwordMaiden","animator:DwarfShaman"],"picked":"animator:Alexander","floor":25.0},{"not_picked":["animator:CrowleyEusford","animator:Mikaela+1"],"picked":"animator:ChaikaBohdan","floor":28.0},{"not_picked":["animator:NarberalGamma","animator:IrohaTamaki"],"picked":"animator:LizardPriest+1","floor":29.0},{"not_picked":["animator:Gillette","animator:Layla"],"picked":"animator:AcuraTooru","floor":30.0},{"not_picked":["animator:Gilgamesh","animator:KanadeTachibana"],"picked":"animator:Wiz","floor":33.0},{"not_picked":["animator:Demiurge+1","animator:Mitsuba+1"],"picked":"animator:AcuraAkari","floor":35.0},{"not_picked":["animator:EriShiina","animator:Alexander+1"],"picked":"animator:Viivi+1","floor":36.0},{"not_picked":["animator:Priestess","animator:NarberalGamma+1","animator:Shigure+1"],"picked":"Singing Bowl","floor":40.0},{"not_picked":["animator:ShinjiMatou+1","animator:Clownpiece+1"],"picked":"animator:ChaikaBohdan","floor":41.0},{"not_picked":["animator:YuukaKazami","animator:Lancer"],"picked":"animator:AcuraShin","floor":42.0},{"not_picked":["animator:Gillette","animator:Layla","animator:Viivi"],"picked":"Singing Bowl","floor":44.0},{"not_picked":["animator:Entoma","animator:KyokoSakura"],"picked":"animator:AcuraAkari","floor":46.0},{"not_picked":["Gensokyo:NewMoon","Gensokyo:EverlastingLife"],"picked":"Gensokyo:LifeSpringInfinity","floor":47}],"player_experience":890313,"relics_obtained":[{"floor":6.0,"key":"infinitespire:Satchel"},{"floor":9.0,"key":"Bottled Tornado"},{"floor":10.0,"key":"Replay:Baseball"},{"floor":13.0,"key":"Dream Catcher"},{"floor":14.0,"key":"infinitespire:Eraser"},{"floor":17.0,"key":"PreservedInsect"},{"floor":17.0,"key":"Eternal Feather"},{"floor":17.0,"key":"Durian"},{"floor":25.0,"key":"Gremlin Horn"},{"floor":26.0,"key":"Boot"},{"floor":28.0,"key":"Singing Bowl"},{"floor":41.0,"key":"Torii"},{"floor":43.0,"key":"Anchor"},{"floor":44.0,"key":"Omamori"},{"floor":46.0,"key":"Bag of Preparation"},{"floor":48,"key":"Thread and Needle"},{"floor":49,"key":"White Beast Statue"}],"event_choices":[],"is_beta":false,"boss_relics":[{"not_picked":["ReplayTheSpireMod:DimensionalGlitch","SacredBark"],"picked":"Calling Bell"},{"not_picked":["Busted Crown","infinitespire:Cupcake"],"picked":"Fusion Hammer"}],"items_purged_floors":[31,31],"is_endless":false,"potions_floor_spawned":[8,12,13,14,28,30,33,41,44],"ascension_level":10}}