{"host":"l4kdldlios54gl54","time":1611284448,"event":{"mods":["AchievementEnabler","BaseMod","Colored Map","Colored Powertips","Minty Spire (QoL Compilation)","Random Character Button"],"gold_per_floor":[117,42,42,59,75,102,114,114,141,141,34,34,34,103,103,103,103],"floor_reached":16,"language":"ENG","playtime":516,"items_purged":["Strike_R"],"score":200,"play_id":"6c979b6a-71c4-4145-9be8-3e9c2a1e0ef2","local_time":"20210122040048","is_ascension_mode":true,"campfire_choices":[{"data":"Wild Strike","floor":8,"key":"SMITH"},{"data":"Twin Strike","floor":13,"key":"SMITH"},{"floor":15,"key":"REST"}],"circlet_count":0,"master_deck":["AscendersBane","Strike_R","Strike_R","Strike_R","Strike_R","Defend_R","Defend_R","Defend_R","Bash","Disarm+1","Twin Strike+1","Twin Strike","Wild Strike+1","Second Wind","Shrug It Off","Cleave"],"relics":["Burning Blood","Smiling Mask","Boot","Nunchaku","SsserpentHead"],"acts_visited":["Exordium"],"potions_floor_usage":[5,6],"damage_taken":[{"damage":6,"enemies":"Cultist","floor":1,"turns":3},{"damage":12,"enemies":"Small Slimes","floor":4,"turns":6},{"damage":2,"enemies":"2 Louse","floor":5,"turns":3},{"damage":40,"enemies":"3 Sentries","floor":6,"turns":8},{"damage":7,"enemies":"Red Slaver","floor":7,"turns":4},{"damage":1,"enemies":"Looter","floor":14,"turns":4},{"damage":60,"enemies":"Slime Boss","floor":16,"turns":11}],"seed_played":"8879848722730562818","potions_obtained":[{"floor":1,"key":"SkillPotion"},{"floor":4,"key":"SkillPotion"}],"is_trial":false,"path_per_floor":["M","?","?","M","M","E","M","R","T","?","$","?","R","M","R","B"],"character_chosen":"IRONCLAD","items_purchased":["Shrug It Off"],"campfire_rested":1,"item_purchase_floors":[11],"current_hp_per_floor":[68,68,68,62,66,32,31,31,31,31,31,31,31,36,58,0,0],"gold":103,"neow_bonus":"RANDOM_COMMON_RELIC","is_daily":false,"chose_seed":false,"campfire_upgraded":2,"win_rate":0.0,"timestamp":1611284448,"path_taken":["M","?","?","M","M","E","M","R","T","?","$","?","R","?","R","BOSS"],"items_purchased_type":["Card"],"build_version":"2020-12-22","purchased_purges":1,"victory":false,"max_hp_per_floor":[75,75,75,75,75,75,75,75,75,75,75,75,75,75,75,75,75],"card_choices":[{"not_picked":["Rage","Heavy Blade"],"picked":"Disarm","floor":1},{"not_picked":["Havoc","Entrench"],"picked":"Twin Strike","floor":4},{"not_picked":["Anger","Dark Embrace","Twin Strike"],"picked":"SKIP","floor":5},{"not_picked":["Anger","Dark Embrace"],"picked":"Twin Strike","floor":5},{"not_picked":["Wild Strike","Perfected Strike","Sword Boomerang"],"picked":"SKIP","floor":6},{"not_picked":["Perfected Strike","Sword Boomerang"],"picked":"Wild Strike","floor":6},{"not_picked":["Clothesline","Anger"],"picked":"Second Wind","floor":7},{"not_picked":["Clothesline","Disarm"],"picked":"Cleave","floor":14}],"player_experience":887487,"relics_obtained":[{"floor":6,"key":"Boot"},{"floor":9,"key":"Nunchaku"}],"event_choices":[{"cards_removed":["Defend_R"],"damage_healed":0,"gold_gain":0,"player_choice":"Card Removal","damage_taken":0,"max_hp_gain":0,"max_hp_loss":0,"event_name":"The Cleric","floor":2,"gold_loss":75},{"damage_healed":0,"gold_gain":0,"player_choice":"Grow","damage_taken":0,"max_hp_gain":0,"max_hp_loss":0,"event_name":"Living Wall","floor":3,"gold_loss":0,"cards_upgraded":["Disarm"]},{"damage_healed":0,"gold_gain":0,"player_choice":"Fled","damage_taken":0,"max_hp_gain":0,"max_hp_loss":0,"event_name":"Scrap Ooze","floor":10,"gold_loss":0},{"damage_healed":0,"gold_gain":0,"player_choice":"Trade","damage_taken":0,"relics_obtained":["SsserpentHead"],"max_hp_gain":0,"max_hp_loss":0,"event_name":"FaceTrader","floor":12,"gold_loss":0}],"is_beta":false,"boss_relics":[],"items_purged_floors":[11],"is_endless":false,"potions_floor_spawned":[1,4],"killed_by":"Slime Boss","ascension_level":20}}