{"host":"17uzppmr1r5fe5jj","time":1611327080,"event":{"mods":["BaseMod","Minty Spire (QoL Compilation)","Quick Restart","StSLib","[IsaacMod]ÒÔÈö¼âËþ"],"gold_per_floor":[115,37,37,55,105,137,137,147,196,196,224,242,292,312,312,407,407,443,482,513,531,143,143,143,143],"floor_reached":24,"language":"ZHS","playtime":1381,"items_purged":["Strike_R"],"score":256,"play_id":"978f1172-bea3-4bfe-8003-5145db2dcd7f","local_time":"20210122225120","is_ascension_mode":true,"campfire_choices":[{"data":"Inflame","floor":7.0,"key":"SMITH"},{"data":"Pommel Strike","floor":10.0,"key":"SMITH"},{"data":"Armaments","floor":15.0,"key":"SMITH"},{"floor":23,"key":"REST"}],"circlet_count":0,"master_deck":["Strike_R","Strike_R","Strike_R","Strike_R","Defend_R","Defend_R","Defend_R","Defend_R","Bash","Inflame+1","Pommel Strike+1","Heavy Blade","Bloodletting","Dropkick","Combust","Armaments+1","Power Through","Berserk","HandOfGreed","Shrug It Off","Cleave"],"relics":["Black Blood","HushsDoor","D6","NeowsBlessing","Blue Candle","Nunchaku","StoneCalendar","PreservedInsect","Anchor","SharpPlug","Strawberry","Incense Burner"],"acts_visited":["Exordium","TheCity"],"potions_floor_usage":[16,24],"damage_taken":[{"damage":0.0,"enemies":"Small Slimes","floor":1.0,"turns":1.0},{"damage":0.0,"enemies":"Jaw Worm","floor":4.0,"turns":1.0},{"damage":0.0,"enemies":"Hiden Room Battle","floor":5.0,"turns":1.0},{"damage":0.0,"enemies":"Gremlin Nob","floor":6.0,"turns":3.0},{"damage":1.0,"enemies":"Cultist","floor":8.0,"turns":3.0},{"damage":16.0,"enemies":"Lagavulin","floor":11.0,"turns":3.0},{"damage":0.0,"enemies":"Large Slime","floor":12.0,"turns":3.0},{"damage":45.0,"enemies":"Hiden Room Battle","floor":13.0,"turns":3.0},{"damage":4.0,"enemies":"Red Slaver","floor":14.0,"turns":3.0},{"damage":41,"enemies":"Slime Boss","floor":16,"turns":7},{"damage":30,"enemies":"Shell Parasite","floor":18,"turns":4},{"damage":2,"enemies":"Chosen","floor":19,"turns":4},{"damage":27,"enemies":"Centurion and Healer","floor":20,"turns":6},{"damage":29,"enemies":"Snake Plant","floor":21,"turns":4},{"damage":67,"enemies":"Gremlin Leader","floor":24,"turns":5}],"seed_played":"329539468178470655","potions_obtained":[{"floor":1.0,"key":"Fire Potion"},{"floor":8.0,"key":"BlessingOfTheForge"},{"floor":13.0,"key":"DistilledChaos"},{"floor":16,"key":"SteroidPotion"},{"floor":20,"key":"Ancient Potion"}],"is_trial":false,"path_per_floor":["M","$","?","M","?","E","R","M","T","R","E","M","?","M","R","B",null,"M","M","M","M","$","R","E"],"character_chosen":"IRONCLAD","items_purchased":["Inflame","HandOfGreed","Incense Burner"],"campfire_rested":1,"item_purchase_floors":[2,17,22],"current_hp_per_floor":[80,80,80,80,80,80,80,80,80,80,70,76,44,46,46,11,83,65,75,60,43,43,67,0,0],"gold":143,"neow_bonus":"THREE_ENEMY_KILL","is_daily":false,"chose_seed":false,"campfire_upgraded":3,"win_rate":0.0,"timestamp":1611327080,"path_taken":["M","$","?","M","?","E","R","M","T","R","E","M","?","M","R","BOSS","M","M","M","M","$","R","E"],"items_purchased_type":["Card","Card","Relic"],"build_version":"2020-12-22","purchased_purges":1,"victory":false,"max_hp_per_floor":[80,80,80,80,80,80,80,80,80,80,80,80,87,87,87,87,83,83,83,83,83,83,83,83,83],"card_choices":[{"not_picked":["Wild Strike","Burning Pact"],"picked":"Bomb","floor":1.0},{"not_picked":["Combust","Bludgeon"],"picked":"Pommel Strike","floor":4.0},{"not_picked":["Carnage","Anger"],"picked":"Heavy Blade","floor":5.0},{"not_picked":["Headbutt","Twin Strike"],"picked":"Bloodletting","floor":6.0},{"not_picked":["Hemokinesis","True Grit"],"picked":"Bomb","floor":8.0},{"not_picked":["Intimidate","Warcry"],"picked":"Dropkick","floor":11.0},{"not_picked":["Demon Form","Flex"],"picked":"Combust","floor":12.0},{"not_picked":["Spot Weakness","Warcry"],"picked":"Armaments","floor":13.0},{"not_picked":["Sword Boomerang","Headbutt"],"picked":"Power Through","floor":14.0},{"not_picked":["Brutality","Reaper"],"picked":"Berserk","floor":16},{"not_picked":["Thunderclap","Headbutt","Ghostly Armor"],"picked":"SKIP","floor":18},{"not_picked":["Dropkick","Bloodletting","Combust+1"],"picked":"SKIP","floor":19},{"not_picked":["Pommel Strike","Perfected Strike+1"],"picked":"Shrug It Off","floor":20},{"not_picked":["Iron Wave","Power Through"],"picked":"Cleave","floor":21}],"player_experience":93328,"relics_obtained":[{"floor":5.0,"key":"Blue Candle"},{"floor":5.0,"key":"Nunchaku"},{"floor":6.0,"key":"StoneCalendar"},{"floor":9.0,"key":"PreservedInsect"},{"floor":11.0,"key":"Anchor"},{"floor":13.0,"key":"SharpPlug"},{"floor":13.0,"key":"Strawberry"}],"event_choices":[{"damage_healed":0.0,"max_hp_gain":0.0,"max_hp_loss":0.0,"gold_gain":0.0,"event_name":"The Cleric","player_choice":"Leave","floor":3.0,"gold_loss":0.0,"damage_taken":0.0},{"damage_healed":0.0,"max_hp_gain":0.0,"max_hp_loss":0.0,"gold_gain":0.0,"event_name":"HidenRoomEvent","player_choice":"Fight","floor":5.0,"gold_loss":0.0,"damage_taken":0.0},{"damage_healed":0.0,"max_hp_gain":0.0,"max_hp_loss":0.0,"gold_gain":0.0,"event_name":"HidenRoomEvent","player_choice":"Fight","floor":13.0,"gold_loss":0.0,"damage_taken":0.0}],"is_beta":false,"boss_relics":[{"not_picked":["Cursed Key","ChampionBelt"],"picked":"Black Blood"},{"not_picked":[]}],"items_purged_floors":[22],"is_endless":false,"potions_floor_spawned":[1,8,13,16,20],"killed_by":"Gremlin Leader","ascension_level":2}}