{"host":"22ezjknwheybwqtz","time":1611307389,"event":{"mods":["BaseMod","Downfall","Minty Spire (QoL Compilation)","StSLib"],"gold_per_floor":[99,113,113,125,136,136,136,136,148,148,168,168,78,178,197,294,294,294,311,326,350,368,368,415,315,328,228,240,255,269,300,310,310,310,310],"floor_reached":33,"language":"ENG","playtime":1414,"items_purged":["hexamod:Defend"],"score":290,"play_id":"5aa95ed9-dd2d-4d3d-9d65-1501873cb292","local_time":"20210122172309","is_ascension_mode":false,"campfire_choices":[{"data":"hexamod:Sear","floor":1,"key":"SMITH"},{"data":"hexamod:ThermalTransfer","floor":6,"key":"SMITH"},{"data":"hexamod:ThermalTransfer","floor":8,"key":"SMITH"},{"data":"hexamod:Firestarter","floor":10,"key":"SMITH"},{"floor":12,"key":"REST"},{"data":"hexamod:BurningTouch","floor":18,"key":"SMITH"},{"floor":25,"key":"RECALL"},{"data":"hexamod:GhostflameBarrier","floor":27,"key":"SMITH"}],"circlet_count":0,"master_deck":["hexamod:Defend+1","hexamod:Defend","hexamod:Sear+1","hexamod:Float","hexamod:ThermalTransfer+1","Clumsy","hexamod:ThermalTransfer+1","hexamod:Firestarter+1","hexamod:Firestarter+1","hexamod:VolcanoVisage+1","hexamod:BurningTouch+1","hexamod:Hexaguard","hexamod:GhostflameBarrier+1","hexamod:HeatShield","hexamod:SpectersWail","hexamod:Hexaguard","hexamod:SearingWound","hexamod:BurningTouch","hexamod:HeatMetal+1"],"relics":["Empty Cage","StoneCalendar","Runic Pyramid","hexamod:TheBrokenSeal","downfall:HeartBlessingBlue","downfall:HeartBlessingRed","Blood Vial"],"acts_visited":["Exordium","TheCity"],"potions_floor_usage":[16,22,22,22,31,33],"damage_taken":[{"damage":13,"enemies":"Jaw Worm","floor":2,"turns":3},{"damage":0,"enemies":"Cultist","floor":4,"turns":4},{"damage":5,"enemies":"Small Slimes","floor":5,"turns":4},{"damage":2,"enemies":"Exordium Wildlife","floor":9,"turns":4},{"damage":17,"enemies":"3 Louse","floor":11,"turns":3},{"damage":0,"enemies":"downfall:FleeingMerchant","floor":13,"turns":4},{"damage":8,"enemies":"Gremlin Gang","floor":15,"turns":6},{"damage":28,"enemies":"IC_STATUS_ARCHETYPE","floor":16,"turns":7},{"damage":16,"enemies":"Spheric Guardian","floor":19,"turns":4},{"damage":20,"enemies":"Chosen","floor":20,"turns":4},{"damage":9,"enemies":"Snake Plant","floor":21,"turns":4},{"damage":42,"enemies":"Cultist and Chosen","floor":22,"turns":7},{"damage":8,"enemies":"Snecko","floor":26,"turns":4},{"damage":5,"enemies":"Centurion and Healer","floor":28,"turns":6},{"damage":11,"enemies":"Snake Plant","floor":29,"turns":4},{"damage":1,"enemies":"Snecko","floor":30,"turns":3},{"damage":40,"enemies":"Slavers","floor":31,"turns":5},{"damage":2,"enemies":"Centurion and Healer","floor":32,"turns":5},{"damage":20,"enemies":"WA_ARCHETYPE_CALM","floor":33,"turns":5}],"seed_played":"6472563044784228546","potions_obtained":[{"floor":15,"key":"SkillPotion"},{"floor":15,"key":"hexamod:DoubleChargePotion"},{"floor":16,"key":"Strength Potion"},{"floor":19,"key":"Dexterity Potion"},{"floor":21,"key":"GamblersBrew"},{"floor":21,"key":"Fire Potion"},{"floor":28,"key":"champ:CounterPotion"},{"floor":31,"key":"SneckoOil"}],"is_trial":false,"path_per_floor":["R","M","?","M","M","R","T","R","M","R","M","R","$","?","M","B",null,"R","M","M","M","M","?","T","R","M","R","M","M","M","E","M","B"],"character_chosen":"THE_SPIRIT","items_purchased":[],"campfire_rested":1,"item_purchase_floors":[],"current_hp_per_floor":[70,57,57,57,52,52,52,52,50,50,33,54,54,54,46,25,70,70,54,41,32,71,71,71,81,73,73,68,57,56,16,16,0,0,0],"gold":310,"neow_bonus":"BOSS_RELIC","is_daily":false,"chose_seed":false,"campfire_upgraded":6,"win_rate":0.0,"timestamp":1611307389,"path_taken":["R","M","?","M","M","R","T","R","M","R","?","R","$","?","M","BOSS","R","M","M","M","M","?","T","R","M","R","M","M","M","E","M","BOSS"],"items_purchased_type":[],"build_version":"2020-12-22","purchased_purges":1,"victory":false,"max_hp_per_floor":[70,70,70,70,70,70,70,70,70,70,70,70,70,70,70,70,70,70,70,70,70,80,80,80,90,90,90,90,90,90,90,90,90,90,90],"card_choices":[{"not_picked":["hexamod:NightmareStrike","hexamod:Hexaguard"],"picked":"hexamod:ThermalTransfer","floor":2},{"not_picked":["hexamod:GhostLash","hexamod:SwordOfDarkness"],"picked":"hexamod:ThermalTransfer","floor":4},{"not_picked":["hexamod:PhantomCloak","hexamod:CatchUp"],"picked":"hexamod:Firestarter","floor":5},{"not_picked":["hexamod:SkipABeat","hexamod:GhostShield"],"picked":"hexamod:Firestarter","floor":9},{"not_picked":["hexamod:Firestarter","hexamod:RadiantFlame"],"picked":"hexamod:FifthSeal","floor":11},{"not_picked":["hexamod:ThirdSeal","hexamod:FirstSeal"],"picked":"hexamod:FourthSeal","floor":13},{"not_picked":["hexamod:FastForward","hexamod:ShieldOfDarkness"],"picked":"hexamod:VolcanoVisage","floor":13},{"not_picked":["hexamod:FourthSeal","hexamod:SecondSeal"],"picked":"hexamod:FirstSeal","floor":15},{"not_picked":["hexamod:Haunt","hexamod:GhostLash"],"picked":"hexamod:BurningTouch","floor":15},{"not_picked":["hexamod:SecondSeal","hexamod:FourthSeal"],"picked":"hexamod:ThirdSeal","floor":16},{"not_picked":["hexamod:HexaLevel","hexamod:UnlimitedPower"],"picked":"hexamod:SixthSeal","floor":16},{"not_picked":["hexamod:GhostLash","hexamod:Firestarter","hexamod:NightmareGuise+1"],"picked":"SKIP","floor":19},{"not_picked":["hexamod:PowerFromBeyond","hexamod:FirstSeal"],"picked":"hexamod:SecondSeal","floor":20},{"not_picked":["hexamod:GhostflameBarrier","hexamod:BacktrackSmack","hexamod:HeatMetal+1"],"picked":"SKIP","floor":20},{"not_picked":["hexamod:InspiringFlames","hexamod:ShieldOfDarkness"],"picked":"hexamod:Hexaguard","floor":21},{"not_picked":["hexamod:HauntingEcho","hexamod:FastForward"],"picked":"hexamod:GhostflameBarrier","floor":22},{"not_picked":["hexamod:ThirdSeal","hexamod:SixthSeal","hexamod:FourthSeal"],"picked":"SKIP","floor":22},{"not_picked":["hexamod:ThirdSeal","hexamod:GhostLash"],"picked":"hexamod:SpectersWail","floor":26},{"not_picked":["hexamod:GhostOfSpirePast","hexamod:Firestarter"],"picked":"hexamod:Hexaguard","floor":28},{"not_picked":["hexamod:Haunt","hexamod:DynamicBlow"],"picked":"hexamod:SearingWound","floor":29},{"not_picked":["hexamod:AdvancingGuard","hexamod:InspiringFlames"],"picked":"hexamod:BurningTouch","floor":30},{"not_picked":["hexamod:ShieldOfDarkness","hexamod:SpectralAdrenaline"],"picked":"hexamod:HeatMetal+1","floor":31},{"not_picked":["hexamod:GhostflameBarrier","hexamod:HeatShield+1","hexamod:AdvancingGuard+1"],"picked":"SKIP","floor":32}],"player_experience":65770,"relics_obtained":[{"floor":7,"key":"StoneCalendar"},{"floor":31,"key":"Blood Vial"}],"event_choices":[{"damage_healed":0,"gold_gain":0,"player_choice":"Read","damage_taken":0,"max_hp_gain":0,"max_hp_loss":0,"event_name":"The Library","floor":23,"gold_loss":0,"cards_obtained":["hexamod:HeatShield"]}],"is_beta":false,"boss_relics":[{"not_picked":["Velvet Choker","hexamod:IceCube"],"picked":"Runic Pyramid"}],"items_purged_floors":[13],"is_endless":false,"potions_floor_spawned":[15,16,20,21,28,31],"killed_by":"WA_ARCHETYPE_CALM","ascension_level":0}}