{"host":"Qube","time":1611348102,"event":{"mods":["AchievementEnabler","BaseMod","Colored Map","Colored Powertips","Highlight Path","Minty Spire (QoL Compilation)","Permanent Neow","Quick Restart","Random Character Button","StSLib"],"gold_per_floor":[112,128,16,66,83,111,111,144,191,226,226,226,226,261,261,338,338,338,338,338,228,228,228,228,228,228,228,40,40,40,40,40,40,40,40,40,40,40,40,40,40,40,40,40,40,40],"floor_reached":45,"language":"ENG","playtime":1968,"items_purged":["Defend_G","Strike_G"],"score":1058,"play_id":"330d7faf-ed5a-438f-a53e-ad0426510b8e","local_time":"20210122124142","is_ascension_mode":true,"campfire_choices":[{"data":"Glass Knife","floor":7.0,"key":"SMITH"},{"floor":11.0,"key":"REST"},{"data":"Choke","floor":13.0,"key":"SMITH"},{"data":"Slice","floor":15.0,"key":"SMITH"},{"data":"Deflect","floor":23.0,"key":"SMITH"},{"data":"Slice","floor":25.0,"key":"SMITH"},{"data":"Noxious Fumes","floor":29.0,"key":"SMITH"},{"data":"Backflip","floor":32.0,"key":"SMITH"},{"data":"Madness","floor":40,"key":"SMITH"},{"floor":42,"key":"REST"}],"circlet_count":0,"master_deck":["AscendersBane","Survivor","Neutralize","Masterful Stab+1","Deflect+1","Heel Hook+1","Slice+1","Deflect+1","Choke+1","Calculated Gamble+1","Glass Knife+1","Deflect+1","After Image","Doppelganger+1","Infinite Blades","Unload","Riddle With Holes+1","Slice+1","Backflip+1","Endless Agony","Noxious Fumes+1","Cloak And Dagger+1","Corpse Explosion","Madness+1","Madness","Dash+1","Catalyst+1"],"relics":["Astrolabe","Eternal Feather","Centennial Puzzle","Bronze Scales","Blue Candle","Happy Flower","Ectoplasm","War Paint","Question Card","Sundial","Empty Cage","Mummified Hand"],"acts_visited":["Exordium","TheCity","TheBeyond"],"potions_floor_usage":[38,41,44,45],"damage_taken":[{"damage":0.0,"enemies":"Cultist","floor":1.0,"turns":3.0},{"damage":1.0,"enemies":"Small Slimes","floor":2.0,"turns":2.0},{"damage":0.0,"enemies":"Jaw Worm","floor":5.0,"turns":3.0},{"damage":29.0,"enemies":"3 Sentries","floor":6.0,"turns":10.0},{"damage":7.0,"enemies":"Gremlin Nob","floor":8.0,"turns":3.0},{"damage":9.0,"enemies":"3 Sentries","floor":10.0,"turns":5.0},{"damage":0.0,"enemies":"Gremlin Nob","floor":14.0,"turns":2.0},{"damage":21.0,"enemies":"Slime Boss","floor":16.0,"turns":11.0},{"damage":0.0,"enemies":"Shell Parasite","floor":18.0,"turns":1.0},{"damage":1.0,"enemies":"Spheric Guardian","floor":20.0,"turns":3.0},{"damage":0.0,"enemies":"3 Cultists","floor":22.0,"turns":4.0},{"damage":19.0,"enemies":"Gremlin Leader","floor":24.0,"turns":5.0},{"damage":7.0,"enemies":"Chosen and Byrds","floor":30.0,"turns":4.0},{"damage":0.0,"enemies":"Book of Stabbing","floor":31.0,"turns":3.0},{"damage":44.0,"enemies":"Champ","floor":33.0,"turns":9.0},{"damage":8.0,"enemies":"3 Shapes","floor":35.0,"turns":4.0},{"damage":28.0,"enemies":"3 Darklings","floor":37.0,"turns":2.0},{"damage":0,"enemies":"Sphere and 2 Shapes","floor":38,"turns":6},{"damage":25,"enemies":"Transient","floor":41,"turns":6},{"damage":2,"enemies":"Writhing Mass","floor":44,"turns":5},{"damage":24,"enemies":"Reptomancer","floor":45,"turns":7}],"seed_played":"3281620048467853179","potions_obtained":[{"floor":2.0,"key":"DistilledChaos"},{"floor":6.0,"key":"SmokeBomb"},{"floor":8.0,"key":"ColorlessPotion"},{"floor":16.0,"key":"Regen Potion"},{"floor":20.0,"key":"Explosive Potion"},{"floor":22.0,"key":"FearPotion"},{"floor":30.0,"key":"SneckoOil"},{"floor":33.0,"key":"SteroidPotion"},{"floor":37.0,"key":"Swift Potion"},{"floor":41,"key":"SteroidPotion"},{"floor":44,"key":"Poison Potion"}],"is_trial":false,"path_per_floor":["M","M","$","?","M","E","R","E","T","E","R","?","R","E","R","B",null,"M","?","M","?","M","R","E","R","T","?","$","R","M","E","R","B",null,"M","?","M","M","?","R","M","R","T","M","E"],"character_chosen":"THE_SILENT","items_purchased":["Choke","Noxious Fumes"],"campfire_rested":2,"item_purchase_floors":[3,28],"current_hp_per_floor":[59,58,58,52,52,23,32,25,25,16,44,49,58,58,67,46,65,65,65,64,64,64,71,52,64,64,64,64,71,64,64,71,27,60,52,39,11,26,26,41,16,52,52,50,26,26],"gold":40,"neow_bonus":"BOSS_RELIC","is_daily":false,"chose_seed":false,"campfire_upgraded":8,"win_rate":0.0,"timestamp":1611348102,"path_taken":["M","?","?","?","?","E","R","E","T","E","R","?","R","E","R","BOSS","M","?","M","?","?","R","E","R","T","?","?","R","M","E","R","BOSS","M","?","M","M","?","R","?","R","T","M","E"],"items_purchased_type":["Card","Card"],"build_version":"2020-12-18","purchased_purges":2,"victory":false,"max_hp_per_floor":[66,66,66,66,66,66,66,66,66,66,66,71,71,71,71,71,71,71,71,71,71,71,71,71,71,71,71,71,71,71,71,71,71,71,71,71,71,71,71,71,71,71,71,71,71,71],"card_choices":[{"not_picked":["Bane","Quick Slash"],"picked":"Slice","floor":1.0},{"not_picked":["Masterful Stab","Dodge and Roll"],"picked":"Deflect","floor":2.0},{"not_picked":["Acrobatics","Quick Slash"],"picked":"Calculated Gamble","floor":5.0},{"not_picked":["Sucker Punch","Dagger Throw"],"picked":"Glass Knife","floor":6.0},{"not_picked":["Catalyst","Bouncing Flask","Blade Dance"],"picked":"SKIP","floor":8.0},{"not_picked":["Poisoned Stab","Endless Agony"],"picked":"Deflect","floor":10.0},{"not_picked":["Deadly Poison","Deflect"],"picked":"After Image","floor":14.0},{"not_picked":["Bullet Time","After Image"],"picked":"Doppelganger","floor":16.0},{"not_picked":["Bane","Backstab"],"picked":"Riddle With Holes+1","floor":20.0},{"not_picked":["Blade Dance","Quick Slash"],"picked":"Slice","floor":22.0},{"not_picked":["Grand Finale","Deadly Poison"],"picked":"Backflip","floor":24.0},{"not_picked":["Terror","Prepared","Blade Dance+1"],"picked":"Cloak And Dagger+1","floor":30.0},{"not_picked":["Sucker Punch","Riddle With Holes","Choke","Backflip"],"picked":"SKIP","floor":31.0},{"not_picked":["Die Die Die","Grand Finale","Wraith Form v2"],"picked":"Corpse Explosion","floor":33.0},{"not_picked":["Underhanded Strike","All Out Attack","Dodge and Roll"],"picked":"Predator","floor":35.0},{"not_picked":["Dagger Throw","Backstab","Blade Dance"],"picked":"Dash+1","floor":37.0},{"not_picked":["Choke","Infinite Blades+1","Deadly Poison","Flechettes+1"],"picked":"SKIP","floor":38},{"not_picked":["Dash","Quick Slash+1","Blur"],"picked":"Catalyst+1","floor":41},{"not_picked":["Calculated Gamble","Dagger Throw","Outmaneuver","Storm of Steel"],"picked":"SKIP","floor":44}],"player_experience":956649,"relics_obtained":[{"floor":6.0,"key":"Eternal Feather"},{"floor":8.0,"key":"Centennial Puzzle"},{"floor":9.0,"key":"Bronze Scales"},{"floor":10.0,"key":"Blue Candle"},{"floor":14.0,"key":"Happy Flower"},{"floor":24.0,"key":"War Paint"},{"floor":26.0,"key":"Question Card"},{"floor":31.0,"key":"Sundial"},{"floor":43,"key":"Mummified Hand"}],"event_choices":[{"damage_healed":0.0,"max_hp_gain":0.0,"max_hp_loss":0.0,"gold_gain":50.0,"event_name":"FaceTrader","player_choice":"Touch","floor":4.0,"gold_loss":0.0,"damage_taken":6.0},{"damage_healed":0.0,"max_hp_gain":5.0,"max_hp_loss":0.0,"gold_gain":0.0,"event_name":"Big Fish","player_choice":"Donut","floor":12.0,"gold_loss":0.0,"damage_taken":0.0},{"damage_healed":0.0,"max_hp_gain":0.0,"max_hp_loss":0.0,"gold_gain":0.0,"cards_transformed":["Strike_G","Defend_G"],"event_name":"Drug Dealer","player_choice":"Became Test Subject","floor":19.0,"gold_loss":0.0,"damage_taken":0.0,"cards_obtained":["Infinite Blades","Unload"]},{"cards_removed":["Strike_G"],"damage_healed":0.0,"max_hp_gain":0.0,"max_hp_loss":0.0,"gold_gain":0.0,"event_name":"Designer","player_choice":"Upgrade and Remove","floor":21.0,"gold_loss":110.0,"damage_taken":0.0,"cards_upgraded":["Calculated Gamble"]},{"damage_healed":0.0,"max_hp_gain":0.0,"max_hp_loss":0.0,"gold_gain":0.0,"event_name":"Match and Keep!","player_choice":"1 cards matched","floor":27.0,"gold_loss":0.0,"damage_taken":0.0,"cards_obtained":["Endless Agony"]},{"damage_healed":0.0,"max_hp_gain":0.0,"max_hp_loss":0.0,"gold_gain":0.0,"event_name":"Winding Halls","player_choice":"Embrace Madness","floor":36.0,"gold_loss":0.0,"damage_taken":13.0,"cards_obtained":["Madness","Madness"]},{"cards_removed":["Predator"],"damage_healed":0,"gold_gain":0,"player_choice":"Removed Attack","damage_taken":0,"max_hp_gain":0,"max_hp_loss":0,"event_name":"Falling","floor":39,"gold_loss":0}],"is_beta":true,"boss_relics":[{"not_picked":["Runic Pyramid","SacredBark"],"picked":"Ectoplasm"},{"not_picked":["Coffee Dripper","Black Star"],"picked":"Empty Cage"}],"items_purged_floors":[3,28],"is_endless":false,"potions_floor_spawned":[2,6,8,16,20,22,30,33,37,41,44],"killed_by":"Reptomancer","ascension_level":20}}