{"host":"p7cjtxxrilhp4dw7","time":1611284547,"event":{"mods":["BaseMod","Block Reminder","Colored Map","Highlight Path","Minty Spire (QoL Compilation)","Replay The Spire","StSLib","The Hierophant"],"gold_per_floor":[118,118,118,118,118,148,162,192,192,192,225,243,273,319,319,434,434,466,466,489,429,456,456,488,488,488,488,129,160,160,84,84,192,192,216,238,238,263,263,279,279],"floor_reached":40,"language":"ENG","playtime":6526,"items_purged":["Strike_P"],"score":747,"play_id":"cf5e2ebb-be25-40b0-825c-5213c9a71c1f","local_time":"20210121200227","is_ascension_mode":true,"campfire_choices":[{"floor":10,"key":"REST"},{"data":"Replay:BasicMightCard","floor":15,"key":"SMITH"},{"floor":23,"key":"RECALL"},{"floor":25,"key":"REST"},{"floor":27,"key":"REST"},{"data":"Establishment","floor":30,"key":"SMITH"},{"data":"DevaForm","floor":32,"key":"SMITH"}],"circlet_count":0,"master_deck":["Strike_P+1","Strike_P","Strike_P","Defend_P","Defend_P","Defend_P","Defend_P","Eruption+1","Vigilance","Replay:BasicMightCard+1","Replay:BluntJabs","Meditate+1","SandsOfTime","Establishment+1","Consecrate","TalkToTheHand","EmptyBody+1","Replay:AllIn+1","EmptyFist","Replay:BasicMightCard+1","Swivel+1","DevaForm+1","InnerPeace+1","ForeignInfluence+1","Fasting2","LessonLearned","Halt+1","Flash of Steel"],"relics":["HolyWater","FossilizedHelix","Toxic Egg 2","Pantograph","MealTicket","Yang","Replay:Accelerometer","Replay:Bandana","Odd Mushroom","Chameleon Ring","Mummified Hand","Oddly Smooth Stone","ReplayTheSpireMod:DimensionalGlitch"],"acts_visited":["Exordium","TheCity","TheBeyond"],"potions_floor_usage":[11,24,24,33,36,40],"damage_taken":[{"damage":1,"enemies":"Jaw Worm","floor":1,"turns":5},{"damage":0,"enemies":"Lagavulin","floor":6,"turns":4},{"damage":2,"enemies":"2 Louse","floor":7,"turns":3},{"damage":5,"enemies":"3 Sentries","floor":8,"turns":6},{"damage":0,"enemies":"Replay:BlueRogue","floor":11,"turns":3},{"damage":0,"enemies":"Small Slimes","floor":12,"turns":2},{"damage":0,"enemies":"Lagavulin","floor":13,"turns":3},{"damage":0,"enemies":"The Mushroom Lair","floor":14,"turns":3},{"damage":0,"enemies":"Fading Forest","floor":16,"turns":11},{"damage":3,"enemies":"Chosen","floor":18,"turns":6},{"damage":0,"enemies":"2 Thieves","floor":20,"turns":2},{"damage":5,"enemies":"Centurion and Healer","floor":22,"turns":7},{"damage":52,"enemies":"Slavers","floor":24,"turns":9},{"damage":3,"enemies":"Shelled Parasite and Fungi","floor":29,"turns":6},{"damage":19,"enemies":"Champ","floor":33,"turns":9},{"damage":6,"enemies":"3 Shapes","floor":35,"turns":6},{"damage":12,"enemies":"3 Darklings","floor":36,"turns":5},{"damage":57,"enemies":"Reptomancer","floor":40,"turns":6}],"seed_played":"4827234595581368657","potions_obtained":[{"floor":6,"key":"LiquidBronze"},{"floor":8,"key":"Cursed Concoction"},{"floor":13,"key":"StancePotion"},{"floor":14,"key":"Energy Potion"},{"floor":22,"key":"EssenceOfSteel"},{"floor":33,"key":"FearPotion"},{"floor":36,"key":"SteroidPotion"}],"is_trial":false,"path_per_floor":["M","?","?","T","?","E","M","E","T","R","E","M","E","?","R_BF","B",null,"M","?","M","?","M","R","E","R","T","R","$","M","R","$","R","B",null,"M","M","?","T","?","E"],"character_chosen":"WATCHER","items_purchased":["Oddly Smooth Stone","ForeignInfluence+1","PowerPotion","Fasting2"],"campfire_rested":3,"item_purchase_floors":[28,28,28,31],"current_hp_per_floor":[64,52,57,57,57,57,55,50,50,73,73,73,73,73,73,77,77,74,74,74,74,69,69,17,40,40,63,77,74,74,77,77,58,72,66,54,54,54,54,0,0],"gold":279,"neow_bonus":"RANDOM_COLORLESS","is_daily":false,"chose_seed":false,"campfire_upgraded":3,"win_rate":0.0,"timestamp":1611284547,"path_taken":["M","?","?","?","?","E","M","E","T","R","E","?","E","?","R_BF","BOSS","M","?","?","?","M","R","E","R","T","R","$","M","R","?","R","BOSS","M","M","?","?","?","E"],"items_purchased_type":["Relic","Card","Potion","Card"],"build_version":"2020-12-22","purchased_purges":1,"victory":false,"max_hp_per_floor":[72,72,77,77,77,77,77,77,77,77,77,77,77,77,77,77,77,77,77,77,77,77,77,77,77,77,77,77,77,77,77,77,77,77,77,77,77,77,77,77,77],"card_choices":[{"not_picked":["ReplayTheSpireMod:Private Reserves","Dramatic Entrance"],"picked":"Replay:BasicMightCard","floor":0},{"not_picked":["SashWhip","ThirdEye"],"picked":"Replay:BluntJabs","floor":1},{"not_picked":["CutThroughFate","PathToVictory+1"],"picked":"Meditate+1","floor":6},{"not_picked":["Study","Indignation+1","FlurryOfBlows"],"picked":"SKIP","floor":7},{"not_picked":["SignatureMove","Crescendo+1"],"picked":"SandsOfTime","floor":8},{"not_picked":["Replay:Anticipation+1","Consecrate"],"picked":"Establishment","floor":11},{"not_picked":["Replay:AtTheReady+1","Wireheading"],"picked":"Consecrate","floor":12},{"not_picked":["Evaluate+1","Replay:Hum+1"],"picked":"TalkToTheHand","floor":13},{"not_picked":["BowlingBash","Tantrum"],"picked":"EmptyBody+1","floor":14},{"not_picked":["Alpha+1","DeusExMachina+1"],"picked":"Replay:AllIn+1","floor":16},{"not_picked":["PathToVictory+1","Crescendo+1"],"picked":"EmptyFist","floor":18},{"not_picked":["SashWhip","BowlingBash+1"],"picked":"Swivel+1","floor":20},{"not_picked":["FearNoEvil","FollowUp"],"picked":"DevaForm","floor":22},{"not_picked":["FollowUp+1","Study"],"picked":"InnerPeace+1","floor":24},{"not_picked":["Indignation+1","EmptyFist","EmptyBody+1"],"picked":"SKIP","floor":29},{"not_picked":["Ragnarok","Blasphemy+1"],"picked":"LessonLearned","floor":33},{"not_picked":["Fasting2+1","Wireheading","Vengeance+1"],"picked":"SKIP","floor":35},{"not_picked":["EmptyBody+1","WreathOfFlame+1"],"picked":"Halt+1","floor":36},{"not_picked":["Dramatic Entrance","Impatience+1"],"picked":"Flash of Steel","floor":39}],"player_experience":539969,"relics_obtained":[{"floor":4,"key":"Toxic Egg 2"},{"floor":6,"key":"Pantograph"},{"floor":8,"key":"MealTicket"},{"floor":9,"key":"Yang"},{"floor":11,"key":"Replay:Accelerometer"},{"floor":13,"key":"Replay:Bandana"},{"floor":14,"key":"Odd Mushroom"},{"floor":24,"key":"Chameleon Ring"},{"floor":26,"key":"Mummified Hand"}],"event_choices":[{"damage_healed":0,"gold_gain":0,"player_choice":"Success","damage_taken":12,"relics_obtained":["FossilizedHelix"],"max_hp_gain":0,"max_hp_loss":0,"event_name":"Scrap Ooze","floor":2,"gold_loss":0},{"damage_healed":0,"gold_gain":0,"player_choice":"Donut","damage_taken":0,"max_hp_gain":5,"max_hp_loss":0,"event_name":"Big Fish","floor":3,"gold_loss":0},{"damage_healed":0,"gold_gain":0,"player_choice":"Grow","damage_taken":0,"max_hp_gain":0,"max_hp_loss":0,"event_name":"Living Wall","floor":5,"gold_loss":0,"cards_upgraded":["Eruption"]},{"damage_healed":0,"gold_gain":0,"player_choice":"Fought Mushrooms","damage_taken":0,"max_hp_gain":0,"max_hp_loss":0,"event_name":"Mushrooms","floor":14,"gold_loss":0},{"damage_healed":0,"gold_gain":0,"player_choice":"Copied","damage_taken":0,"max_hp_gain":0,"max_hp_loss":0,"event_name":"Duplicator","floor":19,"gold_loss":0,"cards_obtained":["Replay:BasicMightCard"]},{"damage_healed":0,"gold_gain":0,"player_choice":"Memory 1","damage_taken":0,"max_hp_gain":0,"max_hp_loss":0,"event_name":"SensoryStone","floor":39,"gold_loss":0}],"is_beta":false,"boss_relics":[{"not_picked":["Runic Pyramid","VioletLotus"],"picked":"HolyWater"},{"not_picked":["Sozu","Replay:Ancient Bell"],"picked":"ReplayTheSpireMod:DimensionalGlitch"}],"items_purged_floors":[28],"is_endless":false,"potions_floor_spawned":[6,8,13,14,18,20,22,33,36],"killed_by":"Reptomancer","ascension_level":7}}