{"host":"q0qnzbgdx8oqogg9","time":1611286246,"event":{"mods":["BaseMod","Minty Spire (QoL Compilation)","Slay-I","StSLib"],"gold_per_floor":[119,131,143,158,176,176,25,35,35,35,61,130,139,151,151,265,292,312,331,281,308,43,43,75,75,127,162,189,211,211,231,231,340,340,361,370,389,389,446,446,489,507,507,130,149,174,33,33,33,33],"floor_reached":51,"language":"ENG","playtime":2798,"items_purged":["Defend_B"],"score":888,"play_id":"4794dd96-2a8b-4aed-9795-df93bc1af14e","local_time":"20210121223046","is_ascension_mode":true,"campfire_choices":[{"data":"Doom and Gloom","floor":6,"key":"SMITH"},{"data":"Zap","floor":10,"key":"SMITH"},{"floor":15,"key":"REST"},{"data":"Biased Cognition","floor":23,"key":"SMITH"},{"data":"Panacea","floor":25,"key":"SMITH"},{"data":"Echo Form","floor":30,"key":"SMITH"},{"data":"Buffer","floor":32,"key":"SMITH"},{"floor":40,"key":"REST"},{"floor":49,"key":"RECALL"}],"circlet_count":0,"master_deck":["Defend_B+1","Defend_B+1","Defend_B+1","Zap+1","Dualcast+1","Steam+1","Cold Snap+1","Doom and Gloom+1","Go for the Eyes+1","Hologram+1","Self Repair+1","Panacea+1","Ball Lightning+1","Glacier+1","Echo Form+1","Biased Cognition+1","Hologram+1","White Noise+1","Darkness+1","FTL+1","Coolheaded+1","Self Repair+1","Conserve Battery+1","Leap+1","Cold Snap+1","Buffer+1","Reboot+1","Cold Snap+1","Thinking Ahead+1","Stack+1","Hologram+1","Glacier+1","Defragment+1","Skim+1","Mayhem+1","Seek+1"],"relics":["Sozu","Ancient Tea Set","Letter Opener","CeramicFish","Astrolabe","Anchor","Toxic Egg 2","Blood Vial","Potion Belt","Nuclear Battery","Emotion Chip","Kunai","Mercury Hourglass","Question Card","Mark of the Bloom"],"acts_visited":["Exordium","TheCity","TheBeyond"],"potions_floor_usage":[],"damage_taken":[{"damage":7,"enemies":"Jaw Worm","floor":1,"turns":4},{"damage":0,"enemies":"2 Louse","floor":2,"turns":3},{"damage":0,"enemies":"Cultist","floor":3,"turns":4},{"damage":0,"enemies":"Exordium Thugs","floor":4,"turns":3},{"damage":6,"enemies":"Red Slaver","floor":5,"turns":4},{"damage":16,"enemies":"Lots of Slimes","floor":8,"turns":3},{"damage":13,"enemies":"Lagavulin","floor":11,"turns":4},{"damage":21,"enemies":"Lagavulin Event","floor":12,"turns":4},{"damage":4,"enemies":"2 Fungi Beasts","floor":14,"turns":5},{"damage":16,"enemies":"The Guardian","floor":16,"turns":10},{"damage":0,"enemies":"Chosen","floor":18,"turns":4},{"damage":1,"enemies":"2 Thieves","floor":19,"turns":5},{"damage":2,"enemies":"Centurion and Healer","floor":21,"turns":7},{"damage":0,"enemies":"Book of Stabbing","floor":24,"turns":5},{"damage":24,"enemies":"Slavers","floor":27,"turns":7},{"damage":0,"enemies":"Snake Plant","floor":28,"turns":5},{"damage":0,"enemies":"Cultist and Chosen","floor":29,"turns":9},{"damage":7,"enemies":"3 Cultists","floor":31,"turns":5},{"damage":29,"enemies":"Collector","floor":33,"turns":11},{"damage":7,"enemies":"3 Shapes","floor":35,"turns":4},{"damage":0,"enemies":"3 Darklings","floor":37,"turns":6},{"damage":36,"enemies":"2 Orb Walkers","floor":39,"turns":7},{"damage":0,"enemies":"Giant Head","floor":41,"turns":12},{"damage":9,"enemies":"4 Shapes","floor":42,"turns":6},{"damage":0,"enemies":"Spire Growth","floor":45,"turns":7},{"damage":24,"enemies":"Nemesis","floor":46,"turns":11},{"damage":1,"enemies":"Awakened One","floor":50,"turns":16}],"seed_played":"885336435750546192","potions_obtained":[],"is_trial":false,"path_per_floor":["M","M","M","M","M","R","$","M","T","R","E","?","?","M","R","B",null,"M","M","?","M","$","R","E","R","T","E","M","M","R","M","R","B",null,"M","?","M","?","?","R","E","M","T","$","M","E","$","?","R","B",null],"character_chosen":"DEFECT","items_purchased":["Self Repair","Panacea","Anchor","Self Repair","Conserve Battery","Defragment","Skim+1","Mayhem","Seek+1"],"campfire_rested":2,"item_purchase_floors":[7,7,22,22,22,44,44,44,47],"current_hp_per_floor":[68,68,68,68,62,62,62,53,53,53,47,33,33,36,58,56,75,75,75,75,75,75,75,75,75,75,65,75,75,75,75,75,60,75,75,75,75,71,56,71,71,71,71,71,71,61,61,61,61,60],"gold":33,"neow_bonus":"BOSS_RELIC","is_daily":false,"chose_seed":false,"campfire_upgraded":6,"win_rate":0.0,"timestamp":1611286246,"path_taken":["M","M","M","M","M","R","$","M","T","R","E","?","?","M","R","BOSS","M","?","?","M","$","R","E","R","T","E","?","?","R","M","R","BOSS","M","?","M","?","?","R","E","M","T","$","M","E","?","?","R","BOSS"],"items_purchased_type":["Card","Card","Relic","Card","Card","Card","Card","Card","Card"],"build_version":"2020-12-22","purchased_purges":1,"victory":true,"max_hp_per_floor":[75,75,75,75,75,75,75,75,75,75,75,75,75,75,75,75,75,75,75,75,75,75,75,75,75,75,75,75,75,75,75,75,75,75,75,75,75,71,71,71,71,71,71,71,71,71,71,71,71,71],"card_choices":[{"not_picked":["Chill","Double Energy"],"picked":"Steam","floor":1},{"not_picked":["Ball Lightning","Rebound"],"picked":"Cold Snap","floor":2},{"not_picked":["Heatsinks","Hologram"],"picked":"Doom and Gloom","floor":3},{"not_picked":["Consume","Turbo"],"picked":"Go for the Eyes","floor":4},{"not_picked":["Darkness","Gash"],"picked":"Hologram","floor":5},{"not_picked":["Gash","Melter"],"picked":"Ball Lightning","floor":8},{"not_picked":["Machine Learning","Skim","Compile Driver"],"picked":"SKIP","floor":11},{"not_picked":["Steam","Compile Driver"],"picked":"Glacier","floor":12},{"not_picked":["Rebound","Hello World","Genetic Algorithm"],"picked":"SKIP","floor":14},{"not_picked":["Meteor Strike","Echo Form"],"picked":"Biased Cognition","floor":16},{"not_picked":["Barrage","Streamline+1"],"picked":"FTL","floor":18},{"not_picked":["Ball Lightning","Rebound","Gash"],"picked":"SKIP","floor":19},{"not_picked":["Conserve Battery+1","Hologram+1"],"picked":"Coolheaded","floor":21},{"not_picked":["Chaos+1","Scrape","Thunder Strike"],"picked":"SKIP","floor":24},{"not_picked":["Blizzard+1","Tempest+1"],"picked":"Leap+1","floor":27},{"not_picked":["Barrage+1","Compile Driver"],"picked":"Cold Snap","floor":28},{"not_picked":["White Noise+1","Redo+1"],"picked":"Buffer","floor":29},{"not_picked":["Go for the Eyes","Compile Driver","Rebound+1"],"picked":"SKIP","floor":31},{"not_picked":["Multi-Cast+1","Meteor Strike"],"picked":"Reboot+1","floor":33},{"not_picked":["Gash+1","Compile Driver+1"],"picked":"Cold Snap+1","floor":35},{"not_picked":["Swift Strike","Discovery+1"],"picked":"Thinking Ahead+1","floor":36},{"not_picked":["Cold Snap","Go for the Eyes"],"picked":"Stack+1","floor":37},{"not_picked":["Biased Cognition","Stack+1"],"picked":"Hologram+1","floor":39},{"not_picked":["Loop+1","Storm"],"picked":"Glacier+1","floor":41},{"not_picked":["White Noise+1","Cold Snap","Conserve Battery+1"],"picked":"SKIP","floor":42},{"not_picked":["Sweeping Beam","Stack+1","Leap+1"],"picked":"SKIP","floor":45},{"not_picked":["Streamline+1","Heatsinks+1","Fusion+1"],"picked":"SKIP","floor":46}],"player_experience":244948,"relics_obtained":[{"floor":9,"key":"Ancient Tea Set"},{"floor":11,"key":"Letter Opener"},{"floor":24,"key":"Toxic Egg 2"},{"floor":26,"key":"Blood Vial"},{"floor":27,"key":"Potion Belt"},{"floor":39,"key":"Emotion Chip"},{"floor":41,"key":"Kunai"},{"floor":43,"key":"Mercury Hourglass"},{"floor":46,"key":"Question Card"}],"event_choices":[{"damage_healed":0,"gold_gain":0,"player_choice":"Searched \u00272\u0027 times","damage_taken":0,"relics_obtained":["CeramicFish"],"max_hp_gain":0,"max_hp_loss":0,"event_name":"Dead Adventurer","floor":12,"gold_loss":0},{"damage_healed":0,"gold_gain":0,"cards_transformed":["Strike_B"],"player_choice":"Transformed","damage_taken":0,"max_hp_gain":0,"max_hp_loss":0,"event_name":"Transmorgrifier","floor":13,"gold_loss":0,"cards_obtained":["Echo Form"]},{"damage_healed":0,"gold_gain":0,"player_choice":"Bet on Owner","damage_taken":0,"max_hp_gain":0,"max_hp_loss":0,"event_name":"The Joust","floor":20,"gold_loss":50},{"damage_healed":0,"gold_gain":0,"player_choice":"Memory 1","damage_taken":0,"max_hp_gain":0,"max_hp_loss":0,"event_name":"SensoryStone","floor":36,"gold_loss":0},{"damage_healed":0,"gold_gain":0,"player_choice":"Max HP","damage_taken":0,"max_hp_gain":0,"max_hp_loss":4,"event_name":"Winding Halls","floor":38,"gold_loss":0},{"damage_healed":0,"gold_gain":0,"player_choice":"Fight","damage_taken":0,"max_hp_gain":0,"max_hp_loss":0,"event_name":"Mysterious Sphere","floor":39,"gold_loss":0},{"damage_healed":0,"gold_gain":0,"player_choice":"Upgrade","damage_taken":0,"relics_obtained":["Mark of the Bloom"],"max_hp_gain":0,"max_hp_loss":0,"event_name":"MindBloom","floor":48,"gold_loss":0,"cards_upgraded":["Defend_B","Defend_B","Defend_B","Dualcast","Steam","Cold Snap","Go for the Eyes","Hologram","Self Repair","Ball Lightning","Glacier","FTL","Coolheaded","Self Repair","Conserve Battery","Cold Snap","Defragment","Mayhem"]}],"is_beta":false,"boss_relics":[{"not_picked":["Black Star","Pandora\u0027s Box"],"picked":"Astrolabe"},{"not_picked":["SlaversCollar","SacredBark"],"picked":"Nuclear Battery"}],"items_purged_floors":[44],"is_endless":false,"potions_floor_spawned":[2,3,5,8,11,14,24,28,31,33,35,37,41,42],"ascension_level":1}}