{"host":"srk2drlvga69hbot","time":1611296701,"event":{"mods":["BaseMod","Colored Map","Colored Powertips","Highlight Path","Minty Spire (QoL Compilation)","Quick Restart","Rare Cards Sparkle","Relic Stats"],"gold_per_floor":[114,124,124,124,49,49,93,117,144,157,157,176,196,96,96,96,96],"floor_reached":16,"language":"ZHS","playtime":703,"items_purged":["Strike_R","Strike_R"],"score":117,"play_id":"f27d8557-f6bd-4974-9160-517785325a43","local_time":"20210122142501","is_ascension_mode":true,"campfire_choices":[{"data":"Seeing Red","floor":6.0,"key":"SMITH"},{"floor":15.0,"key":"REST"}],"circlet_count":0,"master_deck":["Strike_R","Strike_R","Strike_R","Defend_R","Defend_R","Defend_R","Bash","Seeing Red+1","Shrug It Off","Rampage","Shrug It Off"],"relics":["Burning Blood","Golden Idol","Lantern","Art of War","Darkstone Periapt"],"acts_visited":["Exordium"],"potions_floor_usage":[16],"damage_taken":[{"damage":7.0,"enemies":"Jaw Worm","floor":1.0,"turns":3.0},{"damage":6.0,"enemies":"Cultist","floor":2.0,"turns":3.0},{"damage":50.0,"enemies":"3 Sentries","floor":7.0,"turns":12.0},{"damage":3.0,"enemies":"2 Louse","floor":8.0,"turns":5.0},{"damage":13.0,"enemies":"Large Slime","floor":10.0,"turns":6.0},{"damage":9.0,"enemies":"2 Fungi Beasts","floor":12.0,"turns":4.0},{"damage":17.0,"enemies":"3 Louse","floor":13.0,"turns":4.0},{"damage":48,"enemies":"Slime Boss","floor":16,"turns":7}],"seed_played":"-4942443632457195734","potions_obtained":[{"floor":1.0,"key":"Regen Potion"},{"floor":4.0,"key":"SneckoOil"},{"floor":4.0,"key":"GamblersBrew"},{"floor":4.0,"key":"SkillPotion"},{"floor":12.0,"key":"SpeedPotion"},{"floor":13.0,"key":"LiquidBronze"}],"is_trial":false,"path_per_floor":["M","M","?","?","$","R","E","M","T","M","T","M","M","$","R","B"],"character_chosen":"IRONCLAD","items_purchased":[],"campfire_rested":1,"item_purchase_floors":[],"current_hp_per_floor":[79,79,59,59,59,59,15,32,32,25,25,22,11,11,35,0,0],"gold":96,"neow_bonus":"REMOVE_CARD","is_daily":false,"chose_seed":false,"campfire_upgraded":1,"win_rate":0.0,"timestamp":1611296701,"path_taken":["M","M","?","?","$","R","E","M","T","?","?","M","M","$","R","BOSS"],"items_purchased_type":[],"build_version":"2020-12-22","purchased_purges":2,"victory":false,"max_hp_per_floor":[80,80,80,80,80,80,80,80,80,80,80,80,80,80,80,80,80],"relic_stats":{"Darkstone Periapt":0,"counters":[8,44],"Golden Idol":25,"Art of War":[1],"obtain_stats":[{"Darkstone Periapt":11,"Lantern":7,"Golden Idol":3,"Art of War":9,"Burning Blood":0},{"Darkstone Periapt":5,"Lantern":3,"Golden Idol":2,"Art of War":4,"Burning Blood":0},{"Darkstone Periapt":29,"Lantern":18,"Golden Idol":6,"Art of War":23,"Burning Blood":0}],"Burning Blood":42},"card_choices":[{"not_picked":["Bloodletting","Armaments"],"picked":"Seeing Red","floor":1.0},{"not_picked":["True Grit","Sword Boomerang","Wild Strike"],"picked":"SKIP","floor":2.0},{"not_picked":["Fire Breathing","Metallicize"],"picked":"Shrug It Off","floor":7.0},{"not_picked":["Heavy Blade","Clothesline"],"picked":"Rampage","floor":8.0},{"not_picked":["Evolve","Bloodletting","Wild Strike"],"picked":"SKIP","floor":10.0},{"not_picked":["Sword Boomerang","Heavy Blade","Immolate"],"picked":"SKIP","floor":12.0},{"not_picked":["Sentinel","Power Through"],"picked":"Shrug It Off","floor":13.0}],"player_experience":122604,"relics_obtained":[{"floor":7.0,"key":"Lantern"},{"floor":9.0,"key":"Art of War"},{"floor":11.0,"key":"Darkstone Periapt"}],"event_choices":[{"damage_healed":0.0,"max_hp_gain":0.0,"max_hp_loss":0.0,"gold_gain":0.0,"event_name":"Golden Idol","player_choice":"Take Damage","floor":3.0,"gold_loss":0.0,"damage_taken":20.0,"relics_obtained":["Golden Idol"]},{"damage_healed":0.0,"max_hp_gain":0.0,"max_hp_loss":0.0,"gold_gain":0.0,"event_name":"Lab","player_choice":"Got Potions","floor":4.0,"gold_loss":0.0,"damage_taken":0.0}],"is_beta":false,"boss_relics":[],"items_purged_floors":[5,14],"is_endless":false,"potions_floor_spawned":[1,12,13],"killed_by":"Slime Boss","ascension_level":3}}