{"host":"sc0o2qwpf9j16a4i","time":1611343462,"event":{"mods":["AchievementEnabler","BaseMod","BetterRewards","Block Reminder","Colored Map","Colored Powertips","Custom Start","Highlight Path","Minty Spire (QoL Compilation)","Relic Stats"],"gold_per_floor":[109,109,109,125,137,137,467,467,545,545,555,569,24,44,44,118,118,133,133,152,172,206,206,206,206],"floor_reached":24,"language":"ENG","playtime":742,"items_purged":["Strike_B"],"score":396,"play_id":"f54db56b-9625-4fdd-a5c2-d4224bdc6d03","local_time":"20210122212422","is_ascension_mode":true,"campfire_choices":[{"floor":6,"key":"REST"},{"floor":8,"key":"REST"},{"data":"Coolheaded","floor":10,"key":"SMITH"},{"data":"Chaos","floor":15,"key":"SMITH"},{"floor":23,"key":"REST"}],"circlet_count":0,"master_deck":["AscendersBane","Strike_B","Strike_B","Strike_B","Defend_B","Defend_B","Defend_B","Defend_B","Zap","Dualcast","Ball Lightning","Coolheaded+1","Cold Snap","Compile Driver","Chaos+1","Conserve Battery","Redo","Echo Form","Sunder","Recycle","Darkness","Defragment","Leap"],"relics":["Cracked Core","Question Card","Shuriken","Old Coin","The Courier","Lee\u0027s Waffle","Pantograph","Strawberry","Snecko Eye","Red Mask"],"acts_visited":["Exordium","TheCity"],"potions_floor_usage":[16,24],"damage_taken":[{"damage":3,"enemies":"Small Slimes","floor":1,"turns":4},{"damage":3,"enemies":"Jaw Worm","floor":4,"turns":4},{"damage":0,"enemies":"Cultist","floor":5,"turns":3},{"damage":32,"enemies":"Gremlin Nob","floor":7,"turns":4},{"damage":4,"enemies":"Exordium Wildlife","floor":11,"turns":4},{"damage":4,"enemies":"Blue Slaver","floor":12,"turns":4},{"damage":4,"enemies":"Looter","floor":14,"turns":3},{"damage":61,"enemies":"Hexaghost","floor":16,"turns":10},{"damage":15,"enemies":"Shell Parasite","floor":18,"turns":7},{"damage":15,"enemies":"2 Thieves","floor":20,"turns":4},{"damage":15,"enemies":"Snecko","floor":21,"turns":4},{"damage":3,"enemies":"Masked Bandits","floor":22,"turns":3},{"damage":63,"enemies":"Book of Stabbing","floor":24,"turns":4}],"seed_played":"5013258164045789654","potions_obtained":[{"floor":14,"key":"Weak Potion"},{"floor":18,"key":"LiquidBronze"}],"is_trial":false,"path_per_floor":["M","?","T","M","M","R","E","R","T","R","M","M","$","M","R","B",null,"M","?","M","M","?","R","E"],"character_chosen":"DEFECT","items_purchased":["Ball Lightning","Coolheaded","Lee\u0027s Waffle","Pantograph","Strawberry"],"campfire_rested":3,"item_purchase_floors":[0,0,13,13,13],"current_hp_per_floor":[61,35,35,32,32,53,21,42,42,42,38,34,85,81,81,24,70,55,55,40,25,22,47,0,0],"gold":206,"neow_bonus":"","is_daily":false,"chose_seed":false,"campfire_upgraded":2,"win_rate":0.0,"timestamp":1611343462,"path_taken":["M","?","?","M","M","R","E","R","T","R","M","M","$","?","R","BOSS","M","?","M","M","?","R","E"],"items_purchased_type":["Card","Card","Relic","Relic","Relic"],"build_version":"2020-12-22","purchased_purges":1,"victory":false,"max_hp_per_floor":[71,71,71,71,71,71,71,71,71,71,71,71,85,85,85,85,85,85,85,85,85,85,85,85,85],"relic_stats":{"Lee\u0027s Waffle":44,"counters":[20,87],"Shuriken":[10],"Pantograph":4,"Snecko Eye":[53,53,25,53],"Question Card":11,"obtain_stats":[{"Darkstone Periapt":0,"Lee\u0027s Waffle":13,"Dead Branch":5,"CeramicFish":6,"The Courier":9,"Cursed Key":0,"Question Card":2,"Old Coin":7,"Du-Vu Doll":0,"Nunchaku":10,"Shuriken":3,"Pantograph":13,"Strawberry":13,"Snecko Eye":17,"Prayer Wheel":8,"Molten Egg 2":9,"Red Mask":22},{"Darkstone Periapt":0,"Lee\u0027s Waffle":13,"Dead Branch":2,"CeramicFish":3,"The Courier":11,"Cursed Key":0,"Question Card":8,"Old Coin":11,"Du-Vu Doll":0,"Nunchaku":5,"Shuriken":8,"Pantograph":13,"Strawberry":13,"Snecko Eye":15,"Prayer Wheel":4,"Molten Egg 2":4,"Red Mask":19},{"Darkstone Periapt":0,"Lee\u0027s Waffle":52,"Dead Branch":7,"CeramicFish":13,"The Courier":44,"Cursed Key":0,"Question Card":33,"Old Coin":44,"Du-Vu Doll":0,"Nunchaku":24,"Shuriken":33,"Pantograph":52,"Strawberry":52,"Snecko Eye":65,"Prayer Wheel":20,"Molten Egg 2":20,"Red Mask":83}]},"card_choices":[{"not_picked":["Beam Cell","Rebound"],"picked":"Cold Snap","floor":1},{"not_picked":["Cold Snap","Coolheaded","Hologram","Sweeping Beam"],"picked":"SKIP","floor":4},{"not_picked":["Coolheaded","Sunder","Turbo"],"picked":"Compile Driver","floor":5},{"not_picked":["Sweeping Beam","Hologram","Redo","Compile Driver"],"picked":"SKIP","floor":7},{"not_picked":["Barrage","Meteor Strike","Doom and Gloom"],"picked":"Chaos","floor":11},{"not_picked":["Streamline","Scrape","Coolheaded"],"picked":"Conserve Battery","floor":12},{"not_picked":["Sweeping Beam","Barrage","Stack"],"picked":"Redo","floor":14},{"not_picked":["Machine Learning","Multi-Cast","Reboot"],"picked":"Echo Form","floor":16},{"not_picked":["Turbo","Stack","Sweeping Beam"],"picked":"Sunder","floor":18},{"not_picked":["Aggregate","Heatsinks","Redo"],"picked":"Darkness","floor":20},{"not_picked":["Force Field","Sweeping Beam","Barrage"],"picked":"Defragment","floor":21},{"not_picked":["Rebound","Compile Driver","Cold Snap+1"],"picked":"Leap","floor":22}],"player_experience":902797,"relics_obtained":[{"floor":3,"key":"Shuriken"},{"floor":7,"key":"Old Coin"},{"floor":9,"key":"The Courier"},{"floor":22,"key":"Red Mask"}],"event_choices":[{"damage_healed":0,"gold_gain":0,"player_choice":"Success","damage_taken":26,"relics_obtained":["Question Card"],"max_hp_gain":0,"max_hp_loss":0,"event_name":"Scrap Ooze","floor":2,"gold_loss":0},{"damage_healed":0,"gold_gain":0,"player_choice":"Read","damage_taken":0,"max_hp_gain":0,"max_hp_loss":0,"event_name":"The Library","floor":19,"gold_loss":0,"cards_obtained":["Recycle"]},{"damage_healed":0,"gold_gain":0,"player_choice":"Fought Bandits","damage_taken":0,"max_hp_gain":0,"max_hp_loss":0,"event_name":"Masked Bandits","floor":22,"gold_loss":0}],"is_beta":false,"boss_relics":[{"not_picked":["Nuclear Battery","SlaversCollar"],"picked":"Snecko Eye"}],"items_purged_floors":[13],"is_endless":false,"potions_floor_spawned":[14,18],"killed_by":"Book of Stabbing","ascension_level":20}}