{"host":"c6uvvgqwlxq4k23y","time":1611340500,"event":{"mods":["Arknights The Spire","BaseMod","CapriCore","DeckTracker","Hermit","Minty Spire (QoL Compilation)","StSLib","SuperFastMode","The Cursed"],"gold_per_floor":[118,138,138,155,5,5,23,42,42,57,84,84,9,26,26,125,125,145,157,192,192,205,205,233,233,257,257,291,191,206,221,221,320,320,332,183,198,198,208,208,233,233,284,298,352,352,352,365,365,365],"floor_reached":51,"language":"KOR","playtime":2616,"items_purged":["Decay","ats:Strike V","ats:Strike S"],"score":719,"play_id":"8f2bd5fd-8003-4c98-a4d6-267d424d77a8","local_time":"20210123033500","is_ascension_mode":false,"campfire_choices":[{"data":"ats:Armor Crushing Shot","floor":6.0,"key":"SMITH"},{"data":"ats:Calcification","floor":12.0,"key":"SMITH"},{"data":"ats:Calcification","floor":15.0,"key":"SMITH"},{"data":"ats:Thorns","floor":23.0,"key":"SMITH"},{"data":"ats:True Silver Slash","floor":25.0,"key":"SMITH"},{"data":"ats:Shadow Assault","floor":27.0,"key":"SMITH"},{"data":"ats:Revitalization","floor":32.0,"key":"SMITH"},{"floor":40.0,"key":"RECALL"},{"floor":42.0,"key":"REST"},{"floor":46.0,"key":"REST"},{"floor":49,"key":"REST"}],"circlet_count":0,"master_deck":["ats:Strike G","ats:Armor Crushing Shot+1","ats:Defend","ats:Defend+1","ats:Defend","ats:Defend+1","ats:Emotion Absorption+1","ats:Closed Bolt Burst Fire","ats:Explosion Area Strengthen","ats:Calcification+1","ats:Revitalization+1","ats:Calcification+1","ats:Shell Defense","ats:Shadow Assault+1","ats:True Silver Slash+1","ats:Apocalypse+1","ats:True Silver Slash+1","ats:Blood Oath+1","ats:Blood Oath+1","ats:Calcification"],"relics":["ats:Sanity","Pear","ats:Originium","Philosopher\u0027s Stone","Red Mask","Molten Egg 2","ats:Ability Aura","Fusion Hammer","Potion Belt","War Paint","Lizard Tail"],"acts_visited":["Exordium","TheCity","TheBeyond"],"potions_floor_usage":[48,50],"damage_taken":[{"damage":5.0,"enemies":"Jaw Worm","floor":1.0,"turns":5.0},{"damage":1.0,"enemies":"Cultist","floor":2.0,"turns":4.0},{"damage":8.0,"enemies":"2 Louse","floor":4.0,"turns":3.0},{"damage":20.0,"enemies":"Exordium Wildlife","floor":7.0,"turns":5.0},{"damage":17.0,"enemies":"Exordium Thugs","floor":8.0,"turns":6.0},{"damage":18.0,"enemies":"Blue Slaver","floor":10.0,"turns":5.0},{"damage":25.0,"enemies":"Lagavulin","floor":11.0,"turns":7.0},{"damage":9.0,"enemies":"Lots of Slimes","floor":14.0,"turns":13.0},{"damage":110.0,"enemies":"Slime Boss","floor":16.0,"turns":26.0},{"damage":30.0,"enemies":"3 Byrds","floor":18.0,"turns":4.0},{"damage":56.0,"enemies":"Spheric Guardian","floor":19.0,"turns":12.0},{"damage":80.0,"enemies":"Masked Bandits","floor":20.0,"turns":10.0},{"damage":17.0,"enemies":"Snecko","floor":22.0,"turns":6.0},{"damage":43.0,"enemies":"Gremlin Leader","floor":24.0,"turns":9.0},{"damage":40.0,"enemies":"Slavers","floor":28.0,"turns":9.0},{"damage":22.0,"enemies":"Chosen and Byrds","floor":30.0,"turns":6.0},{"damage":45.0,"enemies":"Snake Plant","floor":31.0,"turns":6.0},{"damage":99.0,"enemies":"Champ","floor":33.0,"turns":18.0},{"damage":13.0,"enemies":"Orb Walker","floor":35.0,"turns":4.0},{"damage":30.0,"enemies":"3 Shapes","floor":37.0,"turns":4.0},{"damage":2.0,"enemies":"3 Darklings","floor":39.0,"turns":2.0},{"damage":104.0,"enemies":"Giant Head","floor":41.0,"turns":9.0},{"damage":26.0,"enemies":"Sphere and 2 Shapes","floor":44.0,"turns":5.0},{"damage":84.0,"enemies":"2 Orb Walkers","floor":45.0,"turns":5.0},{"damage":48,"enemies":"Spire Growth","floor":48,"turns":5},{"damage":271,"enemies":"Time Eater","floor":50,"turns":18}],"seed_played":"-4770551252116189904","potions_obtained":[{"floor":4.0,"key":"BlessingOfTheForge"},{"floor":7.0,"key":"SteroidPotion"},{"floor":10.0,"key":"Swift Potion"},{"floor":14.0,"key":"DistilledChaos"},{"floor":16.0,"key":"BlessingOfTheForge"},{"floor":20.0,"key":"SteroidPotion"},{"floor":24.0,"key":"Weak Potion"},{"floor":30.0,"key":"BlessingOfTheForge"},{"floor":31.0,"key":"SmokeBomb"},{"floor":33.0,"key":"PowerPotion"},{"floor":44.0,"key":"SkillPotion"},{"floor":48,"key":"SteroidPotion"}],"is_trial":false,"path_per_floor":["M","M","?","M","$","R","M","M","T","M","E","R","$","M","R","B",null,"M","M","?","?","M","R","E","R","T","R","E","$","M","M","R","B",null,"M","$","M","?","M","R","E","R","T","M","?","R","?","M","R","B",null],"character_chosen":"DOCTOR_CLASS","items_purchased":["ats:Calcification","ats:Blood Oath+1"],"campfire_rested":3,"item_purchase_floors":[5,36],"current_hp_per_floor":[67,66,66,58,58,58,39,30,40,30,20,20,20,77,77,78,82,58,80,36,36,39,39,35,35,35,35,52,52,52,49,49,80,82,82,82,54,54,57,57,19,43,43,53,1,25,25,18,42,45],"gold":365,"neow_bonus":"UPGRADE_CARD","is_daily":false,"chose_seed":false,"campfire_upgraded":7,"win_rate":0.0,"timestamp":1611340500,"path_taken":["M","M","?","M","$","R","?","M","T","M","E","R","$","M","R","BOSS","M","M","?","?","M","R","E","R","T","R","E","?","M","?","R","BOSS","M","$","M","?","M","R","E","R","T","?","?","R","?","M","R","BOSS"],"items_purchased_type":["Card","Card"],"build_version":"2020-12-22","purchased_purges":3,"victory":true,"max_hp_per_floor":[72,72,72,72,72,72,72,72,82,82,82,82,82,82,82,82,82,82,82,82,82,82,82,82,82,82,82,82,82,82,82,82,82,82,82,82,82,82,82,82,82,82,82,82,82,82,82,82,82,82],"card_choices":[{"not_picked":["ats:Powerful Strike","ats:Shell Defense"],"picked":"ats:Closed Bolt Burst Fire","floor":1.0},{"not_picked":["ats:Beaten Up","ats:Guardian Obelisk","ats:LN2 Cannon"],"picked":"SKIP","floor":2.0},{"not_picked":["ats:Assault Order","ats:Hook Shot"],"picked":"ats:Explosion Area Strengthen","floor":4.0},{"not_picked":["ats:Cat Scratch","ats:Thermite Blade"],"picked":"ats:Revitalization","floor":7.0},{"not_picked":["ats:Revitalization","ats:Burning Ground"],"picked":"ats:Thorns","floor":8.0},{"not_picked":["ats:Leaping Hammer","ats:Flexible Camouflage","ats:Directed Diagnosis"],"picked":"SKIP","floor":10.0},{"not_picked":["ats:Apocalypse","ats:Mental Burst"],"picked":"ats:Calcification","floor":11.0},{"not_picked":["ats:Hammer On","ats:Magnetic Hammer"],"picked":"ats:Shell Defense","floor":14.0},{"not_picked":["ats:Dogmatic Field","ats:Fractured Body"],"picked":"ats:Shadow Assault","floor":16.0},{"not_picked":["ats:Shell Defense+1","ats:Explosion Area Strengthen","ats:Assault Order"],"picked":"SKIP","floor":18.0},{"not_picked":["ats:Explosion Area Strengthen","ats:Neurotoxin","ats:Red Shift"],"picked":"SKIP","floor":19.0},{"not_picked":["ats:Childhood Dance+1","ats:Poison Spread"],"picked":"ats:True Silver Slash","floor":22.0},{"not_picked":["ats:Shadow Raid","ats:Rapid Magazine+1","ats:Childhood Dance"],"picked":"SKIP","floor":24.0},{"not_picked":["ats:Ignite+1","ats:Counter Healing Mode","ats:Childhood Dance"],"picked":"SKIP","floor":28.0},{"not_picked":["ats:Sashimi Platter+1","ats:Leaping Hammer+1"],"picked":"ats:Apocalypse+1","floor":30.0},{"not_picked":["ats:Explosion Area Strengthen+1","ats:Assault Order+1","ats:Sword Rain+1"],"picked":"SKIP","floor":31.0},{"not_picked":["ats:Disruption Kick+1","ats:Roar Of Ursus"],"picked":"ats:True Silver Slash+1","floor":33.0},{"not_picked":["ats:Shell Defense+1","ats:Powerful Strike+1","ats:Automatic Cover+1"],"picked":"SKIP","floor":35.0},{"not_picked":["ats:Assault Order","ats:Ignite+1","ats:Hook Shot"],"picked":"SKIP","floor":37.0},{"not_picked":["ats:Assault Order","ats:Consecutive Shot Auto+1","ats:Steam Pump"],"picked":"SKIP","floor":39.0},{"not_picked":["ats:Ambush","ats:Closed Bolt Burst Fire+1"],"picked":"ats:Blood Oath+1","floor":41.0},{"not_picked":["ats:Magnetic Hammer+1","ats:Powerful Strike+1","ats:Shell Defense+1"],"picked":"SKIP","floor":44.0},{"not_picked":["ats:Curse Doll","ats:Defend Order"],"picked":"ats:Calcification","floor":48}],"player_experience":328227,"relics_obtained":[{"floor":9.0,"key":"Pear"},{"floor":11.0,"key":"ats:Originium"},{"floor":20.0,"key":"Red Mask"},{"floor":24.0,"key":"ats:Originium"},{"floor":24.0,"key":"Molten Egg 2"},{"floor":28.0,"key":"ats:Originium"},{"floor":28.0,"key":"ats:Ability Aura"},{"floor":41.0,"key":"ats:Originium"},{"floor":41.0,"key":"Potion Belt"},{"floor":43.0,"key":"War Paint"},{"floor":45.0,"key":"Lizard Tail"}],"event_choices":[{"damage_healed":0.0,"max_hp_gain":0.0,"max_hp_loss":0.0,"gold_gain":0.0,"event_name":"Wheel of Change","player_choice":"Cursed","floor":3.0,"gold_loss":0.0,"damage_taken":0.0,"cards_obtained":["Decay"]},{"damage_healed":0.0,"max_hp_gain":0.0,"max_hp_loss":0.0,"gold_gain":0.0,"event_name":"Masked Bandits","player_choice":"Fought Bandits","floor":20.0,"gold_loss":0.0,"damage_taken":0.0},{"damage_healed":0.0,"max_hp_gain":0.0,"max_hp_loss":0.0,"gold_gain":0.0,"event_name":"Ghosts","player_choice":"Ignored","floor":21.0,"gold_loss":0.0,"damage_taken":0.0},{"cards_removed":["ats:Strike C"],"damage_healed":0.0,"max_hp_gain":0.0,"max_hp_loss":0.0,"gold_gain":0.0,"event_name":"Bonfire Elementals","player_choice":"Offered Basic","floor":38.0,"gold_loss":0.0,"damage_taken":0.0},{"damage_healed":0.0,"max_hp_gain":0.0,"max_hp_loss":0.0,"gold_gain":0.0,"event_name":"Mysterious Sphere","player_choice":"Fight","floor":45.0,"gold_loss":0.0,"damage_taken":0.0},{"cards_removed":["ats:Thorns"],"damage_healed":0.0,"max_hp_gain":0.0,"max_hp_loss":0.0,"gold_gain":0.0,"event_name":"Falling","player_choice":"Removed Power","floor":47.0,"gold_loss":0.0,"damage_taken":0.0}],"is_beta":false,"boss_relics":[{"not_picked":["Calling Bell","SacredBark"],"picked":"Philosopher\u0027s Stone"},{"not_picked":["Black Star","ats:Omniscience"],"picked":"Fusion Hammer"}],"items_purged_floors":[13,29,36],"is_endless":false,"potions_floor_spawned":[4,7,10,14,16,20,24,30,31,33,35,44,48],"ascension_level":0}}