{"host":"4lxzgdqpvzyot39g","time":1611354960,"event":{"mods":["100% Spire Juice","Abigail Mod","Act Like it!","Aspiration","BaseMod","Beaked The Cultist","Better Altar","Better Match","Better Note","Better Sensory Stone","Better Skull","Better Third Choice","CCEM","Colored Map","Colored Powertips","Conspire","Dark Map","Displayed Cursed Tome","Dota2Spire","Energized Spire","Fox Events","Friendly Minions","Gensokyo","GifTheSpireLib","Halation","Hallownest","Hermit","Highlight Path","HololiveMod","Hubris","Infinite Spire","Jedi Mod","JesterMod","Mari Mod (Legacy)","Mari\u0027s V1 Patch","MarisaÅiñ∂âJÅ@ñÇóùçπÅj","Minty Spire (QoL Compilation)","Prisma Mod","Quarter Circle Forward PUNCH!","ReimuÅiîé??öÎÅj","Relic Filter","Replay The Spire","Robot Space Explorer","SCP261 Mod","Small Relic Pack","Spicy Shops","Spikes Relics","Spire Arcade","StS++","StSLib","Stuff the Spire","The Alterego","The Blue Laboratory","The Bug Knight","The Cursed","The Fake Hero","The Marked","The Servant 0.9.4","The Wild Card","Trackpad","Waifu the Spire","WarShipGirlsR/??è≠èóR mod","Wide Potions","vexMod","Åy?ï®?îvÅzREMEMod"],"gold_per_floor":[116,129,57,57,57,57,85,100,100,100,127,127,145,175,175,279,279,291,309,289,301,301,332,332,365,392,408,408,439,439,457,457,559,559,579,9,21,21,40,75,75,107,152,152,164,164,191,191,191,191,191,191,91,120,120],"floor_reached":56,"language":"ENG","playtime":4929,"items_purged":["Regret","Bane","Storm of Steel"],"score":1737,"play_id":"df412b77-9908-4dd8-acfe-742e5d3a215e","local_time":"20210122173600","is_ascension_mode":true,"campfire_choices":[{"data":"theMarked:Improvise","floor":6,"key":"SMITH"},{"data":"theMarked:ResourceFulStrike","floor":10,"key":"SMITH"},{"data":"theMarked:SoldierOfQuellstein","floor":12,"key":"SMITH"},{"data":"theMarked:Panic","floor":15,"key":"SMITH"},{"data":"theMarked:Overcharge","floor":24,"key":"SMITH"},{"data":"theMarked:TurnInvisible","floor":28,"key":"SMITH"},{"data":"theMarked:Electrify","floor":30,"key":"SMITH"},{"data":"Hatred","floor":32,"key":"PURGE"},{"data":"theMarked:ElementalBlade","floor":41,"key":"SMITH"},{"data":"StSpp:Panic","floor":46,"key":"SMITH"},{"floor":49,"key":"RECALL"},{"data":"theMarked:ElementalBlade","floor":52,"key":"SMITH"}],"circlet_count":0,"master_deck":["theMarked:Defend","theMarked:Defend","theMarked:Defend","theMarked:SoldierOfQuellstein+1","theMarked:Improvise+1","theMarked:ResourceFulStrike+1","theMarked:TwofoldDefense+1","theMarked:FavorableWinds","theMarked:TakeOffHeels+1","Calculated Gamble+1","theMarked:Panic+1","theMarked:ElementalBlade+1","theMarked:EmpowerWeapon+1","theMarked:Overcharge+1","theMarked:TurnInvisible+1","theMarked:ElementalBlade+1","theMarked:Static+1","theMarked:Electrify+1","theMarked:Electrify+1","theMarked:BindingBlade","CurseOfTheBell","StSpp:Panic+1","theMarked:Electrify"],"relics":["theMarked:ArtifactOfAir","REME_ComplimentaryCards","aspiration:Nostalgia","m_TsuchinokoRing","ClockworkSouvenir","Replay:Ringing Soul","qcfpunch:Red_Headband","War Paint","ReplayTheSpireMod:Ninjato","Kintsugi","Coffee Dripper","vexMod:CardConverter","StuffTheSpire:Experiment12","Dota2Spire:BattleFury","Calling Bell","conspire:Boomerang","qcfpunch:Broken_Tusk","hubris:DisguiseKit","relicPack:DarknessArmor","aspiration:HatOfInfinitePower","Bag of Preparation","hubris:TinFlute","aspiration:EmptySkull","Dota2Spire:MaskOfMadness","infinitespire:Broken Mirror","ReplayFunnel"],"acts_visited":["Gensokyo:Gensokyo","Hallownest:CityofTears","Gensokyo:Gensokyoest","TheEnding"],"potions_floor_usage":[11,11,33,40,43,55],"damage_taken":[{"damage":12.0,"enemies":"Gensokyo:Gryphon","floor":1.0,"turns":5.0},{"damage":0,"enemies":"Gensokyo:2_Kodama","floor":2,"turns":4},{"damage":5,"enemies":"Gensokyo:Mamizou","floor":7,"turns":8},{"damage":0,"enemies":"Gensokyo:Python","floor":8,"turns":3},{"damage":16,"enemies":"Gensokyo:Aya","floor":11,"turns":4},{"damage":12,"enemies":"Gensokyo:3_Kodama","floor":13,"turns":3},{"damage":0,"enemies":"Gensokyo:Cirno","floor":14,"turns":7},{"damage":14,"enemies":"Gensokyo:Kokoro","floor":16,"turns":10},{"damage":5,"enemies":"Hallownest:Flukemon_and_Top","floor":18,"turns":5},{"damage":8,"enemies":"Hallownest:2_Mistakes","floor":19,"turns":6},{"damage":2,"enemies":"Hallownest:Warrior_and_Youth","floor":21,"turns":3},{"damage":0,"enemies":"Hallownest:eliteSoulWarrior","floor":23,"turns":4},{"damage":0,"enemies":"Hallownest:Nosk","floor":25,"turns":4},{"damage":0,"enemies":"Hallownest:monsterShrumalOgre","floor":27,"turns":3},{"damage":0,"enemies":"Hallownest:eliteWatcherKnight","floor":29,"turns":6},{"damage":0,"enemies":"Hallownest:monsterMisterMushroom","floor":31,"turns":2},{"damage":10,"enemies":"Hallownest:BossMantisLord","floor":33,"turns":3},{"damage":1,"enemies":"Gensokyo:3_Bats","floor":35,"turns":2},{"damage":0,"enemies":"Gensokyo:3_Boulders","floor":37,"turns":1},{"damage":0,"enemies":"Gensokyo:4_Bats","floor":39,"turns":1},{"damage":11,"enemies":"Gensokyo:Doremy","floor":40,"turns":3},{"damage":0,"enemies":"Gensokyo:Marisa","floor":42,"turns":3},{"damage":0,"enemies":"Gensokyo:Sharpion","floor":45,"turns":2},{"damage":0,"enemies":"Gensokyo:Kasen","floor":47,"turns":2},{"damage":15,"enemies":"Gensokyo:Yuyuko","floor":50,"turns":2},{"damage":0,"enemies":"Shield and Spear","floor":54,"turns":2},{"damage":129,"enemies":"The Heart","floor":55,"turns":5}],"seed_played":"-3962699823615837356","potions_obtained":[{"floor":7,"key":"BlessingOfTheForge"},{"floor":8,"key":"Regen Potion"},{"floor":13,"key":"jedi:holywater"},{"floor":19,"key":"blueLaboratory:BottledHope"},{"floor":21,"key":"Toxic Potion"},{"floor":33,"key":"LifebloodPotion"},{"floor":40,"key":"Dexterity Potion"},{"floor":42,"key":"jedi:mysterypotion"}],"is_trial":false,"path_per_floor":["M","M","$","?","?","R","E","M","T","R","E","R","M","E","R","B",null,"M","M","?","M","AVR","E","R","E","T","M","R","E","R","M","R_BF","B",null,"M","$","M","?","M","E","R","E","T","?","M","R","E","T","R","B",null,"R","$","E","B",null],"character_chosen":"THE_DEFAULT","items_purchased":["ClockworkSouvenir","StSpp:Panic","relicPack:DarknessArmor","aspiration:HatOfInfinitePower","theMarked:Seal"],"campfire_rested":0,"item_purchase_floors":[3,36,36,36,36],"current_hp_per_floor":[58,58,58,58,58,58,56,59,59,59,55,55,46,49,49,38,91,89,81,84,85,85,90,90,95,95,95,95,95,95,100,100,95,125,124,131,131,131,131,120,120,120,120,101,101,101,101,101,101,101,132,132,132,137,8],"gold":120,"neow_bonus":"NOSTALGIA","is_daily":false,"chose_seed":false,"campfire_upgraded":10,"win_rate":0.0,"timestamp":1611354960,"path_taken":["M","M","$","?","?","R","E","M","T","R","E","R","?","E","R","BOSS","M","M","?","M","AVR","E","R","E","T","M","R","E","R","?","R_BF","BOSS","M","$","M","?","M","E","R","E","T","?","M","R","E","?","R","BOSS","R","$","E","BOSS"],"items_purchased_type":["Relic","Card","Relic","Relic","Card"],"build_version":"2020-12-22","purchased_purges":3,"victory":true,"max_hp_per_floor":[70,70,70,70,70,70,73,76,76,76,79,79,82,85,85,88,91,94,94,97,100,100,105,105,110,110,110,110,110,110,115,115,120,125,125,132,132,132,132,132,132,132,132,132,132,132,132,132,132,132,132,132,132,137,137],"card_choices":[{"not_picked":["theMarked:AttractMetal","theMarked:Static"],"picked":"theMarked:Improvise","floor":1},{"not_picked":["theMarked:Aftermath","theMarked:Frustration"],"picked":"theMarked:ResourceFulStrike","floor":2},{"not_picked":["theMarked:Vacuum","theMarked:Aftermath"],"picked":"theMarked:FavorableWinds","floor":7},{"not_picked":["Outmaneuver","theMarked:MaelstromOfLightning"],"picked":"theMarked:TakeOffHeels","floor":8},{"not_picked":["theMarked:WastefulAttack","Flying Knee"],"picked":"Calculated Gamble","floor":11},{"not_picked":["theMarked:ResourceFulStrike","theMarked:Aftermath"],"picked":"theMarked:Panic","floor":13},{"not_picked":["theMarked:HeightenedSenses","Prepared"],"picked":"theMarked:ElementalBlade","floor":14},{"not_picked":["theMarked:Levitate","theMarked:ThrowWeapon"],"picked":"Storm of Steel","floor":16},{"not_picked":["theMarked:Improvise","theMarked:ChainLightning+1"],"picked":"theMarked:EmpowerWeapon+1","floor":18},{"not_picked":["theMarked:WastefulAttack","theMarked:Frustration+1","theMarked:BanishingStrike"],"picked":"SKIP","floor":19},{"not_picked":[],"picked":"theMarked:Overcharge","floor":20},{"not_picked":[],"picked":"theMarked:TurnInvisible","floor":20},{"not_picked":["theMarked:Aftermath","theMarked:EmpowerWeapon"],"picked":"theMarked:ElementalBlade","floor":21},{"not_picked":["theMarked:WardOff","theMarked:Aftermath"],"picked":"theMarked:Static+1","floor":23},{"not_picked":["theMarked:HeritageOfTheMarked","theMarked:DeterminationOfTheMarked"],"picked":"theMarked:Electrify","floor":25},{"not_picked":["theMarked:HeightenedSenses","theMarked:RepellingDischarge","theMarked:WastefulDefense"],"picked":"SKIP","floor":27},{"not_picked":["theMarked:Parkour","theMarked:Challenge","theMarked:Aftermath"],"picked":"SKIP","floor":29},{"not_picked":["theMarked:CreepingChasm","theMarked:Aftermath"],"picked":"theMarked:Electrify+1","floor":31},{"not_picked":["theMarked:TakeOffHeels","theMarked:Defy"],"picked":"theMarked:BindingBlade","floor":33},{"not_picked":["theMarked:HeightenedSenses+1","theMarked:TwofoldDefense","theMarked:MaelstromOfLightning+1","jesterMod:SmokeScreen"],"picked":"SKIP","floor":35},{"not_picked":["theMarked:FavorableWinds","theMarked:Aftermath+1","theMarked:Improvise+1","jesterMod:Contradiction"],"picked":"SKIP","floor":37},{"not_picked":["theMarked:SelfDefenseTraining","theMarked:TakeCover+1","theMarked:Electrify","jesterMod:TrickyDodge"],"picked":"SKIP","floor":39},{"not_picked":["theMarked:WastefulAttack+1","theMarked:EmpowerWeapon","theMarked:Parkour+1","jesterMod:HedgehogForm"],"picked":"SKIP","floor":40},{"not_picked":["theMarked:Standoff+1","theMarked:Indomitable+1","theMarked:WastefulAttack","jesterMod:JackInTheBox"],"picked":"SKIP","floor":42},{"not_picked":["theMarked:WastefulAttack+1","theMarked:CreepingChasm+1","theMarked:SwordAndMagic","jesterMod:Contradiction"],"picked":"SKIP","floor":45},{"not_picked":["theMarked:Opportunist+1","theMarked:Parry+1","theMarked:MuscleMemory","jesterMod:Anticipation"],"picked":"SKIP","floor":47},{"not_picked":["theMarked:Aftermath+1","theMarked:ShockingTouch+1","jesterMod:Hide"],"picked":"theMarked:Electrify","floor":54}],"player_experience":1133444,"relics_obtained":[{"floor":7,"key":"Replay:Ringing Soul"},{"floor":9,"key":"qcfpunch:Red_Headband"},{"floor":11,"key":"War Paint"},{"floor":14,"key":"ReplayTheSpireMod:Ninjato"},{"floor":23,"key":"vexMod:CardConverter"},{"floor":25,"key":"StuffTheSpire:Experiment12"},{"floor":29,"key":"Dota2Spire:BattleFury"},{"floor":34,"key":"conspire:Boomerang"},{"floor":34,"key":"qcfpunch:Broken_Tusk"},{"floor":34,"key":"hubris:DisguiseKit"},{"floor":40,"key":"Bag of Preparation"},{"floor":42,"key":"hubris:TinFlute"},{"floor":43,"key":"aspiration:EmptySkull"},{"floor":47,"key":"Dota2Spire:MaskOfMadness"},{"floor":48,"key":"infinitespire:Broken Mirror"},{"floor":54,"key":"ReplayFunnel"}],"event_choices":[],"is_beta":false,"boss_relics":[{"not_picked":["trackpad:Coffee","Philosopher\u0027s Stone"],"picked":"Kintsugi"},{"not_picked":["CosmicIsotope","aspiration:RitualDagger"],"picked":"Calling Bell"}],"items_purged_floors":[22,36,53],"is_endless":false,"potions_floor_spawned":[7,8,13,19,21,23,31,33,35,37,40,42],"ascension_level":4}}