{"host":"og6lam4kt3nibbw0","time":1611337944,"event":{"mods":["AchievementEnabler","BaseMod","Colored Map","DeckTracker","Highlight Path","Keyboard Shortcuts","Minty Spire (QoL Compilation)","Permanent Neow","Quick Restart","StSLib","SuperFastMode"],"gold_per_floor":[116,116,133,53,53,53,63,63,63,63,63,73,88,88,88,162,162,179,192,212,127,23,23,23],"floor_reached":23,"language":"KOR","playtime":1319,"items_purged":["Strike_G"],"score":362,"play_id":"fcce4e5d-6d0e-4c15-b43a-d326460baa87","local_time":"20210123025224","is_ascension_mode":true,"campfire_choices":[{"data":"Neutralize","floor":6.0,"key":"SMITH"},{"data":"Dagger Throw","floor":10.0,"key":"SMITH"},{"data":"Poisoned Stab","floor":15.0,"key":"SMITH"}],"circlet_count":0,"master_deck":["AscendersBane","Strike_G","Strike_G","Defend_G","Defend_G","Defend_G","Defend_G","Survivor","Neutralize+1","Poisoned Stab+1","Heel Hook","Noxious Fumes+1","Dagger Throw+1","Well Laid Plans","After Image","Underhanded Strike+1","Sucker Punch"],"relics":["Ring of the Snake","Du-Vu Doll","Black Star","Pocketwatch"],"acts_visited":["Exordium","TheCity"],"potions_floor_usage":[23],"damage_taken":[{"damage":5.0,"enemies":"Small Slimes","floor":1.0,"turns":4.0},{"damage":4.0,"enemies":"Jaw Worm","floor":3.0,"turns":5.0},{"damage":0.0,"enemies":"Cultist","floor":7.0,"turns":3.0},{"damage":1.0,"enemies":"Blue Slaver","floor":12.0,"turns":3.0},{"damage":13.0,"enemies":"Gremlin Gang","floor":13.0,"turns":4.0},{"damage":32.0,"enemies":"The Guardian","floor":16.0,"turns":8.0},{"damage":15.0,"enemies":"Spheric Guardian","floor":18.0,"turns":6.0},{"damage":5.0,"enemies":"Chosen","floor":19.0,"turns":6.0},{"damage":19.0,"enemies":"Snake Plant","floor":20.0,"turns":5.0},{"damage":0,"enemies":"Book of Stabbing","floor":23,"turns":1}],"seed_played":"-565009080341101872","potions_obtained":[{"floor":3.0,"key":"Ancient Potion"},{"floor":12.0,"key":"BlessingOfTheForge"},{"floor":13.0,"key":"Block Potion"},{"floor":20.0,"key":"Strength Potion"}],"is_trial":false,"path_per_floor":["M","?","M","$","?","R","M","?","T","R","$","M","M","?","R","B",null,"M","M","M","?","$","E"],"character_chosen":"THE_SILENT","items_purchased":["Noxious Fumes","Sucker Punch"],"campfire_rested":0,"item_purchase_floors":[4,22],"current_hp_per_floor":[54,59,55,55,55,55,55,55,55,55,55,54,41,41,41,9,51,36,31,12,12,12,12,12],"gold":23,"neow_bonus":"REMOVE_TWO","is_daily":false,"chose_seed":false,"campfire_upgraded":3,"win_rate":0.0,"timestamp":1611337944,"path_taken":["M","?","M","$","?","R","M","?","T","R","$","M","?","?","R","BOSS","M","?","M","?","$","E"],"items_purchased_type":["Card","Card"],"build_version":"2020-12-22","purchased_purges":1,"victory":false,"max_hp_per_floor":[60,65,65,65,65,65,65,65,65,65,65,65,65,65,65,65,65,65,65,65,65,65,65,65],"card_choices":[{"not_picked":["PiercingWail","Underhanded Strike"],"picked":"Poisoned Stab","floor":1.0},{"not_picked":["PiercingWail","Underhanded Strike"],"picked":"Heel Hook","floor":3.0},{"not_picked":["Poisoned Stab","PiercingWail"],"picked":"Dagger Throw","floor":7.0},{"not_picked":["Bane","Deflect","Quick Slash"],"picked":"SKIP","floor":12.0},{"not_picked":["Prepared","Poisoned Stab"],"picked":"Well Laid Plans","floor":13.0},{"not_picked":["Envenom","Adrenaline"],"picked":"After Image","floor":16.0},{"not_picked":["Backstab","PiercingWail"],"picked":"Underhanded Strike+1","floor":18.0},{"not_picked":["All Out Attack","Skewer","Riddle With Holes"],"picked":"SKIP","floor":19.0},{"not_picked":["Well Laid Plans","Flying Knee","Leg Sweep"],"picked":"SKIP","floor":20.0}],"player_experience":945824,"relics_obtained":[{"floor":9.0,"key":"Du-Vu Doll"}],"event_choices":[{"damage_healed":0.0,"max_hp_gain":5.0,"max_hp_loss":0.0,"gold_gain":0.0,"event_name":"Big Fish","player_choice":"Donut","floor":2.0,"gold_loss":0.0,"damage_taken":0.0},{"cards_removed":["Strike_G"],"damage_healed":0.0,"max_hp_gain":0.0,"max_hp_loss":0.0,"gold_gain":0.0,"event_name":"Living Wall","player_choice":"Forget","floor":5.0,"gold_loss":0.0,"damage_taken":0.0},{"damage_healed":0.0,"max_hp_gain":0.0,"max_hp_loss":0.0,"gold_gain":0.0,"event_name":"Upgrade Shrine","player_choice":"Upgraded","floor":8.0,"gold_loss":0.0,"damage_taken":0.0,"cards_upgraded":["Noxious Fumes"]},{"damage_healed":0.0,"max_hp_gain":0.0,"max_hp_loss":0.0,"gold_gain":0.0,"event_name":"Lab","player_choice":"Got Potions","floor":14.0,"gold_loss":0.0,"damage_taken":0.0},{"damage_healed":0.0,"max_hp_gain":0.0,"max_hp_loss":0.0,"gold_gain":0.0,"event_name":"Addict","player_choice":"Obtained Relic","floor":21.0,"gold_loss":85.0,"damage_taken":0.0,"relics_obtained":["Pocketwatch"]}],"is_beta":false,"boss_relics":[{"not_picked":["Busted Crown","Runic Dome"],"picked":"Black Star"}],"items_purged_floors":[22],"is_endless":false,"potions_floor_spawned":[3,12,13,20],"killed_by":"Book of Stabbing","ascension_level":20}}