{"host":"uyrebrj0204enqpc","time":1611354989,"event":{"mods":["Act Like it!","Bard","BaseMod","Block Reminder","Challenge The Spire","Colored Map","Colored Powertips","DeckTracker","Downfall","GifTheSpireLib","HexUI Lib","Highlight Path","Hubris","Infinite Spire","Minty Spire (QoL Compilation)","Pale of the Ancients","Quick Restart","Random Character Button","Relic Sorter","Relic Stats","Shop Mod","StSLib","The Blue Laboratory","The Bug Knight","The Cursed","The Jungle","The Marked","Wandering Minibosses"],"gold_per_floor":[112,126,126,126,145,145,145],"floor_reached":6,"language":"ENG","playtime":184,"items_purged":[],"score":72,"play_id":"83812515-cf4d-4cb0-bcf3-297e86c65a09","local_time":"20210122173629","is_ascension_mode":true,"campfire_choices":[],"circlet_count":0,"master_deck":["AscendersBane","Strike_R","Strike_R","Strike_R","Strike_R","Strike_R","Defend_R","Defend_R","Defend_R","Defend_R","Bash","Searing Blow+1"],"relics":["Burning Blood","Oddly Smooth Stone"],"acts_visited":["Exordium"],"potions_floor_usage":[6],"damage_taken":[{"damage":2,"enemies":"Cultist","floor":1,"turns":4},{"damage":19,"enemies":"Jaw Worm","floor":2,"turns":4},{"damage":8,"enemies":"Small Slimes","floor":5,"turns":4},{"damage":76,"enemies":"Lagavulin","floor":6,"turns":7}],"seed_played":"-3146957791385938853","potions_obtained":[{"floor":0,"key":"Regen Potion"},{"floor":0,"key":"Ancient Potion"}],"is_trial":false,"path_per_floor":["M","M","?","?","M","E"],"character_chosen":"IRONCLAD","items_purchased":[],"campfire_rested":0,"item_purchase_floors":[],"current_hp_per_floor":[72,59,59,48,46,0,0],"gold":145,"neow_bonus":"THREE_SMALL_POTIONS","is_daily":false,"chose_seed":false,"campfire_upgraded":0,"win_rate":0.0,"timestamp":1611354989,"path_taken":["M","?","?","?","M","E"],"items_purchased_type":[],"build_version":"2020-12-22","purchased_purges":0,"victory":false,"max_hp_per_floor":[75,75,75,75,75,75,75],"relic_stats":{"counters":[4,19],"obtain_stats":[{"Oddly Smooth Stone":4,"Burning Blood":0},{"Oddly Smooth Stone":2,"Burning Blood":0},{"Oddly Smooth Stone":8,"Burning Blood":0}],"Burning Blood":18},"card_choices":[{"not_picked":["Bloodletting","Burning Pact","Havoc"],"picked":"SKIP","floor":1},{"not_picked":["Clothesline","hubris:CleavingFinish"],"picked":"Searing Blow","floor":2},{"not_picked":["Heavy Blade","Shockwave","Clothesline"],"picked":"SKIP","floor":5}],"player_experience":1107641,"relics_obtained":[],"event_choices":[{"damage_healed":0,"gold_gain":0,"player_choice":"Success","damage_taken":11,"relics_obtained":["Oddly Smooth Stone"],"max_hp_gain":0,"max_hp_loss":0,"event_name":"Scrap Ooze","floor":4,"gold_loss":0}],"is_beta":false,"boss_relics":[],"items_purged_floors":[],"is_endless":false,"potions_floor_spawned":[2,5],"killed_by":"Lagavulin","ascension_level":20}}