{"host":"ua86kx5x377bzm1z","time":1611321796,"event":{"mods":["BaseMod","Colored Map","DeckTracker","Infinite Spire","Minty Spire (QoL Compilation)","Replay The Spire","StSLib"],"gold_per_floor":[116,116,127,143,143,178,178,198,243,243,243,7,33,33,33,33,33],"floor_reached":16,"language":"ENG","playtime":1251,"items_purged":[],"score":133,"play_id":"31bc3d28-c11e-412b-9f73-793cffb49f21","local_time":"20210122142316","is_ascension_mode":false,"campfire_choices":[{"floor":7,"key":"REST"},{"data":"Flex","floor":11,"key":"SMITH"},{"floor":15,"key":"DIG"}],"circlet_count":0,"master_deck":["Strike_R","Strike_R","Strike_R","Strike_R","Strike_R","Defend_R","Defend_R","Defend_R","Defend_R","Bash","Flex+1","Shrug It Off","Berserk+1","Battle Trance","Flex+1","Cleave","Violence","Searing Blow"],"relics":["Burning Blood","Replay:Ringing Soul","Happy Flower","Ancient Tea Set","infinitespire:Satchel","Blood Vial"],"acts_visited":["Exordium"],"potions_floor_usage":[3],"damage_taken":[{"damage":12,"enemies":"Small Slimes","floor":1,"turns":5},{"damage":0,"enemies":"2 Louse","floor":3,"turns":3},{"damage":1,"enemies":"Cultist","floor":4,"turns":3},{"damage":50,"enemies":"Gremlin Nob","floor":6,"turns":5},{"damage":9,"enemies":"Gremlin Gang","floor":8,"turns":7},{"damage":13,"enemies":"Lagavulin","floor":13,"turns":3},{"damage":76,"enemies":"Hexaghost","floor":16,"turns":14}],"seed_played":"4764169154742067273","potions_obtained":[{"floor":3,"key":"EntropicBrew"}],"is_trial":false,"path_per_floor":["M","?","M","M","?","E","R","M","T","?","R","$","E","?","R_BF","B"],"character_chosen":"IRONCLAD","items_purchased":["Cleave","Violence"],"campfire_rested":1,"item_purchase_floors":[12,12],"current_hp_per_floor":[82,82,88,88,88,47,74,74,74,74,74,77,73,73,73,0,0],"gold":33,"neow_bonus":"TEN_PERCENT_HP_BONUS","is_daily":false,"chose_seed":false,"campfire_upgraded":1,"win_rate":0.0,"timestamp":1611321796,"path_taken":["M","?","M","M","?","E","R","M","T","?","R","$","E","?","R_BF","BOSS"],"items_purchased_type":["Card","Card"],"build_version":"2020-12-13","purchased_purges":0,"victory":false,"max_hp_per_floor":[88,88,88,88,88,91,91,94,94,94,94,97,100,100,100,100,100],"card_choices":[{"not_picked":["Clothesline","Carnage"],"picked":"Whirlwind","floor":1},{"not_picked":["Defy Death","Blood for Blood"],"picked":"Flex","floor":3},{"not_picked":["Armaments","Second Wind"],"picked":"Shrug It Off","floor":4},{"not_picked":["Armaments","Power Through"],"picked":"Battle Trance","floor":6},{"not_picked":["Shrug It Off","Iron Wave"],"picked":"Flex","floor":8},{"not_picked":["Brutality","Headbutt"],"picked":"Searing Blow","floor":13}],"player_experience":948,"relics_obtained":[{"floor":6,"key":"Replay:Ringing Soul"},{"floor":9,"key":"Happy Flower"},{"floor":13,"key":"infinitespire:Satchel"},{"floor":15,"key":"Blood Vial"}],"event_choices":[{"damage_healed":0,"gold_gain":0,"player_choice":"Ignored","damage_taken":0,"max_hp_gain":0,"max_hp_loss":0,"event_name":"Golden Idol","floor":2,"gold_loss":0},{"damage_healed":0,"gold_gain":0,"player_choice":"Searched \u00272\u0027 times","damage_taken":0,"relics_obtained":["Ancient Tea Set"],"max_hp_gain":0,"max_hp_loss":0,"event_name":"Dead Adventurer","floor":10,"gold_loss":0},{"damage_healed":0,"gold_gain":0,"player_choice":"Upgraded","damage_taken":0,"max_hp_gain":0,"max_hp_loss":0,"event_name":"Upgrade Shrine","floor":14,"gold_loss":0,"cards_upgraded":["Flex"]}],"is_beta":false,"boss_relics":[],"items_purged_floors":[],"is_endless":false,"potions_floor_spawned":[3,4,6,8],"killed_by":"Hexaghost","ascension_level":0}}