{"host":"djjpvtbajazjoxm7","time":1611311812,"event":{"mods":["100% Spire Juice","Act Like it!","Arknights The Spire","Ascension Reborn","BaseMod","CapriCore","GungeonMod","KOR Keyword Fix","Lobotomy","Minty Spire (QoL Compilation)","Replay The Spire","StSLib","The Gatherer","The Hierophant","The Immortal","Waifu the Spire"],"gold_per_floor":[115,132,149,199,79,113,113,4,4,38,51,70,70,40,40,135,135,153,68,68,88,88,121,121,121,121,1,26,46,80,91,91,117,117,214,94,104,3,3,53,53,53,85,46,72,118,118,43,78,92,92,92,92,92,92,23,51,51],"floor_reached":59,"language":"KOR","playtime":3081,"items_purged":["Moonworks:Strike"],"score":1686,"play_id":"ee3f8812-17bc-49a8-a454-160504940f22","local_time":"20210122193652","is_ascension_mode":true,"campfire_choices":[{"floor":7.0,"key":"REST"},{"data":"Moonworks:CrystalBarrier","floor":13.0,"key":"SMITH"},{"floor":15.0,"key":"REST"},{"data":"Moonworks:AwakeningOfTalent","floor":27,"key":"SMITH"},{"floor":34,"key":"DIG"},{"floor":42,"key":"RECALL"},{"data":"Moonworks:MetallicMonocoque","floor":47,"key":"SMITH"},{"floor":51,"key":"DIG"}],"circlet_count":0,"master_deck":["Moonworks:Strike","Moonworks:Strike","Moonworks:Strike","Moonworks:Defend","Moonworks:Defend","Moonworks:Defend","Moonworks:Ambush","Moonworks:LongDistanceShot","Moonworks:NicePresent+1","Moonworks:ScrambledEve","Moonworks:Dash+1","Moonworks:MiracleWalker+1","Moonworks:CrystalBarrier+1","Moonworks:AwakeningOfTalent+1","Moonworks:CloudOfSeagulls","Moonworks:Dinner+1","Moonworks:NicePresent+1","Moonworks:AccelHyper+1","Moonworks:SakisCookie+1","Moonworks:MixPhenomenon+1","Necronomicurse","Moonworks:MiracleRedBeanIceCream+1","Moonworks:UnluckyCharm+1","Moonworks:TreasureThief+1","Moonworks:JonathanRush","Moonworks:SinkOrSwim","Moonworks:MetallicMonocoque+1","Moonworks:FullSpeedAlicianrone+1","Moonworks:BackdoorTrade+1","Madness+1","Madness+1","Moonworks:EvilSpyWorkPreparation+1","Moonworks:StiffCrystal+1","Moonworks:Dash+1","Moonworks:BindingChains+1","Moonworks:MetallicMonocoque"],"relics":["Moonworks:BrokenBomb","Moonworks:Homemark","Art of War","Toxic Egg 2","DemoMod:MonsterBlood","DemoMod:MemoryAlloy","Quantum Egg","DemoMod:RiddleOfLead","DemoMod:WhiteGuonStone","Oddly Smooth Stone","Necronomicon","Replay:Ringing Soul","DemoMod:ClearGuonStone","Juzu Bracelet","DemoMod:Antibody","Toy Ornithopter","ReplayTheSpireMod:DimensionalGlitch","Dead Branch","DemoMod:GreenGuonStone","Durian","Replay:Multitool","Vajra","ReplayTheSpireMod:Shallot"],"acts_visited":["Exordium","TheCity","TheBeyond","TheEnding"],"potions_floor_usage":[29,29,33,37,37,40,46,49],"damage_taken":[{"damage":10.0,"enemies":"Jaw Worm","floor":1.0,"turns":4.0},{"damage":0.0,"enemies":"Small Slimes","floor":2.0,"turns":1.0},{"damage":2.0,"enemies":"2 Louse","floor":3.0,"turns":3.0},{"damage":15.0,"enemies":"Replay:BlueRogue","floor":6.0,"turns":8.0},{"damage":0.0,"enemies":"Large Slime","floor":8.0,"turns":5.0},{"damage":17.0,"enemies":"3 Sentries","floor":10.0,"turns":7.0},{"damage":10.0,"enemies":"3 Louse","floor":11.0,"turns":2.0},{"damage":6.0,"enemies":"Exordium Wildlife","floor":12.0,"turns":5.0},{"damage":12.0,"enemies":"Hexaghost","floor":16.0,"turns":8.0},{"damage":3.0,"enemies":"Chosen","floor":18.0,"turns":7.0},{"damage":0,"enemies":"Spheric Guardian","floor":21,"turns":6},{"damage":0,"enemies":"Replay:Snechameleon","floor":23,"turns":6},{"damage":0,"enemies":"Centurion and Healer","floor":29,"turns":4},{"damage":0,"enemies":"Gremlin Leader","floor":30,"turns":6},{"damage":10,"enemies":"Snake Plant","floor":31,"turns":3},{"damage":0,"enemies":"Slavers","floor":33,"turns":3},{"damage":16,"enemies":"Pondfish","floor":35,"turns":7},{"damage":0,"enemies":"3 Shapes","floor":37,"turns":3},{"damage":6,"enemies":"3 Darklings","floor":38,"turns":3},{"damage":0,"enemies":"Mind Bloom Boss Battle","floor":40,"turns":5},{"damage":0,"enemies":"R_Hoarder","floor":43,"turns":4},{"damage":0,"enemies":"2 Orb Walkers","floor":46,"turns":3},{"damage":1,"enemies":"Nemesis","floor":49,"turns":3},{"damage":0,"enemies":"Jaw Worm Horde","floor":50,"turns":4},{"damage":97,"enemies":"Time Eater","floor":52,"turns":7},{"damage":9,"enemies":"Shield and Spear","floor":57,"turns":4},{"damage":10,"enemies":"The Heart","floor":58,"turns":8}],"seed_played":"1032815716311749771","potions_obtained":[{"floor":1.0,"key":"SteroidPotion"},{"floor":3.0,"key":"Elixir"},{"floor":4.0,"key":"Regen Potion"},{"floor":6.0,"key":"SkillPotion"},{"floor":12.0,"key":"DuplicationPotion"},{"floor":16.0,"key":"SkillPotion"},{"floor":21,"key":"LifebloodPotion"},{"floor":30,"key":"Strength Potion"},{"floor":33,"key":"LifebloodPotion"},{"floor":38,"key":"Languid Potion"},{"floor":40,"key":"Weak Potion"},{"floor":46,"key":"Energy Potion"}],"is_trial":false,"path_per_floor":["M","M","M","?","?","E","R","M","T","E","M","M","R","?","R","B",null,"M","?","?","M","?","E","?","PTL","PTL","R","T","M","E","M","?","E","R","B",null,"M","M","?","?","?","R","E","$","T","?","R","$","E","M","R","B",null,null,"R","$","E","B",null],"character_chosen":"THE_STARBREAKER","items_purchased":["Moonworks:StiffCrystal+1","Moonworks:BindingChains+1"],"campfire_rested":2,"item_purchase_floors":[44,56],"current_hp_per_floor":[50,50,48,24,24,31,51,51,51,44,34,28,28,28,48,46,77,77,77,77,77,61,77,77,77,77,77,77,83,86,82,82,91,91,95,95,98,97,97,101,91,91,105,110,110,115,115,115,114,118,118,50,50,118,118,121,123,119],"gold":51,"neow_bonus":"RANDOM_COMMON_RELIC","is_daily":false,"chose_seed":false,"campfire_upgraded":3,"win_rate":0.0,"timestamp":1611311812,"path_taken":["M","M","M","?","?","E","R","M","T","E","M","M","R","?","R","BOSS","M","?","?","?","?","E","?","PTL","PTL","R","T","M","E","M","?","E","R","BOSS","M","M","?","?","?","R","E","$","T","?","R","$","E","M","R","BOSS","R","$","E","BOSS"],"items_purchased_type":["Card","Card"],"build_version":"2020-12-22","purchased_purges":1,"victory":true,"max_hp_per_floor":[60,60,60,60,60,67,67,67,67,67,67,67,67,67,67,67,77,77,77,77,77,77,80,80,80,80,80,80,83,86,89,89,92,92,95,95,98,101,101,101,104,104,107,110,110,115,115,115,115,118,118,118,118,118,118,121,124,124],"card_choices":[{"not_picked":["Moonworks:Assault","Moonworks:IndiscriminateFireSupport"],"picked":"Moonworks:NicePresent","floor":1.0},{"not_picked":["Moonworks:TacticalRetreat","Moonworks:DeployBits"],"picked":"Moonworks:ScrambledEve","floor":2.0},{"not_picked":["Moonworks:SakisCookie","Moonworks:LulusLuckyEgg"],"picked":"Moonworks:Dash","floor":3.0},{"not_picked":["Moonworks:DeployBits+1","Moonworks:LulusLuckyEgg+1"],"picked":"Moonworks:MiracleWalker+1","floor":4.0},{"not_picked":["Moonworks:ImOnFire+1","Moonworks:BeyondHell+1"],"picked":"Moonworks:CrystalBarrier","floor":6.0},{"not_picked":["Moonworks:DeployBits+1","Moonworks:Assault"],"picked":"Moonworks:AwakeningOfTalent","floor":8.0},{"not_picked":["Moonworks:JonathanRush","Moonworks:Assault"],"picked":"Moonworks:CloudOfSeagulls","floor":10.0},{"not_picked":["Moonworks:FinalBattle","Moonworks:BigMagnum+1"],"picked":"Moonworks:Dinner+1","floor":11.0},{"not_picked":["Moonworks:DeployBits+1","Moonworks:BigMagnum+1"],"picked":"Moonworks:NicePresent+1","floor":12.0},{"not_picked":["Moonworks:Gamble","Moonworks:LeapThroughSpace"],"picked":"Moonworks:AccelHyper+1","floor":16.0},{"not_picked":["Moonworks:DeployBits+1","Moonworks:CloudOfSeagulls"],"picked":"Moonworks:SakisCookie+1","floor":18.0},{"not_picked":["Moonworks:SakisCookie+1","Moonworks:ReproductionOfRecords+1"],"picked":"Moonworks:MixPhenomenon+1","floor":21},{"not_picked":["Moonworks:MixPhenomenon+1","Moonworks:Blazing"],"picked":"Moonworks:MiracleRedBeanIceCream+1","floor":23},{"not_picked":["Moonworks:Assault","Moonworks:IndiscriminateFireSupport+1"],"picked":"Moonworks:UnluckyCharm+1","floor":29},{"not_picked":["Moonworks:DeployBits+1","Moonworks:BindingChains+1"],"picked":"Moonworks:TreasureThief+1","floor":30},{"not_picked":["Moonworks:LulusLuckyEgg+1","Moonworks:Assault"],"picked":"Moonworks:JonathanRush","floor":31},{"not_picked":["Moonworks:BeyondHell+1","Moonworks:DeployBits+1"],"picked":"Moonworks:SinkOrSwim","floor":33},{"not_picked":["Moonworks:ReflectiveShell","Moonworks:SinkOrSwim"],"picked":"Moonworks:MetallicMonocoque","floor":35},{"not_picked":["Moonworks:ImOnFire+1","Moonworks:LulusLuckyEgg+1"],"picked":"Moonworks:FullSpeedAlicianrone+1","floor":37},{"not_picked":["Moonworks:ReflectiveShell","Moonworks:BindingChains+1"],"picked":"Moonworks:BackdoorTrade+1","floor":38},{"not_picked":["Moonworks:SakisCookie+1","Moonworks:LulusLuckyEgg+1"],"picked":"Moonworks:EvilSpyWorkPreparation+1","floor":43},{"not_picked":["Moonworks:MiracleRedBeanIceCream+1","Moonworks:SakisCookie+1","Moonworks:StiffCrystal+1"],"picked":"SKIP","floor":49},{"not_picked":["Moonworks:CastOff+1","Moonworks:ImOnFire+1"],"picked":"Moonworks:Dash+1","floor":50},{"not_picked":["Moonworks:ReflectiveShell","Moonworks:CrystalBarrier"],"picked":"Moonworks:MetallicMonocoque","floor":57}],"player_experience":201911,"relics_obtained":[{"floor":4.0,"key":"Toxic Egg 2"},{"floor":6.0,"key":"DemoMod:MonsterBlood"},{"floor":9.0,"key":"DemoMod:MemoryAlloy"},{"floor":10.0,"key":"Quantum Egg"},{"floor":22,"key":"Necronomicon"},{"floor":23,"key":"Replay:Ringing Soul"},{"floor":28,"key":"DemoMod:ClearGuonStone"},{"floor":30,"key":"Juzu Bracelet"},{"floor":33,"key":"DemoMod:Antibody"},{"floor":34,"key":"Toy Ornithopter"},{"floor":40,"key":"Dead Branch"},{"floor":43,"key":"DemoMod:GreenGuonStone"},{"floor":46,"key":"Durian"},{"floor":49,"key":"Replay:Multitool"},{"floor":51,"key":"Vajra"},{"floor":57,"key":"ReplayTheSpireMod:Shallot"}],"event_choices":[{"damage_healed":0.0,"max_hp_gain":0.0,"max_hp_loss":0.0,"gold_gain":0.0,"event_name":"Living Wall","player_choice":"Grow","floor":5.0,"gold_loss":0.0,"damage_taken":0.0,"cards_upgraded":["Moonworks:Dash"]},{"damage_healed":0.0,"max_hp_gain":0.0,"max_hp_loss":0.0,"gold_gain":0.0,"event_name":"World of Goop","player_choice":"Left Gold","floor":14.0,"gold_loss":30.0,"damage_taken":0.0},{"damage_healed":0.0,"max_hp_gain":0.0,"max_hp_loss":0.0,"gold_gain":0.0,"event_name":"Addict","player_choice":"Obtained Relic","floor":19.0,"gold_loss":85.0,"damage_taken":0.0,"relics_obtained":["DemoMod:WhiteGuonStone"]},{"damage_healed":0,"gold_gain":0,"player_choice":"Obtained Book","damage_taken":16,"max_hp_gain":0,"max_hp_loss":0,"event_name":"Cursed Tome","floor":22,"gold_loss":0},{"damage_healed":0,"gold_gain":0,"player_choice":"Ignored","damage_taken":0,"max_hp_gain":0,"max_hp_loss":0,"event_name":"Vampires","floor":32,"gold_loss":0},{"cards_removed":["Moonworks:Defend"],"damage_healed":0,"gold_gain":0,"player_choice":"Purged","damage_taken":0,"max_hp_gain":0,"max_hp_loss":0,"event_name":"Purifier","floor":39,"gold_loss":0},{"damage_healed":0,"gold_gain":0,"player_choice":"Fight","damage_taken":0,"max_hp_gain":0,"max_hp_loss":0,"event_name":"MindBloom","floor":40,"gold_loss":0},{"damage_healed":0,"gold_gain":0,"player_choice":"Embrace Madness","damage_taken":13,"max_hp_gain":0,"max_hp_loss":0,"event_name":"Winding Halls","floor":41,"gold_loss":0,"cards_obtained":["Madness","Madness"]},{"damage_healed":0,"gold_gain":0,"player_choice":"Fight","damage_taken":0,"max_hp_gain":0,"max_hp_loss":0,"event_name":"Mysterious Sphere","floor":46,"gold_loss":0}],"is_beta":false,"boss_relics":[{"not_picked":["Tiny House","Runic Dome"],"picked":"DemoMod:RiddleOfLead"},{"not_picked":["Replay:Ancient Bell","Philosopher\u0027s Stone"],"picked":"ReplayTheSpireMod:DimensionalGlitch"}],"items_purged_floors":[48],"is_endless":false,"potions_floor_spawned":[1,3,6,12,16,21,30,33,38,40,46],"ascension_level":0}}