{"host":"isy2gwbfe91wqj1j","time":1611274233,"event":{"mods":["AchievementEnabler","BaseMod","Better Altar","Better Match","Better Note","Better Sensory Stone","Better Skull","Better Third Choice","BetterRewards","Minty Spire (QoL Compilation)","StSLib"],"gold_per_floor":[113,127,127,147,157,157,157,169,169,186,7,7,7,25,25,128,128,140,65,65,27,27,27],"floor_reached":22,"language":"ENG","playtime":902,"items_purged":["Strike_G","Strike_G","Strike_G"],"score":202,"play_id":"5c3402d7-bda0-42a3-99bd-43dcdfe5a7ab","local_time":"20210121171033","is_ascension_mode":true,"campfire_choices":[{"data":"A Thousand Cuts","floor":6.0,"key":"SMITH"},{"data":"Footwork","floor":12.0,"key":"SMITH"},{"data":"Deadly Poison","floor":15.0,"key":"SMITH"}],"circlet_count":0,"master_deck":["Defend_G","Defend_G","Defend_G","Defend_G","Defend_G","Survivor","Neutralize","A Thousand Cuts+1","Crippling Poison","Leg Sweep","Footwork+1","Deadly Poison+1","Acrobatics","Backflip","Footwork"],"relics":["Ring of the Snake","StoneCalendar","Ice Cream","Regal Pillow","Runic Dome","MutagenicStrength"],"acts_visited":["Exordium","TheCity"],"potions_floor_usage":[],"damage_taken":[{"damage":0.0,"enemies":"2 Louse","floor":1.0,"turns":4.0},{"damage":0.0,"enemies":"Small Slimes","floor":2.0,"turns":5.0},{"damage":0.0,"enemies":"Cultist","floor":4.0,"turns":6.0},{"damage":4.0,"enemies":"Blue Slaver","floor":5.0,"turns":6.0},{"damage":2.0,"enemies":"Exordium Wildlife","floor":8.0,"turns":4.0},{"damage":3.0,"enemies":"Exordium Thugs","floor":10.0,"turns":5.0},{"damage":9.0,"enemies":"Red Slaver","floor":14.0,"turns":5.0},{"damage":11.0,"enemies":"The Guardian","floor":16.0,"turns":9.0},{"damage":23.0,"enemies":"Chosen","floor":18.0,"turns":6.0},{"damage":6.0,"enemies":"2 Thieves","floor":19.0,"turns":5.0},{"damage":0,"enemies":"Cultist and Chosen","floor":22,"turns":1}],"seed_played":"-434329182934930716","potions_obtained":[{"floor":2.0,"key":"Ancient Potion"},{"floor":4.0,"key":"DuplicationPotion"},{"floor":10.0,"key":"SteroidPotion"},{"floor":14.0,"key":"Dexterity Potion"},{"floor":16.0,"key":"BlessingOfTheForge"}],"is_trial":false,"path_per_floor":["M","M","?","M","M","R","?","M","T","M","$","R","?","M","R","B",null,"M","M","?","$","M"],"character_chosen":"THE_SILENT","items_purchased":["A Thousand Cuts","Deadly Poison","Footwork"],"campfire_rested":0,"item_purchase_floors":[0,11,21],"current_hp_per_floor":[70,70,70,70,66,66,71,69,69,66,66,66,66,57,57,46,75,52,46,46,46,46,46],"gold":27,"neow_bonus":"","is_daily":false,"chose_seed":false,"campfire_upgraded":3,"win_rate":0.0,"timestamp":1611274233,"path_taken":["M","M","?","M","M","R","?","M","T","M","$","R","?","?","R","BOSS","M","M","?","$","M"],"items_purchased_type":["Card","Card","Card"],"build_version":"2020-12-22","purchased_purges":3,"victory":false,"max_hp_per_floor":[70,70,70,70,70,70,75,75,75,75,75,75,75,75,75,75,75,75,75,75,75,75,75],"card_choices":[{"not_picked":["Poisoned Stab","Distraction","Dagger Spray"],"picked":"SKIP","floor":1.0},{"not_picked":["Backstab","Deflect","Prepared"],"picked":"SKIP","floor":2.0},{"not_picked":["Blade Dance","Terror"],"picked":"Crippling Poison","floor":4.0},{"not_picked":["Skewer","Masterful Stab"],"picked":"Leg Sweep","floor":5.0},{"not_picked":["Underhanded Strike","Dagger Spray"],"picked":"Footwork","floor":8.0},{"not_picked":["Prepared","Caltrops","PiercingWail"],"picked":"SKIP","floor":10.0},{"not_picked":["Dagger Spray","Flying Knee"],"picked":"Acrobatics","floor":14.0},{"not_picked":["Acrobatics","Flying Knee"],"picked":"Backflip","floor":18.0},{"not_picked":["Dash","Well Laid Plans","Prepared"],"picked":"SKIP","floor":19.0}],"player_experience":184203,"relics_obtained":[{"floor":9.0,"key":"Regal Pillow"}],"event_choices":[{"cards_removed":["Strike_G"],"damage_healed":0.0,"max_hp_gain":0.0,"max_hp_loss":0.0,"gold_gain":0.0,"event_name":"Living Wall","player_choice":"Forget","floor":3.0,"gold_loss":0.0,"damage_taken":0.0},{"damage_healed":0.0,"max_hp_gain":5.0,"max_hp_loss":0.0,"gold_gain":0.0,"event_name":"Big Fish","player_choice":"Donut","floor":7.0,"gold_loss":0.0,"damage_taken":0.0},{"cards_removed":["Strike_G"],"damage_healed":0.0,"max_hp_gain":0.0,"max_hp_loss":0.0,"gold_gain":0.0,"event_name":"Purifier","player_choice":"Purged","floor":13.0,"gold_loss":0.0,"damage_taken":0.0},{"damage_healed":0.0,"max_hp_gain":0.0,"max_hp_loss":0.0,"gold_gain":0.0,"event_name":"Drug Dealer","player_choice":"Inject Mutagens","floor":20.0,"gold_loss":0.0,"damage_taken":0.0,"relics_obtained":["MutagenicStrength"]}],"is_beta":false,"boss_relics":[{"not_picked":["Runic Pyramid","Coffee Dripper"],"picked":"Runic Dome"}],"items_purged_floors":[0,0,11],"is_endless":false,"potions_floor_spawned":[2,4,10,14,16,18],"killed_by":"Cultist and Chosen","ascension_level":3}}