{"host":"sc0o2qwpf9j16a4i","time":1611346832,"event":{"mods":["AchievementEnabler","BaseMod","BetterRewards","Block Reminder","Colored Map","Colored Powertips","Custom Start","Highlight Path","Minty Spire (QoL Compilation)","Relic Stats"],"gold_per_floor":[114,114,133,283,283,283,321,321,321,334,352,377,377,377],"floor_reached":13,"language":"ENG","playtime":364,"items_purged":[],"score":170,"play_id":"9c153011-cd92-4fd0-8e0d-bbaa56363f5f","local_time":"20210122222032","is_ascension_mode":true,"campfire_choices":[{"floor":6,"key":"REST"},{"floor":8,"key":"REST"}],"circlet_count":0,"master_deck":["AscendersBane","Strike_G","Strike_G","Strike_G","Strike_G","Defend_G","Defend_G","Defend_G","Defend_G","Defend_G","Survivor","Neutralize","Crippling Poison","Deadly Poison","Doubt","Skewer","Calculated Gamble","Backflip","Caltrops"],"relics":["Cursed Key","Golden Idol","Ancient Tea Set"],"acts_visited":["Exordium"],"potions_floor_usage":[13,13],"damage_taken":[{"damage":1,"enemies":"Small Slimes","floor":1,"turns":6},{"damage":0,"enemies":"Cultist","floor":3,"turns":5},{"damage":41,"enemies":"3 Sentries","floor":7,"turns":12},{"damage":4,"enemies":"Jaw Worm","floor":10,"turns":3},{"damage":0,"enemies":"3 Louse","floor":11,"turns":2},{"damage":0,"enemies":"Red Slaver","floor":12,"turns":4},{"damage":32,"enemies":"Lagavulin","floor":13,"turns":8}],"seed_played":"-2696885645064263611","potions_obtained":[{"floor":1,"key":"Energy Potion"},{"floor":7,"key":"Dexterity Potion"}],"is_trial":false,"path_per_floor":["M","?","M","?","?","R","E","R","T","M","M","M","E"],"character_chosen":"THE_SILENT","items_purchased":[],"campfire_rested":2,"item_purchase_floors":[],"current_hp_per_floor":[58,35,35,35,35,54,13,32,32,28,28,28,0,0],"gold":377,"neow_bonus":"BOSS_RELIC","is_daily":false,"chose_seed":false,"campfire_upgraded":0,"win_rate":0.0,"timestamp":1611346832,"path_taken":["M","?","M","?","?","R","E","R","T","M","?","M","E"],"items_purchased_type":[],"build_version":"2020-12-22","purchased_purges":0,"victory":false,"max_hp_per_floor":[66,66,66,66,66,66,66,66,66,66,66,66,66,66],"relic_stats":{"counters":[7,40],"Golden Idol":24,"Cursed Key":0,"obtain_stats":[{"Golden Idol":2,"Cursed Key":0,"Ancient Tea Set":7,"Ring of the Snake":0},{"Golden Idol":1,"Cursed Key":0,"Ancient Tea Set":3,"Ring of the Snake":0},{"Golden Idol":6,"Cursed Key":0,"Ancient Tea Set":23,"Ring of the Snake":0}]},"card_choices":[{"not_picked":["Choke","Escape Plan"],"picked":"Crippling Poison","floor":1},{"not_picked":["Cloak And Dagger","Sucker Punch"],"picked":"Deadly Poison","floor":3},{"not_picked":["Flying Knee","Concentrate"],"picked":"Calculated Gamble","floor":7},{"not_picked":["Dagger Spray","Flying Knee","Cloak And Dagger"],"picked":"SKIP","floor":10},{"not_picked":["Heel Hook","Riddle With Holes"],"picked":"Backflip","floor":11},{"not_picked":["Quick Slash","Underhanded Strike"],"picked":"Caltrops","floor":12}],"player_experience":906228,"relics_obtained":[{"floor":7,"key":"Ancient Tea Set"}],"event_choices":[{"damage_healed":0,"gold_gain":0,"player_choice":"Take Damage","damage_taken":23,"relics_obtained":["Golden Idol"],"max_hp_gain":0,"max_hp_loss":0,"event_name":"Golden Idol","floor":2,"gold_loss":0},{"damage_healed":0,"gold_gain":150,"player_choice":"AGREE","damage_taken":0,"max_hp_gain":0,"max_hp_loss":0,"event_name":"Liars Game","floor":4,"gold_loss":0,"cards_obtained":["Doubt"]},{"damage_healed":0,"gold_gain":0,"cards_transformed":["Strike_G"],"player_choice":"Transformed","damage_taken":0,"max_hp_gain":0,"max_hp_loss":0,"event_name":"Transmorgrifier","floor":5,"gold_loss":0,"cards_obtained":["Skewer"]}],"is_beta":false,"boss_relics":[],"items_purged_floors":[],"is_endless":false,"potions_floor_spawned":[1,7],"killed_by":"Lagavulin","ascension_level":20}}