{"host":"u7y9frlpoazak2mn","time":1611292977,"event":{"mods":["AchievementEnabler","Act Like it!","Alarm Clock","Aspiration","Astrologer","BaseMod","Beaked The Cultist","Better Altar","Better Match","Better Note","Better Sensory Stone","Better Skull","Better Third Choice","CCEM","Chen","Colored Map","Colored Powertips","Conspire","Curses Come First","Displayed Cursed Tome","Energized Spire","Fox Events","Friendly Minions","Gensokyo","GifTheSpireLib","Glutton Mod","Halation","Hallownest","Hermit","Hubris","Infinite Spire","Jedi Mod","KinomotoSakuraMod(????)","Koishi","Marisa????????","Mimic Mod","Minty Spire (QoL Compilation)","Pale of the Ancients","Prisma Mod","Quarter Circle Forward PUNCH!","Quick Restart","Random Character Button","Rare Cards Sparkle","Relic Stats","Remilia??????","Replay The Spire","Retaliation","Spicy Shops","Spikes Relics","StS++","StSLib","Stuff the Spire","TestMod","The Administrix","The Blue Laboratory","The Bug Knight","The Construct","The Cursed","The Factory","The Forsaken","The Juggle","The Jungle","The Marked","The Servant 0.9.4","Trackpad","Waifu the Spire","Wandering Minibosses","Wide Potions","Yuri Mod","vexMod"],"gold_per_floor":[117,117,135,8,8,8,20,20,32,49,49,58,52,52,52,52,52],"floor_reached":16,"language":"ENG","playtime":889,"items_purged":["beaked:Strike_Y"],"score":100,"play_id":"5fc51f59-c01d-482d-84fe-e04b1dc11b40","local_time":"20210122002257","is_ascension_mode":false,"campfire_choices":[{"data":"beaked:Ceremony","floor":6,"key":"SMITH"},{"floor":11,"key":"REST"},{"floor":15,"key":"REST"}],"circlet_count":0,"master_deck":["beaked:Strike_Y","beaked:Strike_Y","beaked:Strike_Y","beaked:Strike_Y","beaked:Strike_Y","beaked:Defend_Y","beaked:Defend_Y","beaked:Defend_Y","beaked:Defend_Y","beaked:Ceremony+1","beaked:Ceremony","beaked:Ceremony","beaked:Windmill","beaked:WarriorSpirit","beaked:MachineSpirit","beaked:LiftOff"],"relics":["beaked:MendingPlumage","testmod-TestBox","NeowsBlessing","halation:EternalFortune","vexMod:RetaliationKit"],"acts_visited":["Exordium"],"potions_floor_usage":[10,13],"damage_taken":[{"damage":0,"enemies":"Gensokyo:Python","floor":1,"turns":1},{"damage":0,"enemies":"Gensokyo:2_Kodama","floor":3,"turns":1},{"damage":0,"enemies":"Gensokyo:3_Fairies","floor":7,"turns":2},{"damage":0,"enemies":"Gensokyo:Gryphon_and_Rabbit","floor":9,"turns":8},{"damage":66,"enemies":"Gensokyo:Cirno","floor":10,"turns":14},{"damage":24,"enemies":"Gensokyo:Gryphon_and_Rabbit","floor":12,"turns":7},{"damage":16,"enemies":"Gensokyo:5_Fairies","floor":13,"turns":7},{"damage":61,"enemies":"Gensokyo:Reimu","floor":16,"turns":4}],"seed_played":"3205679099089623977","potions_obtained":[{"floor":7,"key":"blueLaboratory:HorrorPotion"},{"floor":12,"key":"Venom Potion"},{"floor":13,"key":"blueLaboratory:BubblePotion"}],"is_trial":false,"path_per_floor":["M","?","M","$","?","R","M","COS","MIM","E","R","M","M","$","R","B"],"character_chosen":"BEAKED_THE_CULTIST","items_purchased":["beaked:Windmill"],"campfire_rested":2,"item_purchase_floors":[4],"current_hp_per_floor":[50,50,50,50,53,53,53,53,53,21,36,30,40,40,53,0,0],"gold":52,"neow_bonus":"THREE_ENEMY_KILL","is_daily":false,"chose_seed":false,"campfire_upgraded":1,"win_rate":0.0,"timestamp":1611292977,"path_taken":["M","?","M","$","?","R","M","COS","MIM","E","R","M","?","?","R","BOSS"],"items_purchased_type":["Card"],"build_version":"2020-12-22","purchased_purges":1,"victory":false,"max_hp_per_floor":[50,50,50,50,53,53,53,53,53,53,53,53,53,53,53,53,53],"relic_stats":{"counters":[8,44],"obtain_stats":[{"testmod-TestBox":0,"NeowsBlessing":0,"halation:EternalFortune":5,"beaked:MendingPlumage":0,"vexMod:RetaliationKit":10},{"testmod-TestBox":0,"NeowsBlessing":0,"halation:EternalFortune":2,"beaked:MendingPlumage":0,"vexMod:RetaliationKit":5},{"testmod-TestBox":0,"NeowsBlessing":0,"halation:EternalFortune":2,"beaked:MendingPlumage":0,"vexMod:RetaliationKit":26}]},"card_choices":[{"not_picked":["beaked:SacrificialDive","beaked:Resilience","beaked:Foresight"],"picked":"SKIP","floor":1},{"not_picked":["beaked:Foresight","beaked:BraceForImpact","beaked:BarbedWire"],"picked":"SKIP","floor":3},{"not_picked":["ReplayTheSpireMod:Owlgaze","beaked:Replenish","beaked:BraceForImpact"],"picked":"SKIP","floor":7},{"not_picked":["beaked:Pecker","beaked:CursingBlood"],"picked":"beaked:WarriorSpirit","floor":9},{"not_picked":["beaked:SurvivalInstinct","beaked:CursingBlood"],"picked":"beaked:MachineSpirit","floor":10},{"not_picked":["beaked:Cower","beaked:SacrificialAttack","beaked:Negation"],"picked":"SKIP","floor":12},{"not_picked":["beaked:SurvivalInstinct","beaked:DesperateSwing"],"picked":"beaked:LiftOff","floor":13}],"player_experience":352131,"relics_obtained":[{"floor":10,"key":"vexMod:RetaliationKit"}],"event_choices":[{"damage_healed":0,"gold_gain":0,"player_choice":"Leave","damage_taken":0,"max_hp_gain":0,"max_hp_loss":0,"event_name":"conspire:Investor","floor":2,"gold_loss":0}],"is_beta":false,"boss_relics":[],"items_purged_floors":[4],"is_endless":false,"potions_floor_spawned":[7,12,13],"killed_by":"Gensokyo:Reimu","ascension_level":0}}