{"host":"ig9h5mtrygw4gu9r","time":1611286125,"event":{"mods":["2.2 Compatiblity","AchievementEnabler","BaseMod","Downfall","Minty Spire (QoL Compilation)","Relic Stats","StSLib"],"gold_per_floor":[99,111,11,30,49,77,77,77,95,130,142,142,0,10,25,130,130,130,142,160,175,202,202,250,269,269,116,116,116,116,135,152,252,252,252,266,277,277,288,299,299,155,7,7,34,66,88,114,139,151],"floor_reached":51,"language":"ENG","playtime":4691,"items_purged":[],"score":747,"play_id":"eb38b6bd-4514-4dd9-af2a-ae4ae2377c8a","local_time":"20210121192845","is_ascension_mode":false,"campfire_choices":[{"data":"Slimebound:Split","floor":1,"key":"SMITH"},{"data":"Slimebound:WasteNot","floor":18,"key":"SMITH"},{"floor":23,"key":"REST"},{"data":"Slimebound:SelfFormingGoo","floor":29,"key":"SMITH"},{"data":"Slimebound:SamplingLick","floor":35,"key":"SMITH"}],"circlet_count":0,"master_deck":["Slimebound:Strike_Slimebound","Slimebound:Strike_Slimebound","Slimebound:Strike_Slimebound","Slimebound:Tackle","Slimebound:Defend_Slimebound","Slimebound:Defend_Slimebound","Slimebound:Defend_Slimebound","Slimebound:Defend_Slimebound","Slimebound:Split+1","Slimebound:CorrosiveSpit","Slimebound:SplitMire","Slimebound:LeadByExample","Slimebound:Repurpose","Slimebound:SplitBruiser","Slimebound:ForwardTackle","Slimebound:PressTheAttack+1","Slimebound:MegaLick","Slimebound:SplitMire","Slimebound:SamplingLick","Slimebound:SamplingLick","Slimebound:AcidTongue","Slimebound:SlimeTap","Slimebound:SamplingLick+1","Slimebound:Schlurp","Slimebound:SelfFormingGoo+1","Slimebound:WasteNot+1","Slimebound:GoopTackle","Slimebound:LevelUp","Slimebound:LevelUp","Slimebound:HauntingLick","Slimebound:SamplingLick","Slimebound:HauntingLick","Slimebound:GrowthPunch","Slimebound:Overexert","CurseOfTheBell","Slimebound:GoopSpray","Slimebound:SelfFormingGoo+1","Slimebound:SplitBruiser","Writhe","Slimebound:TongueLash+1","Slimebound:MegaLick","Slimebound:Schlurp","Slimebound:RejuvenatingLick","Slimebound:LevelUp","Slimebound:Replication+1","Slimebound:SamplingLick"],"relics":["Slimebound:AbsorbEndCombat","StoneCalendar","Dead Branch","Kunai","Sundial","Busted Crown","Ornamental Fan","Ancient Tea Set","Slimebound:AggressiveSlimeRelic","Calling Bell","Potion Belt","Gremlin Horn","Du-Vu Doll","TungstenRod","Orrery","MawBank"],"acts_visited":["Exordium","TheCity","TheBeyond"],"potions_floor_usage":[11,16,45,46,50,50,50,50,50],"damage_taken":[{"damage":4,"enemies":"Small Slimes","floor":2,"turns":4},{"damage":10,"enemies":"downfall:FleeingMerchant","floor":3,"turns":4},{"damage":6,"enemies":"Jaw Worm","floor":4,"turns":3},{"damage":7,"enemies":"2 Louse","floor":5,"turns":2},{"damage":13,"enemies":"3 Sentries","floor":6,"turns":5},{"damage":6,"enemies":"2 Fungi Beasts","floor":9,"turns":3},{"damage":17,"enemies":"Gremlin Nob","floor":10,"turns":4},{"damage":1,"enemies":"Gremlin Gang","floor":11,"turns":3},{"damage":10,"enemies":"downfall:FleeingMerchant","floor":13,"turns":4},{"damage":0,"enemies":"Lots of Slimes","floor":14,"turns":3},{"damage":9,"enemies":"Gremlin Gang","floor":15,"turns":4},{"damage":23,"enemies":"DF_ARCHETYPE_STREAMLINE","floor":16,"turns":7},{"damage":5,"enemies":"Chosen","floor":19,"turns":3},{"damage":24,"enemies":"Centurion and Healer","floor":20,"turns":3},{"damage":17,"enemies":"Shelled Parasite and Fungi","floor":21,"turns":3},{"damage":14,"enemies":"downfall:FleeingMerchant","floor":22,"turns":4},{"damage":18,"enemies":"Snecko","floor":25,"turns":4},{"damage":0,"enemies":"Centurion and Healer","floor":31,"turns":3},{"damage":33,"enemies":"Snake Plant","floor":32,"turns":3},{"damage":24,"enemies":"WA_ARCHETYPE_CALM","floor":33,"turns":7},{"damage":0,"enemies":"3 Shapes","floor":36,"turns":4},{"damage":2,"enemies":"Orb Walker","floor":37,"turns":2},{"damage":45,"enemies":"Spire Growth","floor":39,"turns":4},{"damage":0,"enemies":"Transient","floor":40,"turns":5},{"damage":29,"enemies":"Nemesis","floor":45,"turns":5},{"damage":8,"enemies":"Jaw Worm Horde","floor":46,"turns":3},{"damage":2,"enemies":"Sphere and 2 Shapes","floor":47,"turns":3},{"damage":9,"enemies":"Writhing Mass","floor":48,"turns":4},{"damage":6,"enemies":"Maw","floor":49,"turns":6},{"damage":1,"enemies":"IC_BLOCK_ARCHETYPE","floor":50,"turns":6}],"seed_played":"-4678865634676324644","potions_obtained":[{"floor":2,"key":"Slimebound:ThreeZeroPotion"},{"floor":6,"key":"Slimebound:SlimyTonguePotion"},{"floor":9,"key":"GamblersBrew"},{"floor":11,"key":"Swift Potion"},{"floor":19,"key":"EssenceOfSteel"},{"floor":37,"key":"EssenceOfSteel"},{"floor":45,"key":"AttackPotion"},{"floor":47,"key":"LiquidBronze"},{"floor":49,"key":"EssenceOfSteel"}],"is_trial":false,"path_per_floor":["R","M","$","M","M","E","T","?","M","E","M","?","$","M","M","B",null,"R","M","M","M","$","R","T","M","?","$","?","R","?","M","M","B",null,"R","M","M","?","M","M","T","$","$","?","E","M","M","M","M","B",null],"character_chosen":"SLIMEBOUND","items_purchased":["Slimebound:Repurpose","Slimebound:SplitBruiser","Slimebound:SlimeTap","Slimebound:SamplingLick","Slimebound:SamplingLick","Ornamental Fan","Slimebound:AggressiveSlimeRelic","Orrery","Slimebound:RejuvenatingLick","Slimebound:LevelUp"],"campfire_rested":1,"item_purchase_floors":[3,3,13,13,22,22,27,42,43,43],"current_hp_per_floor":[71,69,65,61,58,53,53,28,22,11,18,18,16,22,19,4,71,71,68,52,41,35,56,56,42,42,42,42,42,42,50,23,7,71,71,71,71,71,28,36,36,36,36,36,13,13,19,14,16,23],"gold":163,"neow_bonus":"TEN_PERCENT_HP_BONUS","is_daily":false,"chose_seed":false,"campfire_upgraded":4,"win_rate":0.0,"timestamp":1611286125,"path_taken":["R","M","$","M","M","E","T","?","M","E","M","?","$","M","M","BOSS","R","M","M","M","$","R","T","M","?","$","?","R","?","M","M","BOSS","R","M","M","?","?","M","T","?","$","?","E","M","?","M","M","BOSS"],"items_purchased_type":["Card","Card","Card","Card","Card","Relic","Relic","Relic","Card","Card"],"build_version":"2020-12-22","purchased_purges":0,"victory":true,"max_hp_per_floor":[71,71,71,71,71,71,71,71,71,71,71,71,71,71,71,71,71,71,71,71,71,71,71,71,71,71,71,71,71,71,71,71,71,71,71,71,71,71,71,71,71,71,71,71,71,71,71,71,71,71],"relic_stats":{"Busted Crown":46,"Gremlin Horn":[6,6],"counters":[30,111],"Sundial":[2],"Ornamental Fan":[24],"Dead Branch":[386],"StoneCalendar":[29],"Kunai":[14],"MawBank":72,"obtain_stats":[{"Potion Belt":34,"Slimebound:AggressiveSlimeRelic":27,"Gremlin Horn":34,"Dead Branch":7,"StoneCalendar":6,"Ancient Tea Set":24,"MawBank":45,"Calling Bell":34,"Du-Vu Doll":34,"Busted Crown":17,"Sundial":10,"Ornamental Fan":22,"Orrery":42,"Slimebound:AbsorbEndCombat":0,"Kunai":8,"TungstenRod":41},{"Potion Belt":20,"Slimebound:AggressiveSlimeRelic":17,"Gremlin Horn":20,"Dead Branch":5,"StoneCalendar":5,"Ancient Tea Set":16,"MawBank":25,"Calling Bell":20,"Du-Vu Doll":20,"Busted Crown":12,"Sundial":7,"Ornamental Fan":16,"Orrery":24,"Slimebound:AbsorbEndCombat":0,"Kunai":5,"TungstenRod":24},{"Potion Belt":70,"Slimebound:AggressiveSlimeRelic":58,"Gremlin Horn":70,"Dead Branch":17,"StoneCalendar":17,"Ancient Tea Set":54,"MawBank":89,"Calling Bell":70,"Du-Vu Doll":70,"Busted Crown":42,"Sundial":22,"Ornamental Fan":54,"Orrery":84,"Slimebound:AbsorbEndCombat":0,"Kunai":17,"TungstenRod":84}],"TungstenRod":12},"card_choices":[{"not_picked":["Slimebound:Chomp","Slimebound:SlimeSpikes"],"picked":"Slimebound:SplitMire","floor":2},{"not_picked":["Slimebound:SlimeBrawl","Slimebound:GoopSpray"],"picked":"Slimebound:LeadByExample","floor":3},{"not_picked":["Slimebound:RainOfGoop","Slimebound:SamplingLick"],"picked":"Slimebound:ForwardTackle","floor":4},{"not_picked":["Slimebound:SplitBruiser","Slimebound:SplitLeeching"],"picked":"Slimebound:PressTheAttack","floor":5},{"not_picked":["Slimebound:FormOfPuddle","Slimebound:SlimeSpikes"],"picked":"Slimebound:MegaLick","floor":6},{"not_picked":["Slimebound:Prepare","Slimebound:TongueLash"],"picked":"Slimebound:SplitMire","floor":9},{"not_picked":["Slimebound:DuplicatedForm","Slimebound:LeadByExample"],"picked":"Slimebound:SamplingLick","floor":10},{"not_picked":["Slimebound:SplitMire","Slimebound:GoopSpray"],"picked":"Slimebound:SamplingLick","floor":11},{"not_picked":["Slimebound:LevelUp","Slimebound:SamplingLick"],"picked":"Slimebound:AcidTongue","floor":13},{"not_picked":["Slimebound:GoopSpray","Slimebound:Grow"],"picked":"Slimebound:Schlurp","floor":14},{"not_picked":["Slimebound:ItLooksTasty","Slimebound:SpikyOuterGoop"],"picked":"Slimebound:SelfFormingGoo","floor":15},{"not_picked":["Slimebound:SlimeSlap","Slimebound:DouseInSlime"],"picked":"Slimebound:WasteNot","floor":16},{"not_picked":[],"picked":"Slimebound:GoopTackle","floor":19},{"not_picked":[],"picked":"Slimebound:LevelUp","floor":20},{"not_picked":[],"picked":"Slimebound:LevelUp","floor":21},{"not_picked":[],"picked":"Slimebound:HauntingLick","floor":22},{"not_picked":[],"picked":"Slimebound:HauntingLick","floor":25},{"not_picked":["Slimebound:LivingWall+1"],"picked":"SKIP","floor":31},{"not_picked":[],"picked":"Slimebound:GrowthPunch","floor":32},{"not_picked":[],"picked":"Slimebound:Overexert","floor":33},{"not_picked":["Slimebound:GoopTackle+1"],"picked":"SKIP","floor":36},{"not_picked":[],"picked":"Slimebound:GoopSpray","floor":37},{"not_picked":["Slimebound:FinishingTackle+1"],"picked":"SKIP","floor":39},{"not_picked":["Slimebound:Prepare"],"picked":"SKIP","floor":40},{"not_picked":[],"picked":"Slimebound:TongueLash+1","floor":42},{"not_picked":[],"picked":"Slimebound:MegaLick","floor":42},{"not_picked":[],"picked":"Slimebound:Schlurp","floor":42},{"not_picked":["Slimebound:PrepareCrush"],"picked":"SKIP","floor":45},{"not_picked":["Slimebound:ComboTackle"],"picked":"SKIP","floor":46},{"not_picked":[],"picked":"Slimebound:Replication+1","floor":47},{"not_picked":[],"picked":"Slimebound:SamplingLick","floor":48},{"not_picked":["Slimebound:GoopTackle+1"],"picked":"SKIP","floor":49}],"player_experience":352487,"relics_obtained":[{"floor":6,"key":"StoneCalendar"},{"floor":7,"key":"Dead Branch"},{"floor":10,"key":"Sundial"},{"floor":24,"key":"Ancient Tea Set"},{"floor":34,"key":"Potion Belt"},{"floor":34,"key":"Gremlin Horn"},{"floor":34,"key":"Du-Vu Doll"},{"floor":41,"key":"TungstenRod"},{"floor":45,"key":"MawBank"}],"event_choices":[{"damage_healed":0,"gold_gain":0,"player_choice":"Success","damage_taken":25,"relics_obtained":["Kunai"],"max_hp_gain":0,"max_hp_loss":0,"event_name":"Scrap Ooze","floor":8,"gold_loss":0},{"damage_healed":0,"gold_gain":0,"player_choice":"Ignored","damage_taken":0,"max_hp_gain":0,"max_hp_loss":0,"event_name":"Vampires","floor":26,"gold_loss":0},{"damage_healed":0,"gold_gain":0,"player_choice":"Ignored","damage_taken":0,"max_hp_gain":0,"max_hp_loss":0,"event_name":"Ghosts","floor":30,"gold_loss":0},{"damage_healed":0,"gold_gain":0,"player_choice":"Forge","damage_taken":0,"max_hp_gain":0,"max_hp_loss":0,"event_name":"Accursed Blacksmith","floor":44,"gold_loss":0,"cards_upgraded":["Slimebound:PressTheAttack"]}],"is_beta":false,"boss_relics":[{"not_picked":["Velvet Choker","Coffee Dripper"],"picked":"Busted Crown"},{"not_picked":["Tiny House","Fusion Hammer"],"picked":"Calling Bell"}],"items_purged_floors":[],"is_endless":false,"potions_floor_spawned":[2,6,9,10,11,19,31,32,37,45,47,49],"ascension_level":0}}