{"host":"tl3n8idhzo2mohle","time":1611314375,"event":{"mods":["BaseMod","Colored Powertips","Downfall","Good Game Mod","Minty Spire (QoL Compilation)","StSLib","Waifu the Spire","noobMod"],"gold_per_floor":[99,112,130,130,145,175,175,185,203,203,216,250,265,297,307,409,409,109,121,140,327,327,327,327,227,244,257,257,284,284,315,333,432,432,432,444,461,461,475,525,525,536,536,536,536,536,546,558,570,570,570,598,158,158,158,158],"floor_reached":57,"language":"ZHS","playtime":3228,"items_purged":["bronze:Strike","bronze:Replicate"],"score":1495,"play_id":"1649705d-a72f-48c9-b9b9-c533f4c04170","local_time":"20210122191935","is_ascension_mode":false,"campfire_choices":[{"floor":1,"key":"RECALL"},{"data":"Slimebound:CheckThePlaybook","floor":18,"key":"SMITH"},{"data":"bronze:DelayedSlice","floor":35,"key":"SMITH"},{"data":"bronze:ChosenStrike","floor":44,"key":"SMITH"},{"data":"bronze:DarkDash","floor":54,"key":"SMITH"}],"circlet_count":0,"master_deck":["bronze:Goto","bronze:GetLatest","bronze:CloningBeam","bronze:ChosenStrike+1","bronze:Iterate","bronze:BronzeArmor","bronze:DelayedSlice","Slimebound:CheckThePlaybook+1","bronze:DelayedGuard","bronze:Optimize","bronze:DelayedSlice+1","bronze:Library","bronze:ChildClass+1","bronze:Allocate+1","bronze:Overheat+1","bronze:Repulsor+1","bronze:Shell","bronze:ForLoop","bronze:DelayedSlice","bronze:WhirlingStrike","bronze:Assembly","bronze:WhirlingStrike+1","bronze:OilSpill+1","expansioncontent:PrepareCrush","bronze:BuggyMess+1","bronze:ChosenStrike+1","bronze:Iterate","bronze:FineTuning","bronze:DarkDash+1"],"relics":["bronze:BronzeCore","REME:ComplimentaryCards","ice","Matryoshka","Anchor","Bronze Scales","Centennial Puzzle","Astrolabe","downfall:HeartBlessingGreen","downfall:HeartBlessingRed","downfall:HeartBlessingBlue","Tiny Chest","Frozen Egg 2","bronze:Mallet","Slimebound:PreparedRelic","Philosopher\u0027s Stone","Ice Cream","HornCleat","downfall:TeleportStone","Juzu Bracelet","InkBottle","champ:DeflectingBracers"],"acts_visited":["Exordium","TheCity","TheBeyond","TheEnding"],"potions_floor_usage":[21,37],"damage_taken":[{"damage":6,"enemies":"Jaw Worm","floor":2,"turns":4},{"damage":0,"enemies":"Cultist","floor":3,"turns":3},{"damage":14,"enemies":"2 Louse","floor":5,"turns":3},{"damage":31,"enemies":"3 Sentries","floor":6,"turns":7},{"damage":0,"enemies":"Exordium Wildlife","floor":8,"turns":3},{"damage":12,"enemies":"Blue Slaver","floor":9,"turns":3},{"damage":10,"enemies":"Exordium Thugs","floor":11,"turns":4},{"damage":50,"enemies":"Gremlin Nob","floor":12,"turns":6},{"damage":14,"enemies":"3 Louse","floor":13,"turns":2},{"damage":66,"enemies":"Lagavulin","floor":14,"turns":6},{"damage":16,"enemies":"Looter","floor":15,"turns":2},{"damage":0,"enemies":"SI_SHIV_ARCHETYPE","floor":16,"turns":3},{"damage":0,"enemies":"Spheric Guardian","floor":19,"turns":3},{"damage":58,"enemies":"3 Byrds","floor":20,"turns":6},{"damage":22,"enemies":"downfall:FleeingMerchant","floor":21,"turns":4},{"damage":2,"enemies":"downfall:FleeingMerchant","floor":23,"turns":2},{"damage":8,"enemies":"Shelled Parasite and Fungi","floor":26,"turns":2},{"damage":0,"enemies":"Snecko","floor":27,"turns":2},{"damage":3,"enemies":"Gremlin Leader","floor":29,"turns":3},{"damage":9,"enemies":"Slavers","floor":31,"turns":2},{"damage":12,"enemies":"Chosen and Byrds","floor":32,"turns":2},{"damage":0,"enemies":"DF_ARCHETYPE_CLAW","floor":33,"turns":3},{"damage":2,"enemies":"3 Shapes","floor":36,"turns":1},{"damage":0,"enemies":"3 Darklings","floor":37,"turns":2},{"damage":0,"enemies":"Spire Growth","floor":39,"turns":2},{"damage":12,"enemies":"Spire Growth","floor":40,"turns":2},{"damage":0,"enemies":"Transient","floor":42,"turns":3},{"damage":0,"enemies":"Jaw Worm Horde","floor":47,"turns":2},{"damage":0,"enemies":"Sphere and 2 Shapes","floor":48,"turns":3},{"damage":0,"enemies":"3 Darklings","floor":49,"turns":1},{"damage":0,"enemies":"WA_ARCHETYPE_DIVINITY","floor":50,"turns":2},{"damage":0,"enemies":"downfall:CharBossMerchant","floor":52,"turns":2},{"damage":9,"enemies":"downfall:NeowBoss","floor":55,"turns":4},{"damage":97,"enemies":"downfall:NeowBossFinal","floor":56,"turns":3}],"seed_played":"4161057580425889553","potions_obtained":[{"floor":3,"key":"SpeedPotion"},{"floor":6,"key":"AttackPotion"},{"floor":11,"key":"FearPotion"},{"floor":26,"key":"SneckoOil"},{"floor":37,"key":"bronze:CleanCodePotion"}],"is_trial":false,"path_per_floor":["R","M","M","?","M","E","T","M","M","?","M","E","M","E","M","B",null,"R","M","M","$","?","?","T","$","M","M","?","E","T","E","M","B",null,"R","M","M","?","M","?","T","M","?","R","T","?","M","M","M","B",null,"E","$","R","B","B",null],"character_chosen":"THE_AUTOMATON","items_purchased":["bronze:ForLoop","bronze:FineTuning","champ:DeflectingBracers","bronze:DarkDash"],"campfire_rested":0,"item_purchase_floors":[21,53,53,53],"current_hp_per_floor":[77,71,71,71,57,26,26,26,14,14,4,27,13,18,2,2,95,105,105,47,25,25,23,23,23,15,15,15,12,12,150,144,154,154,154,154,154,154,155,152,152,173,173,173,173,173,173,173,173,173,173,177,177,177,181,163],"gold":158,"neow_bonus":"TEN_PERCENT_HP_BONUS","is_daily":false,"chose_seed":false,"campfire_upgraded":4,"win_rate":0.0,"timestamp":1611314375,"path_taken":["R","M","M","?","?","E","T","M","M","?","M","E","M","E","M","BOSS","R","M","M","$","?","?","T","?","?","M","?","E","?","E","M","BOSS","R","M","M","?","M","?","T","M","?","R","?","?","M","M","M","BOSS","E","$","R","BOSS","BOSS"],"items_purchased_type":["Card","Card","Relic","Card"],"build_version":"2020-12-22","purchased_purges":2,"victory":true,"max_hp_per_floor":[77,77,77,77,77,77,77,77,77,77,77,80,84,87,89,95,95,105,106,135,140,140,141,141,141,143,143,143,148,148,150,150,154,154,154,154,154,154,155,155,155,173,173,173,173,173,173,173,173,173,173,177,177,177,181,247],"card_choices":[{"not_picked":["bronze:Constructor","bronze:Boost"],"picked":"bronze:GetLatest","floor":2},{"not_picked":["bronze:Iterate","bronze:Overheat"],"picked":"bronze:CloningBeam","floor":3},{"not_picked":["bronze:Repulsor","bronze:FineTuning"],"picked":"bronze:ChosenStrike","floor":5},{"not_picked":["bronze:BitShift","bronze:ForceShield"],"picked":"bronze:Iterate","floor":6},{"not_picked":["bronze:Turbo","bronze:BitShift"],"picked":"bronze:BronzeArmor","floor":8},{"not_picked":["bronze:DigitalCarnage","bronze:CloningBeam","bronze:DelayedGuard"],"picked":"SKIP","floor":9},{"not_picked":["bronze:ItsAFeature","bronze:Branch"],"picked":"bronze:DelayedSlice","floor":11},{"not_picked":["bronze:Frontload","bronze:Repulsor"],"picked":"bronze:DelayedGuard","floor":12},{"not_picked":["bronze:Return","bronze:Shield"],"picked":"bronze:Optimize","floor":13},{"not_picked":["bronze:Constructor","bronze:OilSpill"],"picked":"bronze:DelayedSlice","floor":14},{"not_picked":["bronze:CutThrough","bronze:ForLoop"],"picked":"bronze:Library","floor":15},{"not_picked":["bronze:BuggyMess+1","bronze:Flail"],"picked":"bronze:Overheat+1","floor":19},{"not_picked":["bronze:Flail","bronze:ForceShield"],"picked":"bronze:Repulsor+1","floor":20},{"not_picked":["bronze:ItsAFeature+1","bronze:Invalidate"],"picked":"bronze:Shell","floor":21},{"not_picked":["bronze:WhirlingStrike","bronze:CutThrough"],"picked":"bronze:DelayedSlice","floor":26},{"not_picked":["bronze:DelayedGuard","bronze:Shield","bronze:Invalidate"],"picked":"SKIP","floor":27},{"not_picked":["bronze:BitShift","bronze:Turbo","bronze:FollowUp"],"picked":"SKIP","floor":29},{"not_picked":["bronze:Shield","bronze:DarkDash","bronze:Frontload"],"picked":"SKIP","floor":31},{"not_picked":["bronze:CutThrough","bronze:Shield+1"],"picked":"bronze:WhirlingStrike","floor":32},{"not_picked":["bronze:RecursiveStrike","bronze:Format"],"picked":"bronze:Assembly","floor":33},{"not_picked":["bronze:Turbo","bronze:NullPointer"],"picked":"bronze:WhirlingStrike+1","floor":36},{"not_picked":["bronze:Frontload","bronze:NullPointer"],"picked":"bronze:OilSpill+1","floor":37},{"not_picked":["expansioncontent:PolyBeam","expansioncontent:Hexaburn+1"],"picked":"expansioncontent:PrepareCrush","floor":38},{"not_picked":["bronze:Constructor+1","bronze:FollowUp+1","bronze:WildBeam+1"],"picked":"SKIP","floor":39},{"not_picked":["bronze:CutThrough","bronze:Deprecate"],"picked":"bronze:BuggyMess+1","floor":40},{"not_picked":["bronze:DelayedSlice","bronze:ForceShield","bronze:Turbo"],"picked":"SKIP","floor":42},{"not_picked":["bronze:Invalidate","bronze:Constructor+1"],"picked":"bronze:ChosenStrike+1","floor":47},{"not_picked":["bronze:Branch","bronze:MaxOutput+1","bronze:Deprecate"],"picked":"SKIP","floor":48},{"not_picked":["bronze:Deprecate+1","bronze:NullPointer+1"],"picked":"bronze:Iterate","floor":49},{"not_picked":["bronze:Boost+1","bronze:Frontload+1","bronze:Allocate+1"],"picked":"SKIP","floor":52}],"player_experience":52728,"relics_obtained":[{"floor":6,"key":"Matryoshka"},{"floor":7,"key":"Anchor"},{"floor":12,"key":"Bronze Scales"},{"floor":14,"key":"Centennial Puzzle"},{"floor":24,"key":"Tiny Chest"},{"floor":24,"key":"Frozen Egg 2"},{"floor":29,"key":"bronze:Mallet"},{"floor":31,"key":"Slimebound:PreparedRelic"},{"floor":40,"key":"Ice Cream"},{"floor":41,"key":"HornCleat"},{"floor":45,"key":"Juzu Bracelet"},{"floor":52,"key":"InkBottle"}],"event_choices":[{"cards_removed":["bronze:Defend"],"damage_healed":0,"gold_gain":0,"player_choice":"Card Removal","damage_taken":0,"max_hp_gain":0,"max_hp_loss":0,"event_name":"The Cleric","floor":10,"gold_loss":0},{"cards_removed":["bronze:CleanCode"],"damage_healed":0,"gold_gain":0,"player_choice":"Removed Power","damage_taken":0,"max_hp_gain":0,"max_hp_loss":0,"event_name":"Falling","floor":46,"gold_loss":0}],"is_beta":false,"boss_relics":[{"not_picked":["Snecko Eye","Tiny House"],"picked":"Astrolabe"},{"not_picked":["SlaversCollar","Pandora\u0027s Box"],"picked":"Philosopher\u0027s Stone"}],"items_purged_floors":[21,25],"is_endless":false,"potions_floor_spawned":[3,6,11,14,15,20,26,31,36,37,52],"ascension_level":0}}