{"host":"qljq6nt1bltq73k9","time":1611300196,"event":{"mods":["BaseMod","Colored Map","Colored Powertips","Minty Spire (QoL Compilation)","Quick Restart","Replay The Spire","StSLib","[IsaacMod]ÒÔÈö¼âËþ"],"gold_per_floor":[99999,98091,98105,98105,98105,98105,98140,98160,98186,98228,98228,98283,98377,97608,97608,97706,97706,97765,97782,97801,97826,97092,97136,97176,97176,97176,97234,97234,97302,95760,95788,95788,95807,95807,93783,93852,93852,93928,93961,93049,93049,93049,93049,93124,92173,92205,92205,91801,91801,91770,91768,88008,88017,87923,87923,87828,87024,87097,87099,87108,85912,85856,84458,84458,83470,83470,83479,79523,79468,79477],"floor_reached":56,"language":"ZHS","playtime":2676,"items_purged":["Defend_B","Strike_B","Shame","Strike_B","Defend_B","Strike_B","Dualcast","Zap","Consecrate","Defend_B+1","Defend_B+1","Strike_B+1","Feed"],"score":1920,"play_id":"32e5db8f-00cc-4577-aba3-6d7ea072cc5d","local_time":"20210122152316","is_ascension_mode":false,"campfire_choices":[{"floor":6.0,"key":"RECALL"},{"data":"Loop","floor":15.0,"key":"SMITH"},{"data":"Buffer","floor":15.0,"key":"SMITH"},{"floor":25.0,"key":"DIG"},{"floor":32.0,"key":"DIG"},{"data":"Sadistic Nature","floor":28.0,"key":"SMITH"},{"data":"Creative AI","floor":28.0,"key":"SMITH"},{"floor":32.0,"key":"DIG"},{"floor":40,"key":"DIG"},{"floor":49,"key":"DIG"},{"data":"Double Energy","floor":52,"key":"SMITH"},{"data":"Apotheosis","floor":52,"key":"SMITH"}],"circlet_count":0,"master_deck":["Buffer+1","Self Repair","Master of Strategy","Capacitor+1","Sweeping Beam+1","Sweeping Beam+1","Blade Dance","Pommel Strike","Meteor Strike","Panache+1","Loop+1","DevaForm","Sadistic Nature","Discovery","Specialist","Creative AI+1","Heatsinks","Thunderclap","Barrage","Ball Lightning","Sadistic Nature+1","Hello World","BasicCrystalCard+1","PathToVictory","Finesse","Loop+1","Apotheosis+1","All For One+1","Footwork","Sadistic Nature","Double Energy+1","Crystallizer+1","DoctorFetus+1","Biased Cognition+1","Infernal Blade+1","Double Energy+1","Creative AI+1","Panache+1","Heatsinks+1","Magnetism+1","Defragment+1","Accuracy+1","Choke+1","Fusion+1","Sadistic Nature+1","Panache+1","Panache+1","Crystallizer+1","Parasite"],"relics":["Cracked Core","HushsDoor","D6","NeowsBlessing","PokeGo","ReplayTheSpireMod:Lightbulb","PrismaticShard","Ancient Tea Set","Replay:Arrowhead","Orrery","Art of War","ReplayTheSpireMod:Ring of Challenge","ReplayTheSpireMod:Ring of Addiction","Potion Belt","SacredBark","Oddly Smooth Stone","Omamori","TheAbacus","Runic Pyramid","Damocles","CeramicFish","Darkstone Periapt","Anchor","BookOfRevelations","HowToJump","Bottled Tornado","Replay:Multitool","Blue Doll","Pear","TheBean","CaptainsWheel","Symbiotic Virus","Chaos","Replay:Bottled Eggs","Paper Frog","HornCleat","Pocketwatch","Kunai","Basket Of Snakes","MutagenicStrength","Ring of Chaos","EdensBlessing","Void","YumHeart","ReplayTheSpireMod:Ninjato","Ginger","Mercury Hourglass","Regal Pillow","Frozen Egg 2","Carrot","PillsDrop","DoctorsRemote","Cables","SlaversCollar","TuHaoJin","Chemical X","Toxic Egg 2","Abe\u0027s Treasure","Eternal Feather","Singing Bowl","GuppysTail","Chameleon Ring","Replay:Ringing Soul","WristBlade","Mango","Mark of Pain","Durian","Bird Faced Urn","Replay:PocketPolymizer","NineLifeCat","Turnip","Self Forming Clay","Succubus","Meat on the Bone","Replay:Antivirus Software","TheBattery","Old Coin","ReplayTheSpireMod:ShopPack","Shuriken","Letter Opener","Medical Kit","Bag of Preparation","Ornamental Fan","Replay:Accelerometer","ClockworkSouvenir","StrikeDummy","Leech","Pandora\u0027s Box","ReplayTheSpireMod:Spearhead","Replay:Kaleidoscope","Magic Flower","Nuclear Battery","MegaBlast","GuppysHead","Iron Hammer","HoveringKite"],"acts_visited":["Exordium","TheCity","TheBeyond","TheEnding"],"potions_floor_usage":[50,55,55,55,55],"damage_taken":[{"damage":0.0,"enemies":"Jaw Worm","floor":1.0,"turns":1.0},{"damage":0.0,"enemies":"Small Slimes","floor":3.0,"turns":1.0},{"damage":0.0,"enemies":"3 Sentries","floor":7.0,"turns":1.0},{"damage":0.0,"enemies":"2 Louse","floor":8.0,"turns":2.0},{"damage":0.0,"enemies":"Exordium Thugs","floor":10.0,"turns":4.0},{"damage":0.0,"enemies":"2 Fungi Beasts","floor":12.0,"turns":4.0},{"damage":0.0,"enemies":"3 Louse","floor":13.0,"turns":3.0},{"damage":0.0,"enemies":"The Guardian","floor":16.0,"turns":4.0},{"damage":0.0,"enemies":"Shell Parasite","floor":18.0,"turns":3.0},{"damage":0.0,"enemies":"Spheric Guardian","floor":19.0,"turns":3.0},{"damage":0.0,"enemies":"3 Cultists","floor":20.0,"turns":3.0},{"damage":51.0,"enemies":"Chosen and Byrds","floor":21.0,"turns":9.0},{"damage":0.0,"enemies":"Gremlin Leader","floor":23.0,"turns":4.0},{"damage":0.0,"enemies":"Snecko","floor":24.0,"turns":5.0},{"damage":0.0,"enemies":"Sentry and Sphere","floor":29.0,"turns":1.0},{"damage":0.0,"enemies":"Book of Stabbing","floor":31.0,"turns":4.0},{"damage":0.0,"enemies":"Shell Parasite","floor":18.0,"turns":2.0},{"damage":0.0,"enemies":"Chosen","floor":21.0,"turns":2.0},{"damage":0.0,"enemies":"Slavers","floor":23.0,"turns":2.0},{"damage":0.0,"enemies":"Snecko","floor":24.0,"turns":4.0},{"damage":0.0,"enemies":"Book of Stabbing","floor":31.0,"turns":3.0},{"damage":0.0,"enemies":"Champ","floor":33.0,"turns":1.0},{"damage":0,"enemies":"Orb Walker","floor":35,"turns":2},{"damage":0,"enemies":"3 Shapes","floor":36,"turns":1},{"damage":0,"enemies":"Writhing Mass","floor":39,"turns":1},{"damage":0,"enemies":"Reptomancer","floor":41,"turns":1},{"damage":0,"enemies":"R_Hoarder","floor":44,"turns":1},{"damage":0,"enemies":"Jaw Worm Horde","floor":47,"turns":1},{"damage":0,"enemies":"Transient","floor":48,"turns":1},{"damage":0,"enemies":"Awakened One","floor":50,"turns":2},{"damage":0,"enemies":"Shield and Spear","floor":54,"turns":1},{"damage":1,"enemies":"Delirium","floor":55,"turns":3}],"seed_played":"-5995403760214971169","potions_obtained":[{"floor":11.0,"key":"Fruit Juice"},{"floor":11.0,"key":"Adrenaline Potion"},{"floor":12.0,"key":"Block Potion"},{"floor":16.0,"key":"SkillPotion"},{"floor":23.0,"key":"Ancient Potion"},{"floor":24.0,"key":"Energy Potion"},{"floor":27.0,"key":"Fruit Juice"},{"floor":27.0,"key":"Fire Potion"},{"floor":27.0,"key":"Weak Potion"},{"floor":29.0,"key":"Venom Potion"},{"floor":31.0,"key":"Strength Potion"},{"floor":24.0,"key":"SkillPotion"},{"floor":41,"key":"DistilledChaos"}],"is_trial":false,"path_per_floor":["M","$","M","?","?","R","E","M","T","M","?","M","M","$","R","B",null,"M","M","M","M","$","E","M","R","T","?","?","M","$","E","R","M","?","$","M","?","E","M","$","T","?","R","T","$","E","R_BF","B",null,"M","M","$","?","M","R","E","$","T","E","?","$","M","M","R_BF","B",null,"R","$","E","B",null],"character_chosen":"DEFECT","items_purchased":["PokeGo","ReplayTheSpireMod:Lightbulb","PrismaticShard","Self Repair","Master of Strategy","SpeedPotion","SteroidPotion","SkillPotion","Ancient Tea Set","Replay:Arrowhead","Capacitor","Orrery","Oddly Smooth Stone","Omamori","Panache","Loop","TheAbacus","Sadistic Nature","Discovery","Damocles","Specialist","Creative AI","HowToJump","ForgetMeNow","BargainBundle","Flashbang","Fire Potion","ColorlessPotion","Barrage","Ball Lightning","Sadistic Nature","Hello World","Chaos","Replay:Bottled Eggs","Paper Frog","HornCleat","Apotheosis","All For One+1","Ring of Chaos","EdensBlessing","Sadistic Nature","Double Energy","Void","Mercury Hourglass","Regal Pillow","Frozen Egg 2","PillsDrop","DoctorsRemote","Crystallizer+1","DoctorFetus+1","GuppysTail","Chameleon Ring","Replay:Ringing Soul","PowerPotion","WristBlade","Mango","Double Energy+1","Creative AI+1","Bomb","Mark of Pain","Meat on the Bone","Replay:Antivirus Software","Heatsinks+1","Shuriken","Letter Opener","Medical Kit","Magnetism+1","Defragment+1","Pandora\u0027s Box","ReplayTheSpireMod:Spearhead","Replay:Kaleidoscope","Sadistic Nature+1","DistilledChaos","Panache+1","Crystallizer+1","Magic Flower","Nuclear Battery","MegaBlast"],"campfire_rested":0,"item_purchase_floors":[2,2,2,2,2,2,2,2,2,2,2,2,14,14,14,14,14,17,17,17,17,17,22,22,22,22,22,22,22,22,22,22,30,30,30,30,30,30,20,20,20,20,20,25,25,25,30,30,30,30,37,37,37,37,37,37,37,37,37,37,42,42,42,46,46,46,46,46,53,53,53,53,53,53,53,53,53,53],"current_hp_per_floor":[75,75,75,75,75,75,75,75,75,75,75,85,85,85,85,85,64,64,64,64,20,20,27,37,37,37,47,47,47,47,47,84,84,84,84,82,82,82,82,82,82,80,80,80,80,73,73,73,73,68,63,80,83,83,21,26,27,27,29,30,33,36,37,37,37,37,40,43,43,52],"gold":79477,"neow_bonus":"THREE_ENEMY_KILL","is_daily":false,"chose_seed":false,"campfire_upgraded":6,"win_rate":0.0,"timestamp":1611300196,"path_taken":["M","$","M","?","?","R","E","M","T","?","?","M","M","$","R","BOSS","M","M","?","M","$","E","M","R","T","?","?","M","$","E","R","M","?","$","M","?","E","M","?","T","?","R","?","$","E","R_BF","BOSS","M","?","$","?","?","R","E","$","T","E","?","$","M","M","R_BF","BOSS","R","$","E","BOSS"],"items_purchased_type":["Relic","Relic","Relic","Card","Card","Potion","Potion","Potion","Relic","Relic","Card","Relic","Relic","Relic","Card","Card","Relic","Card","Card","Relic","Card","Card","Relic","Relic","Relic","Potion","Potion","Potion","Card","Card","Card","Card","Card","Relic","Relic","Relic","Card","Card","Relic","Relic","Card","Card","Card","Relic","Relic","Relic","Relic","Relic","Card","Card","Relic","Relic","Relic","Potion","Relic","Relic","Card","Card","Card","Relic","Relic","Relic","Card","Relic","Relic","Relic","Card","Card","Relic","Relic","Relic","Card","Potion","Card","Card","Relic","Relic","Relic"],"build_version":"2020-12-22","purchased_purges":13,"victory":true,"max_hp_per_floor":[75,75,75,75,75,75,75,75,75,75,75,85,85,85,85,85,64,64,64,64,64,64,64,74,74,74,84,84,84,84,84,84,84,84,84,82,82,82,82,82,82,80,80,80,80,73,73,73,73,68,63,80,83,83,21,26,27,27,29,30,33,36,37,37,37,37,40,43,43,52],"card_choices":[{"not_picked":[],"picked":"ChaosCard","floor":0.0},{"not_picked":["Turbo","Sweeping Beam"],"picked":"Buffer","floor":1.0},{"not_picked":["CutThroughFate","Double Energy"],"picked":"LessonLearned","floor":2.0},{"not_picked":["Replay:BluntJabs","BloodyBrimstone"],"picked":"Sweeping Beam","floor":2.0},{"not_picked":["Dodge and Roll","Beam Cell"],"picked":"Sweeping Beam","floor":2.0},{"not_picked":["Bane","Halt"],"picked":"Blade Dance","floor":3.0},{"not_picked":["Power Through","Deep Breath"],"picked":"Pommel Strike","floor":7.0},{"not_picked":["Replay:ManipulateFuture","Dual Wield","Wild Strike"],"picked":"SKIP","floor":8.0},{"not_picked":["CutThroughFate","CrushJoints"],"picked":"Consecrate","floor":10.0},{"not_picked":["Replay:Poison Smokescreen","Replay:Undeath\u0027s Touch"],"picked":"Meteor Strike","floor":12.0},{"not_picked":["Backflip","Steam","Evaluate"],"picked":"SKIP","floor":13.0},{"not_picked":["All For One","Chrysalis"],"picked":"DevaForm","floor":16.0},{"not_picked":["Steam","EmptyMind","Skim"],"picked":"SKIP","floor":18.0},{"not_picked":["Heavy Blade","Bloodletting+1","Slice"],"picked":"SKIP","floor":19.0},{"not_picked":["Conserve Battery","Stack"],"picked":"Heatsinks","floor":20.0},{"not_picked":["Consecrate","Halt"],"picked":"Thunderclap","floor":21.0},{"not_picked":["Crow Ritual","Draining Mist"],"picked":"BasicCrystalCard+1","floor":23.0},{"not_picked":["Replay:BluntJabs","Outmaneuver+1"],"picked":"PathToVictory","floor":24.0},{"not_picked":["Pommel Strike","Protect"],"picked":"Finesse","floor":27.0},{"not_picked":["Reckless Charge","ReplayTheSpireMod:Tripwire+1"],"picked":"Loop+1","floor":29.0},{"not_picked":["SashWhip","Trip","Outmaneuver"],"picked":"SKIP","floor":31.0},{"not_picked":["Twin Strike","Indignation"],"picked":"Footwork","floor":18.0},{"not_picked":["Hologram","Backflip"],"picked":"Feed","floor":21.0},{"not_picked":["Replay:BasicMightCard","Aggregate","Underhanded Strike"],"picked":"SKIP","floor":23.0},{"not_picked":["Undo","FlurryOfBlows","Run Through"],"picked":"SKIP","floor":24.0},{"not_picked":["Expertise","Steam","Tactician"],"picked":"SKIP","floor":31.0},{"not_picked":["Ragnarok","Reaper"],"picked":"Biased Cognition+1","floor":33.0},{"not_picked":["Conserve Battery+1","FTL"],"picked":"Infernal Blade+1","floor":35},{"not_picked":["Streamline","Panic Button+1","Iron Wave"],"picked":"Singing Bowl","floor":36},{"not_picked":["Lockon","Sweeping Beam+1","Go for the Eyes+1"],"picked":"Singing Bowl","floor":39},{"not_picked":["Immolate","WindmillStrike+1","Cloak And Dagger+1"],"picked":"Singing Bowl","floor":41},{"not_picked":["Replay:AtTheReady+1","FearNoEvil","EmptyFist"],"picked":"Singing Bowl","floor":44},{"not_picked":["Dramatic Entrance","HandOfGreed"],"picked":"Bomb","floor":45},{"not_picked":["CutThroughFate","Setup+1"],"picked":"Accuracy+1","floor":47},{"not_picked":["Replay:ManipulateFuture+1","Nirvana+1"],"picked":"Choke+1","floor":48},{"not_picked":["PiercingWail+1","Consume+1","Battle Trance+1"],"picked":"Singing Bowl","floor":54}],"player_experience":358955,"relics_obtained":[{"floor":7.0,"key":"Art of War"},{"floor":11.0,"key":"ReplayTheSpireMod:Ring of Challenge"},{"floor":11.0,"key":"ReplayTheSpireMod:Ring of Addiction"},{"floor":11.0,"key":"Potion Belt"},{"floor":11.0,"key":"SacredBark"},{"floor":18.0,"key":"CeramicFish"},{"floor":19.0,"key":"Darkstone Periapt"},{"floor":20.0,"key":"Anchor"},{"floor":21.0,"key":"BookOfRevelations"},{"floor":23.0,"key":"Bottled Tornado"},{"floor":23.0,"key":"Replay:Multitool"},{"floor":24.0,"key":"Blue Doll"},{"floor":24.0,"key":"Pear"},{"floor":25.0,"key":"TheBean"},{"floor":26.0,"key":"CaptainsWheel"},{"floor":29.0,"key":"Symbiotic Virus"},{"floor":31.0,"key":"Pocketwatch"},{"floor":31.0,"key":"Kunai"},{"floor":32.0,"key":"Basket Of Snakes"},{"floor":18.0,"key":"Simple Rune"},{"floor":21.0,"key":"Diplopia"},{"floor":23.0,"key":"YumHeart"},{"floor":24.0,"key":"ReplayTheSpireMod:Ninjato"},{"floor":24.0,"key":"Ginger"},{"floor":26.0,"key":"Carrot"},{"floor":31.0,"key":"Cables"},{"floor":31.0,"key":"SlaversCollar"},{"floor":32.0,"key":"TuHaoJin"},{"floor":35,"key":"Toxic Egg 2"},{"floor":35,"key":"Abe\u0027s Treasure"},{"floor":36,"key":"Eternal Feather"},{"floor":36,"key":"Singing Bowl"},{"floor":39,"key":"Durian"},{"floor":39,"key":"Bird Faced Urn"},{"floor":39,"key":"Replay:PocketPolymizer"},{"floor":40,"key":"NineLifeCat"},{"floor":41,"key":"Turnip"},{"floor":41,"key":"Self Forming Clay"},{"floor":41,"key":"Succubus"},{"floor":43,"key":"TheBattery"},{"floor":44,"key":"Old Coin"},{"floor":44,"key":"ReplayTheSpireMod:ShopPack"},{"floor":47,"key":"Bag of Preparation"},{"floor":47,"key":"Ornamental Fan"},{"floor":48,"key":"Replay:Accelerometer"},{"floor":48,"key":"ClockworkSouvenir"},{"floor":48,"key":"StrikeDummy"},{"floor":49,"key":"Leech"},{"floor":54,"key":"GuppysHead"},{"floor":54,"key":"Iron Hammer"},{"floor":54,"key":"HoveringKite"}],"event_choices":[{"damage_healed":0.0,"max_hp_gain":0.0,"max_hp_loss":0.0,"gold_gain":0.0,"event_name":"Liars Game","player_choice":"Ignored","floor":5.0,"gold_loss":0.0,"damage_taken":0.0},{"damage_healed":0.0,"max_hp_gain":0.0,"max_hp_loss":0.0,"gold_gain":0.0,"event_name":"Vampires","player_choice":"Ignored","floor":28.0,"gold_loss":0.0,"damage_taken":0.0},{"damage_healed":0.0,"max_hp_gain":0.0,"max_hp_loss":0.0,"gold_gain":0.0,"event_name":"Drug Dealer","player_choice":"Inject Mutagens","floor":19.0,"gold_loss":0.0,"damage_taken":0.0,"relics_obtained":["MutagenicStrength"]},{"damage_healed":0.0,"max_hp_gain":0.0,"max_hp_loss":0.0,"gold_gain":0.0,"event_name":"Golden Shrine","player_choice":"Ignored","floor":27.0,"gold_loss":0.0,"damage_taken":0.0},{"damage_healed":0,"gold_gain":0,"player_choice":"Copied","damage_taken":0,"max_hp_gain":0,"max_hp_loss":0,"event_name":"Duplicator","floor":38,"gold_loss":0,"cards_obtained":["Panache"]},{"damage_healed":0,"gold_gain":0,"player_choice":"Memory 1","damage_taken":0,"max_hp_gain":0,"max_hp_loss":0,"event_name":"SensoryStone","floor":45,"gold_loss":0}],"is_beta":false,"boss_relics":[{"not_picked":["Busted Crown","Replay:Ancient Bell"],"picked":"Runic Pyramid"},{"not_picked":[]},{"not_picked":["Bronze Scales","Tingsha"],"picked":"Chemical X"},{"not_picked":[]}],"items_purged_floors":[2,2,14,22,30,30,20,25,30,37,42,46,53],"is_endless":false,"potions_floor_spawned":[3,12,16,23,24,29,31,21,24,41,47],"ascension_level":0}}