{"host":"elwx18v5rj5euoce","time":1611327858,"event":{"mods":["BaseMod","Minty Spire (QoL Compilation)","StSLib"],"gold_per_floor":[99,99,99,99,21,55,55,90,165,196,213,28,45,74,74,74,74],"floor_reached":16,"language":"ZHS","playtime":452,"items_purged":[],"score":238,"play_id":"85e21744-ce8a-40a4-8d4d-e7e46e69961e","local_time":"20210122230418","is_ascension_mode":true,"campfire_choices":[{"data":"Heatsinks","floor":7.0,"key":"SMITH"},{"data":"Zap","floor":15,"key":"SMITH"}],"circlet_count":0,"master_deck":["Strike_B","Strike_B","Strike_B","Defend_B","Defend_B","Defend_B","Defend_B","Zap+1","Dualcast","Loop","Heatsinks+1","Hello World","Melter","Double Energy+1","Self Repair","Sweeping Beam","Reboot+1"],"relics":["Cracked Core","NeowsBlessing","Dream Catcher","Ginger","Bottled Tornado","Toxic Egg 2","Centennial Puzzle","Nunchaku"],"acts_visited":[],"potions_floor_usage":[14],"damage_taken":[{"damage":0.0,"enemies":"2 Louse","floor":1.0,"turns":1.0},{"damage":0.0,"enemies":"Gremlin Nob","floor":6.0,"turns":1.0},{"damage":0.0,"enemies":"Lagavulin","floor":8.0,"turns":1.0},{"damage":28.0,"enemies":"Gremlin Nob","floor":10.0,"turns":4.0},{"damage":7.0,"enemies":"Jaw Worm","floor":11.0,"turns":4.0},{"damage":3,"enemies":"Cultist","floor":13,"turns":4},{"damage":37,"enemies":"3 Sentries","floor":14,"turns":5},{"damage":26,"enemies":"Slime Boss","floor":16,"turns":3}],"seed_played":"-660920113449668244","potions_obtained":[{"floor":6.0,"key":"BlessingOfTheForge"},{"floor":11,"key":"EssenceOfSteel"},{"floor":13,"key":"FocusPotion"}],"is_trial":false,"path_per_floor":["M","$","?","?","$","E","R","E","T","E","M","$","M","E","R","B"],"character_chosen":"DEFECT","items_purchased":["Loop","Self Repair","Centennial Puzzle"],"campfire_rested":0,"item_purchase_floors":[5,12,12],"current_hp_per_floor":[68,68,73,73,73,73,73,73,73,45,38,38,42,12,12,0,0],"gold":74,"neow_bonus":"THREE_ENEMY_KILL","is_daily":false,"chose_seed":false,"campfire_upgraded":2,"win_rate":0.0,"timestamp":1611327858,"path_taken":["M","$","?","?","$","E","R","E","T","E","M","$","?","E","R","BOSS"],"items_purchased_type":["Card","Card","Relic"],"build_version":"2020-12-22","purchased_purges":0,"victory":false,"max_hp_per_floor":[75,75,80,80,80,80,80,80,80,80,80,80,80,80,80,80,80],"card_choices":[{"not_picked":["Rebound","Aggregate","Heatsinks"],"picked":"SKIP","floor":1.0},{"not_picked":["Undo","Creative AI"],"picked":"Heatsinks","floor":6.0},{"not_picked":["Turbo","Rebound"],"picked":"Hello World","floor":8.0},{"not_picked":["Skim+1","Barrage"],"picked":"Melter","floor":10.0},{"not_picked":["Ball Lightning","Go for the Eyes"],"picked":"Double Energy+1","floor":11},{"not_picked":["Beam Cell","Turbo+1"],"picked":"Sweeping Beam","floor":13},{"not_picked":["White Noise+1","Darkness+1"],"picked":"Reboot+1","floor":14}],"player_experience":766758,"relics_obtained":[{"floor":6.0,"key":"Dream Catcher"},{"floor":8.0,"key":"Ginger"},{"floor":9.0,"key":"Bottled Tornado"},{"floor":10.0,"key":"Toxic Egg 2"},{"floor":14,"key":"Nunchaku"}],"event_choices":[{"damage_healed":0.0,"max_hp_gain":5.0,"max_hp_loss":0.0,"gold_gain":0.0,"event_name":"Big Fish","player_choice":"Donut","floor":3.0,"gold_loss":0.0,"damage_taken":0.0},{"cards_removed":["Strike_B"],"damage_healed":0.0,"max_hp_gain":0.0,"max_hp_loss":0.0,"gold_gain":0.0,"event_name":"Purifier","player_choice":"Purged","floor":4.0,"gold_loss":0.0,"damage_taken":0.0}],"is_beta":false,"boss_relics":[],"items_purged_floors":[],"is_endless":false,"potions_floor_spawned":[6,11,13],"killed_by":"Slime Boss","ascension_level":7}}