{"host":"o6k2gaocsza4qys9","time":1611302735,"event":{"mods":["BaseMod","Minty Spire (QoL Compilation)","Permanent Neow","Relic Stats"],"gold_per_floor":[116,136,8,18,36,64,76,106,132,132,32,52,78,89,89,161,161,173,173,223,57,77,77,109,109,109,143,143,143,143,193,193,193,193],"floor_reached":33,"language":"ENG","playtime":1151,"items_purged":["Strike_R","Strike_R"],"score":606,"play_id":"7e7b5a1f-5605-4dc8-a5db-4c94de835df9","local_time":"20210122160535","is_ascension_mode":true,"campfire_choices":[{"data":"Bludgeon","floor":10,"key":"SMITH"},{"floor":15,"key":"REST"},{"data":"Spot Weakness","floor":23,"key":"SMITH"},{"data":"Uppercut","floor":25,"key":"SMITH"},{"data":"Pommel Strike","floor":28,"key":"SMITH"},{"data":"True Grit","floor":30,"key":"SMITH"},{"data":"J.A.X.","floor":32,"key":"SMITH"}],"circlet_count":0,"master_deck":["AscendersBane","Strike_R","Strike_R","Strike_R","Defend_R","Defend_R","Defend_R","Defend_R","Bash+1","Uppercut+1","Shrug It Off","Flame Barrier","Pommel Strike+1","Bludgeon+1","Spot Weakness+1","Feed","Impervious","True Grit+1","Dropkick+1","J.A.X.+1"],"relics":["Burning Blood","Eternal Feather","Pantograph","Potion Belt","Anchor","SlaversCollar","Omamori","Toy Ornithopter","Lantern"],"acts_visited":["Exordium","TheCity"],"potions_floor_usage":[6,7,8,13,16,24,24,27,27],"damage_taken":[{"damage":4,"enemies":"Jaw Worm","floor":1,"turns":4},{"damage":2,"enemies":"Cultist","floor":2,"turns":4},{"damage":2,"enemies":"2 Louse","floor":4,"turns":4},{"damage":6,"enemies":"Red Slaver","floor":5,"turns":4},{"damage":32,"enemies":"Gremlin Nob","floor":6,"turns":4},{"damage":14,"enemies":"Looter","floor":7,"turns":3},{"damage":25,"enemies":"3 Sentries","floor":8,"turns":8},{"damage":9,"enemies":"Blue Slaver","floor":12,"turns":4},{"damage":32,"enemies":"Gremlin Nob","floor":13,"turns":4},{"damage":8,"enemies":"3 Louse","floor":14,"turns":4},{"damage":46,"enemies":"The Guardian","floor":16,"turns":9},{"damage":33,"enemies":"3 Byrds","floor":18,"turns":6},{"damage":0,"enemies":"Chosen","floor":22,"turns":5},{"damage":44,"enemies":"Gremlin Leader","floor":24,"turns":7},{"damage":16,"enemies":"Slavers","floor":27,"turns":7},{"damage":104,"enemies":"Collector","floor":33,"turns":7}],"seed_played":"-4989272716420150605","potions_obtained":[{"floor":4,"key":"BloodPotion"},{"floor":6,"key":"LiquidBronze"},{"floor":7,"key":"Strength Potion"},{"floor":8,"key":"SkillPotion"},{"floor":24,"key":"BlessingOfTheForge"}],"is_trial":false,"path_per_floor":["M","M","$","M","M","E","M","E","T","R","$","M","E","M","R","B",null,"M","?","?","$","M","R","E","R","T","E","R","?","R","?","R","B"],"character_chosen":"IRONCLAD","items_purchased":["Explosive Potion","BloodPotion","Fire Potion","Swift Potion"],"campfire_rested":1,"item_purchase_floors":[3,21,21,21],"current_hp_per_floor":[70,74,74,75,75,49,56,37,37,46,46,43,17,18,50,35,67,40,40,40,40,46,55,32,41,41,45,54,54,66,66,78,0,0],"gold":193,"neow_bonus":"UPGRADE_CARD","is_daily":false,"chose_seed":false,"campfire_upgraded":6,"win_rate":0.0,"timestamp":1611302735,"path_taken":["M","M","$","M","M","E","M","E","T","R","$","M","E","M","R","BOSS","M","?","?","?","?","R","E","R","T","E","R","?","R","?","R","BOSS"],"items_purchased_type":["Potion","Potion","Potion","Potion"],"build_version":"2020-12-22","purchased_purges":2,"victory":false,"max_hp_per_floor":[75,75,75,75,75,75,75,75,75,75,75,75,75,78,78,78,78,78,78,78,78,78,78,78,78,78,82,82,82,82,82,82,82,82],"relic_stats":{"counters":[16,84],"Pantograph":29,"Eternal Feather":69,"obtain_stats":[{"Potion Belt":9,"SlaversCollar":17,"Anchor":13,"Lantern":27,"Pantograph":8,"Eternal Feather":6,"Omamori":24,"Burning Blood":0,"Toy Ornithopter":26},{"Potion Belt":7,"SlaversCollar":11,"Anchor":9,"Lantern":15,"Pantograph":7,"Eternal Feather":5,"Omamori":14,"Burning Blood":0,"Toy Ornithopter":14},{"Potion Belt":31,"SlaversCollar":52,"Anchor":39,"Lantern":77,"Pantograph":31,"Eternal Feather":20,"Omamori":70,"Burning Blood":0,"Toy Ornithopter":70}],"Burning Blood":87,"Toy Ornithopter":10},"card_choices":[{"not_picked":["Flex","Headbutt"],"picked":"Uppercut","floor":1},{"not_picked":["Uppercut","Flex"],"picked":"Shrug It Off","floor":2},{"not_picked":["True Grit","Pummel"],"picked":"Flame Barrier","floor":4},{"not_picked":["Body Slam","Heavy Blade"],"picked":"Pommel Strike","floor":5},{"not_picked":["Clash","Sever Soul","Rupture"],"picked":"SKIP","floor":6},{"not_picked":["Perfected Strike","Body Slam"],"picked":"Bludgeon","floor":7},{"not_picked":["Iron Wave","Dropkick"],"picked":"Spot Weakness","floor":8},{"not_picked":["Clash","Pommel Strike","Uppercut"],"picked":"SKIP","floor":12},{"not_picked":["Perfected Strike","Armaments"],"picked":"Feed","floor":13},{"not_picked":["Second Wind","Headbutt","Perfected Strike"],"picked":"SKIP","floor":14},{"not_picked":["Double Tap","Limit Break"],"picked":"Impervious","floor":16},{"not_picked":["Intimidate","Carnage","Whirlwind"],"picked":"SKIP","floor":18},{"not_picked":["Body Slam","Twin Strike","Shrug It Off"],"picked":"SKIP","floor":22},{"not_picked":["Rupture","Anger"],"picked":"True Grit","floor":24},{"not_picked":["Flame Barrier","Reckless Charge"],"picked":"Dropkick+1","floor":27}],"player_experience":463714,"relics_obtained":[{"floor":6,"key":"Eternal Feather"},{"floor":8,"key":"Pantograph"},{"floor":9,"key":"Potion Belt"},{"floor":13,"key":"Anchor"},{"floor":24,"key":"Omamori"},{"floor":26,"key":"Toy Ornithopter"},{"floor":27,"key":"Lantern"}],"event_choices":[{"damage_healed":0,"gold_gain":0,"player_choice":"Ignored","damage_taken":0,"max_hp_gain":0,"max_hp_loss":0,"event_name":"The Mausoleum","floor":19,"gold_loss":0},{"damage_healed":0,"gold_gain":50,"player_choice":"Stole From Cult","damage_taken":0,"max_hp_gain":0,"max_hp_loss":0,"event_name":"Nest","floor":20,"gold_loss":0},{"damage_healed":0,"gold_gain":0,"player_choice":"Obtain J.A.X.","damage_taken":0,"max_hp_gain":0,"max_hp_loss":0,"event_name":"Drug Dealer","floor":29,"gold_loss":0,"cards_obtained":["J.A.X."]},{"damage_healed":0,"gold_gain":100,"player_choice":"Bet on Murderer","damage_taken":0,"max_hp_gain":0,"max_hp_loss":0,"event_name":"The Joust","floor":31,"gold_loss":50}],"is_beta":false,"boss_relics":[{"not_picked":["Astrolabe","Black Blood"],"picked":"SlaversCollar"}],"items_purged_floors":[3,11],"is_endless":false,"potions_floor_spawned":[4,6,7,8,24],"killed_by":"Collector","ascension_level":20}}