{"host":"avws0slrk61yon7w","time":1611351362,"event":{"mods":["AchievementEnabler","Aspiration","BaseMod","BetterRewards","Conspire","DeckTracker","Downfall","Energized Spire","GifTheSpireLib","Halation","Hubris","Infinite Spire","Jedi Mod","Minty Spire (QoL Compilation)","Relic Sorter","Shop Mod","Spikes Relics","StSLib","Stuff the Spire","Trackpad","egg"],"gold_per_floor":[99,110,120,120,120,152,152,152,179,192,61,61,7,21,35,35,35,35],"floor_reached":16,"language":"ENG","playtime":2435,"items_purged":[],"score":116,"play_id":"e1b5d6f1-cfc2-49c2-bf35-8d790bfbcb10","local_time":"20210122143602","is_ascension_mode":true,"campfire_choices":[{"data":"Guardian:TwinSlam","floor":1,"key":"SMITH"}],"circlet_count":0,"master_deck":["Guardian:Strike_Guardian","Guardian:Strike_Guardian","Guardian:Strike_Guardian","Guardian:Defend_Guardian","Guardian:Defend_Guardian","Guardian:Defend_Guardian","Guardian:CurlUp","Guardian:TwinSlam+1","Guardian:GemFire","Guardian:DonusPower","Guardian:ShieldSpikes","Guardian:Incinerate","Guardian:SpikerProtocol","Guardian:GuardianWhirl","Guardian:EvasiveProtocol","Enlightenment+1","Guardian:Gem_Cyan","Guardian:SentryBeam","Guardian:Emergency","Guardian:Gem_Yellow"],"relics":["Guardian:ModeShifter","BlackRope","infinitespire:PuzzleCube","SnailShell"],"acts_visited":["Exordium"],"potions_floor_usage":[6],"damage_taken":[{"damage":5,"enemies":"Cultist","floor":2,"turns":4},{"damage":0,"enemies":"2 Louse","floor":3,"turns":2},{"damage":18,"enemies":"Gremlin Nob","floor":6,"turns":3},{"damage":26,"enemies":"Lagavulin","floor":9,"turns":7},{"damage":0,"enemies":"Small Slimes","floor":10,"turns":2},{"damage":0,"enemies":"downfall:FleeingMerchant","floor":11,"turns":4},{"damage":0,"enemies":"downfall:FleeingMerchant","floor":13,"turns":4},{"damage":0,"enemies":"Blue Slaver","floor":14,"turns":4},{"damage":0,"enemies":"2 Fungi Beasts","floor":15,"turns":3},{"damage":6,"enemies":"SI_SHIV_ARCHETYPE","floor":16,"turns":5}],"seed_played":"-8645879484770890461","potions_obtained":[{"floor":2,"key":"Strength Potion"},{"floor":10,"key":"conspire:TimeTravelPotion"},{"floor":14,"key":"SpeedPotion"},{"floor":15,"key":"Fire Potion"}],"is_trial":false,"path_per_floor":["R","M","M","?","?","E","T","?","E","M","$","?","$","M","M","B"],"character_chosen":"GUARDIAN","items_purchased":["Guardian:EvasiveProtocol","Enlightenment","Guardian:SentryBeam"],"campfire_rested":0,"item_purchase_floors":[11,11,13],"current_hp_per_floor":[80,75,75,75,50,32,32,32,6,6,6,6,6,6,6,0,0,0],"gold":35,"neow_bonus":"ONE_RANDOM_RARE_CARD","is_daily":false,"chose_seed":false,"campfire_upgraded":1,"win_rate":0.0,"timestamp":1611351362,"path_taken":["R","M","M","?","?","E","T","?","E","?","$","?","$","M","M","BOSS"],"items_purchased_type":["Card","Card","Card"],"build_version":"2020-12-22","purchased_purges":0,"victory":false,"max_hp_per_floor":[80,80,80,80,80,80,80,80,80,80,80,80,80,80,80,80,80,80],"card_choices":[{"not_picked":["Guardian:RefractedBeam","Guardian:Clone"],"picked":"Guardian:Gem_Crimson","floor":2},{"not_picked":["Guardian:Harden","Guardian:ShieldCharger"],"picked":"Guardian:DonusPower","floor":3},{"not_picked":["Guardian:Suspension","Guardian:TemporalStrike"],"picked":"Guardian:ShieldSpikes","floor":6},{"not_picked":["Guardian:Emergency","Guardian:TimeBomb"],"picked":"Guardian:Incinerate","floor":9},{"not_picked":["Guardian:Gem_Cyan","Guardian:Reroute"],"picked":"Guardian:SpikerProtocol","floor":10},{"not_picked":["Guardian:ChargeCore","Guardian:Recover"],"picked":"Guardian:GuardianWhirl","floor":11},{"not_picked":["Guardian:Incinerate","Guardian:ChargeCore"],"picked":"Guardian:Gem_Cyan","floor":13},{"not_picked":["Guardian:ShieldCharger","Guardian:PrimingBeam"],"picked":"Guardian:Emergency","floor":14},{"not_picked":["Guardian:StasisEngine","Guardian:SentryBeam"],"picked":"Guardian:Gem_Yellow","floor":15}],"player_experience":474468,"relics_obtained":[{"floor":6,"key":"infinitespire:PuzzleCube"},{"floor":9,"key":"SnailShell"}],"event_choices":[{"cards_removed":["Guardian:Strike_Guardian"],"damage_healed":0,"gold_gain":0,"player_choice":"Card Removal","damage_taken":0,"max_hp_gain":0,"max_hp_loss":0,"event_name":"The Cleric","floor":4,"gold_loss":0},{"damage_healed":0,"gold_gain":0,"player_choice":"Success","damage_taken":25,"relics_obtained":["BlackRope"],"max_hp_gain":0,"max_hp_loss":0,"event_name":"Scrap Ooze","floor":5,"gold_loss":0},{"damage_healed":0,"gold_gain":0,"player_choice":"Grow","damage_taken":0,"max_hp_gain":0,"max_hp_loss":0,"event_name":"Living Wall","floor":12,"gold_loss":0,"cards_upgraded":["Enlightenment"]}],"is_beta":false,"boss_relics":[],"items_purged_floors":[],"is_endless":true,"potions_floor_spawned":[2,10,14,15],"killed_by":"SI_SHIV_ARCHETYPE","ascension_level":1}}