{"host":"wghdsg8ym2wc7ov9","time":1611356524,"event":{"mods":["AchievementEnabler","Astrologer","BaseMod","Beaked The Cultist","Better Altar","Better Note","ChefMod","Colored Map","Evolution","Fox Events","Hermit","Highlight Path","Jorbs\u0027s Wanderer Trilogy","KinomotoSakuraMod(????)","Minty Spire (QoL Compilation)","Random Character Button","Relic Stats","SIMod","Shop Mod","StSLib","The Blackbeard","The Bladedancer","The Construct","The Cursed","The Death Knight","The Gatherer","The Hierophant","The Marked","The Mystic","The Necromancer","The Runesmith","The Senshi","The Servant 0.9.4"],"gold_per_floor":[114,42,58,72,88,116,116,116,189,189,214,224,236,266,266,371,371,384,401,414,433,445,445,477,477,477,34,61,61,151,171,171,273,273,289,309,329,329,340,340,365,375,375,96,96,113,113,113,113,113,113,113,9,40,40,40],"floor_reached":55,"language":"ENG","playtime":9320,"items_purged":[],"score":741,"play_id":"ecc87f90-63fe-46c1-9c17-234276f2f24b","local_time":"20210122150204","is_ascension_mode":false,"campfire_choices":[{"floor":8.0,"key":"RECALL"},{"floor":10.0,"key":"REST"},{"floor":15.0,"key":"REST"},{"floor":23.0,"key":"REST"},{"floor":25.0,"key":"REST"},{"floor":29.0,"key":"REST"},{"floor":32.0,"key":"REST"},{"floor":40.0,"key":"REST"},{"floor":45.0,"key":"REST"},{"data":"TheCursedMod:ReleasedKnowledge","floor":49,"key":"SMITH"},{"data":"TheCursedMod:CollectTribute","floor":52,"key":"SMITH"}],"circlet_count":0,"master_deck":["TheCursedMod:Strike_TheCursed","TheCursedMod:Strike_TheCursed","TheCursedMod:Strike_TheCursed","TheCursedMod:Strike_TheCursed","TheCursedMod:Defend_TheCursed","TheCursedMod:Defend_TheCursed","TheCursedMod:Defend_TheCursed","TheCursedMod:Defend_TheCursed","TheCursedMod:CursedWand","TheCursedMod:CleanUpWorkshop","TheCursedMod:Dregs","TheCursedMod:Grudge","TheCursedMod:HellfireBreathing","TheCursedMod:SpitefulStrike","TheCursedMod:StingEye","TheCursedMod:SaltUponWound","TheCursedMod:Grudge","TheCursedMod:CursedBlade","TheCursedMod:UltimatePain","TheCursedMod:BloodBarrier","TheCursedMod:ParallelWorld","TheCursedMod:StunningStrike","CurseOfTheBell","TheCursedMod:CircleOfCorruption+1","TheCursedMod:Hemoplague","TheCursedMod:CursedShiv+1","TheCursedMod:TroublousMinions","TheCursedMod:CursedStaff","TheCursedMod:Obscuration","TheCursedMod:ReleasedKnowledge+1","TheCursedMod:CollectTribute+1","Deep Breath","Blind","TheCursedMod:WearCloak","TheCursedMod:ForbiddenAlchemy","TheCursedMod:Stigma","TheCursedMod:HellsGateOpen+1","TheCursedMod:EmpowerCircles+1","TheCursedMod:RapidMovement","TheCursedMod:Neurasthenia","TheCursedMod:BlessingInDisguise+1","TheCursedMod:TroublousMinions","TheCursedMod:Stigma","TheCursedMod:CursedAmulet","TheCursedMod:CircleOfBlood","Writhe","TheCursedMod:LuckyCharm","TheCursedMod:TacticalStrike","TheCursedMod:FleshFromBone"],"relics":["TheCursedMod:BlackMagic101","EVO:Axolotl","WingedGreaves","CultistMask","Boot","Pen Nib","Calling Bell","Smiling Mask","Mercury Hourglass","construct:BoolHorns","Anchor","Shuriken","TheCursedMod:SoulVessel","Bag of Preparation","TheCursedMod:FourLeafCloverCharm","Juzu Bracelet","DeathKnight:SindragosasSkull","Vajra","beaked:ShinyBauble","Gremlin Horn"],"acts_visited":["Exordium","TheCity","TheBeyond","TheEnding"],"potions_floor_usage":[55,55,55,55,55,55,55,55],"damage_taken":[{"damage":9.0,"enemies":"Jaw Worm","floor":1.0,"turns":5.0},{"damage":1.0,"enemies":"Cultist","floor":3.0,"turns":5.0},{"damage":0.0,"enemies":"2 Louse","floor":4.0,"turns":3.0},{"damage":3.0,"enemies":"Blue Slaver","floor":5.0,"turns":4.0},{"damage":23.0,"enemies":"Gremlin Nob","floor":6.0,"turns":4.0},{"damage":20.0,"enemies":"Lagavulin","floor":11.0,"turns":8.0},{"damage":11.0,"enemies":"Exordium Wildlife","floor":12.0,"turns":4.0},{"damage":5.0,"enemies":"2 Fungi Beasts","floor":13.0,"turns":4.0},{"damage":27.0,"enemies":"3 Sentries","floor":14.0,"turns":9.0},{"damage":37.0,"enemies":"Slime Boss","floor":16.0,"turns":13.0},{"damage":15.0,"enemies":"3 Byrds","floor":18.0,"turns":4.0},{"damage":15.0,"enemies":"Spheric Guardian","floor":19.0,"turns":5.0},{"damage":20.0,"enemies":"Snecko","floor":20.0,"turns":6.0},{"damage":11.0,"enemies":"Snake Plant","floor":21.0,"turns":4.0},{"damage":18.0,"enemies":"Centurion and Healer","floor":22.0,"turns":9.0},{"damage":7.0,"enemies":"Slavers","floor":24.0,"turns":4.0},{"damage":0.0,"enemies":"Cultist and Chosen","floor":31.0,"turns":3.0},{"damage":62.0,"enemies":"Automaton","floor":33.0,"turns":10.0},{"damage":6.0,"enemies":"3 Darklings","floor":35.0,"turns":6.0},{"damage":4.0,"enemies":"Orb Walker","floor":36.0,"turns":4.0},{"damage":14.0,"enemies":"Jaw Worm Horde","floor":37.0,"turns":5.0},{"damage":47.0,"enemies":"Maw","floor":39.0,"turns":7.0},{"damage":39.0,"enemies":"Nemesis","floor":41.0,"turns":7.0},{"damage":8.0,"enemies":"Transient","floor":42.0,"turns":5.0},{"damage":0,"enemies":"3 Darklings","floor":46,"turns":5},{"damage":29,"enemies":"Time Eater","floor":50,"turns":10},{"damage":24,"enemies":"Shield and Spear","floor":54,"turns":8},{"damage":64,"enemies":"The Heart","floor":55,"turns":5}],"seed_played":"-7657396195117196801","potions_obtained":[{"floor":1.0,"key":"BlessingOfTheForge"},{"floor":3.0,"key":"Regen Potion"},{"floor":14.0,"key":"SpeedPotion"},{"floor":20.0,"key":"Energy Potion"},{"floor":22.0,"key":"BlessingOfTheForge"},{"floor":24.0,"key":"Fire Potion"},{"floor":33.0,"key":"TheCursedMod:DregsPotion"},{"floor":37.0,"key":"AttackPotion"},{"floor":41.0,"key":"Strength Potion"},{"floor":42.0,"key":"SteroidPotion"}],"is_trial":false,"path_per_floor":["M","$","M","M","M","E","?","R","T","R","E","M","M","E","R","B",null,"M","M","M","M","M","R","E","R","T","$","T","R","?","M","R","B",null,"M","M","M","?","M","R","E","M","T","$","R","M","?","T","R","B",null,"R","$","E","B"],"character_chosen":"THE_CURSED","items_purchased":["TheCursedMod:HellfireBreathing","TheCursedMod:SoulVessel","TheCursedMod:ReleasedKnowledge","TheCursedMod:CollectTribute","TheCursedMod:TroublousMinions","TheCursedMod:Stigma","TheCursedMod:CursedAmulet","Vajra","TheCursedMod:LuckyCharm","TheCursedMod:TacticalStrike"],"campfire_rested":8,"item_purchase_floors":[2,27,27,27,44,44,44,44,53,53],"current_hp_per_floor":[73,73,72,72,69,55,55,55,55,79,59,48,43,16,40,3,82,67,52,32,21,3,27,20,44,44,44,44,68,43,46,70,15,82,80,79,66,66,26,50,13,8,8,8,32,43,64,64,64,46,82,82,82,64,0,0],"gold":40,"neow_bonus":"TEN_PERCENT_HP_BONUS","is_daily":false,"chose_seed":false,"campfire_upgraded":2,"win_rate":0.0,"timestamp":1611356524,"path_taken":["M","$","M","M","M","E","?","R","T","R","E","M","M","E","R","BOSS","M","M","M","M","M","R","E","R","T","$","?","R","?","M","R","BOSS","M","M","M","?","M","R","E","M","T","$","R","M","?","?","R","BOSS","R","$","E","BOSS"],"items_purchased_type":["Card","Relic","Card","Card","Card","Card","Card","Relic","Card","Card"],"build_version":"2020-12-22","purchased_purges":0,"victory":false,"max_hp_per_floor":[82,82,82,82,82,82,82,82,82,82,82,82,82,82,82,82,82,82,82,82,82,82,82,82,82,82,82,82,82,82,82,82,82,82,82,82,82,82,82,82,82,82,82,82,82,82,82,82,82,82,82,82,82,82,82,82],"relic_stats":{"Gremlin Horn":[0,0],"counters":[28,166],"Shuriken":[19],"Pen Nib":[18],"Bag of Preparation":[25],"Juzu Bracelet":0,"Boot":[99],"Smiling Mask":0,"obtain_stats":[{"construct:BoolHorns":17,"TheCursedMod:BlackMagic101":0,"TheCursedMod:FourLeafCloverCharm":34,"beaked:ShinyBauble":48,"Gremlin Horn":54,"Vajra":44,"Pen Nib":14,"Bag of Preparation":28,"Juzu Bracelet":41,"EVO:Axolotl":0,"Boot":11,"Smiling Mask":17,"Mercury Hourglass":17,"Calling Bell":17,"Anchor":24,"Shuriken":26,"WingedGreaves":6,"CultistMask":7,"TheCursedMod:SoulVessel":27,"DeathKnight:SindragosasSkull":43},{"construct:BoolHorns":10,"TheCursedMod:BlackMagic101":0,"TheCursedMod:FourLeafCloverCharm":18,"beaked:ShinyBauble":25,"Gremlin Horn":27,"Vajra":24,"Pen Nib":9,"Bag of Preparation":16,"Juzu Bracelet":23,"EVO:Axolotl":0,"Boot":6,"Smiling Mask":10,"Mercury Hourglass":10,"Calling Bell":10,"Anchor":16,"Shuriken":16,"WingedGreaves":5,"CultistMask":5,"TheCursedMod:SoulVessel":16,"DeathKnight:SindragosasSkull":24},{"construct:BoolHorns":59,"TheCursedMod:BlackMagic101":0,"TheCursedMod:FourLeafCloverCharm":104,"beaked:ShinyBauble":143,"Gremlin Horn":161,"Vajra":138,"Pen Nib":46,"Bag of Preparation":91,"Juzu Bracelet":133,"EVO:Axolotl":0,"Boot":29,"Smiling Mask":59,"Mercury Hourglass":59,"Calling Bell":59,"Anchor":91,"Shuriken":91,"WingedGreaves":21,"CultistMask":21,"TheCursedMod:SoulVessel":91,"DeathKnight:SindragosasSkull":138}],"Mercury Hourglass":[393]},"card_choices":[{"not_picked":["TheCursedMod:SmokeScreen","TheCursedMod:FleshFromBone"],"picked":"TheCursedMod:Grudge","floor":1.0},{"not_picked":["TheCursedMod:Wield","TheCursedMod:WearCloak"],"picked":"TheCursedMod:SpitefulStrike","floor":3.0},{"not_picked":["TheCursedMod:VitalStrike","TheCursedMod:BlessingInDisguise"],"picked":"TheCursedMod:StingEye","floor":4.0},{"not_picked":["TheCursedMod:RavingStaff","TheCursedMod:FleshFromBone"],"picked":"TheCursedMod:SaltUponWound","floor":5.0},{"not_picked":["TheCursedMod:TacticalStrike","TheCursedMod:FleshFromBone"],"picked":"TheCursedMod:Grudge","floor":6.0},{"not_picked":["TheCursedMod:SpreadPlague","TheCursedMod:AbyssShockwave"],"picked":"TheCursedMod:CursedBlade","floor":11.0},{"not_picked":["TheCursedMod:RavingStaff","TheCursedMod:Stigma"],"picked":"TheCursedMod:UltimatePain","floor":12.0},{"not_picked":["TheCursedMod:CursedAmulet","TheCursedMod:TacticalStrike"],"picked":"TheCursedMod:BloodBarrier","floor":13.0},{"not_picked":["TheCursedMod:AbyssShockwave","TheCursedMod:FleshFromBone"],"picked":"TheCursedMod:ParallelWorld","floor":14.0},{"not_picked":["TheCursedMod:DemonicPact","TheCursedMod:Neurasthenia"],"picked":"TheCursedMod:StunningStrike","floor":16.0},{"not_picked":["TheCursedMod:SmokeScreen+1","TheCursedMod:SurpriseAttack"],"picked":"TheCursedMod:CircleOfCorruption+1","floor":18.0},{"not_picked":["TheCursedMod:Stigma","TheCursedMod:CursedArmor"],"picked":"TheCursedMod:Hemoplague","floor":19.0},{"not_picked":["TheCursedMod:VitalStrike","TheCursedMod:Wield"],"picked":"TheCursedMod:CursedShiv+1","floor":20.0},{"not_picked":["TheCursedMod:Hemoplague","TheCursedMod:Stretching"],"picked":"TheCursedMod:TroublousMinions","floor":21.0},{"not_picked":["TheCursedMod:SmokeScreen+1","TheCursedMod:RavingStaff"],"picked":"TheCursedMod:CursedStaff","floor":22.0},{"not_picked":["TheCursedMod:SoulCrush","TheCursedMod:CursedSpellbook"],"picked":"TheCursedMod:Obscuration","floor":24.0},{"not_picked":["TheCursedMod:EmpowerCircles+1","TheCursedMod:CursedMace"],"picked":"TheCursedMod:WearCloak","floor":31.0},{"not_picked":["TheCursedMod:DarkBarrier","TheCursedMod:StunningStrike"],"picked":"TheCursedMod:ForbiddenAlchemy","floor":33.0},{"not_picked":["TheCursedMod:Wield","TheCursedMod:CursedBlade+1"],"picked":"TheCursedMod:Stigma","floor":35.0},{"not_picked":["TheCursedMod:CursedShiv","TheCursedMod:Obscuration"],"picked":"TheCursedMod:HellsGateOpen+1","floor":36.0},{"not_picked":["TheCursedMod:CursedBlade+1","TheCursedMod:CursedShiv+1"],"picked":"TheCursedMod:EmpowerCircles+1","floor":37.0},{"not_picked":["TheCursedMod:SpitefulStrike","TheCursedMod:WearCloak"],"picked":"TheCursedMod:RapidMovement","floor":39.0},{"not_picked":["TheCursedMod:SmokeScreen","TheCursedMod:AntiAging"],"picked":"TheCursedMod:Neurasthenia","floor":41.0},{"not_picked":["TheCursedMod:RavingStaff","TheCursedMod:Evocation"],"picked":"TheCursedMod:BlessingInDisguise+1","floor":42.0},{"not_picked":["TheCursedMod:Torture","TheCursedMod:CircleOfCorruption+1"],"picked":"TheCursedMod:CircleOfBlood","floor":46},{"not_picked":["TheCursedMod:RavingStaff","TheCursedMod:CircleOfAmplification"],"picked":"TheCursedMod:FleshFromBone","floor":54}],"player_experience":718808,"relics_obtained":[{"floor":6.0,"key":"WingedGreaves"},{"floor":11.0,"key":"Boot"},{"floor":14.0,"key":"Pen Nib"},{"floor":17.0,"key":"Smiling Mask"},{"floor":17.0,"key":"Mercury Hourglass"},{"floor":17.0,"key":"construct:BoolHorns"},{"floor":24.0,"key":"Anchor"},{"floor":26.0,"key":"Shuriken"},{"floor":28.0,"key":"Bag of Preparation"},{"floor":41.0,"key":"Juzu Bracelet"},{"floor":43.0,"key":"DeathKnight:SindragosasSkull"},{"floor":48,"key":"beaked:ShinyBauble"},{"floor":54,"key":"Gremlin Horn"}],"event_choices":[{"damage_healed":0.0,"max_hp_gain":0.0,"max_hp_loss":0.0,"gold_gain":0.0,"event_name":"FaceTrader","player_choice":"Trade","floor":7.0,"gold_loss":0.0,"damage_taken":0.0,"relics_obtained":["CultistMask"]},{"damage_healed":0.0,"max_hp_gain":0.0,"max_hp_loss":0.0,"gold_gain":90.0,"event_name":"Knowing Skull","player_choice":"CARD GOLD CARD ","floor":30.0,"potions_obtained":[],"gold_loss":0.0,"damage_taken":25.0,"cards_obtained":["Deep Breath","Blind"]},{"damage_healed":21,"gold_gain":0,"player_choice":"Writhe","damage_taken":0,"max_hp_gain":0,"max_hp_loss":0,"event_name":"Winding Halls","floor":47,"gold_loss":0,"cards_obtained":["Writhe"]}],"is_beta":false,"boss_relics":[{"not_picked":["SacredBark","Runesmith:UraniumAnvil"],"picked":"Calling Bell"},{"not_picked":["Velvet Choker","Fusion Hammer"],"picked":"TheCursedMod:FourLeafCloverCharm"}],"items_purged_floors":[],"is_endless":false,"potions_floor_spawned":[1,3,14,20,22,24,33,37,41,42],"killed_by":"The Heart","ascension_level":0}}