{"host":"vpaavrwbmey593fx","time":1611335948,"event":{"mods":["AchievementEnabler","BaseMod","Bestiary","Colored Map","Colored Powertips","DeckTracker","Minty Spire (QoL Compilation)","Relic Sorter"],"gold_per_floor":[112,123,137,152,162,162,191,206,206,206,224,76,76,93,93,93,93],"floor_reached":16,"language":"ENG","playtime":1372,"items_purged":["Strike_R"],"score":133,"play_id":"12663e87-62ef-453d-b773-10615b331306","local_time":"20210122091908","is_ascension_mode":true,"campfire_choices":[{"data":"Shrug It Off","floor":6,"key":"SMITH"},{"floor":10,"key":"REST"},{"data":"Bash","floor":13,"key":"SMITH"},{"data":"Dark Embrace","floor":15,"key":"SMITH"}],"circlet_count":0,"master_deck":["Strike_R","Strike_R","Strike_R","Strike_R","Defend_R","Defend_R","Defend_R","Defend_R","Bash+1","Sword Boomerang","Clothesline","Shrug It Off+1","Intimidate","Corruption","Battle Trance","Dark Embrace+1"],"relics":["Black Star","Calipers","Lantern","TungstenRod"],"acts_visited":["Exordium"],"potions_floor_usage":[7,7,16,16,16],"damage_taken":[{"damage":1,"enemies":"Cultist","floor":1,"turns":3},{"damage":11,"enemies":"Jaw Worm","floor":2,"turns":4},{"damage":10,"enemies":"Small Slimes","floor":3,"turns":3},{"damage":10,"enemies":"Blue Slaver","floor":4,"turns":4},{"damage":9,"enemies":"Large Slime","floor":5,"turns":6},{"damage":10,"enemies":"Lagavulin","floor":7,"turns":7},{"damage":14,"enemies":"Red Slaver","floor":8,"turns":5},{"damage":2,"enemies":"Looter","floor":11,"turns":3},{"damage":0,"enemies":"2 Fungi Beasts","floor":14,"turns":4},{"damage":37,"enemies":"The Guardian","floor":16,"turns":14}],"seed_played":"6742187999207676168","potions_obtained":[{"floor":2,"key":"SteroidPotion"},{"floor":5,"key":"Fire Potion"},{"floor":7,"key":"SteroidPotion"},{"floor":8,"key":"Swift Potion"},{"floor":11,"key":"BlessingOfTheForge"}],"is_trial":false,"path_per_floor":["M","M","M","M","M","R","E","M","T","R","M","$","R","M","R","B"],"character_chosen":"IRONCLAD","items_purchased":["Battle Trance"],"campfire_rested":1,"item_purchase_floors":[12],"current_hp_per_floor":[79,68,58,48,39,39,29,15,15,39,37,37,37,37,37,0,0],"gold":93,"neow_bonus":"BOSS_RELIC","is_daily":false,"chose_seed":false,"campfire_upgraded":3,"win_rate":0.0,"timestamp":1611335948,"path_taken":["M","M","M","M","M","R","E","M","T","R","M","$","R","M","R","BOSS"],"items_purchased_type":["Card"],"build_version":"2020-12-22","purchased_purges":1,"victory":false,"max_hp_per_floor":[80,80,80,80,80,80,80,80,80,80,80,80,80,80,80,80,80],"card_choices":[{"not_picked":["Heavy Blade","Perfected Strike"],"picked":"Sword Boomerang","floor":1},{"not_picked":["Cleave","Armaments","Rupture"],"picked":"SKIP","floor":2},{"not_picked":["Impervious","Armaments"],"picked":"Clothesline","floor":3},{"not_picked":["Iron Wave","Clash"],"picked":"Shrug It Off","floor":4},{"not_picked":["Pommel Strike","Iron Wave","Twin Strike"],"picked":"SKIP","floor":5},{"not_picked":["Rage","Bloodletting"],"picked":"Intimidate","floor":7},{"not_picked":["Thunderclap","Armaments","Rupture"],"picked":"SKIP","floor":8},{"not_picked":["Thunderclap","Twin Strike"],"picked":"Corruption","floor":11},{"not_picked":["Havoc","Pommel Strike"],"picked":"Dark Embrace","floor":14}],"player_experience":248460,"relics_obtained":[{"floor":7,"key":"Calipers"},{"floor":7,"key":"Lantern"},{"floor":9,"key":"TungstenRod"}],"event_choices":[],"is_beta":false,"boss_relics":[],"items_purged_floors":[12],"is_endless":false,"potions_floor_spawned":[2,5,7,8,11],"killed_by":"The Guardian","ascension_level":5}}