{"host":"2hlhnd4tei6r1t0s","time":1611307414,"event":{"mods":["100% Spire Juice","ATMod(阿瑾Mod)","Act Like it!","Arknights The Spire","Aspiration","Astrologer","Bard","BaseMod","Conspire","Dota2Spire","Energized Spire","Evolution","Gensokyo","Gremlin Mod","Hallownest","HololiveMod","HumanHunterMod(怪物杀人mod)","Jedi Mod","Jorbs\u0027s Wanderer Trilogy","KinomotoSakuraMod(木之本樱)","Koishi","Lobotomy","LobotomyExtend","Luminous","Mari Mod (Legacy)","Mari\u0027s V1 Patch","Minty Spire (QoL Compilation)","MostiFishMod","Pale of the Ancients","Potionbrewer","Prisma Mod","Quick Restart","Reimu（博丽灵梦）","Replay The Spire","Robot Space Explorer","RumiaBox-露米娅的神秘盒子","Spicy Shops","StSLib","TestMod","The Administrix","The Alterego","The Animator","The Blackbeard","The Construct","The Cursed","The Forsaken","The Gatherer","The Hayseed","The Marked","The Mystic","The Runesmith","The Saiyan","The Senshi","The Showman","TheHeartMod","TheWitcher","Uncapped","WarShipGirlsR/战舰少女R mod","Yakumo Yukari mod","Yuyuko","[GremlinLeader]The Maniac","[IsaacMod]以撒尖塔","noobMod","vexMod","【功能Mod】混沌之环修复补丁","【功能Mod】聪明的最终Boss","【遗物卡牌】REMEMod","残留之物"],"gold_per_floor":[111,124,124,999727,999757,999773,999773,999773,999773,999763,999752,999745,999745,999745,999595,999595,999590,999530,999548,999548,999610,999610,999609,999664,999675,999694,999494,999494,999494,999518,999585,999585,999598,999609,999359,999411,999411,999411,999411],"floor_reached":35,"language":"ZHS","playtime":3039,"items_purged":["construct:Defend_Gold","Parasite","Writhe","theForsaken:PlagueCurse","construct:DefenseMode","Dazed","construct:Defend_Gold","construct:Defend_Gold","construct:Defend_Gold","construct:Defend_Gold"],"score":699,"play_id":"9b51ec2e-f94d-4a5c-8c7c-2aa4de5a9c4d","local_time":"20210122172334","is_ascension_mode":true,"campfire_choices":[{"data":"AT_EssenceShift","floor":11.0,"key":"SMITH"},{"data":"AT_LightSaberMaster","floor":15,"key":"SMITH"},{"data":"construct:SiegeForm","floor":23,"key":"SMITH"},{"floor":27,"key":"DIG"},{"floor":32,"key":"DIG"}],"circlet_count":0,"master_deck":["construct:Strike_Gold","construct:Strike_Gold","construct:Strike_Gold","construct:Strike_Gold","construct:Strike_Gold","construct:AttackMode","AT_EssenceShift+1","BloodyBrimstone","PlaceholderMod:MultiReaction+1","construct:Backfire","construct:Analyze","testmod-ConditionedReflex","construct:SweepLaser","construct:FierceBash","construct:ShiftStrike","construct:GoldenBullet","construct:ForceCore","construct:Enhance+1","construct:ClusterMines","AT_LightSaberMaster+1","construct:BatteryAcid","construct:HyperBeam+1","construct:HyperBeam+1","AT_EmpoweredMortalDraw","construct:CripplingShot","construct:OmegaCannon","construct:SuppressiveFire","construct:HammerDown","construct:GoldenBullet","construct:QuickAttack","construct:ClusterMines+1","construct:Backfire","construct:Electrocute","construct:SiegeForm+1","construct:Reserves","construct:ClusterMines+1","construct:FierceBash","construct:HeavyBolt","construct:Boost","construct:SyphonStrike","construct:Tumble","construct:Stasis","construct:ShieldGenerator","construct:ShieldBurst","construct:CriticalHit","construct:CriticalHit","Madness+1","construct:Analyze","construct:HammerDown","Mayhem","Mayhem","construct:Boost","construct:Backfire","construct:Analyze","Purity"],"relics":["EVO:Axolotl","ice","testmod-TestBox","DaveBox","REME_ComplimentaryCards","HushsDoor","AT_ATBox","SteamSale","Transparent","testmod-Hope","EasyGame_NEW","SynthV:TestCard","ReplayTheSpireMod:CursedCoin","ForgetMeNow","testmod-Acrobat","DeathBook","DiscerningMonocle","REME_HourglassOfDeath","ShedSkin_r","ice","SynthV:TestCard","LetterFromLob","theForsaken:PlagueMask","Regal Pillow","Replay:Bandana","MagicDraw2","testmod-Charity","Bottled Lightning","TentaclePot:ReiMu","REME_HandOfSuture","Orichalcum","jedi:angrymask","conspire:TreasureMap","Dota2Spire:AghanimScepter","Gremlin Food","vexMod:RedPlottingStone","SynthV","Replay:Bottled Steam","Heaven_r","InspiredRelic","Moonlight_r","NightmareShop","Incubus","testmod-ObsoleteBoomerang","OrangePellets","SharpPlug","Blue Doll","jedi:heavyjacket","Iron Hammer","TimeFreeze","Shovel","AT_EbonyIvory","Dota2Spire:MagicBottle","potionbrewer:BoosterPack","Technique","Mastiff:ReiMu","Divine Protection","testmod-RainbowHikingShoes","jedi:fakemustache","PrismaticShard","conspire:Dentures","LastBattle","Eternal Feather","jedi:cryingmask","CeramicFish"],"acts_visited":["Exordium","Hallownest:KingdomsEdge"],"potions_floor_usage":[],"damage_taken":[{"damage":83.0,"enemies":"2 Louse","floor":1.0,"turns":5.0},{"damage":55.0,"enemies":"Jaw Worm","floor":2.0,"turns":4.0},{"damage":66.0,"enemies":"Cultist","floor":5.0,"turns":6.0},{"damage":26.0,"enemies":"Cultist","floor":1.0,"turns":3.0},{"damage":68.0,"enemies":"2 Louse","floor":5.0,"turns":5.0},{"damage":116.0,"enemies":"Gremlin Nob","floor":6.0,"turns":5.0},{"damage":285.0,"enemies":"Small Slimes","floor":7.0,"turns":8.0},{"damage":44.0,"enemies":"Exordium Thugs","floor":12.0,"turns":2.0},{"damage":328,"enemies":"Exordium Thugs","floor":13,"turns":6},{"damage":321,"enemies":"Gremlin Gang","floor":14,"turns":5},{"damage":578,"enemies":"Fading Forest","floor":16,"turns":6},{"damage":102,"enemies":"Hallownest:3_Siblings","floor":18,"turns":1},{"damage":137,"enemies":"Hallownest:2_Primals","floor":19,"turns":1},{"damage":112,"enemies":"Hallownest:2_Littles","floor":20,"turns":1},{"damage":115,"enemies":"Hallownest:monsterPrimalAspid","floor":21,"turns":1},{"damage":250,"enemies":"Hallownest:eliteHiveKnight","floor":25,"turns":2},{"damage":116,"enemies":"Hallownest:2_Great","floor":28,"turns":1},{"damage":117,"enemies":"Hallownest:2_Soldiers_and_1_Guardian","floor":29,"turns":1},{"damage":409,"enemies":"Hallownest:BossGreyPrinceZote","floor":33,"turns":3}],"seed_played":"5051538484768460976","potions_obtained":[{"floor":1.0,"key":"potionbrewer:NoxiousPotion"},{"floor":1.0,"key":"potionbrewer:AcidPotion"},{"floor":6.0,"key":"potionbrewer:BoundlessPotion"},{"floor":20,"key":"Adrenaline Potion"}],"is_trial":false,"path_per_floor":["M","M","?","$","M","E","M","?","$","?","M","E","M","?","T","$","R","M","?","M","R","B",null,"M","?","M","M","$","R","$","E","T","R","M","M","$","?","R","B",null,null],"character_chosen":"THE_CONSTRUCT_MOD","items_purchased":["construct:Analyze","construct:ShiftStrike","ReplayTheSpireMod:CursedCoin","ForgetMeNow","testmod-Acrobat","DeathBook","DiscerningMonocle","REME_HourglassOfDeath","testmod-ConditionedReflex","Regal Pillow","Replay:Bandana","MagicDraw2","testmod-Charity","Bottled Lightning","TentaclePot:ReiMu","construct:ShiftStrike","construct:GoldenBullet","AT_LightSaberMaster","conspire:TreasureMap","Dota2Spire:AghanimScepter","Gremlin Food","vexMod:RedPlottingStone","SynthV","Replay:Bottled Steam","construct:BatteryAcid","construct:HyperBeam","AT_EmpoweredMortalDraw","construct:CripplingShot","Incubus","construct:GoldenBullet","construct:QuickAttack","OrangePellets","SharpPlug","Blue Doll","jedi:heavyjacket","Iron Hammer","TimeFreeze","construct:SiegeForm","construct:Reserves","construct:ClusterMines+1","construct:FierceBash","Shovel","AT_EbonyIvory","Dota2Spire:MagicBottle","potionbrewer:BoosterPack","construct:ShieldBurst","construct:CriticalHit","Technique","Madness+1","jedi:fakemustache","PrismaticShard","conspire:Dentures","LastBattle","Eternal Feather","jedi:cryingmask","Mayhem","construct:Boost","construct:Backfire","construct:Analyze","Purity"],"campfire_rested":0,"item_purchase_floors":[4,4,4,4,4,4,4,4,4,3,3,3,3,3,3,3,3,10,10,10,10,10,10,10,10,10,10,10,17,17,17,22,22,22,22,22,22,22,22,22,22,24,24,24,24,24,24,24,24,30,30,30,30,30,30,30,30,30,30,30],"current_hp_per_floor":[59,59,59,59,77,75,75,72,72,189,261,396,381,381,381,381,447,273,847,847,1061,1029,1074,1116,1154,1189,1189,1189,1189,1243,1244,1244,1255,1274,1274,1260,1275,1349,1349],"gold":999411,"neow_bonus":"BOSS_RELIC","is_daily":false,"chose_seed":false,"campfire_upgraded":3,"win_rate":0.0,"timestamp":1611307414,"path_taken":["M","M","?","$","?","E","M","?","$","?","?","E","M","?","T","$","R","M","?","M","R","BOSS","M","?","M","M","$","R","$","E","T","R","M","M","$","?","R","BOSS"],"items_purchased_type":["Card","Card","Relic","Relic","Relic","Relic","Relic","Relic","Card","Relic","Relic","Relic","Relic","Relic","Relic","Card","Card","Card","Relic","Relic","Relic","Relic","Relic","Relic","Card","Card","Card","Card","Relic","Card","Card","Relic","Relic","Relic","Relic","Relic","Relic","Card","Card","Card","Card","Relic","Relic","Relic","Relic","Card","Card","Relic","Card","Relic","Relic","Relic","Relic","Relic","Relic","Card","Card","Card","Card","Card"],"build_version":"2020-12-22","purchased_purges":10,"victory":true,"max_hp_per_floor":[82,79,79,79,77,75,75,72,72,189,261,408,408,408,408,408,447,640,847,847,1061,1029,1074,1116,1154,1189,1189,1189,1189,1243,1244,1244,1255,1274,1274,1275,1275,1349,1349],"card_choices":[{"not_picked":[],"picked":"BloodyBrimstone","floor":0.0},{"not_picked":["construct:Analyze","construct:Versatility"],"picked":"construct:Backfire","floor":1.0},{"not_picked":["construct:Autoturret","construct:HeavyBolt","construct:ModeShift","construct:Anticipate","construct:ScrapCannon"],"picked":"SKIP","floor":2.0},{"not_picked":["Bomb","construct:VentSteam","construct:Boost","construct:ElectricArmor"],"picked":"construct:SweepLaser","floor":5.0},{"not_picked":["construct:SyphonStrike","construct:ModeShift","construct:Disrupt","construct:SaveState"],"picked":"construct:FierceBash","floor":1.0},{"not_picked":["construct:ClockworkEgg","construct:MetalShell","construct:HeavyBolt","construct:Analyze","construct:FocusedBeam","construct:Autoturret"],"picked":"construct:ForceCore","floor":5.0},{"not_picked":["construct:FierceBash","construct:SyphonStrike","construct:Overcharge","construct:ClockworkEgg","construct:SaveState","construct:Autoturret"],"picked":"construct:Enhance","floor":6.0},{"not_picked":["construct:QuickAttack","construct:Boost","construct:Accumulate","construct:Forcefield","construct:ElectricArmor","construct:ScopeCore"],"picked":"construct:ClusterMines","floor":7.0},{"not_picked":["construct:GuardCore","construct:PointDefense","construct:Accumulate","construct:Dampening","construct:Anticipate","construct:Impenetrable"],"picked":"construct:OmegaCannon","floor":12.0},{"not_picked":["construct:Isolate","construct:Analyze","construct:VentSteam","construct:ScopeCore","construct:ClusterMines","construct:Forcefield"],"picked":"construct:SuppressiveFire","floor":14},{"not_picked":["construct:BatteryCore","construct:GatlingGun","construct:MassProduction","construct:HastyRepair","construct:GoldenBullet","construct:Reserves"],"picked":"construct:HammerDown","floor":16},{"not_picked":["construct:Forcefield","construct:SweepLaser","construct:VentSteam","construct:FierceBash+1","construct:Chainstrike","construct:ScopeCore+1"],"picked":"construct:ClusterMines+1","floor":18},{"not_picked":["construct:Anticipate+1","construct:Stasis+1","construct:Backup","construct:Reinforce","construct:CriticalHit+1","construct:Tumble"],"picked":"construct:Backfire","floor":19},{"not_picked":["construct:Accumulate","construct:Tumble","construct:Antimatter+1","construct:VentSteam+1","construct:ModeShift","construct:FierceBash"],"picked":"construct:Electrocute","floor":20},{"not_picked":["construct:Antimatter","construct:Impenetrable+1","construct:HeavyBolt+1","construct:Reinforce+1","construct:ElectricArmor","construct:ModeShift+1","construct:SuppressiveFire+1"],"picked":"SKIP","floor":21},{"not_picked":["construct:Impenetrable+1","construct:Forcefield+1","construct:ClockworkEgg","construct:ScrapCannon","construct:Synchronize+1","construct:SyphonStrike"],"picked":"construct:Analyze","floor":25},{"not_picked":["construct:SaveState","construct:Dampening","construct:Versatility","construct:Autoturret+1","construct:Forcefield+1","construct:ModeShift+1","construct:Boost"],"picked":"SKIP","floor":28},{"not_picked":["construct:SweepLaser","construct:CripplingShot+1","construct:Versatility+1","construct:OmegaCannon+1","construct:ClusterMines+1","construct:Boost"],"picked":"construct:HammerDown","floor":29}],"player_experience":121226,"relics_obtained":[{"floor":1.0,"key":"SynthV:TestCard"},{"floor":1.0,"key":"LetterFromLob"},{"floor":1.0,"key":"SynthV:TestCard"},{"floor":1.0,"key":"LetterFromLob"},{"floor":6.0,"key":"REME_HandOfSuture"},{"floor":9.0,"key":"jedi:angrymask"},{"floor":19,"key":"testmod-ObsoleteBoomerang"},{"floor":25,"key":"Mastiff:ReiMu"},{"floor":26,"key":"Divine Protection"},{"floor":27,"key":"testmod-RainbowHikingShoes"},{"floor":32,"key":"CeramicFish"}],"event_choices":[{"damage_healed":0.0,"max_hp_gain":0.0,"max_hp_loss":0.0,"gold_gain":0.0,"event_name":"Liars Game","player_choice":"Ignored","floor":3.0,"gold_loss":0.0,"damage_taken":0.0},{"damage_healed":0.0,"max_hp_gain":0.0,"max_hp_loss":0.0,"gold_gain":0.0,"event_name":"Plague Doctor","player_choice":"Obtain Plague Curse","floor":2.0,"gold_loss":0.0,"damage_taken":0.0,"cards_obtained":["theForsaken:PlagueCurse"]},{"damage_healed":0.0,"max_hp_gain":0.0,"max_hp_loss":0.0,"gold_gain":0.0,"event_name":"conspire:Investor","player_choice":"Leave","floor":4.0,"gold_loss":0.0,"damage_taken":0.0}],"is_beta":false,"boss_relics":[{"not_picked":["MoonlightInvasionPlan","jedi:battlestandard"],"picked":"NightmareShop"},{"not_picked":[]}],"items_purged_floors":[4,3,10,10,17,22,22,24,30,30],"is_endless":false,"potions_floor_spawned":[1,1,6,7,20,29],"ascension_level":3}}