{"host":"sav7uxregyirlf69","time":1611316973,"event":{"mods":["AchievementEnabler","BaseMod","Colored Map","DeckTracker","Keyboard Shortcuts","Minty Spire (QoL Compilation)","READ ME - Guardian Mod","StSLib","SuperFastMode"],"gold_per_floor":[364,364,48,61,87,87,98,98,98],"floor_reached":8,"language":"KOR","playtime":136,"items_purged":[],"score":92,"play_id":"b27cf7ed-46b0-44fd-a53d-862931a85dff","local_time":"20210122210253","is_ascension_mode":true,"campfire_choices":[{"data":"True Grit","floor":6,"key":"SMITH"}],"circlet_count":0,"master_deck":["AscendersBane","Strike_R","Strike_R","Strike_R","Strike_R","Defend_R","Defend_R","Defend_R","Defend_R","Bash","Shrug It Off","Reckless Charge","Wild Strike","True Grit+1","Flex"],"relics":["Burning Blood","Membership Card","Happy Flower","Dream Catcher"],"acts_visited":["Exordium"],"potions_floor_usage":[],"damage_taken":[{"damage":9,"enemies":"Jaw Worm","floor":1,"turns":5},{"damage":8,"enemies":"2 Louse","floor":4,"turns":4},{"damage":0,"enemies":"Small Slimes","floor":7,"turns":3},{"damage":47,"enemies":"3 Sentries","floor":8,"turns":8}],"seed_played":"7696371588402898228","potions_obtained":[{"floor":1,"key":"GamblersBrew"}],"is_trial":false,"path_per_floor":["M","?","$","M","T","R","M","E"],"character_chosen":"IRONCLAD","items_purchased":["Membership Card","Happy Flower","Reckless Charge","Wild Strike"],"campfire_rested":0,"item_purchase_floors":[3,3,3,3],"current_hp_per_floor":[47,40,40,38,38,38,44,0,0],"gold":98,"neow_bonus":"TWO_FIFTY_GOLD","is_daily":false,"chose_seed":false,"campfire_upgraded":1,"win_rate":0.0,"timestamp":1611316973,"path_taken":["M","?","$","M","?","R","M","E"],"items_purchased_type":["Relic","Relic","Card","Card"],"build_version":"2020-12-22","purchased_purges":0,"victory":false,"max_hp_per_floor":[75,75,75,75,75,75,75,75,75],"card_choices":[{"not_picked":["Power Through","Entrench"],"picked":"Shrug It Off","floor":1},{"not_picked":["Havoc","Headbutt"],"picked":"True Grit","floor":4},{"not_picked":["Infernal Blade","Perfected Strike"],"picked":"Flex","floor":7}],"player_experience":1353121,"relics_obtained":[{"floor":5,"key":"Dream Catcher"}],"event_choices":[{"cards_removed":["Strike_R"],"damage_healed":0,"gold_gain":0,"player_choice":"Card Removal","damage_taken":7,"max_hp_gain":0,"max_hp_loss":0,"event_name":"Golden Wing","floor":2,"gold_loss":0}],"is_beta":false,"boss_relics":[],"items_purged_floors":[],"is_endless":false,"potions_floor_spawned":[1],"killed_by":"3 Sentries","ascension_level":20}}