{"host":"sdlwqwiyrrfsdjmi","time":1611302809,"event":{"mods":["AchievementEnabler","BaseMod","Marisa????????","Minty Spire (QoL Compilation)","Prisma Mod","StSLib","The Exalted"],"gold_per_floor":[109,109,129,144,144,144,158,176,199,211,223,235,212,239,251,359,371,399,411,423,415,442,454,466,466],"floor_reached":24,"language":"ENG","playtime":1818,"items_purged":[],"score":188,"play_id":"7df0daf5-3803-4342-98a7-eecbd98c3923","local_time":"20210122000649","is_ascension_mode":false,"campfire_choices":[{"data":"Bash","floor":6,"key":"SMITH"},{"data":"Flex","floor":11,"key":"SMITH"},{"data":"Shockwave","floor":15,"key":"SMITH"},{"floor":23,"key":"REST"}],"circlet_count":0,"master_deck":["Strike_R","Strike_R","Strike_R","Strike_R","Strike_R","Defend_R","Defend_R","Defend_R","Defend_R","Bash+1","Flex+1","Pommel Strike","Cleave","Shockwave+1","Metallicize","Warcry","Barricade","Sentinel","Writhe","RitualDagger","Anger","Shrug It Off+1"],"relics":["Burning Blood","Blood Vial","Bromod:ArcaneMomentum","MawBank","Gambling Chip","Runic Cube","Bag of Marbles"],"acts_visited":["Exordium","TheCity"],"potions_floor_usage":[16,16,16,24,24],"damage_taken":[{"damage":5,"enemies":"Small Slimes","floor":1,"turns":4},{"damage":7,"enemies":"2 Louse","floor":3,"turns":2},{"damage":1,"enemies":"Jaw Worm","floor":4,"turns":3},{"damage":8,"enemies":"Large Slime","floor":7,"turns":4},{"damage":16,"enemies":"Blue Slaver","floor":8,"turns":4},{"damage":16,"enemies":"Red Slaver","floor":14,"turns":3},{"damage":43,"enemies":"The Guardian","floor":16,"turns":10},{"damage":52,"enemies":"3 Byrds","floor":18,"turns":10},{"damage":22,"enemies":"2 Thieves","floor":21,"turns":4},{"damage":5,"enemies":"Centurion and Healer","floor":22,"turns":6},{"damage":49,"enemies":"Book of Stabbing","floor":24,"turns":7}],"seed_played":"1585006322579608031","potions_obtained":[{"floor":1,"key":"SteroidPotion"},{"floor":7,"key":"Strength Potion"},{"floor":14,"key":"Ancient Potion"},{"floor":16,"key":"DistilledChaos"},{"floor":18,"key":"Dexterity Potion"}],"is_trial":false,"path_per_floor":["M","?","M","M","?","R","M","M","T","T","R","$","?","M","R","B",null,"M","?","?","M","M","R","E"],"character_chosen":"IRONCLAD","items_purchased":[],"campfire_rested":1,"item_purchase_floors":[],"current_hp_per_floor":[80,55,56,63,68,68,68,60,60,60,60,60,81,73,73,38,85,39,39,33,19,22,47,0,0],"gold":466,"neow_bonus":"RANDOM_COMMON_RELIC","is_daily":false,"chose_seed":false,"campfire_upgraded":3,"win_rate":0.0,"timestamp":1611302809,"path_taken":["M","?","M","M","?","R","M","M","T","?","R","$","?","M","R","BOSS","M","?","?","M","M","R","E"],"items_purchased_type":[],"build_version":"2020-12-22","purchased_purges":0,"victory":false,"max_hp_per_floor":[80,80,80,80,85,85,85,85,85,85,85,85,85,85,85,85,85,85,85,85,85,85,85,85,85],"card_choices":[{"not_picked":["Bloodletting","Body Slam"],"picked":"Flex","floor":1},{"not_picked":["Sword Boomerang","Twin Strike"],"picked":"Pommel Strike","floor":3},{"not_picked":["Headbutt","Body Slam"],"picked":"Cleave","floor":4},{"not_picked":["Blood for Blood","True Grit"],"picked":"Shockwave","floor":7},{"not_picked":["Infernal Blade","Thunderclap"],"picked":"Metallicize","floor":8},{"not_picked":["Blood for Blood","True Grit"],"picked":"Warcry","floor":14},{"not_picked":["Brutality","Offering"],"picked":"Barricade","floor":16},{"not_picked":["Heavy Blade","Headbutt"],"picked":"Sentinel","floor":18},{"not_picked":["Iron Wave","Clash"],"picked":"Anger","floor":21},{"not_picked":["Havoc","True Grit"],"picked":"Shrug It Off+1","floor":22}],"player_experience":134370,"relics_obtained":[{"floor":9,"key":"MawBank"},{"floor":10,"key":"Gambling Chip"}],"event_choices":[{"damage_healed":0,"gold_gain":0,"player_choice":"Success","damage_taken":25,"relics_obtained":["Bromod:ArcaneMomentum"],"max_hp_gain":0,"max_hp_loss":0,"event_name":"Scrap Ooze","floor":2,"gold_loss":0},{"damage_healed":0,"gold_gain":0,"player_choice":"Donut","damage_taken":0,"max_hp_gain":5,"max_hp_loss":0,"event_name":"Big Fish","floor":5,"gold_loss":0},{"damage_healed":21,"gold_gain":0,"player_choice":"Healed","damage_taken":0,"max_hp_gain":0,"max_hp_loss":0,"event_name":"The Cleric","floor":13,"gold_loss":35},{"damage_healed":0,"gold_gain":0,"player_choice":"Opened","damage_taken":0,"relics_obtained":["Bag of Marbles"],"max_hp_gain":0,"max_hp_loss":0,"event_name":"The Mausoleum","floor":19,"gold_loss":0,"cards_obtained":["Writhe"]},{"damage_healed":0,"gold_gain":0,"player_choice":"Joined the Cult","damage_taken":6,"max_hp_gain":0,"max_hp_loss":0,"event_name":"Nest","floor":20,"gold_loss":0,"cards_obtained":["RitualDagger"]}],"is_beta":false,"boss_relics":[{"not_picked":["Runic Dome","Velvet Choker"],"picked":"Runic Cube"}],"items_purged_floors":[],"is_endless":false,"potions_floor_spawned":[1,7,14,16,18],"killed_by":"Book of Stabbing","ascension_level":0}}