{"host":"6a9c3xws62y7efyw","time":1611296457,"event":{"mods":["BaseMod","Colored Map","Minty Spire (QoL Compilation)","Relic Stats","StSLib"],"gold_per_floor":[210,210,229,242,111,142,45,78,78,106,106,134,151,162,162,236,236,249,174,194,9,9,38,38,73,73,73,85,118,18,32,32,109,109,122,136,136,136,150,150,176,176,199,232,251,282,297,311,311,311,311,311,311,66,98,98,98],"floor_reached":56,"language":"ENG","playtime":3571,"items_purged":["Strike_R","Strike_R"],"score":2225,"play_id":"54267cc7-ca0e-485c-8d57-6d2f434bbcf8","local_time":"20210121222057","is_ascension_mode":true,"campfire_choices":[{"data":"Fiend Fire","floor":11.0,"key":"SMITH"},{"data":"Inflame","floor":15.0,"key":"SMITH"},{"data":"Demon Form","floor":24.0,"key":"SMITH"},{"data":"Battle Trance","floor":27.0,"key":"SMITH"},{"data":"Uppercut","floor":32.0,"key":"SMITH"},{"floor":40.0,"key":"RECALL"},{"floor":42.0,"key":"REST"},{"floor":49.0,"key":"REST"},{"floor":53.0,"key":"REST"}],"circlet_count":0,"master_deck":["AscendersBane","Defend_R","Defend_R","Defend_R","Defend_R","Bash","Cleave","Sword Boomerang","Battle Trance+1","Thunderclap","Fiend Fire+1","Armaments+1","Warcry+1","Inflame+1","Demon Form+1","Shrug It Off+1","Reaper","Clothesline","Double Tap+1","Ghostly Armor+1","Pommel Strike","True Grit+1","Uppercut+1","Limit Break+1","Shrug It Off+1","Thinking Ahead+1","Apotheosis+1","Discovery+1","Pommel Strike+1","Dual Wield+1","Limit Break+1","Fiend Fire","Dark Embrace","Inflame","Exhume+1"],"relics":["Burning Blood","Boot","Toxic Egg 2","Singing Bowl","Centennial Puzzle","Champion Belt","Bird Faced Urn","SlaversCollar","Pen Nib","CaptainsWheel","Ice Cream","Kunai","Shuriken","Fusion Hammer","Mummified Hand","Turnip","Blue Candle","Anchor","InkBottle"],"acts_visited":["TheCity","TheBeyond","TheEnding"],"potions_floor_usage":[56],"damage_taken":[{"damage":7.0,"enemies":"Small Slimes","floor":1.0,"turns":4.0},{"damage":0.0,"enemies":"2 Louse","floor":3.0,"turns":3.0},{"damage":7.0,"enemies":"Cultist","floor":4.0,"turns":4.0},{"damage":25.0,"enemies":"3 Sentries","floor":6.0,"turns":7.0},{"damage":15.0,"enemies":"Lagavulin","floor":8.0,"turns":5.0},{"damage":8.0,"enemies":"Gremlin Nob","floor":10.0,"turns":3.0},{"damage":10.0,"enemies":"3 Sentries","floor":12.0,"turns":7.0},{"damage":1.0,"enemies":"3 Louse","floor":13.0,"turns":2.0},{"damage":5.0,"enemies":"Exordium Thugs","floor":14.0,"turns":3.0},{"damage":0.0,"enemies":"Slime Boss","floor":16.0,"turns":6.0},{"damage":18.0,"enemies":"Chosen","floor":18.0,"turns":6.0},{"damage":12.0,"enemies":"Shell Parasite","floor":20.0,"turns":4.0},{"damage":1.0,"enemies":"Gremlin Leader","floor":23.0,"turns":7.0},{"damage":32.0,"enemies":"Book of Stabbing","floor":25.0,"turns":5.0},{"damage":8.0,"enemies":"Snecko","floor":28.0,"turns":3.0},{"damage":9.0,"enemies":"Gremlin Leader","floor":29.0,"turns":6.0},{"damage":0.0,"enemies":"Shelled Parasite and Fungi","floor":31.0,"turns":3.0},{"damage":32.0,"enemies":"Automaton","floor":33.0,"turns":7.0},{"damage":8.0,"enemies":"3 Darklings","floor":35.0,"turns":4.0},{"damage":0.0,"enemies":"Orb Walker","floor":36.0,"turns":3.0},{"damage":16.0,"enemies":"Maw","floor":39.0,"turns":8.0},{"damage":9.0,"enemies":"Nemesis","floor":41.0,"turns":5.0},{"damage":0.0,"enemies":"Giant Head","floor":44.0,"turns":4.0},{"damage":54.0,"enemies":"Sphere and 2 Shapes","floor":45.0,"turns":8.0},{"damage":15.0,"enemies":"Reptomancer","floor":46.0,"turns":4.0},{"damage":15.0,"enemies":"4 Shapes","floor":47.0,"turns":4.0},{"damage":0.0,"enemies":"Transient","floor":48.0,"turns":5.0},{"damage":39.0,"enemies":"Awakened One","floor":50.0,"turns":8.0},{"damage":42.0,"enemies":"Time Eater","floor":51.0,"turns":7.0},{"damage":66.0,"enemies":"Shield and Spear","floor":55.0,"turns":10.0},{"damage":208,"enemies":"The Heart","floor":56,"turns":9}],"seed_played":"8211998779245319043","potions_obtained":[{"floor":3.0,"key":"Strength Potion"},{"floor":4.0,"key":"DistilledChaos"},{"floor":8.0,"key":"SpeedPotion"},{"floor":16.0,"key":"Regen Potion"},{"floor":25.0,"key":"Fire Potion"},{"floor":31.0,"key":"Fire Potion"},{"floor":33.0,"key":"DistilledChaos"},{"floor":36.0,"key":"AttackPotion"},{"floor":46.0,"key":"PowerPotion"},{"floor":47.0,"key":"FairyPotion"}],"is_trial":false,"path_per_floor":["M","?","M","M","$","E","?","E","T","E","R","E","M","M","R","B",null,"M","?","M","$","?","E","R","E","T","R","M","E","$","M","R","B",null,"M","M","?","?","M","R","E","R","T","E","M","E","M","M","R","B","B",null,"R","$","E","B"],"character_chosen":"IRONCLAD","items_purchased":["Thunderclap","Pen Nib","Clothesline","Anchor","Inflame"],"campfire_rested":3,"item_purchase_floors":[5,21,21,54,54],"current_hp_per_floor":[67,60,66,65,65,46,46,39,39,37,37,35,40,41,41,49,72,64,64,60,60,60,69,69,47,47,47,52,79,79,81,81,55,75,77,83,73,73,85,85,84,85,85,85,41,78,79,87,87,87,79,85,87,87,87,0,0],"gold":98,"neow_bonus":"HUNDRED_GOLD","is_daily":false,"chose_seed":false,"campfire_upgraded":5,"win_rate":0.0,"timestamp":1611296457,"path_taken":["M","?","M","M","$","E","?","E","T","E","R","E","M","M","R","BOSS","M","?","M","$","?","E","R","E","T","R","M","E","$","?","R","BOSS","M","M","?","?","M","R","E","R","T","E","M","E","M","M","R","BOSS","BOSS","R","$","E","BOSS"],"items_purchased_type":["Card","Relic","Card","Relic","Card"],"build_version":"2020-12-22","purchased_purges":2,"victory":false,"max_hp_per_floor":[75,75,75,75,75,75,75,77,77,77,77,79,79,79,79,79,79,79,79,79,79,79,79,79,79,79,79,79,79,79,81,81,81,81,81,83,83,83,85,85,85,85,85,85,85,85,85,87,87,87,87,87,87,87,87,87,87],"relic_stats":{"Singing Bowl":12,"counters":[31,164],"Blue Candle":[0],"Pen Nib":[18],"Boot":[57],"Burning Blood":136,"Centennial Puzzle":[63],"Shuriken":[18],"Mummified Hand":[49],"Bird Faced Urn":[86],"Turnip":[8],"Champion Belt":[92],"Kunai":[21],"obtain_stats":[{"Ice Cream":25,"Singing Bowl":8,"Blue Candle":46,"Pen Nib":21,"Boot":6,"Burning Blood":0,"SlaversCollar":17,"Centennial Puzzle":9,"CaptainsWheel":23,"Anchor":54,"Shuriken":29,"Mummified Hand":41,"Bird Faced Urn":12,"Fusion Hammer":34,"Turnip":44,"Champion Belt":10,"Kunai":26,"Toxic Egg 2":7,"InkBottle":55},{"Ice Cream":14,"Singing Bowl":5,"Blue Candle":25,"Pen Nib":12,"Boot":4,"Burning Blood":0,"SlaversCollar":10,"Centennial Puzzle":5,"CaptainsWheel":13,"Anchor":29,"Shuriken":16,"Mummified Hand":22,"Bird Faced Urn":7,"Fusion Hammer":18,"Turnip":23,"Champion Belt":6,"Kunai":14,"Toxic Egg 2":4,"InkBottle":30},{"Ice Cream":66,"Singing Bowl":23,"Blue Candle":121,"Pen Nib":54,"Boot":18,"Burning Blood":0,"SlaversCollar":44,"Centennial Puzzle":23,"CaptainsWheel":61,"Anchor":145,"Shuriken":75,"Mummified Hand":105,"Bird Faced Urn":33,"Fusion Hammer":85,"Turnip":109,"Champion Belt":26,"Kunai":66,"Toxic Egg 2":18,"InkBottle":155}],"InkBottle":[5]},"card_choices":[{"not_picked":["Sword Boomerang","Perfected Strike"],"picked":"Cleave","floor":1.0},{"not_picked":["True Grit","Pommel Strike"],"picked":"Sword Boomerang","floor":3.0},{"not_picked":["True Grit","Clash"],"picked":"Battle Trance","floor":4.0},{"not_picked":["Clash","Sword Boomerang"],"picked":"Fiend Fire","floor":6.0},{"not_picked":["Blood for Blood","Iron Wave","Twin Strike"],"picked":"Singing Bowl","floor":8.0},{"not_picked":["Iron Wave","Headbutt"],"picked":"Armaments+1","floor":10.0},{"not_picked":["Clash","Cleave","Rampage"],"picked":"Singing Bowl","floor":12.0},{"not_picked":["Dark Embrace","Headbutt"],"picked":"Warcry+1","floor":13.0},{"not_picked":["Rupture","Thunderclap"],"picked":"Inflame","floor":14.0},{"not_picked":["Brutality","Impervious+1"],"picked":"Demon Form","floor":16.0},{"not_picked":["Metallicize","Headbutt"],"picked":"Shrug It Off+1","floor":18.0},{"not_picked":["Perfected Strike+1","Pommel Strike"],"picked":"Reaper","floor":20.0},{"not_picked":["Twin Strike","Clash"],"picked":"Ghostly Armor+1","floor":23.0},{"not_picked":["Wild Strike","Clothesline"],"picked":"Pommel Strike","floor":25.0},{"not_picked":["Sword Boomerang","Twin Strike"],"picked":"True Grit+1","floor":28.0},{"not_picked":["Sword Boomerang","Pommel Strike"],"picked":"Uppercut","floor":29.0},{"not_picked":["Blood for Blood+1","Ghostly Armor+1","Wild Strike"],"picked":"Singing Bowl","floor":31.0},{"not_picked":["Reaper","Corruption"],"picked":"Limit Break+1","floor":33.0},{"not_picked":["Wild Strike","Iron Wave+1"],"picked":"Shrug It Off+1","floor":35.0},{"not_picked":["Clash","Anger","Clothesline"],"picked":"Singing Bowl","floor":36.0},{"not_picked":["Good Instincts+1","Jack Of All Trades+1"],"picked":"Thinking Ahead+1","floor":37.0},{"not_picked":["Bandage Up+1","Madness+1"],"picked":"Apotheosis+1","floor":37.0},{"not_picked":["Purity+1","Dark Shackles+1"],"picked":"Discovery+1","floor":37.0},{"not_picked":["Entrench+1","Warcry+1","Flex+1"],"picked":"Singing Bowl","floor":39.0},{"not_picked":["Body Slam+1","Headbutt"],"picked":"Pommel Strike+1","floor":41.0},{"not_picked":["Power Through+1","Havoc+1"],"picked":"Dual Wield+1","floor":44.0},{"not_picked":["Warcry+1","Iron Wave+1"],"picked":"Limit Break+1","floor":45.0},{"not_picked":["Clothesline","Searing Blow+1"],"picked":"Fiend Fire","floor":46.0},{"not_picked":["Twin Strike","Sword Boomerang"],"picked":"Dark Embrace","floor":47.0},{"not_picked":["Cleave","Armaments+1","Twin Strike+1"],"picked":"Singing Bowl","floor":48.0},{"not_picked":["Evolve","Iron Wave"],"picked":"Exhume+1","floor":55.0}],"player_experience":1394796,"relics_obtained":[{"floor":6.0,"key":"Boot"},{"floor":8.0,"key":"Singing Bowl"},{"floor":9.0,"key":"Centennial Puzzle"},{"floor":10.0,"key":"Champion Belt"},{"floor":12.0,"key":"Bird Faced Urn"},{"floor":23.0,"key":"CaptainsWheel"},{"floor":25.0,"key":"Ice Cream"},{"floor":26.0,"key":"Kunai"},{"floor":29.0,"key":"Shuriken"},{"floor":41.0,"key":"Mummified Hand"},{"floor":44.0,"key":"Turnip"},{"floor":46.0,"key":"Blue Candle"},{"floor":55.0,"key":"InkBottle"}],"event_choices":[{"cards_removed":["Strike_R"],"damage_healed":0.0,"max_hp_gain":0.0,"max_hp_loss":0.0,"gold_gain":0.0,"event_name":"Golden Wing","player_choice":"Card Removal","floor":2.0,"gold_loss":0.0,"damage_taken":7.0},{"damage_healed":0.0,"max_hp_gain":0.0,"max_hp_loss":0.0,"gold_gain":0.0,"event_name":"WeMeetAgain","player_choice":"Paid Gold","floor":7.0,"gold_loss":97.0,"damage_taken":0.0,"relics_obtained":["Toxic Egg 2"]},{"cards_removed":["Strike_R"],"damage_healed":0.0,"max_hp_gain":0.0,"max_hp_loss":0.0,"gold_gain":0.0,"event_name":"Beggar","player_choice":"Gave Gold","floor":19.0,"gold_loss":75.0,"damage_taken":0.0},{"damage_healed":0.0,"max_hp_gain":0.0,"max_hp_loss":0.0,"gold_gain":0.0,"event_name":"Match and Keep!","player_choice":"1 cards matched","floor":22.0,"gold_loss":0.0,"damage_taken":0.0,"cards_obtained":["Double Tap"]},{"damage_healed":0.0,"max_hp_gain":0.0,"max_hp_loss":0.0,"gold_gain":0.0,"event_name":"SensoryStone","player_choice":"Memory 3","floor":37.0,"gold_loss":0.0,"damage_taken":10.0},{"cards_removed":["Strike_R"],"damage_healed":0.0,"max_hp_gain":0.0,"max_hp_loss":0.0,"gold_gain":0.0,"event_name":"Falling","player_choice":"Removed Attack","floor":38.0,"gold_loss":0.0,"damage_taken":0.0}],"is_beta":false,"boss_relics":[{"not_picked":["Black Blood","Tiny House"],"picked":"SlaversCollar"},{"not_picked":["Pandora\u0027s Box","Runic Dome"],"picked":"Fusion Hammer"}],"items_purged_floors":[5,30],"is_endless":false,"potions_floor_spawned":[3,4,8,16,25,28,31,33,36,41,44,46,47],"killed_by":"The Heart","ascension_level":20}}