{"host":"ttgbaqegq96hv5uv","time":1611346623,"event":{"mods":["2.2 Compatiblity","AchievementEnabler","Aspiration","BaseMod","Beaked The Cultist","Better Synergies","Better Vampires","BetterRewards","ChefMod","Clawfect","Colored Map","Colored Powertips","Conspire","Defuse TimeMaze Blight","Displayed Cursed Tome","Emptier Cage","Friendly Minions","Gold Saver","GungeonMod","Hermit","Hubris","Infinite Spire","JesterMod","Marked Mod","Minty Spire (QoL Compilation)","Poor People Problems","QueenMod","Relic Stats","Replay The Spire","Robot Space Explorer","Shop Mod","Spicy Shops","StSLib","The Blackbeard","The Bladedancer","The Cursed","The Dragon Tamer","The Factory","The Juggle","The Marked","The Mystic","The Saiyan","TheHero","TheVacant","Unceasing Turn Reminder","egg"],"gold_per_floor":[187,187,210,210,225,241,241,241,266,266,266,290,311,330,330,451,451,470,508,508,529,489,489,523,523,523,547,547,547,547,568,568,698,698,716,716,716,734,757,800,800,800,825,860,894,913,928,941,941,941],"floor_reached":51,"language":"ENG","playtime":4343,"items_purged":[],"score":844,"play_id":"2e64dd96-a58e-4945-87e7-e6df75c2e4c8","local_time":"20210122201703","is_ascension_mode":false,"campfire_choices":[{"floor":7,"key":"REST"},{"data":"Saiyan:KaioKen","floor":10,"key":"SMITH"},{"floor":15,"key":"REST"},{"floor":23,"key":"REST"},{"floor":25,"key":"REST"},{"floor":28,"key":"REST"},{"data":"Saiyan:TurtleShell","floor":30,"key":"SMITH"},{"data":"Saiyan:LastResort","floor":32,"key":"SMITH"},{"data":"Saiyan:SuperSaiyanThree","floor":42,"key":"SMITH"},{"data":"Saiyan:Kienzan","floor":49,"key":"SMITH"}],"circlet_count":0,"master_deck":["Saiyan:SAIYA_Strike","Saiyan:SAIYA_Strike","Saiyan:SAIYA_Strike","Saiyan:SAIYA_Strike+1","Saiyan:SAIYA_Defend","Saiyan:SAIYA_Defend","Saiyan:SAIYA_Defend","Saiyan:SAIYA_Defend","Saiyan:EnergyBlast+1","Saiyan:KaioKen+1","Saiyan:RuthlessBlow","Saiyan:RemoveWeights","Saiyan:AugmentedBlast+1","Saiyan:SaiyanHubris+1","Saiyan:PowerUp","Saiyan:TurtleShell+1","Saiyan:SoulSpice","Saiyan:LastResort+1","Saiyan:RemoveWeights","Saiyan:GhostAttack","Saiyan:LastResort+1","Saiyan:TurtleShell+1","Saiyan:TurtleShell","Saiyan:SuperSaiyanThree+1","Saiyan:SuperSaiyanForm","infinitespire:FutureSight","hubris:InfiniteBlow+5","Saiyan:Kienzan+1"],"relics":["SaiyanSoul","SaiyanHeart","NeowsBlessing","Golden Idol","hubris:Towel","Ring of Panic","Ring of Peace","DemoMod:ClearGuonStone","aspiration:SecretTechniqueScroll","Red Mask","MealTicket","Ornamental Fan","DemoMod:GlassGuonStoneRelic","hubris:BottledHeart","Coffee Dripper","PrismaticShard","PreservedInsect","Whetstone","aspiration:FrozenJewel","DemoMod:WhiteGuonStone"],"acts_visited":["Exordium","TheCity","TheBeyond"],"potions_floor_usage":[16,16,33,33,33,50],"damage_taken":[{"damage":0,"enemies":"Jaw Worm","floor":1,"turns":1},{"damage":0,"enemies":"2 Louse","floor":3,"turns":1},{"damage":0,"enemies":"Small Slimes","floor":5,"turns":1},{"damage":12,"enemies":"3 Louse","floor":6,"turns":4},{"damage":13,"enemies":"Exordium Thugs","floor":12,"turns":8},{"damage":0,"enemies":"Lots of Slimes","floor":13,"turns":6},{"damage":0,"enemies":"Exordium Wildlife","floor":14,"turns":7},{"damage":29,"enemies":"The Guardian","floor":16,"turns":13},{"damage":0,"enemies":"Spheric Guardian","floor":18,"turns":2},{"damage":52,"enemies":"Masked Bandits","floor":19,"turns":5},{"damage":0,"enemies":"Chosen","floor":21,"turns":5},{"damage":32,"enemies":"Book of Stabbing","floor":24,"turns":6},{"damage":35,"enemies":"Sentry and Sphere","floor":27,"turns":7},{"damage":0,"enemies":"Centurion and Healer","floor":31,"turns":4},{"damage":0,"enemies":"Collector","floor":33,"turns":9},{"damage":0,"enemies":"3 Shapes","floor":35,"turns":6},{"damage":0,"enemies":"3 Darklings","floor":38,"turns":4},{"damage":0,"enemies":"Spire Growth","floor":39,"turns":6},{"damage":0,"enemies":"Nemesis","floor":40,"turns":7},{"damage":0,"enemies":"conspire:MimicChest","floor":44,"turns":7},{"damage":0,"enemies":"beaked:SuperParasite","floor":45,"turns":9},{"damage":0,"enemies":"Transient","floor":46,"turns":5},{"damage":0,"enemies":"Jaw Worm Horde","floor":47,"turns":5},{"damage":0,"enemies":"Maw","floor":48,"turns":7},{"damage":0,"enemies":"Donu and Deca","floor":50,"turns":6}],"seed_played":"-2830128374585905462","potions_obtained":[{"floor":3,"key":"DemoMod:BlankPotion"},{"floor":5,"key":"Elixir"},{"floor":13,"key":"Swift Potion"},{"floor":16,"key":"Weak Potion"},{"floor":19,"key":"Energy Potion"},{"floor":38,"key":"DemoMod:LeadSkinPotion"},{"floor":45,"key":"Weak Potion"}],"is_trial":false,"path_per_floor":["M","?","M","?","M","M","R","?","T","R","?","M","M","M","R","B",null,"M","?","?","M","?","R","E","R","T","M","R","?","R","M","R","B",null,"M","AVR","?","M","M","E","?","R","T","?","E","M","M","M","R","B",null],"character_chosen":"SAIYAJIN","items_purchased":[],"campfire_rested":5,"item_purchase_floors":[],"current_hp_per_floor":[60,45,45,45,46,35,53,53,53,53,53,43,45,47,67,39,70,73,24,24,28,28,52,24,49,49,17,43,1,1,1,1,1,1,1,1,1,1,1,1,1,1,1,1,1,1,1,1,1,1],"gold":941,"neow_bonus":"THREE_ENEMY_KILL","is_daily":false,"chose_seed":false,"campfire_upgraded":5,"win_rate":0.0,"timestamp":1611346623,"path_taken":["M","?","M","?","M","M","R","?","T","R","?","M","?","?","R","BOSS","M","?","?","M","?","R","E","R","T","?","R","?","R","M","R","BOSS","M","AVR","?","M","?","E","?","R","T","?","E","?","M","M","R","BOSS"],"items_purchased_type":[],"build_version":"2020-12-22","purchased_purges":0,"victory":true,"max_hp_per_floor":[60,60,60,60,61,62,62,62,62,62,62,65,67,69,69,70,70,73,76,76,80,80,80,84,84,84,87,87,1,1,1,1,1,1,1,1,1,1,1,1,1,1,1,1,1,1,1,1,1,1],"relic_stats":{"counters":[25,141],"Golden Idol":178,"Ornamental Fan":[64],"MealTicket":0,"PreservedInsect":63,"Whetstone":["Saiyan:SAIYA_Strike","Saiyan:EnergyBlast"],"obtain_stats":[{"NeowsBlessing":0,"Golden Idol":2,"DemoMod:GlassGuonStoneRelic":13,"PreservedInsect":40,"SaiyanHeart":0,"aspiration:SecretTechniqueScroll":17,"Whetstone":43,"hubris:Towel":4,"DemoMod:WhiteGuonStone":45,"PrismaticShard":36,"aspiration:FrozenJewel":44,"Ornamental Fan":26,"hubris:BottledHeart":29,"Ring of Peace":8,"SaiyanSoul":0,"MealTicket":24,"Red Mask":19,"Coffee Dripper":34,"Ring of Panic":8,"DemoMod:ClearGuonStone":9},{"NeowsBlessing":0,"Golden Idol":1,"DemoMod:GlassGuonStoneRelic":6,"PreservedInsect":19,"SaiyanHeart":0,"aspiration:SecretTechniqueScroll":8,"Whetstone":19,"hubris:Towel":2,"DemoMod:WhiteGuonStone":21,"PrismaticShard":16,"aspiration:FrozenJewel":20,"Ornamental Fan":12,"hubris:BottledHeart":13,"Ring of Peace":4,"SaiyanSoul":0,"MealTicket":12,"Red Mask":10,"Coffee Dripper":15,"Ring of Panic":4,"DemoMod:ClearGuonStone":4},{"NeowsBlessing":0,"Golden Idol":1,"DemoMod:GlassGuonStoneRelic":21,"PreservedInsect":102,"SaiyanHeart":0,"aspiration:SecretTechniqueScroll":41,"Whetstone":102,"hubris:Towel":2,"DemoMod:WhiteGuonStone":118,"PrismaticShard":85,"aspiration:FrozenJewel":109,"Ornamental Fan":59,"hubris:BottledHeart":66,"Ring of Peace":7,"SaiyanSoul":0,"MealTicket":59,"Red Mask":48,"Coffee Dripper":79,"Ring of Panic":7,"DemoMod:ClearGuonStone":7}]},"card_choices":[{"not_picked":["Saiyan:Reset","Saiyan:ReverberatingForce"],"picked":"Saiyan:RemoveWeights","floor":1},{"not_picked":["Saiyan:DoubleMasenko","Saiyan:KiExplosion"],"picked":"Saiyan:AugmentedBlast","floor":3},{"not_picked":["Saiyan:DoubleMasenko","Saiyan:DragonFist"],"picked":"Saiyan:SaiyanHubris","floor":5},{"not_picked":["Saiyan:HyperTimeChamber","Saiyan:Flurry"],"picked":"Saiyan:PowerUp","floor":6},{"not_picked":["Saiyan:Taunt","Saiyan:PlotArmor"],"picked":"Saiyan:SoulSpice","floor":12},{"not_picked":["Saiyan:MeteorDash","Saiyan:TheBomb"],"picked":"Saiyan:LastResort","floor":13},{"not_picked":["Saiyan:FingerParry","Saiyan:KameHameHa"],"picked":"Saiyan:RemoveWeights","floor":14},{"not_picked":["Saiyan:MindBoom","Saiyan:TheBomb"],"picked":"Saiyan:GhostAttack","floor":16},{"not_picked":["Saiyan:BigBangAttack","Saiyan:Makankosappo+1","Saiyan:PlotArmor"],"picked":"SKIP","floor":18},{"not_picked":["Saiyan:ExtremeSpeed","Saiyan:Pacing","Saiyan:RemoveWeights+1"],"picked":"SKIP","floor":21},{"not_picked":["Saiyan:Flurry","Saiyan:Twize","Saiyan:LastResort+1"],"picked":"SKIP","floor":24},{"not_picked":["Saiyan:Flurry","Saiyan:Twize"],"picked":"Saiyan:LastResort+1","floor":24},{"not_picked":["Saiyan:Overexert","Saiyan:BackAttack"],"picked":"Saiyan:TurtleShell","floor":27},{"not_picked":["Saiyan:GhostAttack","Saiyan:KiExplosion+1"],"picked":"Saiyan:TurtleShell","floor":31},{"not_picked":["Saiyan:Momentum","Saiyan:SenzuBean"],"picked":"Saiyan:SuperSaiyanThree","floor":33},{"not_picked":["Saiyan:FingerParry","Saiyan:BurningSoul+1"],"picked":"Saiyan:SuperSaiyanForm","floor":35},{"not_picked":["theVacant:Whip+1","Saiyan:PowerUp+1","hermit:ItchyTrigger+1"],"picked":"SKIP","floor":38},{"not_picked":["DemoMod:GunslingerForm","RobotSpaceExplorer:ShockKick","animeID:Tomura+1"],"picked":"SKIP","floor":39},{"not_picked":["mysticmod:MagicWeapon","Grand Finale","Saiyan:RemoveWeights"],"picked":"SKIP","floor":40},{"not_picked":["infinitespire:FinalStrike","infinitespire:NeuralNetwork"],"picked":"hubris:InfiniteBlow+5","floor":41},{"not_picked":["Saiyan:GhostAttack","DemoMod:HuntsMan","theMarked:HeightenedSenses"],"picked":"SKIP","floor":45},{"not_picked":["PathToVictory+1","Heatsinks+1"],"picked":"Saiyan:Kienzan","floor":46},{"not_picked":["mysticmod:Snowball","DTMod:BizarreTactic+1","chefmod:SliceAndDice+1"],"picked":"SKIP","floor":47},{"not_picked":["blackbeard:FishingNets+1","jugglermod: Butterfly+1","Wireheading"],"picked":"SKIP","floor":48}],"player_experience":672136,"relics_obtained":[{"floor":8,"key":"Ring of Panic"},{"floor":8,"key":"Ring of Peace"},{"floor":9,"key":"DemoMod:ClearGuonStone"},{"floor":19,"key":"Red Mask"},{"floor":24,"key":"MealTicket"},{"floor":26,"key":"Ornamental Fan"},{"floor":40,"key":"PreservedInsect"},{"floor":43,"key":"Whetstone"},{"floor":44,"key":"aspiration:FrozenJewel"},{"floor":45,"key":"DemoMod:WhiteGuonStone"}],"event_choices":[{"damage_healed":0,"gold_gain":0,"player_choice":"Take Damage","damage_taken":15,"relics_obtained":["Golden Idol"],"max_hp_gain":0,"max_hp_loss":0,"event_name":"Golden Idol","floor":2,"gold_loss":0},{"damage_healed":0,"gold_gain":0,"player_choice":"1 cards matched","damage_taken":0,"max_hp_gain":0,"max_hp_loss":0,"event_name":"Match and Keep!","floor":11,"gold_loss":0,"cards_obtained":["Saiyan:TurtleShell"]},{"damage_healed":0,"gold_gain":0,"player_choice":"Fought Bandits","damage_taken":0,"max_hp_gain":0,"max_hp_loss":0,"event_name":"Masked Bandits","floor":19,"gold_loss":0},{"damage_healed":0,"gold_gain":0,"player_choice":"Upgraded Two","damage_taken":0,"max_hp_gain":0,"max_hp_loss":0,"event_name":"Designer","floor":22,"gold_loss":40,"cards_upgraded":["Saiyan:SaiyanHubris","Saiyan:TurtleShell"]},{"cards_removed":["Delirium"],"damage_healed":0,"gold_gain":0,"player_choice":"Purged","damage_taken":0,"max_hp_gain":0,"max_hp_loss":0,"event_name":"Purifier","floor":37,"gold_loss":0}],"is_beta":false,"boss_relics":[{"not_picked":["Replay:Drink Me","Busted Crown"],"picked":"aspiration:SecretTechniqueScroll"},{"not_picked":["aspiration:SilentSkillbook","ReplayTheSpireMod:DimensionalGlitch"],"picked":"Coffee Dripper"}],"items_purged_floors":[],"is_endless":false,"potions_floor_spawned":[3,5,13,16,19,21,27,38,45,47,48],"ascension_level":0}}