{"host":"ev90652pwodlruol","time":1611310545,"event":{"mods":["ATMod(°¢èªMod)","AchievementEnabler","Act Like it!","Aspiration","BaseMod","Bestiary","Conspire","Gensokyo","Hubris","Koishi","Marisa£¨ìFÓê¡¡Ä§ÀíÉ³£©","Minty Spire (QoL Compilation)","Replay The Spire","StSLib","vexMod"],"gold_per_floor":[109,129,148,194,208,242,242,242,242,242,242,255,268,300,324,339,339,442,442,462,28,45,56,69,69,69],"floor_reached":25,"language":"ZHS","playtime":1432,"items_purged":[],"score":239,"play_id":"dbcbfc2a-92bf-4aa6-b611-3c4f7664de12","local_time":"20210122181545","is_ascension_mode":true,"campfire_choices":[{"floor":7.0,"key":"REST"},{"data":"AT_FamilyPortrait","floor":10.0,"key":"SMITH"},{"floor":17.0,"key":"REST"}],"circlet_count":0,"master_deck":["Strike_MRS","Strike_MRS","Strike_MRS","Strike_MRS","Defend_MRS","Defend_MRS+1","Defend_MRS","Defend_MRS","MasterSpark","UpSweep","AT_FamilyPortrait+1","IllusionStar+1","GrandCross","Acceleration","PropBag","StarlightTyphoon","DoubleSpark","Parasite","Parasite","SuperPerseids","AsteroidBelt","AbsoluteMagnitude","GasGiant","Chrysalis","UnstableBomb+1","UnstableBomb+1","ShootTheMoon+1","6A+1"],"relics":["BewitchedHakkero","AT_ATBox","aspiration:Nostalgia","Replay:M_SmolderingBlood","War Paint","Meat on the Bone","Replay:Bottled Snecko","ShroomBag","Molten Egg 2"],"acts_visited":["Exordium","TheCity"],"potions_floor_usage":[20],"damage_taken":[{"damage":0.0,"enemies":"Cultist","floor":1.0,"turns":4.0},{"damage":0.0,"enemies":"2 Louse","floor":2.0,"turns":1.0},{"damage":4.0,"enemies":"Jaw Worm","floor":3.0,"turns":3.0},{"damage":26.0,"enemies":"Exordium Thugs","floor":5.0,"turns":5.0},{"damage":22.0,"enemies":"3 Sentries","floor":6.0,"turns":4.0},{"damage":13.0,"enemies":"Blue Slaver","floor":12.0,"turns":3.0},{"damage":5.0,"enemies":"Red Slaver","floor":13.0,"turns":3.0},{"damage":18.0,"enemies":"Lagavulin","floor":14.0,"turns":5.0},{"damage":18.0,"enemies":"The Mushroom Lair","floor":15.0,"turns":4.0},{"damage":12.0,"enemies":"Large Slime","floor":16.0,"turns":4.0},{"damage":32.0,"enemies":"Hexaghost","floor":18.0,"turns":9.0},{"damage":41,"enemies":"3 Byrds","floor":20,"turns":6},{"damage":28,"enemies":"2 Thieves","floor":22,"turns":3},{"damage":14,"enemies":"Centurion and Healer","floor":23,"turns":5},{"damage":30,"enemies":"Chosen and Byrds","floor":24,"turns":6},{"damage":14,"enemies":"Gremlin Leader","floor":25,"turns":1}],"seed_played":"5863539862480096522","potions_obtained":[{"floor":5.0,"key":"SkillPotion"},{"floor":6.0,"key":"Reflective Coating"},{"floor":13.0,"key":"Adrenaline Potion"},{"floor":15.0,"key":"Death Potion"},{"floor":16.0,"key":"DuplicationPotion"},{"floor":22,"key":"DuplicationPotion"},{"floor":24,"key":"Death Potion"}],"is_trial":false,"path_per_floor":["M","M","M","T","M","E","R","PTL","PTL","R","T","M","M","E","?","M","R","B",null,"M","$","M","M","M","E"],"character_chosen":"MARISA","items_purchased":["Chrysalis","Molten Egg 2","UnstableBomb+1"],"campfire_rested":2,"item_purchase_floors":[21,21,21],"current_hp_per_floor":[75,75,71,71,45,23,45,45,45,45,45,44,39,33,27,31,53,37,75,38,38,26,28,14,0,0],"gold":69,"neow_bonus":"NOSTALGIA","is_daily":false,"chose_seed":false,"campfire_upgraded":1,"win_rate":0.0,"timestamp":1611310545,"path_taken":["M","M","M","?","M","E","R","PTL","PTL","R","T","M","M","E","?","M","R","BOSS","M","$","M","M","M","E"],"items_purchased_type":["Card","Relic","Card"],"build_version":"2020-12-22","purchased_purges":0,"victory":false,"max_hp_per_floor":[75,75,75,75,75,75,75,75,75,75,75,75,75,75,75,75,75,75,75,75,75,75,75,75,75,75],"card_choices":[{"not_picked":["SuperPerseids","EnergyRecoil"],"picked":"IllusionStar","floor":1.0},{"not_picked":["DeepEcoloBomb","Whirlwind","Occultation"],"picked":"SKIP","floor":2.0},{"not_picked":["RefractionSpark","AsteroidBelt"],"picked":"GrandCross","floor":3.0},{"not_picked":["Whirlwind","GrandCross"],"picked":"Acceleration","floor":5.0},{"not_picked":["BigCrunch","EnergyFlow"],"picked":"PropBag","floor":6.0},{"not_picked":["GrandCross","ChargeUpSpray","PowerUp"],"picked":"SKIP","floor":12.0},{"not_picked":["EnergyFlow","MilkyWay"],"picked":"StarlightTyphoon","floor":13.0},{"not_picked":["6A","BinaryStars"],"picked":"DoubleSpark","floor":14.0},{"not_picked":["PowerUp","Clash"],"picked":"SuperPerseids","floor":15.0},{"not_picked":["StarlightTyphoon","SporeBomb"],"picked":"AsteroidBelt","floor":16.0},{"not_picked":["Bludgeon","BinaryStars"],"picked":"AbsoluteMagnitude","floor":18.0},{"not_picked":["LuminesStrike","IllusionStar"],"picked":"GasGiant","floor":20},{"not_picked":["OrrerysSun","GalacticHalo"],"picked":"UnstableBomb+1","floor":22},{"not_picked":["OrrerysSun","AsteroidBelt"],"picked":"ShootTheMoon+1","floor":23},{"not_picked":["GrandCross+1","MilkyWay+1"],"picked":"6A+1","floor":24}],"player_experience":260964,"relics_obtained":[{"floor":6.0,"key":"War Paint"},{"floor":11.0,"key":"Meat on the Bone"},{"floor":14.0,"key":"Replay:Bottled Snecko"},{"floor":15.0,"key":"ShroomBag"}],"event_choices":[{"damage_healed":0.0,"max_hp_gain":0.0,"max_hp_loss":0.0,"gold_gain":0.0,"event_name":"Mushrooms_MRS","player_choice":"Fought Mushrooms","floor":15.0,"gold_loss":0.0,"damage_taken":0.0}],"is_beta":false,"boss_relics":[{"not_picked":["Abe\u0027s Treasure","Velvet Choker"],"picked":"BewitchedHakkero"}],"items_purged_floors":[],"is_endless":false,"potions_floor_spawned":[5,6,13,15,16,22,24],"killed_by":"Gremlin Leader","ascension_level":2}}