{"host":"c52z9ixzgdjttcmx","time":1611351096,"event":{"mods":["BaseMod","Colored Powertips","Minty Spire (QoL Compilation)","Rare Cards Sparkle","Relic Stats"],"gold_per_floor":[109,129,54,54,54,87,87,97,173,173,188,188,216,234,234,306,306,322,336,261,261,278,307,52,52,52,52,66,116,116,142,142,142,142],"floor_reached":33,"language":"ENG","playtime":1164,"items_purged":[],"score":572,"play_id":"04c0578c-ffc3-48f1-8f5f-7c4c68402f50","local_time":"20210122153136","is_ascension_mode":true,"campfire_choices":[{"data":"Zap","floor":7,"key":"SMITH"},{"data":"Sunder","floor":10,"key":"SMITH"},{"data":"Beam Cell","floor":15,"key":"SMITH"},{"floor":25,"key":"REST"},{"floor":30,"key":"REST"},{"floor":32,"key":"REST"}],"circlet_count":0,"master_deck":["AscendersBane","Strike_B","Defend_B","Defend_B","Zap+1","Dualcast","Coolheaded","Auto Shields","Sunder+1","Ball Lightning","Gash","FTL","Beam Cell+1","Fission","Sweeping Beam+1","Conserve Battery+1","Hyperbeam+1","Steam+1","Gash","Sweeping Beam","Go for the Eyes","Chrysalis","Undo","Hyperbeam+1"],"relics":["Cracked Core","NeowsBlessing","Bronze Scales","Gremlin Horn","StrikeDummy","Singing Bowl","Bag of Preparation","Astrolabe","Shuriken","Molten Egg 2","Symbiotic Virus"],"acts_visited":["Exordium","TheCity"],"potions_floor_usage":[16,16,23,33,33],"damage_taken":[{"damage":0,"enemies":"Small Slimes","floor":1,"turns":1},{"damage":0,"enemies":"2 Louse","floor":2,"turns":1},{"damage":0,"enemies":"Gremlin Nob","floor":6,"turns":1},{"damage":0,"enemies":"Cultist","floor":8,"turns":3},{"damage":6,"enemies":"Exordium Thugs","floor":11,"turns":2},{"damage":5,"enemies":"3 Sentries","floor":13,"turns":5},{"damage":0,"enemies":"3 Louse","floor":14,"turns":3},{"damage":17,"enemies":"Slime Boss","floor":16,"turns":8},{"damage":14,"enemies":"Shell Parasite","floor":18,"turns":5},{"damage":18,"enemies":"3 Byrds","floor":19,"turns":4},{"damage":4,"enemies":"Centurion and Healer","floor":22,"turns":5},{"damage":16,"enemies":"Gremlin Leader","floor":23,"turns":6},{"damage":0,"enemies":"Shelled Parasite and Fungi","floor":28,"turns":2},{"damage":24,"enemies":"Slavers","floor":31,"turns":3},{"damage":67,"enemies":"Champ","floor":33,"turns":14}],"seed_played":"6142725318604518141","potions_obtained":[{"floor":8,"key":"LiquidBronze"},{"floor":13,"key":"Block Potion"},{"floor":16,"key":"SkillPotion"},{"floor":19,"key":"AttackPotion"},{"floor":31,"key":"Weak Potion"}],"is_trial":false,"path_per_floor":["M","M","?","?","?","E","R","M","T","R","M","T","E","M","R","B",null,"M","M","?","?","M","E","$","R","T","$","M","?","R","E","R","B"],"character_chosen":"DEFECT","items_purchased":["Go for the Eyes","Chrysalis"],"campfire_rested":3,"item_purchase_floors":[24,24],"current_hp_per_floor":[64,64,64,38,71,71,71,71,71,71,65,65,60,60,60,43,64,50,34,34,34,30,14,14,35,35,35,35,35,56,32,53,0,0],"gold":142,"neow_bonus":"THREE_ENEMY_KILL","is_daily":false,"chose_seed":false,"campfire_upgraded":3,"win_rate":0.0,"timestamp":1611351096,"path_taken":["M","M","?","?","?","E","R","?","T","R","M","?","E","M","R","BOSS","M","M","?","?","M","E","?","R","T","$","?","?","R","E","R","BOSS"],"items_purchased_type":["Card","Card"],"build_version":"2020-12-22","purchased_purges":0,"victory":false,"max_hp_per_floor":[71,71,71,71,71,71,71,71,71,71,71,71,71,71,71,71,71,71,73,73,73,73,73,73,73,73,73,73,73,73,73,73,73,73],"relic_stats":{"Gremlin Horn":[19,19],"Singing Bowl":2,"counters":[15,63],"Shuriken":[10],"Bronze Scales":[130],"Astrolabe":["Sweeping Beam","Conserve Battery","Hyperbeam"],"Bag of Preparation":[18],"obtain_stats":[{"NeowsBlessing":0,"Gremlin Horn":6,"Singing Bowl":12,"Shuriken":23,"Bronze Scales":4,"Astrolabe":17,"Molten Egg 2":26,"Bag of Preparation":13,"Cracked Core":0,"StrikeDummy":9,"Symbiotic Virus":31},{"NeowsBlessing":0,"Gremlin Horn":3,"Singing Bowl":5,"Shuriken":12,"Bronze Scales":2,"Astrolabe":8,"Molten Egg 2":12,"Bag of Preparation":6,"Cracked Core":0,"StrikeDummy":4,"Symbiotic Virus":14},{"NeowsBlessing":0,"Gremlin Horn":3,"Singing Bowl":8,"Shuriken":44,"Bronze Scales":2,"Astrolabe":24,"Molten Egg 2":44,"Bag of Preparation":13,"Cracked Core":0,"StrikeDummy":6,"Symbiotic Virus":49}]},"card_choices":[{"not_picked":["Turbo","Streamline"],"picked":"Coolheaded","floor":1},{"not_picked":["Hologram","Steam"],"picked":"Auto Shields","floor":2},{"not_picked":["Reprogram","Conserve Battery"],"picked":"Sunder","floor":6},{"not_picked":["Reboot","White Noise"],"picked":"Ball Lightning","floor":8},{"not_picked":["Leap","Compile Driver"],"picked":"Gash","floor":11},{"not_picked":["Reinforced Body","Multi-Cast"],"picked":"FTL","floor":13},{"not_picked":["Rebound","Sweeping Beam"],"picked":"Beam Cell","floor":14},{"not_picked":["Multi-Cast","Creative AI"],"picked":"Fission","floor":16},{"not_picked":["Barrage+1","Doom and Gloom"],"picked":"Steam+1","floor":18},{"not_picked":["Conserve Battery","Lockon","Chaos"],"picked":"Singing Bowl","floor":19},{"not_picked":["BootSequence","Redo"],"picked":"Gash","floor":22},{"not_picked":["Rebound","Lockon+1"],"picked":"Sweeping Beam","floor":23},{"not_picked":["Fusion","Thunder Strike+1"],"picked":"Undo","floor":28},{"not_picked":["Genetic Algorithm","Leap"],"picked":"Hyperbeam+1","floor":31}],"player_experience":3309727,"relics_obtained":[{"floor":6,"key":"Gremlin Horn"},{"floor":9,"key":"StrikeDummy"},{"floor":12,"key":"Singing Bowl"},{"floor":13,"key":"Bag of Preparation"},{"floor":23,"key":"Shuriken"},{"floor":26,"key":"Molten Egg 2"},{"floor":31,"key":"Symbiotic Virus"}],"event_choices":[{"cards_removed":["Strike_B"],"damage_healed":0,"gold_gain":0,"player_choice":"Card Removal","damage_taken":0,"max_hp_gain":0,"max_hp_loss":0,"event_name":"The Cleric","floor":3,"gold_loss":75},{"damage_healed":0,"gold_gain":0,"player_choice":"Success","damage_taken":26,"relics_obtained":["Bronze Scales"],"max_hp_gain":0,"max_hp_loss":0,"event_name":"Scrap Ooze","floor":4,"gold_loss":0},{"damage_healed":33,"gold_gain":0,"player_choice":"Full Heal","damage_taken":0,"max_hp_gain":0,"max_hp_loss":0,"event_name":"Wheel of Change","floor":5,"gold_loss":0},{"cards_removed":["Defend_B"],"damage_healed":0,"gold_gain":0,"player_choice":"Gave Gold","damage_taken":0,"max_hp_gain":0,"max_hp_loss":0,"event_name":"Beggar","floor":20,"gold_loss":75},{"damage_healed":0,"gold_gain":0,"player_choice":"Ignored","damage_taken":0,"max_hp_gain":0,"max_hp_loss":0,"event_name":"Vampires","floor":21,"gold_loss":0},{"damage_healed":0,"gold_gain":50,"player_choice":"Stole From Cult","damage_taken":0,"max_hp_gain":0,"max_hp_loss":0,"event_name":"Nest","floor":29,"gold_loss":0}],"is_beta":false,"boss_relics":[{"not_picked":["Sozu","Velvet Choker"],"picked":"Astrolabe"}],"items_purged_floors":[],"is_endless":false,"potions_floor_spawned":[8,13,16,19,22,31],"killed_by":"Champ","ascension_level":16}}