{"host":"zsm7bdfo51n66z45","time":1611353750,"event":{"mods":["AchievementEnabler","BaseMod","Bestiary","Better Skull","Better Third Choice","Colored Powertips","DeckTracker","Mimic Mod","Minty Spire (QoL Compilation)","MostiFishMod","Quick Restart","Relic Stats","Spicy Shops","StSLib","Waifu the Spire"],"gold_per_floor":[112,125,141,159,159,84,98,117,144,44,44,62,93,104,104,199,199,217,292,306,325,240,256,266,294,332,57,57,69,69,79,79,181,181,192,17,17,36,55,55,81,91,125,159,159,159,178,205,205,205,205,205,0,28,28],"floor_reached":56,"language":"ENG","playtime":1258,"items_purged":["Defend_G","Defend_G","Defend_G","Defend_G","Defend_G"],"score":1570,"play_id":"f5e87073-eeb0-4001-b107-9c964fb222ff","local_time":"20210122161550","is_ascension_mode":false,"campfire_choices":[{"data":"Dagger Spray","floor":11,"key":"SMITH"},{"data":"Dagger Spray","floor":15,"key":"SMITH"},{"data":"Storm of Steel","floor":32,"key":"SMITH"},{"floor":40,"key":"RECALL"},{"data":"Poisoned Stab","floor":46,"key":"SMITH"},{"floor":49,"key":"REST"},{"data":"Poisoned Stab","floor":52,"key":"SMITH"}],"circlet_count":0,"master_deck":["Strike_G","Strike_G","Strike_G","Strike_G","Strike_G","Survivor","Neutralize","Dagger Spray+1","Poisoned Stab+1","Poisoned Stab+1","Dagger Spray+1","Poisoned Stab+1","Storm of Steel+1","Bouncing Flask","Backstab+1"],"relics":["Ring of the Snake","DaveBox","Strawberry","PatriotShield","SynthV:TestCard","Regal Pillow","Bag of Marbles","Pen Nib","FeatherPendant","Nunchaku","Red Mask","Ornamental Fan","SacredBark","Bag of Preparation","Toy Ornithopter","Ice Cream","Frozen Eye","Akabeko"],"acts_visited":["Exordium","TheCity","TheBeyond","TheEnding"],"potions_floor_usage":[16,35,50,50,55,55,55],"damage_taken":[{"damage":0,"enemies":"Small Slimes","floor":1,"turns":2},{"damage":0,"enemies":"Cultist","floor":2,"turns":2},{"damage":0,"enemies":"2 Louse","floor":3,"turns":2},{"damage":0,"enemies":"2 Fungi Beasts","floor":4,"turns":1},{"damage":0,"enemies":"Looter","floor":7,"turns":1},{"damage":0,"enemies":"Blue Slaver","floor":8,"turns":1},{"damage":0,"enemies":"Gremlin Gang","floor":12,"turns":1},{"damage":0,"enemies":"Lagavulin","floor":13,"turns":3},{"damage":0,"enemies":"2 Fungi Beasts","floor":14,"turns":1},{"damage":0,"enemies":"Slime Boss","floor":16,"turns":1},{"damage":0,"enemies":"2 Thieves","floor":18,"turns":1},{"damage":0,"enemies":"3 Byrds","floor":20,"turns":2},{"damage":0,"enemies":"3 Cultists","floor":21,"turns":2},{"damage":0,"enemies":"Snake Plant","floor":23,"turns":1},{"damage":0,"enemies":"Snecko","floor":24,"turns":1},{"damage":0,"enemies":"Masked Bandits","floor":25,"turns":1},{"damage":0,"enemies":"3 Cultists","floor":26,"turns":2},{"damage":0,"enemies":"3 Cultists","floor":29,"turns":1},{"damage":0,"enemies":"Chosen and Byrds","floor":31,"turns":1},{"damage":0,"enemies":"Champ","floor":33,"turns":3},{"damage":0,"enemies":"3 Darklings","floor":35,"turns":1},{"damage":0,"enemies":"Orb Walker","floor":38,"turns":1},{"damage":6,"enemies":"Sphere and 2 Shapes","floor":39,"turns":1},{"damage":0,"enemies":"Nemesis","floor":41,"turns":1},{"damage":0,"enemies":"Jaw Worm Horde","floor":42,"turns":1},{"damage":0,"enemies":"4 Shapes","floor":43,"turns":3},{"damage":0,"enemies":"Giant Head","floor":44,"turns":1},{"damage":6,"enemies":"4 Shapes","floor":47,"turns":1},{"damage":0,"enemies":"Reptomancer","floor":48,"turns":1},{"damage":0,"enemies":"Awakened One","floor":50,"turns":2},{"damage":0,"enemies":"Shield and Spear","floor":54,"turns":1},{"damage":9,"enemies":"The Heart","floor":55,"turns":5}],"seed_played":"-5239203983184971575","potions_obtained":[{"floor":2,"key":"Regen Potion"},{"floor":4,"key":"SpeedPotion"},{"floor":7,"key":"CunningPotion"},{"floor":14,"key":"AttackPotion"},{"floor":16,"key":"Block Potion"},{"floor":33,"key":"SteroidPotion"},{"floor":35,"key":"Fruit Juice"},{"floor":38,"key":"SneckoOil"},{"floor":54,"key":"Block Potion"}],"is_trial":false,"path_per_floor":["M","M","M","M","?","$","M","M","T","$","R","M","E","M","R","B",null,"M","?","M","M","?","M","M","?","MIM","$","$","M","$","M","R","B",null,"M","$","?","M","M","R","E","M","MIM","E","?","R","M","E","R","B",null,"R","$","E","B",null],"character_chosen":"THE_SILENT","items_purchased":["Frozen Eye","Fire Potion"],"campfire_rested":1,"item_purchase_floors":[53,53],"current_hp_per_floor":[77,77,77,77,77,77,77,77,77,77,77,77,77,77,77,77,77,77,70,70,70,70,70,70,70,70,70,70,70,70,70,70,70,77,87,87,87,87,81,81,81,81,81,81,81,81,75,75,87,87,87,87,87,87,80],"gold":28,"neow_bonus":"RANDOM_COMMON_RELIC","is_daily":false,"chose_seed":false,"campfire_upgraded":5,"win_rate":0.0,"timestamp":1611353750,"path_taken":["M","M","M","M","?","$","?","?","T","?","R","M","E","?","R","BOSS","M","?","?","M","?","M","M","?","MIM","?","$","?","$","M","R","BOSS","M","$","?","M","M","R","E","M","MIM","E","?","R","M","E","R","BOSS","R","$","E","BOSS"],"items_purchased_type":["Relic","Potion"],"build_version":"2020-12-22","purchased_purges":5,"victory":true,"max_hp_per_floor":[77,77,77,77,77,77,77,77,77,77,77,77,77,77,77,77,77,77,77,77,77,77,77,77,77,77,77,77,77,77,77,77,77,77,87,87,87,87,87,87,87,87,87,87,87,87,87,87,87,87,87,87,87,87,87],"relic_stats":{"Regal Pillow":0,"Nunchaku":[19],"counters":[32,49],"Ornamental Fan":[216],"Pen Nib":[23],"Bag of Preparation":[16],"obtain_stats":[{"Ice Cream":48,"PatriotShield":0,"Regal Pillow":5,"DaveBox":0,"SacredBark":34,"Pen Nib":13,"Bag of Preparation":41,"Akabeko":54,"Frozen Eye":53,"Nunchaku":22,"SynthV:TestCard":1,"FeatherPendant":17,"Ornamental Fan":26,"Strawberry":0,"Bag of Marbles":9,"Red Mask":25,"Toy Ornithopter":44,"Ring of the Snake":0},{"Ice Cream":29,"PatriotShield":0,"Regal Pillow":4,"DaveBox":0,"SacredBark":20,"Pen Nib":8,"Bag of Preparation":24,"Akabeko":31,"Frozen Eye":30,"Nunchaku":13,"SynthV:TestCard":1,"FeatherPendant":10,"Ornamental Fan":17,"Strawberry":0,"Bag of Marbles":6,"Red Mask":16,"Toy Ornithopter":27,"Ring of the Snake":0},{"Ice Cream":41,"PatriotShield":0,"Regal Pillow":7,"DaveBox":0,"SacredBark":30,"Pen Nib":13,"Bag of Preparation":34,"Akabeko":44,"Frozen Eye":43,"Nunchaku":20,"SynthV:TestCard":2,"FeatherPendant":15,"Ornamental Fan":25,"Strawberry":0,"Bag of Marbles":9,"Red Mask":23,"Toy Ornithopter":39,"Ring of the Snake":0}],"Toy Ornithopter":2,"Ring of the Snake":[64]},"card_choices":[{"not_picked":["Dodge and Roll","Outmaneuver"],"picked":"Dagger Spray","floor":1},{"not_picked":["Bane","Dagger Throw","Sucker Punch","Slice","Burst"],"picked":"SKIP","floor":2},{"not_picked":["Blur","Acrobatics","Underhanded Strike","Backflip"],"picked":"Poisoned Stab","floor":3},{"not_picked":["Caltrops","Quick Slash","Underhanded Strike","Skewer","Prepared"],"picked":"SKIP","floor":4},{"not_picked":["Flechettes","MostiFishMod:PoisonShield","Predator","Dagger Throw"],"picked":"Poisoned Stab","floor":7},{"not_picked":["Sucker Punch","Bouncing Flask","Backstab","Cloak And Dagger","Setup"],"picked":"SKIP","floor":8},{"not_picked":["Reflex","Caltrops","Skewer","MostiFishMod:PerfectParry"],"picked":"Poisoned Stab","floor":12},{"not_picked":["Quick Slash","Unload","MostiFishMod:PerfectParry","Flying Knee"],"picked":"Dagger Spray","floor":13},{"not_picked":["Dagger Throw","Flying Knee","Blade Dance","Outmaneuver"],"picked":"Poisoned Stab","floor":14},{"not_picked":["MostiFishMod:Neurotoxin","Phantasmal Killer","Corpse Explosion","MostiFishMod:HiddenBlade"],"picked":"Storm of Steel","floor":16},{"not_picked":["Cloak And Dagger","Bane","Sucker Punch","Prepared","Backstab"],"picked":"SKIP","floor":18},{"not_picked":["Caltrops+1","Dash","Poisoned Stab+1","MostiFishMod:PreservedThorns+1","Quick Slash"],"picked":"SKIP","floor":20},{"not_picked":["Reflex","Acrobatics","Terror","Escape Plan","Dash"],"picked":"SKIP","floor":21},{"not_picked":["MostiFishMod:PoisonShield+1","Poisoned Stab","MostiFishMod:InvigoratingSolution+1","Acrobatics"],"picked":"Bouncing Flask","floor":23},{"not_picked":["Outmaneuver","Cloak And Dagger","Slice+1","Expertise","MostiFishMod:PreservedThorns"],"picked":"SKIP","floor":24},{"not_picked":["MostiFishMod:PoisonShield+1","Riddle With Holes","Dash","Backflip+1","Noxious Fumes"],"picked":"SKIP","floor":29},{"not_picked":["Dodge and Roll+1","Dagger Throw+1","Setup","Bane","MostiFishMod:ThornCasing"],"picked":"SKIP","floor":31},{"not_picked":["MostiFishMod:InvigoratingSolution","Outmaneuver","Terror+1","Underhanded Strike+1","Dagger Throw"],"picked":"SKIP","floor":35},{"not_picked":["MostiFishMod:PreservedThorns","MostiFishMod:PerfectParry+1","Deadly Poison","Setup","Escape Plan+1"],"picked":"SKIP","floor":38},{"not_picked":["Dodge and Roll","Acrobatics+1","Dagger Spray+1","Accuracy"],"picked":"Backstab+1","floor":39},{"not_picked":["Glass Knife","Backflip+1","Quick Slash+1","Sucker Punch","Acrobatics+1"],"picked":"SKIP","floor":41},{"not_picked":["Underhanded Strike","Dagger Throw","Outmaneuver+1","Dodge and Roll+1","Crippling Poison+1"],"picked":"SKIP","floor":42},{"not_picked":["Bane","Cloak And Dagger","Skewer+1","Setup","Backflip+1"],"picked":"SKIP","floor":44},{"not_picked":["Slice","Distraction","Flechettes","Concentrate+1","Deadly Poison"],"picked":"SKIP","floor":47},{"not_picked":["Flechettes","Venomology","Infinite Blades","Riddle With Holes+1","Deflect"],"picked":"SKIP","floor":48},{"not_picked":["Underhanded Strike","Setup","Infinite Blades","Dagger Spray","Slice"],"picked":"SKIP","floor":54}],"player_experience":155175,"relics_obtained":[{"floor":1,"key":"SynthV:TestCard"},{"floor":9,"key":"Bag of Marbles"},{"floor":13,"key":"Pen Nib"},{"floor":25,"key":"Red Mask"},{"floor":26,"key":"Ornamental Fan"},{"floor":41,"key":"Bag of Preparation"},{"floor":44,"key":"Toy Ornithopter"},{"floor":48,"key":"Ice Cream"},{"floor":54,"key":"Akabeko"}],"event_choices":[{"cards_removed":["Poisoned Stab"],"damage_healed":0,"gold_gain":0,"player_choice":"Gave Card","damage_taken":0,"relics_obtained":["Regal Pillow"],"max_hp_gain":0,"max_hp_loss":0,"event_name":"WeMeetAgain","floor":5,"gold_loss":0},{"damage_healed":0,"gold_gain":75,"player_choice":"Touch","damage_taken":7,"max_hp_gain":0,"max_hp_loss":0,"event_name":"FaceTrader","floor":19,"gold_loss":0},{"damage_healed":0,"gold_gain":0,"player_choice":"Obtained Relic","damage_taken":0,"relics_obtained":["Nunchaku"],"max_hp_gain":0,"max_hp_loss":0,"event_name":"Addict","floor":22,"gold_loss":85},{"damage_healed":0,"gold_gain":0,"player_choice":"Fought Bandits","damage_taken":0,"max_hp_gain":0,"max_hp_loss":0,"event_name":"Masked Bandits","floor":25,"gold_loss":0},{"damage_healed":0,"gold_gain":0,"player_choice":"Upgraded","damage_taken":0,"max_hp_gain":0,"max_hp_loss":0,"event_name":"Upgrade Shrine","floor":37,"gold_loss":0,"cards_upgraded":["Poisoned Stab"]},{"damage_healed":0,"gold_gain":0,"player_choice":"Memory 1","damage_taken":0,"max_hp_gain":0,"max_hp_loss":0,"event_name":"SensoryStone","floor":45,"gold_loss":0}],"is_beta":false,"boss_relics":[{"not_picked":["MostiFishMod:Hod","ExusiaiGun"],"picked":"FeatherPendant"},{"not_picked":["Velvet Choker","HaiYi:Twilight"],"picked":"SacredBark"}],"items_purged_floors":[6,10,27,27,36],"is_endless":false,"potions_floor_spawned":[2,4,7,14,16,18,21,24,31,33,35,38,44,48,54],"ascension_level":0}}