{"host":"ukx402utdi8v8522","time":1611309093,"event":{"mods":["AchievementEnabler","BaseMod","Colored Map","Downfall","Minty Spire (QoL Compilation)","StSLib"],"gold_per_floor":[114,114,131,131,8,43,43,71,118,118,137,137,147,179,191,299,311,333,356,381,409,431,443,485,497,588,615,644,666,678,789,801,813,813],"floor_reached":33,"language":"ENG","playtime":1131,"items_purged":["Regret"],"score":487,"play_id":"2ef6d0a9-0c45-4688-8d8d-899963b68564","local_time":"20210122205133","is_ascension_mode":true,"campfire_choices":[{"data":"Cloak And Dagger","floor":7,"key":"SMITH"},{"floor":10,"key":"REST"},{"data":"Footwork","floor":12,"key":"SMITH"},{"floor":15,"key":"REST"},{"floor":23,"key":"REST"},{"floor":25,"key":"REST"},{"data":"Blade Dance","floor":30,"key":"SMITH"},{"floor":32,"key":"REST"}],"circlet_count":0,"master_deck":["AscendersBane","Strike_G","Strike_G","Strike_G","Strike_G","Strike_G+1","Defend_G","Defend_G","Defend_G","Defend_G+1","Defend_G","Survivor","Neutralize","Slice","Catalyst","Cloak And Dagger+1","Dagger Throw","Footwork+1","Caltrops","Glass Knife","Deadly Poison","Die Die Die","Quick Slash","PiercingWail","Leg Sweep+1","Dodge and Roll+1","Blade Dance+1","Tactician+1","Doubt","Blur","Deflect+1"],"relics":["Ring of the Snake","NeowsBlessing","Potion Belt","Matryoshka","Mummified Hand","Bag of Marbles","Vajra","MawBank","Cursed Key","Juzu Bracelet","Snake Skull","Shuriken"],"acts_visited":["Exordium","TheCity"],"potions_floor_usage":[8,8,14,16,22,24,33,33],"damage_taken":[{"damage":0,"enemies":"Cultist","floor":1,"turns":1},{"damage":0,"enemies":"2 Louse","floor":3,"turns":1},{"damage":0,"enemies":"3 Sentries","floor":6,"turns":1},{"damage":28,"enemies":"Gremlin Nob","floor":8,"turns":5},{"damage":0,"enemies":"Jaw Worm","floor":11,"turns":2},{"damage":0,"enemies":"Exordium Wildlife","floor":13,"turns":2},{"damage":17,"enemies":"3 Sentries","floor":14,"turns":7},{"damage":25,"enemies":"The Guardian","floor":16,"turns":12},{"damage":6,"enemies":"3 Byrds","floor":18,"turns":4},{"damage":13,"enemies":"Shell Parasite","floor":19,"turns":3},{"damage":9,"enemies":"Sentry and Sphere","floor":20,"turns":5},{"damage":2,"enemies":"Centurion and Healer","floor":21,"turns":7},{"damage":21,"enemies":"Snake Plant","floor":22,"turns":4},{"damage":13,"enemies":"Book of Stabbing","floor":24,"turns":4},{"damage":0,"enemies":"Snecko","floor":27,"turns":4},{"damage":16,"enemies":"Shelled Parasite and Fungi","floor":28,"turns":6},{"damage":2,"enemies":"3 Cultists","floor":29,"turns":4},{"damage":47,"enemies":"Collector","floor":33,"turns":8}],"seed_played":"-3030956124740625569","potions_obtained":[{"floor":3,"key":"Block Potion"},{"floor":6,"key":"SpeedPotion"},{"floor":11,"key":"AttackPotion"},{"floor":14,"key":"EssenceOfSteel"},{"floor":18,"key":"PowerPotion"},{"floor":21,"key":"CunningPotion"},{"floor":28,"key":"BlessingOfTheForge"},{"floor":29,"key":"ColorlessPotion"}],"is_trial":false,"path_per_floor":["M","?","M","?","$","E","R","E","T","R","M","R","M","E","R","B",null,"M","M","M","M","M","R","E","R","T","M","M","M","R","?","R","B"],"character_chosen":"THE_SILENT","items_purchased":["Cloak And Dagger"],"campfire_rested":5,"item_purchase_floors":[5],"current_hp_per_floor":[63,63,63,49,49,49,49,21,21,42,42,42,42,25,46,21,58,52,39,30,28,7,28,15,36,36,36,20,18,18,18,39,0,0],"gold":813,"neow_bonus":"THREE_ENEMY_KILL","is_daily":false,"chose_seed":false,"campfire_upgraded":3,"win_rate":0.0,"timestamp":1611309093,"path_taken":["M","?","M","?","?","E","R","E","T","R","?","R","M","E","R","BOSS","M","M","M","M","M","R","E","R","T","M","M","M","R","?","R","BOSS"],"items_purchased_type":["Card"],"build_version":"2020-12-22","purchased_purges":1,"victory":false,"max_hp_per_floor":[70,70,70,70,70,70,70,70,70,70,70,70,70,70,70,70,70,70,70,70,70,70,70,70,70,70,70,70,70,70,70,70,70,70],"card_choices":[{"not_picked":["Outmaneuver","Sucker Punch"],"picked":"Slice","floor":1},{"not_picked":["Backflip","Terror"],"picked":"Catalyst","floor":3},{"not_picked":["Escape Plan","Dodge and Roll"],"picked":"Dagger Throw","floor":6},{"not_picked":["Dodge and Roll","Slice"],"picked":"Footwork","floor":8},{"not_picked":["Heel Hook","Dodge and Roll"],"picked":"Caltrops","floor":11},{"not_picked":["Flechettes","Dagger Throw"],"picked":"Glass Knife","floor":13},{"not_picked":["Bane","Outmaneuver"],"picked":"Deadly Poison","floor":14},{"not_picked":["Glass Knife","Phantasmal Killer"],"picked":"Die Die Die","floor":16},{"not_picked":["Dagger Throw","Eviscerate"],"picked":"Quick Slash","floor":18},{"not_picked":["Flying Knee+1","Cloak And Dagger"],"picked":"PiercingWail","floor":19},{"not_picked":["Cloak And Dagger","Slice"],"picked":"Leg Sweep+1","floor":20},{"not_picked":["Underhanded Strike","Deflect+1"],"picked":"Dodge and Roll+1","floor":21},{"not_picked":["Prepared","Tools of the Trade"],"picked":"Blade Dance","floor":22},{"not_picked":["Malaise","Blur"],"picked":"Tactician+1","floor":24},{"not_picked":["Dagger Throw","Choke","Underhanded Strike"],"picked":"SKIP","floor":27},{"not_picked":["Masterful Stab","Well Laid Plans"],"picked":"Blur","floor":28},{"not_picked":["Setup+1","Blur"],"picked":"Deflect+1","floor":29}],"player_experience":527280,"relics_obtained":[{"floor":6,"key":"Matryoshka"},{"floor":8,"key":"Mummified Hand"},{"floor":9,"key":"Bag of Marbles"},{"floor":9,"key":"Vajra"},{"floor":14,"key":"MawBank"},{"floor":24,"key":"Juzu Bracelet"},{"floor":26,"key":"Snake Skull"},{"floor":26,"key":"Shuriken"}],"event_choices":[{"damage_healed":0,"gold_gain":0,"player_choice":"Box","damage_taken":0,"relics_obtained":["Potion Belt"],"max_hp_gain":0,"max_hp_loss":0,"event_name":"Big Fish","floor":2,"gold_loss":0,"cards_obtained":["Regret"]},{"damage_healed":0,"gold_gain":0,"player_choice":"Entered Light","damage_taken":14,"max_hp_gain":0,"max_hp_loss":0,"event_name":"Shining Light","floor":4,"gold_loss":0,"cards_upgraded":["Defend_G","Strike_G"]},{"damage_healed":0,"gold_gain":99,"player_choice":"Stole From Cult","damage_taken":0,"max_hp_gain":0,"max_hp_loss":0,"event_name":"Nest","floor":31,"gold_loss":0}],"is_beta":false,"boss_relics":[{"not_picked":["Calling Bell","Coffee Dripper"],"picked":"Cursed Key"}],"items_purged_floors":[5],"is_endless":false,"potions_floor_spawned":[3,6,11,14,18,21,28,29],"killed_by":"Collector","ascension_level":11}}