{"host":"j07c9owmfahsj8nv","time":1611291969,"event":{"mods":["AchievementEnabler","BaseMod","Custom Start","Minty Spire (QoL Compilation)","Relic Filter","Remove Card Discount Mod","Replay The Spire","StSLib"],"gold_per_floor":[114,114,114,65,79,120,154,154,154,194,237,237,253,286,286,405,405,429,14,14,45,89,128,195,267,321,78,144,191,250,303,303,474,474,522,30,119,161,241,299,299,299,299,356,356,407,476,476,476,550],"floor_reached":51,"language":"ZHS","playtime":2796,"items_purged":["Injury","Strike_R","Defend_R","Decay","Strike_R+1","Strike_R+1"],"score":1569,"play_id":"1d6487ab-fbba-4871-b41a-5c25353193e1","local_time":"20210122130609","daily_mods":["Flight","DeadlyEvents","Elite Swarm"],"is_ascension_mode":false,"campfire_choices":[{"data":"Defend_R","floor":15,"key":"PURGE"},{"floor":32,"key":"DIG"},{"floor":41,"key":"DIG"},{"data":"Strike_R+3","floor":45,"key":"SMITH"},{"floor":49,"key":"DIG"}],"circlet_count":0,"master_deck":["Strike_R+4","Defend_R+2","FollowUp+1","Cleave+1","Flex+1","Shrug It Off+1","Offering+1","Brutality+1","Exhume+1","Anger+1","Replay:Many Hands+1","Feed+1","Double Tap+1","Bloodletting+1","Clash+1","Flash of Steel+1","Warcry+1"],"relics":["Burning Blood","Membership Card","Frozen Egg 2","Toxic Egg 2","Molten Egg 2","Empty Cage","Golden Idol","Mercury Hourglass","The Courier","Blood Vial","Simple Rune","Kunai","Darkstone Periapt","Replay:Bottled Flurry","Runic Cube","Guide Book","Snack Pack","Self Forming Clay","Divine Protection","Strawberry","Ornamental Fan","Replay:Towering Pillar of Hats","Replay:Bandana","Unceasing Top","PreservedInsect","Nunchaku","ClockworkSouvenir","Shovel","Bag of Preparation","Anchor","Champion Belt","Replay:Bottled Eggs","MealTicket","Dream Catcher","Charon\u0027s Ashes","Singing Bowl","Replay:Mystery Machine","Paper Frog","War Paint","Replay:Kaleidoscope","ReplayTheSpireMod:Shallot","Question Card","Replay:Baseball","Replay:Multitool","Gremlin Horn","Counterbalance","Potion Belt","Another Sword"],"acts_visited":["Exordium","TheCity","TheBeyond"],"potions_floor_usage":[14,21,22,25,29,29,33,37,38,46,47,50,50],"damage_taken":[{"damage":6,"enemies":"Cultist","floor":1,"turns":3},{"damage":0,"enemies":"Small Slimes","floor":5,"turns":2},{"damage":8,"enemies":"Gremlin Nob","floor":6,"turns":3},{"damage":6,"enemies":"3 Sentries","floor":7,"turns":5},{"damage":11,"enemies":"Replay:BlueRogue","floor":10,"turns":3},{"damage":7,"enemies":"Lagavulin","floor":11,"turns":2},{"damage":0,"enemies":"2 Louse","floor":13,"turns":1},{"damage":1,"enemies":"Gremlin Nob","floor":14,"turns":2},{"damage":21,"enemies":"The Guardian","floor":16,"turns":4},{"damage":21,"enemies":"2 Thieves","floor":18,"turns":2},{"damage":14,"enemies":"Replay:Snechameleon","floor":21,"turns":2},{"damage":0,"enemies":"Gremlin Leader","floor":22,"turns":2},{"damage":13,"enemies":"Slavers","floor":23,"turns":2},{"damage":14,"enemies":"Gremlin Leader","floor":24,"turns":2},{"damage":16,"enemies":"Replay:Snechameleon","floor":25,"turns":4},{"damage":0,"enemies":"Book of Stabbing","floor":28,"turns":3},{"damage":0,"enemies":"Slavers","floor":29,"turns":2},{"damage":0,"enemies":"Gremlin Leader","floor":30,"turns":2},{"damage":0,"enemies":"Book of Stabbing","floor":31,"turns":2},{"damage":0,"enemies":"Champ","floor":33,"turns":3},{"damage":0,"enemies":"3 Darklings","floor":35,"turns":1},{"damage":0,"enemies":"2 Orb Walkers","floor":37,"turns":2},{"damage":0,"enemies":"3 Shapes","floor":38,"turns":2},{"damage":0,"enemies":"R_Hoarder","floor":39,"turns":2},{"damage":0,"enemies":"Nemesis","floor":40,"turns":3},{"damage":0,"enemies":"Reptomancer","floor":44,"turns":1},{"damage":0,"enemies":"Maw","floor":46,"turns":2},{"damage":5,"enemies":"R_Hoarder","floor":47,"turns":3},{"damage":1,"enemies":"Awakened One","floor":50,"turns":4}],"seed_played":"3342843466598730771","potions_obtained":[{"floor":10,"key":"Strength Potion"},{"floor":13,"key":"Strength Potion"},{"floor":14,"key":"LiquidMemories"},{"floor":23,"key":"PowerPotion"},{"floor":24,"key":"SteroidPotion"},{"floor":25,"key":"Explosive Potion"},{"floor":28,"key":"Dexterity Potion"},{"floor":30,"key":"LifebloodPotion"},{"floor":31,"key":"Explosive Potion"},{"floor":33,"key":"Energy Potion"},{"floor":37,"key":"LifebloodPotion"},{"floor":40,"key":"Strength Potion"},{"floor":44,"key":"SteroidPotion"},{"floor":46,"key":"CultistPotion"}],"is_trial":true,"path_per_floor":["M","?","?","$","M","E","E","T","T","E","E","?","M","E","R","B",null,"M","$","?","E","E","E","E","E","T","$","E","E","E","E","R","B",null,"M","$","?","M","E","E","R","?","T","E","R","M","E","T","R","B",null],"character_chosen":"IRONCLAD","items_purchased":["Cleave+1","Flex+1","Guide Book","Snack Pack","Self Forming Clay","Divine Protection","Strawberry","ClockworkSouvenir","Shovel","Bag of Preparation","Clash+1","Charon\u0027s Ashes","Singing Bowl","Replay:Mystery Machine","Paper Frog","War Paint","Flash of Steel+1"],"campfire_rested":0,"item_purchase_floors":[4,4,19,19,19,19,19,27,27,27,36,36,36,36,36,36,36],"current_hp_per_floor":[80,80,80,80,80,78,78,78,78,75,76,60,68,75,75,62,80,65,72,78,76,90,92,93,91,91,91,101,105,109,113,113,113,113,113,113,115,115,117,123,123,123,123,129,129,135,137,137,137,141],"gold":550,"neow_bonus":"","is_daily":false,"chose_seed":false,"campfire_upgraded":1,"win_rate":0.0,"timestamp":1611291969,"path_taken":["M","?","?","$","?","E","E","?","T","E","?","?","?","E","R","BOSS","M","$","?","?","?","E","E","E","T","$","?","E","E","E","R","BOSS","M","$","?","?","?","E","R","?","T","E","R","?","?","?","R","BOSS"],"items_purchased_type":["Card","Card","Relic","Relic","Relic","Relic","Relic","Relic","Relic","Relic","Card","Relic","Relic","Relic","Relic","Relic","Card"],"build_version":"2020-12-22","purchased_purges":6,"victory":true,"max_hp_per_floor":[80,80,80,80,80,80,80,80,80,80,80,80,80,80,80,80,80,80,87,93,93,93,97,101,101,101,101,101,105,109,113,113,113,113,113,113,115,115,117,123,123,123,123,129,129,135,137,137,137,141],"card_choices":[{"not_picked":["Clothesline+1","Defy Death+1"],"picked":"Cleave+1","floor":1},{"not_picked":["Sword Boomerang+1","Intimidate+1"],"picked":"Shrug It Off+1","floor":5},{"not_picked":["Limit Break+1","Juggernaut+1"],"picked":"Offering+1","floor":6},{"not_picked":["Reaper+1","Demonic Infusion+1"],"picked":"Brutality+1","floor":7},{"not_picked":["Reaper+1","Limit Break+1"],"picked":"Exhume+1","floor":10},{"not_picked":["Immolate+1","Fiend Fire+1","Impervious+1"],"picked":"SKIP","floor":11},{"not_picked":["Perfected Strike+1","Havoc+1"],"picked":"Anger+1","floor":13},{"not_picked":["Corruption+1","Eclipse+1","Brutality+1"],"picked":"SKIP","floor":14},{"not_picked":["Anger+1","Sentinel+1","Flex+1"],"picked":"SKIP","floor":18},{"not_picked":["Brutality+1","Juggernaut+1"],"picked":"Replay:Many Hands+1","floor":21},{"not_picked":["Immolate+1","Reaper+1"],"picked":"Feed+1","floor":22},{"not_picked":["Limit Break+1","Berserk+1","Replay:Many Hands+1"],"picked":"SKIP","floor":23},{"not_picked":["Eclipse+1","Brutality+1","Fiend Fire+1"],"picked":"SKIP","floor":24},{"not_picked":["Feed+1","Corruption+1","Immolate+1"],"picked":"SKIP","floor":25},{"not_picked":["Limit Break+1","Exhume+1","Brutality+1"],"picked":"SKIP","floor":28},{"not_picked":["Berserk+1","Demon Form+1","Replay:Many Hands+1"],"picked":"SKIP","floor":29},{"not_picked":["Reaper+1","Berserk+1","Demonic Infusion+1"],"picked":"SKIP","floor":30},{"not_picked":["Brutality+1","Impervious+1","Hemogenesis+1"],"picked":"SKIP","floor":31},{"not_picked":["Corruption+1","Fiend Fire+1"],"picked":"Double Tap+1","floor":33},{"not_picked":["Perfected Strike+1","Fire Breathing+1"],"picked":"Bloodletting+1","floor":35},{"not_picked":["Perfected Strike+1","Cleave+1","Pommel Strike+1"],"picked":"Singing Bowl","floor":37},{"not_picked":["Iron Wave+1","Cleave+1"],"picked":"Warcry+1","floor":38},{"not_picked":["Bludgeon+1","Exhume+1","Feed+1"],"picked":"Singing Bowl","floor":39},{"not_picked":["Exhume+1","Replay:Many Hands+1","Demonic Infusion+1"],"picked":"Singing Bowl","floor":40},{"not_picked":["Demon Form+1","Feed+1","Demonic Infusion+1","Juggernaut+1"],"picked":"Singing Bowl","floor":44},{"not_picked":["True Grit+1","Anger+1","Searing Blow+1","Flame Barrier+1"],"picked":"Singing Bowl","floor":46},{"not_picked":["Offering+1","Immolate+1","Eclipse+1","Juggernaut+1"],"picked":"Singing Bowl","floor":47}],"player_experience":27331,"relics_obtained":[{"floor":6,"key":"Mercury Hourglass"},{"floor":7,"key":"The Courier"},{"floor":8,"key":"Blood Vial"},{"floor":9,"key":"Simple Rune"},{"floor":10,"key":"Kunai"},{"floor":11,"key":"Darkstone Periapt"},{"floor":14,"key":"Replay:Bottled Flurry"},{"floor":21,"key":"Ornamental Fan"},{"floor":22,"key":"Replay:Towering Pillar of Hats"},{"floor":23,"key":"Replay:Bandana"},{"floor":24,"key":"Unceasing Top"},{"floor":25,"key":"PreservedInsect"},{"floor":26,"key":"Nunchaku"},{"floor":28,"key":"Anchor"},{"floor":29,"key":"Champion Belt"},{"floor":30,"key":"Replay:Bottled Eggs"},{"floor":31,"key":"MealTicket"},{"floor":32,"key":"Dream Catcher"},{"floor":37,"key":"Replay:Kaleidoscope"},{"floor":39,"key":"ReplayTheSpireMod:Shallot"},{"floor":40,"key":"Question Card"},{"floor":41,"key":"Replay:Baseball"},{"floor":43,"key":"Replay:Multitool"},{"floor":44,"key":"Gremlin Horn"},{"floor":47,"key":"Counterbalance"},{"floor":48,"key":"Potion Belt"},{"floor":49,"key":"Another Sword"}],"event_choices":[{"damage_healed":0,"gold_gain":0,"player_choice":"Take Wound","damage_taken":0,"relics_obtained":["Golden Idol"],"max_hp_gain":0,"max_hp_loss":0,"event_name":"Golden Idol","floor":2,"gold_loss":0,"cards_obtained":["Injury"]},{"cards_removed":["Cleave"],"damage_healed":0,"gold_gain":0,"player_choice":"Took Card","damage_taken":0,"max_hp_gain":0,"max_hp_loss":0,"event_name":"NoteForYourself","floor":3,"gold_loss":0,"cards_obtained":["FollowUp"]},{"damage_healed":0,"gold_gain":0,"player_choice":"Entered Light","damage_taken":16,"max_hp_gain":0,"max_hp_loss":0,"event_name":"Shining Light","floor":12,"gold_loss":0,"cards_upgraded":["Strike_R","Bash"]},{"damage_healed":0,"gold_gain":0,"player_choice":"Cursed","damage_taken":0,"max_hp_gain":0,"max_hp_loss":0,"event_name":"Wheel of Change","floor":20,"gold_loss":0,"cards_obtained":["Decay"]},{"damage_healed":0,"gold_gain":0,"player_choice":"Fight","damage_taken":0,"max_hp_gain":0,"max_hp_loss":0,"event_name":"Mysterious Sphere","floor":37,"gold_loss":0},{"cards_removed":["Bash"],"damage_healed":0,"gold_gain":0,"player_choice":"Removed Attack","damage_taken":0,"max_hp_gain":0,"max_hp_loss":0,"event_name":"Falling","floor":42,"gold_loss":0}],"is_beta":false,"boss_relics":[{"not_picked":["Runic Pyramid","Ring of Chaos"],"picked":"Runic Cube"},{"not_picked":["Replay:Drink Me","Replay:Wanted Poster","Replay:Grab Bag"]}],"items_purged_floors":[4,4,4,27,27,27],"is_endless":false,"potions_floor_spawned":[10,13,14,23,24,25,28,30,31,33,37,40,44,46],"ascension_level":0}}