{"host":"a1eatafr7pisesky","time":1611299998,"event":{"mods":["AchievementEnabler","BaseMod","Colored Map","Keyboard Shortcuts","Minty Spire (QoL Compilation)","Say the Spire","StSLib","SuperFastMode","everything is the same but u backflip on backflip"],"gold_per_floor":[117,117,131,306,306,306,381,381,454,469,493,493,493,173,173,297,360,379,379,399,399,399],"floor_reached":21,"language":"KOR","playtime":404,"items_purged":["Strike_B"],"score":251,"play_id":"295946ed-0185-446c-a3c8-87d1d5b8fbe3","local_time":"20210122161958","is_ascension_mode":true,"campfire_choices":[{"floor":6.0,"key":"REST"},{"floor":12.0,"key":"REST"},{"data":"Fission","floor":15.0,"key":"SMITH"}],"circlet_count":0,"master_deck":["AscendersBane","Strike_B","Strike_B+1","Defend_B","Defend_B","Defend_B","Zap","Dualcast","Fission+1","Skim","Turbo+1","Rebound","Echo Form","Ball Lightning+1","Electrodynamics","White Noise"],"relics":["Cracked Core","Golden Idol","Singing Bowl","Question Card","Sundial","Tiny House"],"acts_visited":["Exordium","TheCity"],"potions_floor_usage":[21],"damage_taken":[{"damage":14.0,"enemies":"Small Slimes","floor":1.0,"turns":4.0},{"damage":16.0,"enemies":"2 Louse","floor":3.0,"turns":3.0},{"damage":7.0,"enemies":"Jaw Worm","floor":10.0,"turns":3.0},{"damage":7.0,"enemies":"Large Slime","floor":11.0,"turns":6.0},{"damage":33.0,"enemies":"Hexaghost","floor":16.0,"turns":9.0},{"damage":37.0,"enemies":"Shell Parasite","floor":18.0,"turns":5.0},{"damage":13.0,"enemies":"3 Byrds","floor":20.0,"turns":2.0},{"damage":12,"enemies":"3 Cultists","floor":21,"turns":2}],"seed_played":"-8106753428980805960","potions_obtained":[{"floor":3.0,"key":"SteroidPotion"},{"floor":10.0,"key":"DistilledChaos"},{"floor":16.0,"key":"Ancient Potion"},{"floor":17.0,"key":"FearPotion"},{"floor":18.0,"key":"LiquidMemories"}],"is_trial":false,"path_per_floor":["M","?","M","?","?","R","?","T","T","M","M","R","?","$","R","B",null,"M","?","M","M"],"character_chosen":"DEFECT","items_purchased":["Sundial"],"campfire_rested":2,"item_purchase_floors":[14],"current_hp_per_floor":[54,40,24,24,24,42,31,31,31,24,17,35,35,35,35,2,53,18,18,7,0,0],"gold":399,"neow_bonus":"TRANSFORM_TWO_CARDS","is_daily":false,"chose_seed":false,"campfire_upgraded":1,"win_rate":0.0,"timestamp":1611299998,"path_taken":["M","?","M","?","?","R","?","?","T","M","?","R","?","$","R","BOSS","M","?","M","M"],"items_purchased_type":["Relic"],"build_version":"2020-12-22","purchased_purges":1,"victory":false,"max_hp_per_floor":[68,68,68,68,63,63,63,63,63,63,63,63,63,63,63,63,68,70,70,72,72,72],"card_choices":[{"not_picked":["Heatsinks","Beam Cell"],"picked":"Turbo","floor":1.0},{"not_picked":["Steam Power","Stack"],"picked":"Rebound","floor":3.0},{"not_picked":["Go for the Eyes","Barrage","Conserve Battery"],"picked":"Echo Form","floor":10.0},{"not_picked":["Auto Shields","Turbo","Rip and Tear"],"picked":"Ball Lightning","floor":11.0},{"not_picked":["Seek","Machine Learning","Amplify"],"picked":"Electrodynamics","floor":16.0},{"not_picked":["Darkness","Steam","Turbo"],"picked":"White Noise","floor":17.0},{"not_picked":["Blizzard+1","Turbo+1","Force Field","Gash"],"picked":"Singing Bowl","floor":18.0},{"not_picked":["Rebound+1","Scrape+1","Stack","Hyperbeam"],"picked":"Singing Bowl","floor":20}],"player_experience":338494,"relics_obtained":[{"floor":8.0,"key":"Singing Bowl"},{"floor":9.0,"key":"Question Card"}],"event_choices":[{"damage_healed":0.0,"max_hp_gain":0.0,"max_hp_loss":0.0,"gold_gain":0.0,"event_name":"Shining Light","player_choice":"Entered Light","floor":2.0,"gold_loss":0.0,"damage_taken":14.0,"cards_upgraded":["Strike_B","Turbo"]},{"damage_healed":0.0,"max_hp_gain":0.0,"max_hp_loss":0.0,"gold_gain":175.0,"event_name":"Liars Game","player_choice":"AGREE","floor":4.0,"gold_loss":0.0,"damage_taken":0.0,"cards_obtained":["Doubt"]},{"damage_healed":0.0,"max_hp_gain":0.0,"max_hp_loss":5.0,"gold_gain":0.0,"event_name":"Golden Idol","player_choice":"Lose Max HP","floor":5.0,"gold_loss":0.0,"damage_taken":0.0,"relics_obtained":["Golden Idol"]},{"damage_healed":0.0,"max_hp_gain":0.0,"max_hp_loss":0.0,"gold_gain":75.0,"event_name":"World of Goop","player_choice":"Gather Gold","floor":7.0,"gold_loss":0.0,"damage_taken":11.0},{"cards_removed":["Doubt"],"damage_healed":0.0,"max_hp_gain":0.0,"max_hp_loss":0.0,"gold_gain":0.0,"event_name":"Living Wall","player_choice":"Forget","floor":13.0,"gold_loss":0.0,"damage_taken":0.0},{"damage_healed":0.0,"max_hp_gain":0.0,"max_hp_loss":0.0,"gold_gain":0.0,"event_name":"The Mausoleum","player_choice":"Ignored","floor":19.0,"gold_loss":0.0,"damage_taken":0.0}],"is_beta":false,"boss_relics":[{"not_picked":["Fusion Hammer","Pandora\u0027s Box"],"picked":"Tiny House"}],"items_purged_floors":[14],"is_endless":false,"potions_floor_spawned":[3,10,16,18],"killed_by":"3 Cultists","ascension_level":10}}