{"host":"p5axfb00mxhraew6","time":1611324726,"event":{"mods":["Abigail Mod","Act Like it!","BaseMod","CapriCore","Friendly Minions","GifTheSpireLib","Jedi Mod","KomeijiMod","Lobotomy","MarisaÅiñ∂âJÅ@ñÇóùçπÅj","Minty Spire (QoL Compilation)","Prisma Mod","ReimuÅiîé??öÎÅj","RemiliaÅiÂQïƒ‰ª?Åj","SOSÅiézîb?îVéqÅj","StSLib","Td1madao Mod","The Alterego","The Immortal","The Problem Sleuth","Yakumo Yukari mod"],"gold_per_floor":[111,71,84,60,60,60,71,71,118,150,169,200,212,230,230,304,304,304,304,23,23,23,23,23,23,23,23,23,23,23,23,23,23,23,23,23,23,23,23,23,23,23,23,23,23,23,23,23,23,23,23,23,23,23,23,23],"floor_reached":57,"language":"ENG","playtime":2555,"items_purged":["CherryBlossoms"],"score":2247,"play_id":"60e7a98e-2e2d-4375-b0e9-42ffc538d230","local_time":"20210122231206","is_ascension_mode":true,"campfire_choices":[{"floor":40,"key":"RECALL"},{"data":"Twilight","floor":49,"key":"SMITH"},{"data":"Mimicry","floor":53,"key":"SMITH"}],"circlet_count":0,"master_deck":["SpecialBullet","SpecialBullet","SpecialBullet","SpecialBullet","SpecialBullet","SpecialBullet","SpecialBullet","InformationCode","SecurityCode","ExtractionCode","DaCapo","OldLady","Lamp+7","Spore","Lantern","OSAHOGD","SwordSharpenedByTears","UniverseFragment","Diffraction","ScreamingWedge","Horn","MHz","RapturousDream","Twilight+1","VoidDream","Mimicry+1","Pleasure+1","Wingbeat","WristCuter","Lantern","Lantern+1","CentralCode","Spore","GoldRush","TrainingCode","Noise","DaCapo","GoldRush","WristCuter","BlackSwan_ego+1","RapturousDream","Pleasure","Noise+1","Finesse","CENSORED_ego","Regret_ego+1","ShyLook","BlueScar","Hypocrisy","Regret_ego","WristCuter+1","Lantern+1","Noise+1","CrimsonScar+1","Lantern+1","SpecialBullet","SpecialBullet","ScreamingWedge+1","SpecialBullet","SpecialBullet","WristCuter+1"],"relics":["CogitoBucket","RabbitCall","PaintedHorse:ReiMu","Omamori","Art of War","Bottled Lightning","Mercury Hourglass","Ectoplasm","PreservedInsect","Question Card","Bronze Scales","Smiling Mask","Calling Bell","Centennial Puzzle","Prayer Wheel","Molten Egg 2","Toxic Egg 2","Pear","RuthlessExorcism:ReiMu"],"acts_visited":["Exordium","TheCity","TheBeyond","TheEnding"],"potions_floor_usage":[56],"damage_taken":[{"damage":12.0,"enemies":"Jaw Worm","floor":1.0,"turns":2.0},{"damage":6.0,"enemies":"Cultist","floor":3.0,"turns":3.0},{"damage":4.0,"enemies":"2 Louse","floor":7.0,"turns":2.0},{"damage":36.0,"enemies":"3 Sentries","floor":10.0,"turns":5.0},{"damage":13.0,"enemies":"Blue Slaver","floor":11.0,"turns":4.0},{"damage":0.0,"enemies":"Lagavulin","floor":12.0,"turns":2.0},{"damage":14.0,"enemies":"Looter","floor":13.0,"turns":3.0},{"damage":0.0,"enemies":"Exordium Wildlife","floor":14.0,"turns":2.0},{"damage":6.0,"enemies":"The Guardian","floor":16.0,"turns":6.0},{"damage":12.0,"enemies":"Chosen","floor":18.0,"turns":2.0},{"damage":27.0,"enemies":"Shell Parasite","floor":19.0,"turns":4.0},{"damage":1.0,"enemies":"Centurion and Healer","floor":21.0,"turns":3.0},{"damage":25.0,"enemies":"Book of Stabbing","floor":24.0,"turns":4.0},{"damage":26.0,"enemies":"Gremlin Leader","floor":28.0,"turns":6.0},{"damage":4.0,"enemies":"Cultist and Chosen","floor":30.0,"turns":2.0},{"damage":0,"enemies":"Champ","floor":33,"turns":8},{"damage":4,"enemies":"Orb Walker","floor":35,"turns":3},{"damage":6,"enemies":"3 Darklings","floor":36,"turns":3},{"damage":0,"enemies":"Jaw Worm Horde","floor":38,"turns":3},{"damage":15,"enemies":"4 Shapes","floor":39,"turns":2},{"damage":13,"enemies":"Reptomancer","floor":41,"turns":3},{"damage":13,"enemies":"Maw","floor":45,"turns":3},{"damage":0,"enemies":"Sphere and 2 Shapes","floor":46,"turns":3},{"damage":0,"enemies":"Giant Head","floor":47,"turns":4},{"damage":8,"enemies":"Jaw Worm Horde","floor":48,"turns":3},{"damage":19,"enemies":"Awakened One","floor":50,"turns":10},{"damage":6,"enemies":"Shield and Spear","floor":55,"turns":3},{"damage":0,"enemies":"The Heart","floor":56,"turns":6}],"seed_played":"5644603970222827979","potions_obtained":[{"floor":1.0,"key":"LiquidMemories"},{"floor":10.0,"key":"Strength Potion"},{"floor":16.0,"key":"Block Potion"},{"floor":18.0,"key":"LiquidMemories"},{"floor":24.0,"key":"jedi:StrikingPotion"},{"floor":30.0,"key":"UndeadPotion"},{"floor":35,"key":"EssenceOfSteel"},{"floor":48,"key":"Weak Potion"}],"is_trial":false,"path_per_floor":["M","?","M","$","?","R","M","R","T","E","M","E","M","M","R","B",null,"M","M","$","M","$","R","E","R","T","R","E","R","M","?","R","B",null,"M","M","?","M","M","R","E","R","T","?","M","M","E","M","R","B",null,null,"R","$","E","B",null],"character_chosen":"Angela","items_purchased":["Lantern","PreservedInsect","Wingbeat"],"campfire_rested":0,"item_purchase_floors":[4,20,20],"current_hp_per_floor":[59,59,61,61,58,58,62,62,62,38,33,41,39,51,51,61,80,80,77,77,86,86,86,80,86,86,86,78,84,86,86,86,86,86,86,86,86,86,87,90,90,90,90,90,89,90,100,100,100,100,100,100,100,100,100,100],"gold":23,"neow_bonus":"ONE_RANDOM_RARE_CARD","is_daily":false,"chose_seed":false,"campfire_upgraded":2,"win_rate":0.0,"timestamp":1611324726,"path_taken":["M","?","M","$","?","R","M","R","T","E","M","E","?","M","R","BOSS","M","M","$","?","?","R","E","R","T","R","E","R","M","?","R","BOSS","M","M","?","M","M","R","E","R","T","?","M","M","E","M","R","BOSS","R","$","E","BOSS"],"items_purchased_type":["Card","Relic","Card"],"build_version":"2020-12-22","purchased_purges":1,"victory":true,"max_hp_per_floor":[70,70,70,70,70,70,70,70,70,74,74,74,78,82,82,86,86,86,86,86,86,86,86,86,86,86,86,86,86,86,86,86,86,86,86,86,86,86,90,90,90,90,90,90,90,90,100,100,100,100,100,100,100,100,100,100],"card_choices":[{"not_picked":["SnowQueen","FairyFestival"],"picked":"OldLady","floor":1.0},{"not_picked":["CherryBlossom","Tough"],"picked":"SKIP","floor":1.0},{"not_picked":["TodaysExpression"],"picked":"Lamp","floor":3.0},{"not_picked":["Noise"],"picked":"Spore","floor":3.0},{"not_picked":["Murderer","Variant"],"picked":"OSAHOGD","floor":7.0},{"not_picked":["FourthMatchFlame"],"picked":"SwordSharpenedByTears","floor":7.0},{"not_picked":["FairyFestival","Wellcheers"],"picked":"UniverseFragment","floor":10.0},{"not_picked":["Soda"],"picked":"Diffraction","floor":10.0},{"not_picked":["CrimsonScar","FeatherOfHonor"],"picked":"SKIP","floor":10.0},{"not_picked":["BloodyDesire","Beak"],"picked":"SKIP","floor":11.0},{"not_picked":["Beak","FourthMatchFlame"],"picked":"SKIP","floor":11.0},{"not_picked":["FrostShard","CUTE"],"picked":"SKIP","floor":12.0},{"not_picked":["BlueScar"],"picked":"ScreamingWedge","floor":13.0},{"not_picked":["FairyFestival","WallGazer"],"picked":"CherryBlossoms","floor":13.0},{"not_picked":["Noise"],"picked":"Horn","floor":13.0},{"not_picked":["SingingMachine","QueenBee"],"picked":"MHz","floor":14.0},{"not_picked":["Tough"],"picked":"RapturousDream","floor":14.0},{"not_picked":["Justitia"],"picked":"Twilight","floor":16.0},{"not_picked":["BeautyBeast","Mercenary"],"picked":"VoidDream","floor":16.0},{"not_picked":["TheSmile"],"picked":"Mimicry","floor":16.0},{"not_picked":["FourthMatchFlame"],"picked":"Pleasure+1","floor":18.0},{"not_picked":["MagicBullet","Soda"],"picked":"SKIP","floor":19.0},{"not_picked":["Tough","CUTE"],"picked":"SKIP","floor":19.0},{"not_picked":["Loneliness"],"picked":"WristCuter","floor":21.0},{"not_picked":["DaCapo"],"picked":"Lantern","floor":21.0},{"not_picked":["Hypocrisy"],"picked":"Lantern+1","floor":24.0},{"not_picked":["GrinderMk4","Beak"],"picked":"SKIP","floor":24.0},{"not_picked":["Noise","RapturousDream"],"picked":"Spore","floor":28.0},{"not_picked":["FourthMatchFlame","FrostShard+1"],"picked":"GoldRush","floor":28.0},{"not_picked":["FrostShard+1","SomewhereSpear"],"picked":"Noise","floor":30.0},{"not_picked":["Mimicry","Justitia"],"picked":"DaCapo","floor":33},{"not_picked":["Mimicry","DaCapo"],"picked":"GoldRush","floor":33},{"not_picked":["Lantern","SomewhereSpear"],"picked":"WristCuter","floor":35},{"not_picked":["Justitia","Soda"],"picked":"BlackSwan_ego+1","floor":35},{"not_picked":["BlueScar","FourthMatchFlame"],"picked":"RapturousDream","floor":35},{"not_picked":["Discord","FourthMatchFlame"],"picked":"Pleasure","floor":36},{"not_picked":["ParadiseLost","Horn+1"],"picked":"Noise+1","floor":36},{"not_picked":["Beak","FeatherOfHonor","Soda"],"picked":"SKIP","floor":36},{"not_picked":["Sadistic Nature","Jack Of All Trades"],"picked":"Finesse","floor":37},{"not_picked":["Horn+1","SomewhereSpear+1"],"picked":"CENSORED_ego","floor":38},{"not_picked":["Noise","RedEyes"],"picked":"Regret_ego+1","floor":38},{"not_picked":["Alriune","LittlePrince"],"picked":"ShyLook","floor":39},{"not_picked":["TodaysExpression","CherryBlossom+1"],"picked":"BlueScar","floor":39},{"not_picked":["SomewhereSpear","FeatherOfHonor"],"picked":"Hypocrisy","floor":39},{"not_picked":["Loneliness","RapturousDream+1"],"picked":"Regret_ego","floor":41},{"not_picked":["ShedSkin+1","Lantern+1"],"picked":"WristCuter+1","floor":45},{"not_picked":["LifeForTheDareDevil","Penitence+1"],"picked":"Lantern+1","floor":45},{"not_picked":["Soda","Reverberation+1"],"picked":"Noise+1","floor":46},{"not_picked":["Soda","Tough+1"],"picked":"CrimsonScar+1","floor":46},{"not_picked":["LifeForTheDareDevil","SomewhereSpear+1"],"picked":"Lantern+1","floor":47},{"not_picked":["Noise+1","Horn+1"],"picked":"ScreamingWedge+1","floor":48},{"not_picked":["Galaxy+1","Heaven+1","FourthMatchFlame+1"],"picked":"SKIP","floor":48},{"not_picked":["Beak+1","Penitence+1"],"picked":"WristCuter+1","floor":55}],"player_experience":1263382,"relics_obtained":[{"floor":9.0,"key":"Art of War"},{"floor":10.0,"key":"Bottled Lightning"},{"floor":12.0,"key":"Mercury Hourglass"},{"floor":24.0,"key":"Question Card"},{"floor":28.0,"key":"Bronze Scales"},{"floor":34,"key":"Centennial Puzzle"},{"floor":34,"key":"Prayer Wheel"},{"floor":41,"key":"Molten Egg 2"},{"floor":43,"key":"Toxic Egg 2"},{"floor":47,"key":"Pear"},{"floor":55,"key":"RuthlessExorcism:ReiMu"}],"event_choices":[{"damage_healed":0.0,"max_hp_gain":0.0,"max_hp_loss":0.0,"gold_gain":0.0,"event_name":"yidonshenshe","player_choice":"Donate","floor":2.0,"gold_loss":40.0,"damage_taken":0.0,"relics_obtained":["PaintedHorse:ReiMu"]},{"damage_healed":0.0,"max_hp_gain":0.0,"max_hp_loss":0.0,"gold_gain":0.0,"event_name":"Scrap Ooze","player_choice":"Success","floor":5.0,"gold_loss":0.0,"damage_taken":3.0,"relics_obtained":["Omamori"]},{"damage_healed":0,"gold_gain":0,"player_choice":"Stole Relic","damage_taken":0,"relics_obtained":["Smiling Mask"],"max_hp_gain":0,"max_hp_loss":0,"event_name":"Addict","floor":31,"gold_loss":0,"cards_obtained":["Shame"]},{"damage_healed":0,"gold_gain":0,"player_choice":"Memory 1","damage_taken":0,"max_hp_gain":0,"max_hp_loss":0,"event_name":"SensoryStone","floor":37,"gold_loss":0}],"is_beta":false,"boss_relics":[{"not_picked":["Snecko Eye","Runic Pyramid"],"picked":"Ectoplasm"},{"not_picked":["Tiny House","Busted Crown"],"picked":"Calling Bell"}],"items_purged_floors":[20],"is_endless":false,"potions_floor_spawned":[1,10,11,16,18,21,24,30,35,38,46,48],"ascension_level":13}}