{"host":"l6vifo5ajdb3p20b","time":1611333589,"event":{"mods":["2.2 Compatiblity","Arknights The Spire","BaseMod","Better Altar","Better Sensory Stone","Better Skull","Better Third Choice","BetterRewards","Block Reminder","Booster Modes","Card Forge","Colored Map","Defuse TimeMaze Blight","Energized Spire","Evolution","Minty Spire (QoL Compilation)","Relic Stats","StSLib","The Marked"],"gold_per_floor":[111,61,80,80,12,12,12],"floor_reached":6,"language":"ENG","playtime":1861,"items_purged":[],"score":36,"play_id":"755a55c0-32ae-468f-9288-4e5f25b3aeda","local_time":"20210122233949","is_ascension_mode":true,"campfire_choices":[],"circlet_count":0,"master_deck":["Strike_G","Strike_G","Strike_G","Strike_G","Defend_G","Defend_G","Defend_G","Defend_G","Defend_G","Survivor","Neutralize","Backstab","Acrobatics","Noxious Fumes"],"relics":["Hammer of Thor","Seething Fire","Anvil of the Gods","EVO:Axolotl","SlaversCollar"],"acts_visited":["Exordium"],"potions_floor_usage":[6],"damage_taken":[{"damage":2,"enemies":"Small Slimes","floor":1,"turns":6},{"damage":2,"enemies":"Cultist","floor":3,"turns":4},{"damage":11,"enemies":"Lagavulin","floor":6,"turns":7}],"seed_played":"1255794188762007390","potions_obtained":[{"floor":1,"key":"SkillPotion"}],"is_trial":false,"path_per_floor":["M","?","M","?","$","E"],"character_chosen":"THE_SILENT","items_purchased":["Noxious Fumes"],"campfire_rested":0,"item_purchase_floors":[5],"current_hp_per_floor":[68,68,66,59,59,48,48],"gold":12,"neow_bonus":"BOSS_RELIC","is_daily":false,"chose_seed":false,"campfire_upgraded":0,"win_rate":0.0,"timestamp":1611333589,"path_taken":["M","?","M","?","$","E"],"items_purchased_type":["Card"],"build_version":"2020-12-22","purchased_purges":0,"victory":false,"max_hp_per_floor":[70,70,70,70,70,70,70],"relic_stats":{"counters":[3,17],"obtain_stats":[{"SlaversCollar":0,"Anvil of the Gods":0,"Hammer of Thor":0,"EVO:Axolotl":0,"Seething Fire":0,"Ring of the Snake":0},{"SlaversCollar":0,"Anvil of the Gods":0,"Hammer of Thor":0,"EVO:Axolotl":0,"Seething Fire":0,"Ring of the Snake":0},{"SlaversCollar":0,"Anvil of the Gods":0,"Hammer of Thor":0,"EVO:Axolotl":0,"Seething Fire":0,"Ring of the Snake":0}]},"card_choices":[{"not_picked":["Flechettes","All Out Attack"],"picked":"Backstab","floor":1},{"not_picked":["Dodge and Roll","Bane"],"picked":"Acrobatics","floor":3}],"player_experience":825015,"relics_obtained":[],"event_choices":[{"cards_removed":["Strike_G"],"damage_healed":0,"gold_gain":0,"player_choice":"Card Removal","damage_taken":0,"max_hp_gain":0,"max_hp_loss":0,"event_name":"The Cleric","floor":2,"gold_loss":50},{"damage_healed":0,"gold_gain":0,"player_choice":"Damaged","damage_taken":7,"max_hp_gain":0,"max_hp_loss":0,"event_name":"Wheel of Change","floor":4,"gold_loss":0}],"is_beta":false,"boss_relics":[],"items_purged_floors":[],"is_endless":false,"potions_floor_spawned":[1],"killed_by":"Lagavulin","ascension_level":1}}