{"host":"03a85bwj0a5skoit","time":1611299871,"event":{"mods":["BaseMod","Block Reminder","Minty Spire (QoL Compilation)","Relic Stats","StSLib"],"gold_per_floor":[113,127,141,26,36,66,127,156,156,156,156,189,189,189,189],"floor_reached":14,"language":"ENG","playtime":428,"items_purged":["Strike_B"],"score":216,"play_id":"3162a7bc-eb36-4e66-95f6-d6785ca78d94","local_time":"20210122174751","is_ascension_mode":true,"campfire_choices":[{"floor":13,"key":"REST"}],"circlet_count":0,"master_deck":["AscendersBane","Strike_B","Strike_B","Strike_B","Defend_B","Defend_B","Defend_B","Defend_B","Zap","Dualcast","Compile Driver","Coolheaded","Sweeping Beam","Darkness","Auto Shields","Meteor Strike","Cold Snap","Parasite","Self Repair"],"relics":["Cracked Core","NeowsBlessing","Akabeko","Ornamental Fan","Letter Opener","Torii","Meat on the Bone"],"acts_visited":["Exordium"],"potions_floor_usage":[8],"damage_taken":[{"damage":0,"enemies":"Jaw Worm","floor":1,"turns":1},{"damage":0,"enemies":"2 Louse","floor":2,"turns":1},{"damage":0,"enemies":"Small Slimes","floor":3,"turns":1},{"damage":18,"enemies":"Red Slaver","floor":5,"turns":4},{"damage":16,"enemies":"3 Sentries","floor":6,"turns":7},{"damage":19,"enemies":"Lagavulin","floor":8,"turns":8},{"damage":16,"enemies":"3 Sentries","floor":12,"turns":8},{"damage":36,"enemies":"Gremlin Nob","floor":14,"turns":3}],"seed_played":"-4429341036560592029","potions_obtained":[{"floor":3,"key":"SteroidPotion"},{"floor":5,"key":"Strength Potion"}],"is_trial":false,"path_per_floor":["M","M","M","$","M","E","?","E","T","?","T","E","R","E"],"character_chosen":"DEFECT","items_purchased":["Darkness"],"campfire_rested":1,"item_purchase_floors":[4],"current_hp_per_floor":[64,64,64,64,46,30,30,11,11,28,28,12,33,0,0],"gold":189,"neow_bonus":"THREE_ENEMY_KILL","is_daily":false,"chose_seed":false,"campfire_upgraded":0,"win_rate":0.0,"timestamp":1611299871,"path_taken":["M","M","M","$","M","E","?","E","T","?","?","E","R","E"],"items_purchased_type":["Card"],"build_version":"2020-12-22","purchased_purges":1,"victory":false,"max_hp_per_floor":[71,71,71,71,71,71,71,71,71,71,71,71,71,71,71],"relic_stats":{"Torii":0,"counters":[8,33],"Ornamental Fan":[0],"Letter Opener":[0],"obtain_stats":[{"NeowsBlessing":0,"Torii":11,"Ornamental Fan":8,"Letter Opener":9,"Cracked Core":0,"Akabeko":6,"Meat on the Bone":12},{"NeowsBlessing":0,"Torii":6,"Ornamental Fan":6,"Letter Opener":6,"Cracked Core":0,"Akabeko":5,"Meat on the Bone":7},{"NeowsBlessing":0,"Torii":22,"Ornamental Fan":22,"Letter Opener":22,"Cracked Core":0,"Akabeko":14,"Meat on the Bone":30}],"Meat on the Bone":0},"card_choices":[{"not_picked":["Coolheaded","Chill"],"picked":"Compile Driver","floor":1},{"not_picked":["Hologram","Barrage"],"picked":"Coolheaded","floor":2},{"not_picked":["Doom and Gloom","Rebound"],"picked":"Sweeping Beam","floor":3},{"not_picked":["Double Energy","Doom and Gloom"],"picked":"Auto Shields","floor":5},{"not_picked":["Leap","Ball Lightning"],"picked":"Meteor Strike","floor":6},{"not_picked":["Compile Driver","Coolheaded"],"picked":"Cold Snap","floor":8},{"not_picked":["Steam Power","Undo"],"picked":"Self Repair","floor":12}],"player_experience":2350969,"relics_obtained":[{"floor":6,"key":"Akabeko"},{"floor":8,"key":"Ornamental Fan"},{"floor":9,"key":"Letter Opener"},{"floor":11,"key":"Torii"},{"floor":12,"key":"Meat on the Bone"}],"event_choices":[{"damage_healed":0,"gold_gain":61,"player_choice":"Gained Gold","damage_taken":0,"max_hp_gain":0,"max_hp_loss":0,"event_name":"Golden Wing","floor":7,"gold_loss":0},{"damage_healed":17,"gold_gain":0,"player_choice":"Healed and dodged fight","damage_taken":0,"max_hp_gain":0,"max_hp_loss":0,"event_name":"Mushrooms","floor":10,"gold_loss":0,"cards_obtained":["Parasite"]}],"is_beta":false,"boss_relics":[],"items_purged_floors":[4],"is_endless":false,"potions_floor_spawned":[3,5],"killed_by":"Gremlin Nob","ascension_level":20}}