{"host":"ml2ro5l6hu6y0pll","time":1611324111,"event":{"mods":["AchievementEnabler","BaseMod","Colored Map","Colored Powertips","Custom Start","Googly Eyes","Minty Spire (QoL Compilation)","Quick Restart","Rare Cards Sparkle","Relic Stats","StSLib","everything is the same but u backflip on backflip"],"gold_per_floor":[112,126,144,161,175,210,210,242,265,297,0,10,25,54,54,127,127,146,146,146,166,193,225,225,159,186,186,216,231,259,287,287,362,362,376,390,409,278,17,45,77,77,77,132,166,30,55,88,88,88,88],"floor_reached":52,"language":"ENG","playtime":2074,"items_purged":[],"score":3062,"play_id":"101eaf82-e330-43e0-80d3-275f615edf63","local_time":"20210122140151","daily_mods":["Flight","DeadlyEvents"],"is_ascension_mode":true,"campfire_choices":[{"data":"Whirlwind","floor":7,"key":"SMITH"},{"data":"Exhume","floor":15,"key":"SMITH"},{"data":"Feed","floor":24,"key":"SMITH"},{"data":"Demon Form","floor":27,"key":"SMITH"},{"data":"Feed","floor":32,"key":"SMITH"},{"data":"Flame Barrier","floor":42,"key":"SMITH"},{"data":"Flame Barrier","floor":49,"key":"SMITH"}],"circlet_count":0,"master_deck":["Sword Boomerang","Feed+1","Flame Barrier+1","Impervious","Ghostly Armor","Shrug It Off","Shrug It Off","Pommel Strike","Whirlwind+1","Uppercut","Shockwave+1","Blood for Blood","Clothesline","Feed+1","Exhume+1","Demon Form+1","RitualDagger","True Grit+1","Flame Barrier","Second Wind","Flame Barrier+1","Reaper","Dual Wield+1"],"relics":["Burning Blood","Snecko Eye","Membership Card","Vajra","The Courier","Strawberry","HornCleat","Lantern","Bag of Marbles","Pen Nib","Mark of Pain","Happy Flower","Bottled Tornado","Lee\u0027s Waffle","Tiny Chest","Ornamental Fan","FossilizedHelix","Peace Pipe","Sozu","Centennial Puzzle","Orichalcum","Chemical X","Thread and Needle","Bronze Scales","StoneCalendar","Art of War","Mercury Hourglass","Unceasing Top","Lizard Tail","Akabeko","PreservedInsect","Nunchaku"],"acts_visited":["Exordium","TheCity","TheBeyond"],"potions_floor_usage":[6],"damage_taken":[{"damage":0,"enemies":"Jaw Worm","floor":1,"turns":4},{"damage":3,"enemies":"Small Slimes","floor":2,"turns":2},{"damage":0,"enemies":"Cultist","floor":3,"turns":2},{"damage":0,"enemies":"Blue Slaver","floor":4,"turns":3},{"damage":7,"enemies":"Gremlin Gang","floor":5,"turns":3},{"damage":10,"enemies":"3 Sentries","floor":6,"turns":4},{"damage":0,"enemies":"Lagavulin","floor":8,"turns":6},{"damage":10,"enemies":"3 Sentries","floor":10,"turns":3},{"damage":0,"enemies":"Large Slime","floor":12,"turns":1},{"damage":5,"enemies":"Blue Slaver","floor":13,"turns":2},{"damage":0,"enemies":"Gremlin Nob","floor":14,"turns":3},{"damage":0,"enemies":"Hexaghost","floor":16,"turns":6},{"damage":0,"enemies":"Spheric Guardian","floor":18,"turns":3},{"damage":0,"enemies":"2 Thieves","floor":21,"turns":1},{"damage":0,"enemies":"Book of Stabbing","floor":23,"turns":4},{"damage":34,"enemies":"Slavers","floor":28,"turns":7},{"damage":0,"enemies":"Snecko","floor":29,"turns":4},{"damage":28,"enemies":"Book of Stabbing","floor":30,"turns":5},{"damage":0,"enemies":"Gremlin Leader","floor":31,"turns":5},{"damage":40,"enemies":"Automaton","floor":33,"turns":8},{"damage":0,"enemies":"3 Shapes","floor":35,"turns":3},{"damage":0,"enemies":"3 Darklings","floor":36,"turns":1},{"damage":0,"enemies":"4 Shapes","floor":37,"turns":4},{"damage":0,"enemies":"Nemesis","floor":40,"turns":3},{"damage":10,"enemies":"Reptomancer","floor":41,"turns":7},{"damage":0,"enemies":"2 Orb Walkers","floor":44,"turns":3},{"damage":12,"enemies":"Giant Head","floor":45,"turns":6},{"damage":0,"enemies":"Nemesis","floor":47,"turns":5},{"damage":0,"enemies":"Giant Head","floor":48,"turns":3},{"damage":0,"enemies":"Donu and Deca","floor":50,"turns":6},{"damage":0,"enemies":"Time Eater","floor":51,"turns":6}],"seed_played":"-7029153280674155490","potions_obtained":[{"floor":3,"key":"Dexterity Potion"},{"floor":4,"key":"GamblersBrew"},{"floor":12,"key":"EssenceOfSteel"}],"is_trial":true,"path_per_floor":["M","M","M","M","M","E","R","E","T","E","$","M","M","E","R","B",null,"M","?","?","M","T","E","R","$","T","R","E","M","E","E","R","B",null,"M","M","M","$","$","E","E","R","T","?","E","$","E","E","R","B","B",null],"character_chosen":"IRONCLAD","items_purchased":["Exhume","HornCleat","Lantern","Bag of Marbles","Lee\u0027s Waffle","Centennial Puzzle","Orichalcum","Chemical X","Thread and Needle","Bronze Scales","Reaper","Akabeko"],"campfire_rested":0,"item_purchase_floors":[11,11,11,11,25,38,38,39,39,39,46,46],"current_hp_per_floor":[77,78,81,84,86,88,88,96,96,105,105,109,112,115,115,118,118,118,118,112,118,118,121,121,128,128,128,107,113,94,104,104,74,128,142,148,162,162,162,162,162,162,162,174,168,168,174,174,174,178,178],"gold":88,"neow_bonus":"","is_daily":false,"chose_seed":false,"campfire_upgraded":7,"win_rate":0.0,"timestamp":1611324111,"path_taken":["M","M","M","M","M","E","R","E","T","E","$","M","M","E","R","BOSS","M","?","?","M","?","E","R","$","T","R","E","M","E","E","R","BOSS","M","M","M","$","$","E","E","R","T","?","E","?","E","E","R","BOSS","BOSS"],"items_purchased_type":["Card","Relic","Relic","Relic","Relic","Relic","Relic","Relic","Relic","Relic","Card","Relic"],"build_version":"2020-12-22","purchased_purges":0,"victory":true,"max_hp_per_floor":[78,78,81,84,87,93,93,96,96,109,109,109,112,115,115,118,118,118,118,118,118,118,121,121,128,128,128,135,135,138,142,142,146,146,154,154,162,162,162,162,166,166,166,174,174,174,174,174,174,178,178],"relic_stats":{"Lee\u0027s Waffle":7,"Happy Flower":[26],"counters":[31,123],"StoneCalendar":[0],"Pen Nib":[12],"PreservedInsect":130,"Orichalcum":[6],"Burning Blood":118,"Mercury Hourglass":[81],"Peace Pipe":0,"Sozu":4,"Centennial Puzzle":[6],"Lizard Tail":0,"Nunchaku":[0],"Ornamental Fan":[36],"Bronze Scales":[108],"Snecko Eye":[178,195,174,225],"Tiny Chest":0,"Art of War":[8],"Chemical X":[11],"obtain_stats":[{"Lantern":11,"Vajra":6,"StoneCalendar":40,"Bottled Tornado":23,"Burning Blood":0,"Sozu":34,"Centennial Puzzle":38,"Lizard Tail":45,"Nunchaku":48,"HornCleat":11,"Strawberry":10,"Tiny Chest":26,"Chemical X":39,"Lee\u0027s Waffle":25,"Happy Flower":22,"Thread and Needle":39,"The Courier":8,"Pen Nib":14,"PreservedInsect":47,"Orichalcum":38,"Akabeko":46,"Mercury Hourglass":43,"Peace Pipe":31,"Ornamental Fan":28,"Bronze Scales":39,"Snecko Eye":0,"Mark of Pain":17,"Bag of Marbles":11,"Art of War":41,"Membership Card":0,"FossilizedHelix":30,"Unceasing Top":44},{"Lantern":8,"Vajra":6,"StoneCalendar":24,"Bottled Tornado":15,"Burning Blood":0,"Sozu":20,"Centennial Puzzle":23,"Lizard Tail":27,"Nunchaku":29,"HornCleat":8,"Strawberry":8,"Tiny Chest":15,"Chemical X":23,"Lee\u0027s Waffle":15,"Happy Flower":14,"Thread and Needle":23,"The Courier":7,"Pen Nib":11,"PreservedInsect":28,"Orichalcum":23,"Akabeko":27,"Mercury Hourglass":25,"Peace Pipe":19,"Ornamental Fan":16,"Bronze Scales":23,"Snecko Eye":0,"Mark of Pain":12,"Bag of Marbles":8,"Art of War":25,"Membership Card":0,"FossilizedHelix":18,"Unceasing Top":26},{"Lantern":27,"Vajra":18,"StoneCalendar":87,"Bottled Tornado":47,"Burning Blood":0,"Sozu":76,"Centennial Puzzle":84,"Lizard Tail":103,"Nunchaku":111,"HornCleat":27,"Strawberry":27,"Tiny Chest":47,"Chemical X":84,"Lee\u0027s Waffle":47,"Happy Flower":43,"Thread and Needle":84,"The Courier":24,"Pen Nib":33,"PreservedInsect":108,"Orichalcum":84,"Akabeko":103,"Mercury Hourglass":94,"Peace Pipe":68,"Ornamental Fan":54,"Bronze Scales":84,"Snecko Eye":0,"Mark of Pain":39,"Bag of Marbles":27,"Art of War":94,"Membership Card":0,"FossilizedHelix":63,"Unceasing Top":97}],"Unceasing Top":[0]},"card_choices":[{"not_picked":["Headbutt","Seeing Red"],"picked":"Blood for Blood","floor":1},{"not_picked":["True Grit","Clash"],"picked":"Clothesline","floor":2},{"not_picked":["Searing Blow","Sever Soul","Perfected Strike"],"picked":"SKIP","floor":3},{"not_picked":["Clash","Shrug It Off","Headbutt"],"picked":"SKIP","floor":4},{"not_picked":["Heavy Blade","Shrug It Off"],"picked":"Feed","floor":5},{"not_picked":["Havoc","Sword Boomerang","Body Slam"],"picked":"SKIP","floor":6},{"not_picked":["Dark Embrace","Havoc","Searing Blow"],"picked":"SKIP","floor":8},{"not_picked":["Iron Wave","Metallicize","Perfected Strike"],"picked":"SKIP","floor":10},{"not_picked":["Cleave","Thunderclap","Warcry"],"picked":"SKIP","floor":12},{"not_picked":["Pommel Strike","Anger","Ghostly Armor"],"picked":"SKIP","floor":13},{"not_picked":["Rupture","Rampage","Wild Strike"],"picked":"SKIP","floor":14},{"not_picked":["Reaper","Feed"],"picked":"Demon Form","floor":16},{"not_picked":["True Grit","Warcry","Dark Embrace"],"picked":"SKIP","floor":18},{"not_picked":["Shrug It Off","Iron Wave"],"picked":"True Grit+1","floor":21},{"not_picked":["Ghostly Armor","Feel No Pain"],"picked":"Flame Barrier","floor":23},{"not_picked":["Twin Strike","Corruption","Shrug It Off"],"picked":"SKIP","floor":28},{"not_picked":["Rage","Havoc"],"picked":"Second Wind","floor":29},{"not_picked":["Iron Wave","Disarm","Clash"],"picked":"SKIP","floor":30},{"not_picked":["Shrug It Off","Flex","Sword Boomerang"],"picked":"SKIP","floor":31},{"not_picked":["Sword Boomerang+1","Power Through","Iron Wave"],"picked":"SKIP","floor":35},{"not_picked":["Searing Blow","Dropkick"],"picked":"Flame Barrier","floor":36},{"not_picked":["Hemokinesis","Rampage+1","Body Slam"],"picked":"SKIP","floor":37},{"not_picked":["Juggernaut","Dual Wield","Wild Strike"],"picked":"SKIP","floor":40},{"not_picked":["Wild Strike","Cleave+1","Thunderclap"],"picked":"SKIP","floor":41},{"not_picked":["Iron Wave","Spot Weakness","Brutality"],"picked":"SKIP","floor":45},{"not_picked":["Battle Trance+1","Cleave"],"picked":"Dual Wield+1","floor":47},{"not_picked":["Cleave","Intimidate+1","Sword Boomerang+1"],"picked":"SKIP","floor":48}],"player_experience":842035,"relics_obtained":[{"floor":6,"key":"Vajra"},{"floor":8,"key":"The Courier"},{"floor":10,"key":"Strawberry"},{"floor":14,"key":"Pen Nib"},{"floor":22,"key":"Happy Flower"},{"floor":23,"key":"Bottled Tornado"},{"floor":26,"key":"Tiny Chest"},{"floor":28,"key":"Ornamental Fan"},{"floor":30,"key":"FossilizedHelix"},{"floor":31,"key":"Peace Pipe"},{"floor":40,"key":"StoneCalendar"},{"floor":41,"key":"Art of War"},{"floor":43,"key":"Mercury Hourglass"},{"floor":44,"key":"Unceasing Top"},{"floor":45,"key":"Lizard Tail"},{"floor":47,"key":"PreservedInsect"},{"floor":48,"key":"Nunchaku"}],"event_choices":[{"damage_healed":0,"gold_gain":0,"player_choice":"Ignored","damage_taken":0,"max_hp_gain":0,"max_hp_loss":0,"event_name":"Beggar","floor":19,"gold_loss":0},{"damage_healed":0,"gold_gain":0,"player_choice":"Joined the Cult","damage_taken":6,"max_hp_gain":0,"max_hp_loss":0,"event_name":"Nest","floor":20,"gold_loss":0,"cards_obtained":["RitualDagger"]},{"damage_healed":0,"gold_gain":0,"player_choice":"Fight","damage_taken":0,"max_hp_gain":0,"max_hp_loss":0,"event_name":"Mysterious Sphere","floor":44,"gold_loss":0}],"is_beta":false,"boss_relics":[{"not_picked":["Black Star","Philosopher\u0027s Stone"],"picked":"Mark of Pain"},{"not_picked":["Empty Cage","Snecko Eye"],"picked":"Sozu"}],"items_purged_floors":[],"is_endless":false,"potions_floor_spawned":[3,4,5,12,13,21,23,30,36,37,45,47],"ascension_level":20}}