{"host":"h9c2ptiayi21rmia","time":1611352390,"event":{"mods":["AchievementEnabler","Aspiration","BaseMod","Better Altar","Better Match","Better Note","Better Sensory Stone","Better Skull","Better Third Choice","Better Vampires","Block Reminder","ChefMod","Dio Mod","Evolution","Hermit","Hubris","JesterMod","Jorbs\u0027s Wanderer Trilogy","Kratos Character Expansion","Minty Spire (QoL Compilation)","Permanent Neow","Relic Stats","Replay The Spire","Shade Mod","Small Relic Pack","Spicy Shops","StS++","StSLib","The Dragon Tamer","The Marked","TheSwordswoman"],"gold_per_floor":[141,141,116,39,39,66,32,58,85,115,115,149,181,192,192,288,288,300,300,300,313,327,361,371,403,403,445,52,78,78,122,122,229,229,255,155,183,244,265,302,330,330,357,357,399,399,67,104,104,104],"floor_reached":51,"language":"ENG","playtime":4131,"items_purged":["Overencumbered","KratosMod:conjuresoul"],"score":1483,"play_id":"16c7161e-7eea-4b23-af12-8b77194d2b3a","local_time":"20210122165310","daily_mods":["Draft","Heirloom","DeadlyEvents","Elite Swarm"],"is_ascension_mode":true,"campfire_choices":[{"floor":11.0,"key":"REST"},{"floor":15.0,"key":"REST"},{"data":"Apotheosis","floor":30,"key":"SMITH"},{"data":"StSpp:Cataclysm","floor":32,"key":"SMITH"},{"data":"KratosMod:Tempor","floor":44,"key":"SMITH"},{"data":"KratosMod:Revenge","floor":46,"key":"SMITH"},{"data":"KratosMod:BladeWhip","floor":49,"key":"SMITH"}],"circlet_count":0,"master_deck":["KratosMod:Roll","KratosMod:ShieldBash","KratosMod:BladeWhip+1","KratosMod:BladeWhip","KratosMod:BladeWhip","KratosMod:BladeWhip","KratosMod:Tempor","KratosMod:Tempor","KratosMod:ShieldBash","KratosMod:ShieldBash","KratosMod:Endure","KratosMod:BladeWhip","KratosMod:clawsofhades","KratosMod:ShieldBash","KratosMod:ShieldBash","KratosMod:BladeWhip","Apotheosis+1","Enlightenment","Impatience","KratosMod:tartarusrage","KratosMod:Tempor+1","KratosMod:blades","KratosMod:kBerserk","KratosMod:blades","KratosMod:Revenge","KratosMod:ShieldBash","KratosMod:Revenge+1","KratosMod:BladeWhip","KratosMod:settle","KratosMod:blades","KratosMod:ShieldBash","KratosMod:tartarusrage","KratosMod:kBerserk","StSpp:Cataclysm+1","KratosMod:BladeWhip+1","KratosMod:blades","KratosMod:tartarusrage","KratosMod:ShieldBash","KratosMod:settle+1","KratosMod:BladeWhip+1","KratosMod:tartarusrage","KratosMod:settle+1","KratosMod:blades","KratosMod:ablockalypse"],"relics":["KratosMod:eagle","EVO:Axolotl","Du-Vu Doll","betterThird:SlimedRelic","ReplayTheSpireMod:CursedCoin","ReplayTheSpireMod:ShopPack","Replay:Mystery Machine","StSpp:TwinEgg","Boot","MealTicket","Sundial","hubris:OldNail","Honey Jar","hubris:Towel","hubris:BottledHeart","Iron Hammer","Replay:Bottled Snecko","CeramicFish","aspiration:HiddenCompartment","Membership Card","Orichalcum","Black Star","StSpp:BoiledEgg","KratosMod:minohorn","hubris:Zylophone","Replay:Wax Seal","Nunchaku","StSpp:GiftCard","Chemical X","hubris:SphereOfDissonance","Blue Doll","Pen Nib"],"acts_visited":["Exordium","TheCity","TheBeyond"],"potions_floor_usage":[23,23,23,23,35],"damage_taken":[{"damage":7.0,"enemies":"2 Louse","floor":1.0,"turns":2.0},{"damage":0.0,"enemies":"Lagavulin","floor":6.0,"turns":3.0},{"damage":9.0,"enemies":"Replay:BlueRogue","floor":8.0,"turns":2.0},{"damage":26.0,"enemies":"Lagavulin","floor":10.0,"turns":6.0},{"damage":8.0,"enemies":"Gremlin Nob","floor":12.0,"turns":3.0},{"damage":10.0,"enemies":"3 Sentries","floor":13.0,"turns":4.0},{"damage":11.0,"enemies":"Small Slimes","floor":14.0,"turns":4.0},{"damage":0.0,"enemies":"Fading Forest","floor":16.0,"turns":7.0},{"damage":6.0,"enemies":"3 Byrds","floor":18.0,"turns":4.0},{"damage":0,"enemies":"2 Thieves","floor":21,"turns":3},{"damage":0,"enemies":"Sentry and Sphere","floor":22,"turns":3},{"damage":0,"enemies":"Gremlin Leader","floor":23,"turns":3},{"damage":0,"enemies":"Centurion and Healer","floor":24,"turns":3},{"damage":0,"enemies":"Book of Stabbing","floor":25,"turns":3},{"damage":0,"enemies":"Slavers","floor":27,"turns":1},{"damage":0,"enemies":"Snake Plant","floor":29,"turns":1},{"damage":0,"enemies":"Replay:Snechameleon","floor":31,"turns":2},{"damage":0,"enemies":"StardustCrusaders","floor":33,"turns":3},{"damage":0,"enemies":"3 Darklings","floor":35,"turns":2},{"damage":0,"enemies":"3 Shapes","floor":37,"turns":1},{"damage":0,"enemies":"2 Orb Walkers","floor":38,"turns":3},{"damage":0,"enemies":"Spire Growth","floor":39,"turns":2},{"damage":0,"enemies":"R_Hoarder","floor":40,"turns":3},{"damage":0,"enemies":"4 Shapes","floor":41,"turns":2},{"damage":0,"enemies":"Giant Head","floor":45,"turns":3},{"damage":0,"enemies":"Reptomancer","floor":48,"turns":1},{"damage":0,"enemies":"Time Eater","floor":50,"turns":2}],"seed_played":"-3966129348790128487","potions_obtained":[{"floor":1.0,"key":"Reflective Coating"},{"floor":12.0,"key":"Explosive Potion"},{"floor":14.0,"key":"ColorlessPotion"},{"floor":18.0,"key":"FearPotion"},{"floor":21,"key":"Regen Potion"},{"floor":22,"key":"Toxic Potion"},{"floor":25,"key":"Fire Potion"},{"floor":27,"key":"EssenceOfSteel"},{"floor":37,"key":"Milkshake"},{"floor":38,"key":"Languid Potion"},{"floor":45,"key":"BlessingOfTheForge"}],"is_trial":true,"path_per_floor":["M","?","?","$","?","E","$","E","T","E","R","E","E","M","R","B",null,"M","?","?","M","M","E","M","E","T","E","$","M","R","E","R","B",null,"M","NS","M","?","M","E","M","?","T","R","E","R","$","E","R","B",null],"character_chosen":"KRATOS","items_purchased":["ReplayTheSpireMod:CursedCoin","KratosMod:BladeWhip","ReplayTheSpireMod:ShopPack","KratosMod:Tempor","StSpp:Cataclysm","Membership Card","Chemical X","hubris:SphereOfDissonance","StSpp:ScatteredPotion","Dexterity Potion","Milkshake"],"campfire_rested":2,"item_purchase_floors":[4,4,4,7,28,28,47,47,47,47,47],"current_hp_per_floor":[53,53,42,42,42,42,42,33,33,23,41,50,45,34,52,52,60,54,54,1,1,1,1,1,1,1,1,1,1,1,1,1,1,1,1,1,1,1,1,1,1,1,1,1,1,1,1,1,1,1],"gold":104,"neow_bonus":"","is_daily":false,"chose_seed":false,"campfire_upgraded":5,"win_rate":0.0,"timestamp":1611352390,"path_taken":["M","?","?","$","?","E","$","E","T","E","R","E","?","M","R","BOSS","M","?","?","M","M","E","M","E","T","E","?","?","R","E","R","BOSS","M","NS","M","?","M","E","M","?","T","R","E","R","$","E","R","BOSS"],"items_purchased_type":["Relic","Card","Relic","Card","Card","Relic","Relic","Relic","Potion","Potion","Potion"],"build_version":"2020-12-22","purchased_purges":2,"victory":true,"max_hp_per_floor":[60,60,60,60,60,60,60,60,60,60,60,60,60,60,60,60,60,60,60,1,1,1,1,1,1,1,1,1,1,1,1,1,1,1,1,1,1,1,1,1,1,1,1,1,1,1,1,1,1,1],"relic_stats":{"Nunchaku":[0],"counters":[27,76],"Sundial":[0],"CeramicFish":117,"MealTicket":0,"Pen Nib":[0],"Black Star":3,"Chemical X":[2],"Orichalcum":[36],"Boot":[67],"obtain_stats":[{"CeramicFish":26,"StSpp:BoiledEgg":38,"Blue Doll":48,"EVO:Axolotl":0,"StSpp:GiftCard":45,"Replay:Mystery Machine":6,"Boot":9,"Nunchaku":45,"Sundial":12,"Honey Jar":17,"StSpp:TwinEgg":8,"MealTicket":10,"Iron Hammer":23,"Replay:Bottled Snecko":25,"Chemical X":47,"Replay:Wax Seal":43,"ReplayTheSpireMod:CursedCoin":4,"KratosMod:minohorn":40,"hubris:SphereOfDissonance":47,"Pen Nib":48,"hubris:Towel":19,"Orichalcum":31,"aspiration:HiddenCompartment":27,"Du-Vu Doll":0,"hubris:Zylophone":40,"hubris:BottledHeart":20,"betterThird:SlimedRelic":3,"KratosMod:eagle":0,"Black Star":34,"Membership Card":28,"hubris:OldNail":13,"ReplayTheSpireMod:ShopPack":4},{"CeramicFish":14,"StSpp:BoiledEgg":21,"Blue Doll":26,"EVO:Axolotl":0,"StSpp:GiftCard":25,"Replay:Mystery Machine":2,"Boot":3,"Nunchaku":25,"Sundial":5,"Honey Jar":8,"StSpp:TwinEgg":3,"MealTicket":4,"Iron Hammer":12,"Replay:Bottled Snecko":14,"Chemical X":25,"Replay:Wax Seal":24,"ReplayTheSpireMod:CursedCoin":1,"KratosMod:minohorn":23,"hubris:SphereOfDissonance":25,"Pen Nib":26,"hubris:Towel":9,"Orichalcum":17,"aspiration:HiddenCompartment":15,"Du-Vu Doll":0,"hubris:Zylophone":23,"hubris:BottledHeart":9,"betterThird:SlimedRelic":1,"KratosMod:eagle":0,"Black Star":18,"Membership Card":15,"hubris:OldNail":6,"ReplayTheSpireMod:ShopPack":1},{"CeramicFish":50,"StSpp:BoiledEgg":63,"Blue Doll":74,"EVO:Axolotl":0,"StSpp:GiftCard":73,"Replay:Mystery Machine":5,"Boot":7,"Nunchaku":73,"Sundial":16,"Honey Jar":31,"StSpp:TwinEgg":7,"MealTicket":13,"Iron Hammer":44,"Replay:Bottled Snecko":50,"Chemical X":73,"Replay:Wax Seal":70,"ReplayTheSpireMod:CursedCoin":2,"KratosMod:minohorn":68,"hubris:SphereOfDissonance":73,"Pen Nib":74,"hubris:Towel":35,"Orichalcum":54,"aspiration:HiddenCompartment":51,"Du-Vu Doll":0,"hubris:Zylophone":68,"hubris:BottledHeart":35,"betterThird:SlimedRelic":2,"KratosMod:eagle":0,"Black Star":57,"Membership Card":51,"hubris:OldNail":20,"ReplayTheSpireMod:ShopPack":2}]},"card_choices":[{"not_picked":["KratosMod:settle","KratosMod:Endure"],"picked":"KratosMod:Tempor","floor":0.0},{"not_picked":["KratosMod:settle","KratosMod:SmashStone"],"picked":"KratosMod:Roll","floor":0.0},{"not_picked":["KratosMod:rattle","KratosMod:Roll"],"picked":"KratosMod:ShieldBash","floor":0.0},{"not_picked":["KratosMod:clawsofhades","KratosMod:Tempor"],"picked":"KratosMod:BladeWhip","floor":0.0},{"not_picked":["KratosMod:rattle","KratosMod:SmashStone"],"picked":"KratosMod:BladeWhip","floor":0.0},{"not_picked":["KratosMod:clawsofhades","KratosMod:Endure"],"picked":"KratosMod:BladeWhip","floor":0.0},{"not_picked":["KratosMod:conjuresoul","KratosMod:Roll"],"picked":"KratosMod:BladeWhip","floor":0.0},{"not_picked":["KratosMod:BladeWhip","KratosMod:settle"],"picked":"KratosMod:Tempor","floor":0.0},{"not_picked":["KratosMod:Roll","KratosMod:SmashStone"],"picked":"KratosMod:Tempor","floor":0.0},{"not_picked":["KratosMod:settle","KratosMod:Roll"],"picked":"KratosMod:ShieldBash","floor":0.0},{"not_picked":["KratosMod:Tempor","KratosMod:BladeWhip"],"picked":"KratosMod:ShieldBash","floor":0.0},{"not_picked":["KratosMod:settle","KratosMod:conjuresoul"],"picked":"KratosMod:Endure","floor":0.0},{"not_picked":["KratosMod:settle","KratosMod:Tempor"],"picked":"KratosMod:BladeWhip","floor":0.0},{"not_picked":["KratosMod:rattle","KratosMod:SmashStone"],"picked":"KratosMod:clawsofhades","floor":0.0},{"not_picked":["KratosMod:clawsofhades","KratosMod:Tempor"],"picked":"KratosMod:ShieldBash","floor":0.0},{"not_picked":["KratosMod:BladeWhip","KratosMod:rattle"],"picked":"KratosMod:ShieldBash","floor":1.0},{"not_picked":["ReplayTheSpireMod:Brewmster","Violence"],"picked":"Apotheosis","floor":4.0},{"not_picked":["ReplayUltimateDefense","Jack Of All Trades"],"picked":"Enlightenment","floor":4.0},{"not_picked":["Mayhem","Blind"],"picked":"Impatience","floor":4.0},{"not_picked":["KratosMod:kBerserk","KratosMod:blades"],"picked":"KratosMod:tartarusrage","floor":6.0},{"not_picked":["KratosMod:tartarusrage","KratosMod:styx"],"picked":"KratosMod:blades","floor":8.0},{"not_picked":["KratosMod:ablockalypse","KratosMod:styx"],"picked":"KratosMod:kBerserk","floor":10.0},{"not_picked":["KratosMod:tartarusrage","KratosMod:ablockalypse"],"picked":"KratosMod:blades","floor":12.0},{"not_picked":["KratosMod:blades","KratosMod:ablockalypse"],"picked":"KratosMod:Revenge","floor":13.0},{"not_picked":["KratosMod:Tempor","KratosMod:BladeWhip"],"picked":"KratosMod:ShieldBash","floor":14.0},{"not_picked":["KratosMod:blades","KratosMod:tartarusrage"],"picked":"KratosMod:Revenge","floor":16.0},{"not_picked":["KratosMod:Endure","KratosMod:conjuresoul","KratosMod:Roll"],"picked":"KratosMod:BladeWhip","floor":18.0},{"not_picked":["KratosMod:rattle","KratosMod:SmashStone","KratosMod:Endure+1"],"picked":"KratosMod:BladeWhip+1","floor":21},{"not_picked":["KratosMod:rattle+1","KratosMod:SmashStone","KratosMod:BladeWhip"],"picked":"KratosMod:settle","floor":22},{"not_picked":["KratosMod:styx","KratosMod:ablockalypse","KratosMod:tartarusrage"],"picked":"KratosMod:blades","floor":23},{"not_picked":["KratosMod:rattle","KratosMod:Endure","KratosMod:SmashStone"],"picked":"KratosMod:ShieldBash","floor":24},{"not_picked":["KratosMod:ablockalypse","KratosMod:blades","KratosMod:styx"],"picked":"KratosMod:tartarusrage","floor":25},{"not_picked":["KratosMod:ablockalypse","KratosMod:tartarusrage","KratosMod:blades"],"picked":"KratosMod:kBerserk","floor":27},{"not_picked":["KratosMod:Roll","KratosMod:ShieldBash","KratosMod:Tempor"],"picked":"KratosMod:BladeWhip+1","floor":29},{"not_picked":["KratosMod:tartarusrage","KratosMod:styx","KratosMod:Revenge"],"picked":"KratosMod:blades","floor":31},{"not_picked":["KratosMod:kBerserk","KratosMod:ablockalypse","KratosMod:blades"],"picked":"KratosMod:tartarusrage","floor":33},{"not_picked":["KratosMod:rattle","KratosMod:ShieldBash","KratosMod:Roll+1"],"picked":"KratosMod:conjuresoul","floor":35},{"not_picked":["KratosMod:clawsofhades","KratosMod:Roll","KratosMod:Tempor"],"picked":"KratosMod:ShieldBash","floor":37},{"not_picked":["KratosMod:clawsofhades+1","KratosMod:SmashStone","KratosMod:styx"],"picked":"KratosMod:settle+1","floor":38},{"not_picked":["KratosMod:Tempor","KratosMod:conjuresoul","KratosMod:SmashStone+1"],"picked":"KratosMod:BladeWhip+1","floor":39},{"not_picked":["KratosMod:styx","KratosMod:kBerserk","KratosMod:ablockalypse"],"picked":"KratosMod:tartarusrage","floor":40},{"not_picked":["KratosMod:SmashStone+1","KratosMod:conjuresoul+1","KratosMod:Endure"],"picked":"KratosMod:settle+1","floor":41},{"not_picked":["KratosMod:styx","KratosMod:Revenge","KratosMod:ablockalypse"],"picked":"KratosMod:blades","floor":45},{"not_picked":["KratosMod:Revenge","KratosMod:kBerserk","KratosMod:styx"],"picked":"KratosMod:ablockalypse","floor":48}],"player_experience":292630,"relics_obtained":[{"floor":6.0,"key":"Replay:Mystery Machine"},{"floor":8.0,"key":"StSpp:TwinEgg"},{"floor":9.0,"key":"Boot"},{"floor":10.0,"key":"MealTicket"},{"floor":12.0,"key":"Sundial"},{"floor":13.0,"key":"hubris:OldNail"},{"floor":23,"key":"Iron Hammer"},{"floor":25,"key":"Replay:Bottled Snecko"},{"floor":26,"key":"CeramicFish"},{"floor":27,"key":"aspiration:HiddenCompartment"},{"floor":31,"key":"Orichalcum"},{"floor":38,"key":"StSpp:BoiledEgg"},{"floor":40,"key":"KratosMod:minohorn"},{"floor":40,"key":"hubris:Zylophone"},{"floor":43,"key":"Replay:Wax Seal"},{"floor":45,"key":"Nunchaku"},{"floor":45,"key":"StSpp:GiftCard"},{"floor":48,"key":"Blue Doll"},{"floor":48,"key":"Pen Nib"}],"event_choices":[{"damage_healed":0.0,"max_hp_gain":0.0,"max_hp_loss":0.0,"gold_gain":0.0,"event_name":"Living Wall","player_choice":"Grow","floor":2.0,"gold_loss":0.0,"damage_taken":0.0,"cards_upgraded":["KratosMod:Tempor"]},{"damage_healed":0.0,"max_hp_gain":0.0,"max_hp_loss":0.0,"gold_gain":0.0,"event_name":"betterThird:BetterGoop","player_choice":"Slimed","floor":3.0,"gold_loss":25.0,"damage_taken":11.0},{"damage_healed":42.0,"max_hp_gain":0.0,"max_hp_loss":60.0,"gold_gain":0.0,"event_name":"betterThird:BetterShining","player_choice":"Leave","floor":5.0,"gold_loss":0.0,"damage_taken":0.0},{"damage_healed":0,"gold_gain":0,"player_choice":"Fight","damage_taken":0,"max_hp_gain":0,"max_hp_loss":0,"event_name":"Mysterious Sphere","floor":38,"gold_loss":0}],"is_beta":false,"boss_relics":[{"not_picked":["relicPack:ShieldShield","ReplayTheSpireMod:DimensionalGlitch"],"picked":"Honey Jar"},{"not_picked":["hubris:CrackedHourglass","hubris:RunicObelisk"],"picked":"Black Star"}],"items_purged_floors":[28,47],"is_endless":false,"potions_floor_spawned":[1,12,14,18,21,22,25,27,37,38,45,48],"ascension_level":1}}