{"host":"8fuipfsvjht9cgcs","time":1611285811,"event":{"mods":["AchievementEnabler","BaseMod","Colored Map","Colored Powertips","DeckTracker","Friendly Minions","Kiyohime£¨?ýï£©","Marisa£¨Ùöéë¡¡Øª×âÞÞ£©","Minty Spire (QoL Compilation)","Prisma Mod","StSLib","SuperFastMode","The Cursed","The Gatherer"],"gold_per_floor":[366,379,234,248,263,263,280,280,280,280,298,373,118,118,118,118,118],"floor_reached":16,"language":"KOR","playtime":624,"items_purged":["Strike_R","Strike_R"],"score":147,"play_id":"51f83a3a-7d48-48ab-ad8e-017f8f47666a","local_time":"20210122162331","is_ascension_mode":true,"campfire_choices":[{"data":"Power Through","floor":6,"key":"SMITH"},{"data":"Evolve","floor":8,"key":"SMITH"},{"data":"Wild Strike","floor":10,"key":"SMITH"},{"data":"Bash","floor":15,"key":"SMITH"}],"circlet_count":0,"master_deck":["AscendersBane","Strike_R","Strike_R","Strike_R","Defend_R","Defend_R","Defend_R","Defend_R","Bash+1","Power Through+1","Evolve+1","Seeing Red+1","Wild Strike+1"],"relics":["Burning Blood","HornCleat","Medical Kit"],"acts_visited":["Exordium"],"potions_floor_usage":[],"damage_taken":[{"damage":6,"enemies":"Cultist","floor":1,"turns":4},{"damage":3,"enemies":"Jaw Worm","floor":2,"turns":4},{"damage":6,"enemies":"2 Louse","floor":4,"turns":5},{"damage":16,"enemies":"Exordium Wildlife","floor":5,"turns":8},{"damage":8,"enemies":"Blue Slaver","floor":7,"turns":4},{"damage":1,"enemies":"2 Fungi Beasts","floor":11,"turns":4},{"damage":38,"enemies":"Hexaghost","floor":16,"turns":11}],"seed_played":"-5143989681012025607","potions_obtained":[{"floor":2,"key":"BlessingOfTheForge"},{"floor":4,"key":"Dexterity Potion"}],"is_trial":false,"path_per_floor":["M","M","$","M","M","R","M","R","T","R","M","?","$","?","R","B"],"character_chosen":"IRONCLAD","items_purchased":["Evolve","Medical Kit"],"campfire_rested":0,"item_purchase_floors":[3,13],"current_hp_per_floor":[51,54,54,54,44,44,42,42,42,42,47,36,36,36,36,0,0],"gold":118,"neow_bonus":"TWO_FIFTY_GOLD","is_daily":false,"chose_seed":false,"campfire_upgraded":4,"win_rate":0.0,"timestamp":1611285811,"path_taken":["M","M","$","M","M","R","?","R","T","R","M","?","$","?","R","BOSS"],"items_purchased_type":["Card","Relic"],"build_version":"2020-12-22","purchased_purges":2,"victory":false,"max_hp_per_floor":[80,80,80,80,80,80,80,80,80,80,80,80,80,80,80,80,80],"card_choices":[{"not_picked":["Shrug It Off","Heavy Blade"],"picked":"Power Through","floor":1},{"not_picked":["Spot Weakness","Havoc","Infernal Blade"],"picked":"SKIP","floor":2},{"not_picked":["Seeing Red","Heavy Blade","Iron Wave"],"picked":"SKIP","floor":4},{"not_picked":["Heavy Blade","Iron Wave"],"picked":"Seeing Red","floor":4},{"not_picked":["Iron Wave","Uppercut","Flex"],"picked":"SKIP","floor":5},{"not_picked":["Havoc","Iron Wave"],"picked":"Wild Strike","floor":7},{"not_picked":["Searing Blow","Warcry","Intimidate"],"picked":"SKIP","floor":11}],"player_experience":432978,"relics_obtained":[{"floor":9,"key":"HornCleat"}],"event_choices":[{"damage_healed":0,"gold_gain":75,"player_choice":"Gather Gold","damage_taken":11,"max_hp_gain":0,"max_hp_loss":0,"event_name":"World of Goop","floor":12,"gold_loss":0},{"damage_healed":0,"gold_gain":0,"player_choice":"Forge","damage_taken":0,"max_hp_gain":0,"max_hp_loss":0,"event_name":"Accursed Blacksmith","floor":14,"gold_loss":0,"cards_upgraded":["Seeing Red"]}],"is_beta":false,"boss_relics":[],"items_purged_floors":[3,13],"is_endless":false,"potions_floor_spawned":[2,4,7],"killed_by":"Hexaghost","ascension_level":12}}