{"host":"v3mpq6flurzldi5g","time":1611283489,"event":{"mods":["AchievementEnabler","BaseMod","Colored Powertips","Highlight Path","Jorbs\u0027s Wanderer Trilogy","Minty Spire (QoL Compilation)","StSLib"],"gold_per_floor":[117,128,148,168,186,186,198,198,198,198,78,112,112,12,12,116,116,132,7,17,17,28,28,56,56,356,356,356,391,408,35,35,139,139,150,150,162,178,197,197,197,197],"floor_reached":41,"language":"ENG","playtime":2217,"items_purged":["Strike_B","Strike_B","Darkness+1","Writhe"],"score":425,"play_id":"4092128a-f36f-4c31-87a8-d4c03281afcb","local_time":"20210121214449","is_ascension_mode":false,"campfire_choices":[{"data":"Defend_B","floor":6,"key":"SMITH"},{"data":"Defend_B","floor":8,"key":"SMITH"},{"data":"Defend_B","floor":10,"key":"SMITH"},{"data":"Defend_B","floor":13,"key":"SMITH"},{"data":"Gash","floor":15,"key":"SMITH"},{"data":"Static Discharge","floor":23,"key":"SMITH"},{"floor":25,"key":"REST"},{"floor":28,"key":"REST"},{"floor":32,"key":"REST"},{"floor":40,"key":"REST"}],"circlet_count":0,"master_deck":["Defend_B+1","Defend_B+1","Defend_B+1","Defend_B+1","Zap","Dualcast","Gash","Ball Lightning","Conserve Battery","Gash+1","Gash","Tempest","Rainbow","Compile Driver+1","Compile Driver+1","Capacitor","Static Discharge+1","Glacier","Reboot","Defragment+1","Dark Shackles","Go for the Eyes+1","Parasite"],"relics":["Cracked Core","MealTicket","Nloth\u0027s Gift","DataDisk","Old Coin","Akabeko","Frozen Egg 2","Vajra","Black Star"],"acts_visited":["Exordium","TheCity","TheBeyond"],"potions_floor_usage":[7,12,12,22,33,33,33,38,38,38],"damage_taken":[{"damage":1,"enemies":"Cultist","floor":1,"turns":3},{"damage":1,"enemies":"Jaw Worm","floor":2,"turns":4},{"damage":4,"enemies":"2 Louse","floor":3,"turns":2},{"damage":5,"enemies":"Looter","floor":4,"turns":3},{"damage":1,"enemies":"3 Louse","floor":5,"turns":3},{"damage":4,"enemies":"Exordium Wildlife","floor":7,"turns":5},{"damage":5,"enemies":"Gremlin Gang","floor":12,"turns":3},{"damage":18,"enemies":"The Guardian","floor":16,"turns":12},{"damage":0,"enemies":"Chosen","floor":18,"turns":4},{"damage":9,"enemies":"Shell Parasite","floor":20,"turns":5},{"damage":13,"enemies":"3 Cultists","floor":22,"turns":5},{"damage":25,"enemies":"Book of Stabbing","floor":24,"turns":5},{"damage":61,"enemies":"Slavers","floor":29,"turns":5},{"damage":4,"enemies":"Centurion and Healer","floor":30,"turns":8},{"damage":44,"enemies":"Automaton","floor":33,"turns":9},{"damage":20,"enemies":"Orb Walker","floor":35,"turns":4},{"damage":7,"enemies":"3 Shapes","floor":37,"turns":4},{"damage":7,"enemies":"Writhing Mass","floor":38,"turns":7},{"damage":9,"enemies":"Transient","floor":39,"turns":5},{"damage":65,"enemies":"4 Shapes","floor":41,"turns":3}],"seed_played":"-2980724457660208700","potions_obtained":[{"floor":2,"key":"LiquidBronze"},{"floor":4,"key":"ColorlessPotion"},{"floor":5,"key":"Block Potion"},{"floor":16,"key":"EssenceOfDarkness"},{"floor":20,"key":"LiquidMemories"},{"floor":29,"key":"SpeedPotion"},{"floor":30,"key":"LiquidBronze"},{"floor":33,"key":"SkillPotion"},{"floor":35,"key":"AttackPotion"},{"floor":37,"key":"Weak Potion"}],"is_trial":false,"path_per_floor":["M","M","M","M","M","R","M","R","T","R","$","M","R","$","R","B",null,"M","$","M","?","M","R","E","R","T","?","R","E","M","$","R","B",null,"M","?","M","M","M","R","M"],"character_chosen":"DEFECT","items_purchased":["Gash","Defragment+1","Vajra"],"campfire_rested":4,"item_purchase_floors":[11,31,31],"current_hp_per_floor":[81,80,76,71,70,70,66,66,66,66,81,76,76,82,82,64,82,82,82,73,73,60,60,35,59,59,59,82,21,17,32,56,12,82,62,62,55,48,39,63,0,0],"gold":197,"neow_bonus":"TEN_PERCENT_HP_BONUS","is_daily":false,"chose_seed":false,"campfire_upgraded":6,"win_rate":0.0,"timestamp":1611283489,"path_taken":["M","M","M","M","M","R","?","R","T","R","$","M","R","$","R","BOSS","M","$","M","?","?","R","E","R","T","?","R","E","M","$","R","BOSS","M","?","M","M","M","R","M"],"items_purchased_type":["Card","Card","Relic"],"build_version":"2020-12-22","purchased_purges":4,"victory":false,"max_hp_per_floor":[82,82,82,82,82,82,82,82,82,82,82,82,82,82,82,82,82,82,82,82,82,82,82,82,82,82,82,82,82,82,82,82,82,82,82,82,82,82,82,82,82,82],"card_choices":[{"not_picked":["Cold Snap","Rebound"],"picked":"Gash","floor":1},{"not_picked":["Blizzard","Coolheaded"],"picked":"Ball Lightning","floor":2},{"not_picked":["Beam Cell","Recycle","Meteor Strike"],"picked":"SKIP","floor":3},{"not_picked":["Force Field","Go for the Eyes"],"picked":"Conserve Battery","floor":4},{"not_picked":["Ball Lightning","Recycle"],"picked":"Barrage","floor":5},{"not_picked":["Compile Driver","Leap"],"picked":"Gash","floor":7},{"not_picked":["Ball Lightning","Conserve Battery"],"picked":"Tempest","floor":12},{"not_picked":["Biased Cognition","Thunder Strike"],"picked":"Rainbow","floor":16},{"not_picked":["Hologram+1","Genetic Algorithm"],"picked":"Capacitor","floor":18},{"not_picked":["Leap","Auto Shields"],"picked":"Static Discharge","floor":20},{"not_picked":["Sweeping Beam","Compile Driver+1","Blizzard"],"picked":"SKIP","floor":22},{"not_picked":["Chaos","Fission"],"picked":"Glacier","floor":24},{"not_picked":["Tempest","Auto Shields"],"picked":"Reboot","floor":29},{"not_picked":["Darkness+1","FTL","Streamline"],"picked":"SKIP","floor":30},{"not_picked":["Ball Lightning+1","Skim+1","Undo"],"picked":"SKIP","floor":35},{"not_picked":["Trip","Metamorphosis"],"picked":"Dark Shackles","floor":36},{"not_picked":["Turbo","Genetic Algorithm"],"picked":"Go for the Eyes+1","floor":37},{"not_picked":["Undo","Barrage+1","Aggregate+1"],"picked":"SKIP","floor":38},{"not_picked":["Redo","Sweeping Beam","Cold Snap+1"],"picked":"SKIP","floor":39}],"player_experience":999480,"relics_obtained":[{"floor":9,"key":"MealTicket"},{"floor":24,"key":"DataDisk"},{"floor":26,"key":"Old Coin"},{"floor":29,"key":"Frozen Egg 2"}],"event_choices":[{"damage_healed":0,"gold_gain":0,"player_choice":"Traded Relic","damage_taken":0,"relics_obtained":["Nloth\u0027s Gift"],"max_hp_gain":0,"max_hp_loss":0,"event_name":"N\u0027loth","floor":21,"relics_lost":["Astrolabe"],"gold_loss":0},{"damage_healed":0,"gold_gain":0,"player_choice":"Opened","damage_taken":0,"relics_obtained":["Akabeko"],"max_hp_gain":0,"max_hp_loss":0,"event_name":"The Mausoleum","floor":27,"gold_loss":0,"cards_obtained":["Writhe"]},{"damage_healed":0,"gold_gain":0,"player_choice":"Memory 1","damage_taken":0,"max_hp_gain":0,"max_hp_loss":0,"event_name":"SensoryStone","floor":36,"gold_loss":0}],"is_beta":false,"boss_relics":[{"not_picked":["Pandora\u0027s Box","Velvet Choker"],"picked":"Astrolabe"},{"not_picked":["FrozenCore","SlaversCollar"],"picked":"Black Star"}],"items_purged_floors":[11,14,19,31],"is_endless":false,"potions_floor_spawned":[2,4,5,16,20,29,30,33,35,37],"killed_by":"4 Shapes","ascension_level":0}}