{"host":"03a85bwj0a5skoit","time":1611299433,"event":{"mods":["BaseMod","Block Reminder","Minty Spire (QoL Compilation)","Relic Stats","StSLib"],"gold_per_floor":[111,130,150,150,150,150,150],"floor_reached":6,"language":"ENG","playtime":170,"items_purged":[],"score":72,"play_id":"1bae015c-3b56-43bb-92ea-65f48f0aad16","local_time":"20210122174033","is_ascension_mode":true,"campfire_choices":[],"circlet_count":0,"master_deck":["AscendersBane","Strike_G","Strike_G","Strike_G","Strike_G","Strike_G","Defend_G","Defend_G","Defend_G","Defend_G","Defend_G","Survivor","Neutralize","Reflex","Flechettes","Accuracy"],"relics":["Busted Crown","Golden Idol"],"acts_visited":["Exordium"],"potions_floor_usage":[6],"damage_taken":[{"damage":0,"enemies":"2 Louse","floor":1,"turns":3},{"damage":4,"enemies":"Small Slimes","floor":2,"turns":4},{"damage":4,"enemies":"Jaw Worm","floor":3,"turns":4},{"damage":55,"enemies":"Lagavulin","floor":6,"turns":10}],"seed_played":"-1628411126680830503","potions_obtained":[{"floor":1,"key":"GamblersBrew"}],"is_trial":false,"path_per_floor":["M","M","M","?","?","E"],"character_chosen":"THE_SILENT","items_purchased":[],"campfire_rested":0,"item_purchase_floors":[],"current_hp_per_floor":[59,55,51,51,51,0,0],"gold":150,"neow_bonus":"BOSS_RELIC","is_daily":false,"chose_seed":false,"campfire_upgraded":0,"win_rate":0.0,"timestamp":1611299433,"path_taken":["M","M","M","?","?","E"],"items_purchased_type":[],"build_version":"2020-12-22","purchased_purges":0,"victory":false,"max_hp_per_floor":[66,66,66,60,60,60,60],"relic_stats":{"Busted Crown":6,"counters":[4,21],"Golden Idol":0,"obtain_stats":[{"Busted Crown":0,"Golden Idol":4,"Ring of the Snake":0},{"Busted Crown":0,"Golden Idol":3,"Ring of the Snake":0},{"Busted Crown":0,"Golden Idol":11,"Ring of the Snake":0}]},"card_choices":[{"not_picked":[],"picked":"Reflex","floor":1},{"not_picked":[],"picked":"Flechettes","floor":2},{"not_picked":[],"picked":"Accuracy","floor":3}],"player_experience":2350799,"relics_obtained":[],"event_choices":[{"damage_healed":0,"gold_gain":0,"player_choice":"Lose Max HP","damage_taken":0,"relics_obtained":["Golden Idol"],"max_hp_gain":0,"max_hp_loss":6,"event_name":"Golden Idol","floor":4,"gold_loss":0},{"damage_healed":0,"gold_gain":0,"player_choice":"Leave","damage_taken":0,"max_hp_gain":0,"max_hp_loss":0,"event_name":"The Cleric","floor":5,"gold_loss":0}],"is_beta":false,"boss_relics":[],"items_purged_floors":[],"is_endless":false,"potions_floor_spawned":[1],"killed_by":"Lagavulin","ascension_level":20}}