{"host":"l4kdldlios54gl54","time":1611285969,"event":{"mods":["AchievementEnabler","BaseMod","Colored Map","Colored Powertips","Minty Spire (QoL Compilation)","Random Character Button"],"gold_per_floor":[110,120,45,60,75,103,3,21,44,44,63,78,108,118,118,118,118],"floor_reached":16,"language":"ENG","playtime":560,"items_purged":["Strike_R","Strike_R"],"score":232,"play_id":"2ecb80f9-c6d0-4d49-b8b0-b36adcad6115","local_time":"20210122042609","is_ascension_mode":true,"campfire_choices":[{"floor":10,"key":"REST"},{"floor":15,"key":"REST"}],"circlet_count":0,"master_deck":["AscendersBane","Strike_R","Strike_R","Strike_R","Defend_R","Defend_R","Defend_R","Defend_R","Bash","Cleave","Flame Barrier","Anger","Fire Breathing","Wild Strike","Hemokinesis"],"relics":["Burning Blood","Strawberry","Ancient Tea Set","Orichalcum","Omamori"],"acts_visited":["Exordium"],"potions_floor_usage":[5,6,8,12,13],"damage_taken":[{"damage":12,"enemies":"Cultist","floor":1,"turns":4},{"damage":12,"enemies":"Small Slimes","floor":2,"turns":4},{"damage":9,"enemies":"Jaw Worm","floor":4,"turns":4},{"damage":1,"enemies":"Exordium Thugs","floor":5,"turns":4},{"damage":56,"enemies":"Gremlin Nob","floor":6,"turns":5},{"damage":12,"enemies":"Lots of Slimes","floor":8,"turns":3},{"damage":5,"enemies":"Looter","floor":11,"turns":2},{"damage":14,"enemies":"Gremlin Gang","floor":12,"turns":6},{"damage":22,"enemies":"Lagavulin","floor":13,"turns":5},{"damage":8,"enemies":"Blue Slaver","floor":14,"turns":4},{"damage":35,"enemies":"Hexaghost","floor":16,"turns":9}],"seed_played":"-8599027006084940474","potions_obtained":[{"floor":2,"key":"Energy Potion"},{"floor":5,"key":"LiquidBronze"},{"floor":6,"key":"DistilledChaos"},{"floor":8,"key":"ElixirPotion"},{"floor":11,"key":"AttackPotion"}],"is_trial":false,"path_per_floor":["M","M","$","M","M","E","$","M","T","R","M","M","E","M","R","B"],"character_chosen":"IRONCLAD","items_purchased":[],"campfire_rested":2,"item_purchase_floors":[],"current_hp_per_floor":[69,63,63,60,65,15,15,9,9,33,34,26,10,8,32,0,0],"gold":118,"neow_bonus":"RANDOM_COMMON_RELIC","is_daily":false,"chose_seed":false,"campfire_upgraded":0,"win_rate":0.0,"timestamp":1611285969,"path_taken":["M","M","$","?","M","E","$","M","T","R","M","?","E","M","R","BOSS"],"items_purchased_type":[],"build_version":"2020-12-22","purchased_purges":2,"victory":false,"max_hp_per_floor":[82,82,82,82,82,82,82,82,82,82,82,82,82,82,82,82,82],"card_choices":[{"not_picked":["Twin Strike","Heavy Blade"],"picked":"Cleave","floor":1},{"not_picked":["Dropkick","True Grit"],"picked":"Flame Barrier","floor":2},{"not_picked":["Armaments","Iron Wave"],"picked":"Anger","floor":4},{"not_picked":["Battle Trance","Body Slam"],"picked":"Fire Breathing","floor":5},{"not_picked":["Body Slam","Rage"],"picked":"Wild Strike","floor":6},{"not_picked":["Metallicize","Warcry","Anger"],"picked":"SKIP","floor":8},{"not_picked":["Searing Blow","Fire Breathing","Pommel Strike"],"picked":"SKIP","floor":11},{"not_picked":["Sentinel","Thunderclap","Dropkick"],"picked":"SKIP","floor":12},{"not_picked":["Clash","Thunderclap","Entrench"],"picked":"SKIP","floor":13},{"not_picked":["Clash","Wild Strike"],"picked":"Hemokinesis","floor":14}],"player_experience":888846,"relics_obtained":[{"floor":6,"key":"Ancient Tea Set"},{"floor":9,"key":"Orichalcum"},{"floor":13,"key":"Omamori"}],"event_choices":[],"is_beta":false,"boss_relics":[],"items_purged_floors":[3,7],"is_endless":false,"potions_floor_spawned":[2,5,6,8,11],"killed_by":"Hexaghost","ascension_level":20}}