{"host":"uv5ws9rdk87e8i5k","time":1611342506,"event":{"mods":["AchievementEnabler","BaseMod","Colored Map","Minty Spire (QoL Compilation)","StSLib","SuperFastMode"],"gold_per_floor":[110,127,142,158,178,204,279,229,256,290,290,318,318,346,346,450,450,461,476,488,508,43,69,69,99,99,199,51,51,80,97,97,202,202,218,229,54,72,0,26,37,37,37,56,82,82,135,135,135,135],"floor_reached":51,"language":"ENG","playtime":1349,"items_purged":["Strike_G","Strike_G","Defend_G"],"score":1038,"play_id":"de7fa582-a93e-4e8b-99b1-84996d02b2c8","local_time":"20210122130826","is_ascension_mode":true,"campfire_choices":[{"data":"Noxious Fumes","floor":11.0,"key":"SMITH"},{"floor":13.0,"key":"REST"},{"data":"Bane","floor":15.0,"key":"SMITH"},{"data":"Noxious Fumes","floor":24.0,"key":"SMITH"},{"data":"Bouncing Flask","floor":29.0,"key":"SMITH"},{"floor":32.0,"key":"REST"},{"floor":42.0,"key":"REST"},{"floor":46.0,"key":"REST"},{"data":"Catalyst","floor":49.0,"key":"SMITH"}],"circlet_count":0,"master_deck":["Strike_G","Strike_G","Defend_G","Defend_G","Defend_G","Defend_G","Survivor","Neutralize","Noxious Fumes+1","Poisoned Stab","Backstab","Poisoned Stab","Bane+1","Quick Slash+1","Dagger Throw+1","Backstab+1","Quick Slash+1","Glass Knife+1","Noxious Fumes+1","Flash of Steel+1","Glass Knife+1","Bouncing Flask+1","Dagger Throw+1","Deadly Poison","Venomology","Prepared+1","Poisoned Stab+1","Escape Plan+1","Catalyst+1","Backstab+1"],"relics":["Ring of the Serpent","Happy Flower","Molten Egg 2","Vajra","Juzu Bracelet","MealTicket","Pen Nib","Philosopher\u0027s Stone","Anchor","Ancient Tea Set","PreservedInsect","Omamori","Mercury Hourglass","Torii","Gremlin Horn","Art of War","Red Mask","Nunchaku","Pantograph","Toy Ornithopter","StoneCalendar"],"acts_visited":["Exordium","TheCity","TheBeyond"],"potions_floor_usage":[50,50,50,50],"damage_taken":[{"damage":0.0,"enemies":"Small Slimes","floor":1.0,"turns":4.0},{"damage":3.0,"enemies":"Jaw Worm","floor":2.0,"turns":6.0},{"damage":2.0,"enemies":"2 Louse","floor":3.0,"turns":2.0},{"damage":1.0,"enemies":"Looter","floor":4.0,"turns":4.0},{"damage":0.0,"enemies":"Large Slime","floor":5.0,"turns":5.0},{"damage":3.0,"enemies":"Lagavulin","floor":6.0,"turns":5.0},{"damage":17.0,"enemies":"3 Sentries","floor":10.0,"turns":6.0},{"damage":2.0,"enemies":"Gremlin Nob","floor":12.0,"turns":3.0},{"damage":5.0,"enemies":"3 Sentries","floor":14.0,"turns":4.0},{"damage":39.0,"enemies":"The Guardian","floor":16.0,"turns":8.0},{"damage":2.0,"enemies":"3 Byrds","floor":18.0,"turns":3.0},{"damage":2.0,"enemies":"2 Thieves","floor":19.0,"turns":3.0},{"damage":5.0,"enemies":"3 Cultists","floor":20.0,"turns":4.0},{"damage":6.0,"enemies":"Chosen and Byrds","floor":21.0,"turns":3.0},{"damage":12.0,"enemies":"Slavers","floor":23.0,"turns":3.0},{"damage":0.0,"enemies":"Gremlin Leader","floor":25.0,"turns":1.0},{"damage":0.0,"enemies":"Colosseum Slavers","floor":27.0,"turns":2.0},{"damage":0.0,"enemies":"Colosseum Nobs","floor":27.0,"turns":2.0},{"damage":1.0,"enemies":"Book of Stabbing","floor":30.0,"turns":2.0},{"damage":7.0,"enemies":"Snake Plant","floor":31.0,"turns":3.0},{"damage":35.0,"enemies":"Collector","floor":33.0,"turns":5.0},{"damage":2.0,"enemies":"3 Shapes","floor":35.0,"turns":3.0},{"damage":0.0,"enemies":"Orb Walker","floor":36.0,"turns":2.0},{"damage":16.0,"enemies":"Maw","floor":38.0,"turns":5.0},{"damage":1.0,"enemies":"Nemesis","floor":40.0,"turns":3.0},{"damage":24.0,"enemies":"Spire Growth","floor":41.0,"turns":3.0},{"damage":1.0,"enemies":"Jaw Worm Horde","floor":44.0,"turns":3.0},{"damage":18.0,"enemies":"Reptomancer","floor":45.0,"turns":3.0},{"damage":16.0,"enemies":"2 Orb Walkers","floor":47.0,"turns":3.0},{"damage":67,"enemies":"Donu and Deca","floor":50,"turns":6}],"seed_played":"-2366134574270366473","potions_obtained":[{"floor":1.0,"key":"Weak Potion"},{"floor":3.0,"key":"Block Potion"},{"floor":5.0,"key":"AttackPotion"},{"floor":10.0,"key":"Strength Potion"},{"floor":14.0,"key":"AttackPotion"},{"floor":20.0,"key":"Swift Potion"},{"floor":27.0,"key":"Swift Potion"},{"floor":30.0,"key":"Block Potion"},{"floor":33.0,"key":"SneckoOil"},{"floor":40.0,"key":"Strength Potion"},{"floor":41.0,"key":"CultistPotion"}],"is_trial":false,"path_per_floor":["M","M","M","M","M","E","?","?","T","E","R","E","R","E","R","B",null,"M","M","M","M","$","E","R","E","T","?","$","R","E","M","R","B",null,"M","M","$","M","?","E","M","R","T","M","E","R","?","?","R","B",null],"character_chosen":"THE_SILENT","items_purchased":["Anchor","Ancient Tea Set","Flash of Steel+1","Dagger Throw+1","Poisoned Stab+1"],"campfire_rested":4,"item_purchase_floors":[22,22,22,28,37],"current_hp_per_floor":[70,67,65,64,64,61,50,50,50,33,33,31,52,47,47,8,55,53,51,46,40,55,43,43,43,43,43,58,58,57,50,70,35,61,59,59,70,54,54,53,29,50,50,49,31,52,36,36,36,1],"gold":135,"neow_bonus":"RANDOM_COMMON_RELIC","is_daily":false,"chose_seed":false,"campfire_upgraded":5,"win_rate":0.0,"timestamp":1611342506,"path_taken":["M","M","M","M","M","E","?","?","T","E","R","E","R","E","R","BOSS","M","M","M","M","$","E","R","E","T","?","$","R","E","M","R","BOSS","M","M","$","M","?","E","M","R","T","M","E","R","?","?","R","BOSS"],"items_purchased_type":["Relic","Relic","Card","Card","Card"],"build_version":"2020-12-22","purchased_purges":3,"victory":true,"max_hp_per_floor":[70,70,70,70,70,70,70,70,70,70,70,70,70,70,70,70,70,70,70,70,70,70,70,70,70,70,70,70,70,70,70,70,70,70,70,70,70,70,70,70,70,70,70,70,70,70,70,66,66,66],"card_choices":[{"not_picked":["Accuracy","Deflect"],"picked":"Noxious Fumes","floor":1.0},{"not_picked":["Concentrate","Calculated Gamble"],"picked":"Poisoned Stab","floor":2.0},{"not_picked":["Blade Dance","Prepared"],"picked":"Backstab","floor":3.0},{"not_picked":["Prepared","Deflect"],"picked":"Poisoned Stab","floor":4.0},{"not_picked":["Calculated Gamble","Setup"],"picked":"Bane","floor":5.0},{"not_picked":["Bane+1","Cloak And Dagger"],"picked":"Quick Slash+1","floor":6.0},{"not_picked":["A Thousand Cuts","Quick Slash+1"],"picked":"Dagger Throw+1","floor":10.0},{"not_picked":["Backflip","Flechettes+1"],"picked":"Backstab+1","floor":12.0},{"not_picked":["Prepared","Cloak And Dagger"],"picked":"Quick Slash+1","floor":14.0},{"not_picked":["Night Terror","Bullet Time"],"picked":"Glass Knife+1","floor":16.0},{"not_picked":["Dagger Spray+1","Outmaneuver"],"picked":"Noxious Fumes","floor":18.0},{"not_picked":["Acrobatics","Distraction","Calculated Gamble"],"picked":"SKIP","floor":19.0},{"not_picked":["Cloak And Dagger","PiercingWail","Underhanded Strike+1"],"picked":"SKIP","floor":20.0},{"not_picked":["Flying Knee+1","Slice+1","Prepared"],"picked":"SKIP","floor":21.0},{"not_picked":["Backflip","Flechettes+1"],"picked":"Glass Knife+1","floor":23.0},{"not_picked":["Bane+1","Caltrops"],"picked":"Bouncing Flask","floor":25.0},{"not_picked":["Flechettes+1","Riddle With Holes+1"],"picked":"Deadly Poison","floor":30.0},{"not_picked":["Leg Sweep+1","Outmaneuver","Prepared"],"picked":"SKIP","floor":31.0},{"not_picked":["Burst","Phantasmal Killer"],"picked":"Venomology","floor":33.0},{"not_picked":["Concentrate+1","Eviscerate+1","Distraction"],"picked":"SKIP","floor":35.0},{"not_picked":["PiercingWail","Reflex"],"picked":"Prepared+1","floor":36.0},{"not_picked":["Underhanded Strike+1","Slice+1"],"picked":"Escape Plan+1","floor":38.0},{"not_picked":["Slice+1","Skewer+1"],"picked":"Catalyst","floor":40.0},{"not_picked":["Deflect+1","Crippling Poison+1"],"picked":"Backstab+1","floor":41.0},{"not_picked":["Poisoned Stab+1","Flying Knee+1","Backflip+1"],"picked":"SKIP","floor":44.0},{"not_picked":["Deflect+1","Storm of Steel","Acrobatics+1"],"picked":"SKIP","floor":45.0}],"player_experience":163638,"relics_obtained":[{"floor":6.0,"key":"Molten Egg 2"},{"floor":9.0,"key":"Vajra"},{"floor":10.0,"key":"Juzu Bracelet"},{"floor":12.0,"key":"MealTicket"},{"floor":14.0,"key":"Pen Nib"},{"floor":23.0,"key":"PreservedInsect"},{"floor":25.0,"key":"Omamori"},{"floor":26.0,"key":"Mercury Hourglass"},{"floor":27.0,"key":"Torii"},{"floor":27.0,"key":"Gremlin Horn"},{"floor":30.0,"key":"Art of War"},{"floor":40.0,"key":"Nunchaku"},{"floor":43.0,"key":"Pantograph"},{"floor":45.0,"key":"Toy Ornithopter"},{"floor":47.0,"key":"StoneCalendar"}],"event_choices":[{"damage_healed":0.0,"max_hp_gain":0.0,"max_hp_loss":0.0,"gold_gain":75.0,"event_name":"World of Goop","player_choice":"Gather Gold","floor":7.0,"gold_loss":0.0,"damage_taken":11.0},{"cards_removed":["Strike_G"],"damage_healed":0.0,"max_hp_gain":0.0,"max_hp_loss":0.0,"gold_gain":0.0,"event_name":"The Cleric","player_choice":"Card Removal","floor":8.0,"gold_loss":50.0,"damage_taken":0.0},{"damage_healed":0.0,"max_hp_gain":0.0,"max_hp_loss":0.0,"gold_gain":0.0,"event_name":"Colosseum","player_choice":"Fight","floor":27.0,"gold_loss":0.0,"damage_taken":0.0},{"damage_healed":0.0,"max_hp_gain":0.0,"max_hp_loss":0.0,"gold_gain":0.0,"event_name":"Colosseum","player_choice":"Fought Nobs","floor":27.0,"gold_loss":0.0,"damage_taken":0.0},{"damage_healed":0.0,"max_hp_gain":0.0,"max_hp_loss":0.0,"gold_gain":0.0,"event_name":"Tomb of Lord Red Mask","player_choice":"Paid","floor":39.0,"gold_loss":72.0,"damage_taken":0.0,"relics_obtained":["Red Mask"]},{"damage_healed":0.0,"max_hp_gain":0.0,"max_hp_loss":0.0,"gold_gain":0.0,"event_name":"Mysterious Sphere","player_choice":"Fight","floor":47.0,"gold_loss":0.0,"damage_taken":0.0},{"damage_healed":0.0,"max_hp_gain":0.0,"max_hp_loss":4.0,"gold_gain":0.0,"event_name":"Winding Halls","player_choice":"Max HP","floor":48.0,"gold_loss":0.0,"damage_taken":0.0}],"is_beta":false,"boss_relics":[{"not_picked":["Runic Pyramid","Sozu"],"picked":"Philosopher\u0027s Stone"},{"not_picked":["Calling Bell","Fusion Hammer"],"picked":"Ring of the Serpent"}],"items_purged_floors":[22,28,37],"is_endless":false,"potions_floor_spawned":[1,3,5,10,14,20,27,27,30,33,40,41,45],"ascension_level":5}}