{"host":"sdjng9zhqonqi3uc","time":1611332530,"event":{"mods":["2.2 Compatiblity","AchievementEnabler","BaseMod","Better Note","Better Third Choice","BetterRewards","Colored Map","Colored Powertips","Downfall","Hero for Fun","Hubris","Minty Spire (QoL Compilation)","Quick Restart","Relic Stats","Shop Mod","Spicy Shops","StSLib","Td1madao Mod","The Animator","The Cursed","The Servant 0.9.4"],"gold_per_floor":[128,79,105,105,70,96,96,114,114,114,289,289,303,273,273,387,387,404,151,161,161,14,14,27,27,27,65,65,42,42,142,142,161,177,0,0,11,36,36,36,36,36,36,53,53,53],"floor_reached":51,"language":"ENG","playtime":4655,"items_purged":["animator:Defend"],"score":957,"play_id":"bd7233ab-ee5f-44d3-b06d-992fd6ef340c","local_time":"20210122172210","is_ascension_mode":true,"campfire_choices":[{"data":"animator:Aqua","floor":7,"key":"SMITH"},{"data":"animator:Kazuma","floor":10,"key":"SMITH"},{"data":"animator:Gillette","floor":12,"key":"SMITH"},{"floor":15,"key":"REST"},{"floor":23,"key":"REST"},{"floor":28,"key":"REST"},{"data":"animator:Wiz","floor":30,"key":"SMITH"},{"data":"animator:Vanir","floor":32,"key":"SMITH"},{"floor":41,"key":"REST"},{"data":"animator:HigakiRinne","floor":49,"key":"SMITH"}],"circlet_count":0,"master_deck":["animator:Defend_Konosuba+1","animator:Defend","animator:Defend","animator:Kazuma+1","animator:Aqua+1","animator:Verdia","animator:Gillette+1","animator:FielNirvalen+1","animator:Wiz+1","animator:Ainz+1","animator:Vesta+1","animator:Shuna+1","Bite","Bite","Bite","Bite","Bite","animator:Megumin+8","animator:Vanir+1","animator:GazelDwargon+1","animator:Shiro+1","animator:Darkness+1","animator:HigakiRinne+1","animator:NarberalGamma","animator:Ainz+1","downfall:Malfunctioning","animator:Laby+1"],"relics":["animator:VividPicture","animator:TheMissingPiece","animator:PurgingStone","hubris:64BitClover","Frozen Egg 2","animator:CerealBox","MerchantsRug","betterThird:SlimedRelic","Omamori","hubris:PeanutButter","Centennial Puzzle","Paper Crane","hubris:Teleporter","Question Card","Mark of Pain","Red Mask","hubris:Reverence","hubris:GlazedTorus","downfall:ExtraCursedKey","CloakClasp"],"acts_visited":["Exordium","TheCity","TheBeyond"],"potions_floor_usage":[6,16,16,16,20,33,39,40,50],"damage_taken":[{"damage":0,"enemies":"Cultist","floor":1,"turns":4},{"damage":37,"enemies":"3 Sentries","floor":6,"turns":15},{"damage":7,"enemies":"Jaw Worm","floor":8,"turns":5},{"damage":0,"enemies":"2 Louse","floor":13,"turns":3},{"damage":0,"enemies":"Looter","floor":14,"turns":4},{"damage":38,"enemies":"Slime Boss","floor":16,"turns":17},{"damage":0,"enemies":"Shell Parasite","floor":18,"turns":10},{"damage":47,"enemies":"Chosen","floor":20,"turns":10},{"damage":57,"enemies":"Shelled Parasite and Fungi","floor":25,"turns":11},{"damage":13,"enemies":"Cultist and Chosen","floor":29,"turns":10},{"damage":0,"enemies":"Champ","floor":33,"turns":15},{"damage":5,"enemies":"Orb Walker","floor":35,"turns":6},{"damage":28,"enemies":"3 Darklings","floor":36,"turns":8},{"damage":5,"enemies":"Spire Growth","floor":39,"turns":7},{"damage":86,"enemies":"Nemesis","floor":40,"turns":11},{"damage":16,"enemies":"Maw","floor":48,"turns":7},{"damage":0,"enemies":"Time Eater","floor":50,"turns":14}],"seed_played":"6123738413780065824","potions_obtained":[{"floor":1,"key":"animator:FalseLifePotion"},{"floor":6,"key":"FearPotion"},{"floor":8,"key":"hexamod:SoulburnPotion"},{"floor":13,"key":"Ancient Potion"},{"floor":18,"key":"SteroidPotion"},{"floor":25,"key":"PowerPotion"},{"floor":36,"key":"Guardian:BlockOnCardUsePotion"},{"floor":39,"key":"Explosive Potion"},{"floor":48,"key":"Fire Potion"}],"is_trial":false,"path_per_floor":["M","?","T","$","?","E","R","M","T","R","?","R","M","M","R","B",null,"M","$","M","?","$","R","M","T","R","M","R","$","R","B",null,"M","M","?","?","M","E","R","?","T","$","?","M","R","B",null],"character_chosen":"THE_ANIMATOR","items_purchased":["hubris:64BitClover","Frozen Egg 2","animator:CerealBox","MerchantsRug","Paper Crane","War Paint","animator:GazelDwargon+1"],"campfire_rested":4,"item_purchase_floors":[0,0,0,0,19,22,31],"current_hp_per_floor":[30,19,19,19,35,20,20,16,16,16,16,16,20,23,43,16,54,60,60,22,22,22,35,20,20,34,38,38,38,38,47,47,47,37,37,31,41,4,18,18,18,18,23,40,40,54],"gold":53,"neow_bonus":"","is_daily":false,"chose_seed":false,"campfire_upgraded":6,"win_rate":0.0,"timestamp":1611332530,"path_taken":["M","?","?","?","?","E","R","?","T","R","?","R","M","M","R","BOSS","M","$","M","?","$","R","M","T","R","M","R","$","R","BOSS","M","M","?","?","?","E","R","?","T","$","?","M","R","BOSS"],"items_purchased_type":["Relic","Relic","Relic","Relic","Relic","Relic","Card"],"build_version":"2020-12-22","purchased_purges":1,"victory":true,"max_hp_per_floor":[66,66,66,66,66,66,66,66,66,66,66,66,67,67,67,67,67,67,67,67,46,46,46,47,47,47,47,47,47,47,47,47,47,49,49,49,49,49,49,49,49,49,54,54,54,54],"relic_stats":{"Centennial Puzzle":[27],"counters":[17,157],"CloakClasp":[34],"Question Card":13,"obtain_stats":[{"MerchantsRug":0,"hubris:Teleporter":20,"hubris:64BitClover":0,"animator:TheMissingPiece":0,"Omamori":3,"CloakClasp":48,"Frozen Egg 2":0,"Paper Crane":19,"War Paint":22,"Question Card":26,"animator:CerealBox":0,"Centennial Puzzle":9,"animator:PurgingStone":0,"betterThird:SlimedRelic":2,"hubris:PeanutButter":6,"animator:LivingPicture":0,"Mark of Pain":34,"downfall:ExtraCursedKey":47,"Red Mask":37,"animator:VividPicture":17,"hubris:Reverence":40,"hubris:GlazedTorus":43},{"MerchantsRug":0,"hubris:Teleporter":8,"hubris:64BitClover":0,"animator:TheMissingPiece":0,"Omamori":1,"CloakClasp":16,"Frozen Egg 2":0,"Paper Crane":7,"War Paint":8,"Question Card":9,"animator:CerealBox":0,"Centennial Puzzle":3,"animator:PurgingStone":0,"betterThird:SlimedRelic":1,"hubris:PeanutButter":2,"animator:LivingPicture":0,"Mark of Pain":11,"downfall:ExtraCursedKey":15,"Red Mask":13,"animator:VividPicture":6,"hubris:Reverence":15,"hubris:GlazedTorus":15},{"MerchantsRug":0,"hubris:Teleporter":68,"hubris:64BitClover":0,"animator:TheMissingPiece":0,"Omamori":4,"CloakClasp":143,"Frozen Egg 2":0,"Paper Crane":58,"War Paint":68,"Question Card":79,"animator:CerealBox":0,"Centennial Puzzle":24,"animator:PurgingStone":0,"betterThird:SlimedRelic":4,"hubris:PeanutButter":19,"animator:LivingPicture":0,"Mark of Pain":104,"downfall:ExtraCursedKey":136,"Red Mask":118,"animator:VividPicture":48,"hubris:Reverence":136,"hubris:GlazedTorus":136}]},"card_choices":[{"not_picked":["animator:Elsword","animator:Layla"],"picked":"animator:Verdia","floor":1},{"not_picked":["animator:Shion","animator:Viivi"],"picked":"animator:Gillette","floor":6},{"not_picked":["animator:LeleiLaLalena","animator:Laby+1"],"picked":"animator:FielNirvalen+1","floor":8},{"not_picked":["animator:Mitsurugi","animator:Kazuma"],"picked":"animator:Wiz","floor":13},{"not_picked":["animator:Shuna","animator:Fredrika"],"picked":"animator:Ainz+1","floor":14},{"not_picked":["animator:Rimuru","animator:HomuraAkemi"],"picked":"animator:Eris","floor":16},{"not_picked":["animator:TsurugaMeisai","animator:Tet"],"picked":"animator:Vesta+1","floor":18},{"not_picked":["animator:Guy","animator:Souei"],"picked":"animator:Shuna","floor":20},{"not_picked":["animator:Kazuma","animator:Vanir"],"picked":"animator:Megumin","floor":25},{"not_picked":["animator:DolaStephanie","animator:Tet+1","animator:Azekura"],"picked":"animator:Vanir","floor":29},{"not_picked":["animator:PinaCoLada+1","animator:Eris","animator:Eve+1"],"picked":"animator:Shiro+1","floor":33},{"not_picked":["animator:PandorasActor","animator:RoryMercury","animator:Elsword","animator:Ciel"],"picked":"SKIP","floor":35},{"not_picked":["animator:DolaCouronne+1","animator:Mitsurugi+1","animator:YachiyoNanami+1"],"picked":"animator:Darkness+1","floor":36},{"not_picked":["animator:Sebas","animator:Shalltear","animator:Cocytus"],"picked":"animator:NarberalGamma","floor":39},{"not_picked":["animator:NarberalGamma+1","animator:Mitsurugi+1","animator:Elsword+1"],"picked":"animator:Megumin+1","floor":40},{"not_picked":["animator:NagisaMomoe","animator:Nanami","animator:NarberalGamma"],"picked":"animator:Laby+1","floor":48}],"player_experience":356391,"relics_obtained":[{"floor":3,"key":"Omamori"},{"floor":6,"key":"hubris:PeanutButter"},{"floor":9,"key":"Centennial Puzzle"},{"floor":20,"key":"hubris:Teleporter"},{"floor":26,"key":"Question Card"},{"floor":40,"key":"hubris:Reverence"},{"floor":43,"key":"hubris:GlazedTorus"},{"floor":48,"key":"CloakClasp"}],"event_choices":[{"damage_healed":0,"gold_gain":0,"player_choice":"Slimed","damage_taken":11,"max_hp_gain":0,"max_hp_loss":0,"event_name":"betterThird:BetterGoop","floor":2,"gold_loss":49},{"damage_healed":16,"gold_gain":0,"player_choice":"Healed","damage_taken":0,"max_hp_gain":0,"max_hp_loss":0,"event_name":"The Cleric","floor":5,"gold_loss":35},{"damage_healed":0,"gold_gain":175,"player_choice":"AGREE","damage_taken":114,"max_hp_gain":0,"max_hp_loss":0,"event_name":"betterThird:BetterSerpent","floor":11,"gold_loss":0},{"damage_healed":0,"gold_gain":0,"player_choice":"Became a vampire","damage_taken":0,"max_hp_gain":0,"max_hp_loss":21,"event_name":"Vampires","floor":21,"gold_loss":0,"cards_obtained":["Bite","Bite","Bite","Bite","Bite"]},{"damage_healed":0,"gold_gain":0,"player_choice":"Paid","damage_taken":0,"relics_obtained":["Red Mask"],"max_hp_gain":0,"max_hp_loss":0,"event_name":"Tomb of Lord Red Mask","floor":37,"gold_loss":177},{"damage_healed":0,"gold_gain":0,"player_choice":"Embrace Madness","damage_taken":6,"max_hp_gain":0,"max_hp_loss":0,"event_name":"Winding Halls","floor":38,"gold_loss":0,"cards_obtained":["animator:HigakiRinne"]},{"damage_healed":0,"gold_gain":0,"player_choice":"Ignored","damage_taken":0,"max_hp_gain":0,"max_hp_loss":0,"event_name":"Mysterious Sphere","floor":42,"gold_loss":0}],"is_beta":false,"boss_relics":[{"not_picked":["Busted Crown","Sozu"],"picked":"animator:VividPicture"},{"not_picked":["hubris:GrandSneckoEye","Pandora\u0027s Box"],"picked":"Mark of Pain"}],"items_purged_floors":[0],"is_endless":false,"potions_floor_spawned":[1,6,8,13,18,25,36,39,48],"ascension_level":6}}