{"host":"8i58hvcssdezoe94","time":1611300495,"event":{"mods":["Act Like it!","BaseMod","Colored Map","Conspire","Gensokyo","KinomotoSakuraMod(木之本樱)","Marisa（F雨　魔理沙）","Minty Spire (QoL Compilation)","Quick Restart","Remilia（蕾米莉亚）","Replay The Spire","StSLib","The Animator","The Bug Knight","The Construct","The Cursed","The Hierophant","The Jungle","The Servant 0.9.4"],"gold_per_floor":[117,117,197,217,231,231,243,259,283,65,65,75,86,186,186,485,485,501,126,137,157,157,157,157],"floor_reached":23,"language":"ZHS","playtime":1075,"items_purged":[],"score":185,"play_id":"37361a13-da4b-4be0-95cb-624b9cce7419","local_time":"20210122152815","is_ascension_mode":false,"campfire_choices":[{"floor":6,"key":"RECALL"},{"floor":15,"key":"REST"}],"circlet_count":0,"master_deck":["Strike_B","Strike_B","Strike_B","Strike_B","Defend_B","Defend_B","Defend_B","Defend_B","Zap+1","Dualcast","Gash","Leap","Compile Driver","Auto Shields","Storm","Gensokyo:CrescentMoonSlash","Capacitor","Go for the Eyes","Echo Form","Sweeping Beam","ReplayTheSpireMod:Dual Polarity","Static Discharge+1","Genetic Algorithm"],"relics":["Cracked Core","HollowMod:PaleOreRelic","ChewingGum","Runic Capacitor","Vajra","Pondfish Scales"],"acts_visited":["Gensokyo:Gensokyo","TheCity"],"potions_floor_usage":[],"damage_taken":[{"damage":0,"enemies":"Gensokyo:3_Fairies","floor":1,"turns":4},{"damage":6,"enemies":"Gensokyo:Gryphon","floor":4,"turns":3},{"damage":2,"enemies":"Gensokyo:Python","floor":5,"turns":3},{"damage":2,"enemies":"Gensokyo:2_Rabbits","floor":7,"turns":4},{"damage":0,"enemies":"Gensokyo:LivingMonolith","floor":8,"turns":3},{"damage":13,"enemies":"Gensokyo:CorruptedTreant","floor":12,"turns":5},{"damage":14,"enemies":"Gensokyo:Gryphon_and_Rabbit","floor":13,"turns":6},{"damage":19,"enemies":"Gensokyo:Kokoro","floor":16,"turns":10},{"damage":0,"enemies":"3 Byrds","floor":18,"turns":5},{"damage":20,"enemies":"Chosen","floor":20,"turns":5},{"damage":6,"enemies":"Centurion and Healer","floor":21,"turns":5},{"damage":41,"enemies":"Slavers","floor":23,"turns":3}],"seed_played":"5005280847865030342","potions_obtained":[{"floor":4,"key":"PowerPotion"},{"floor":5,"key":"Reflective Coating"},{"floor":8,"key":"Elixir"},{"floor":12,"key":"LifebloodPotion"}],"is_trial":false,"path_per_floor":["M","?","?","M","M","R","M","M","T","COS","?","M","M","?","R","B",null,"M","$","M","M","?","E"],"character_chosen":"DEFECT","items_purchased":["Runic Capacitor","ReplayTheSpireMod:Dual Polarity","Vajra"],"campfire_rested":1,"item_purchase_floors":[19,19,19],"current_hp_per_floor":[75,75,75,69,67,67,65,65,65,65,54,41,27,27,49,30,75,75,75,55,49,35,0,0],"gold":157,"neow_bonus":"UPGRADE_CARD","is_daily":false,"chose_seed":false,"campfire_upgraded":0,"win_rate":0.0,"timestamp":1611300495,"path_taken":["M","?","?","M","M","R","M","M","T","COS","?","M","M","?","R","BOSS","M","$","M","M","?","E"],"items_purchased_type":["Relic","Card","Relic"],"build_version":"2020-12-22","purchased_purges":0,"victory":false,"max_hp_per_floor":[75,75,75,75,75,75,75,75,75,75,75,75,75,75,75,75,75,75,75,75,75,80,80,80],"card_choices":[{"not_picked":["BasicCrystalCard","Consume"],"picked":"Gash","floor":1},{"not_picked":["Stack","Heatsinks"],"picked":"Leap","floor":4},{"not_picked":["Steam Power","Stack"],"picked":"Compile Driver","floor":5},{"not_picked":["Barrage","Streamline"],"picked":"Auto Shields","floor":7},{"not_picked":["Heatsinks","ReplayTheSpireMod:Reroute Power"],"picked":"Storm","floor":8},{"not_picked":["Gash","Melter"],"picked":"Capacitor","floor":12},{"not_picked":["Capacitor","ReplaySort"],"picked":"Go for the Eyes","floor":13},{"not_picked":["Creative AI","Seek"],"picked":"Echo Form","floor":16},{"not_picked":["Beam Cell+1","Panic Button"],"picked":"Sweeping Beam","floor":18},{"not_picked":["Scrape","Auto Shields"],"picked":"Static Discharge+1","floor":20},{"not_picked":["ReplayTheSpireMod:GoodbyeWorld","Steam"],"picked":"Genetic Algorithm","floor":21}],"player_experience":76006,"relics_obtained":[],"event_choices":[{"damage_healed":0,"gold_gain":0,"player_choice":"Shed Blood","damage_taken":19,"max_hp_gain":5,"max_hp_loss":0,"event_name":"Forgotten Altar","floor":22,"gold_loss":0}],"is_beta":false,"boss_relics":[{"not_picked":["conspire:SlowCooker","Tiny House"],"picked":"ChewingGum"}],"items_purged_floors":[],"is_endless":false,"potions_floor_spawned":[4,5,8,12,20],"killed_by":"Slavers","ascension_level":0}}