{"host":"ni5mix2lh3q94rpg","time":1611351581,"event":{"mods":["AchievementEnabler","Act Like it!","BaseMod","Better Altar","Better Note","Better Silent Start","Better Skull","Better Third Choice","Better Vampires","Card Forge","Colored Map","Colored Powertips","Custom Start","Displayed Cursed Tome","Gensokyo","GifTheSpireLib","Hermit","Highlight Path","Marisa????????","Minty Spire (QoL Compilation)","Remilia??????","Shop Mod","StSLib","The Cursed","The Servant 0.9.4","Transform Curses","everything is the same but u backflip on backflip","slay the spire mod where everything is the same but ironclad has a cowboy hat"],"gold_per_floor":[116,133,143,418,433,463,482,482,482,429,446,446,201,212,212,289,289,318,340,390,408,408,408,451,78,78,78,87,115,0,0,0],"floor_reached":31,"language":"ENG","playtime":1300,"items_purged":["Regret"],"score":472,"play_id":"2fd23e54-6003-48b3-98d1-9bb9ccc0e6c6","local_time":"20210123003941","is_ascension_mode":true,"campfire_choices":[{"floor":8.0,"key":"REST"},{"data":"Defragment","floor":12.0,"key":"SMITH"},{"floor":15.0,"key":"REST"},{"data":"Dualcast","floor":23.0,"key":"SMITH"},{"floor":27.0,"key":"REST"}],"circlet_count":0,"master_deck":["AscendersBane","Strike_B","Defend_B","Defend_B","Defend_B","Defend_B","Zap","Dualcast+1","Defragment+1","Gash","Capacitor","Self Repair","Steam","Streamline","Reinforced Body","Steam","Leap","Static Discharge+1","Reboot","Echo Form+1","CurseOfTheBell","Go for the Eyes+1","Coolheaded","Sunder","Cold Snap","Conserve Battery","Apotheosis","Chaos","Consume"],"relics":["Cracked Core","Hammer of Thor","Seething Fire","Anvil of the Gods","Cables","Frozen Egg 2","betterThird:SlimedRelic","Calling Bell","CeramicFish","Symbiotic Virus","WingedGreaves","Incense Burner","Art of War"],"acts_visited":["Exordium","TheCity"],"potions_floor_usage":[],"damage_taken":[{"damage":11.0,"enemies":"Small Slimes","floor":1.0,"turns":4.0},{"damage":0.0,"enemies":"Cultist","floor":2.0,"turns":3.0},{"damage":7.0,"enemies":"Jaw Worm","floor":3.0,"turns":3.0},{"damage":14.0,"enemies":"Looter","floor":5.0,"turns":3.0},{"damage":34.0,"enemies":"Lagavulin","floor":6.0,"turns":8.0},{"damage":1.0,"enemies":"2 Fungi Beasts","floor":7.0,"turns":4.0},{"damage":9.0,"enemies":"Large Slime","floor":11.0,"turns":5.0},{"damage":23.0,"enemies":"Gremlin Gang","floor":14.0,"turns":4.0},{"damage":7.0,"enemies":"Hexaghost","floor":16.0,"turns":8.0},{"damage":8.0,"enemies":"Spheric Guardian","floor":18.0,"turns":3.0},{"damage":11.0,"enemies":"2 Thieves","floor":19.0,"turns":4.0},{"damage":52.0,"enemies":"Gremlin Leader","floor":24.0,"turns":9.0},{"damage":12.0,"enemies":"Shelled Parasite and Fungi","floor":29.0,"turns":6.0},{"damage":25,"enemies":"Colosseum Slavers","floor":31,"turns":3}],"seed_played":"-6498050709277121553","potions_obtained":[{"floor":2.0,"key":"DistilledChaos"},{"floor":6.0,"key":"Strength Potion"},{"floor":11.0,"key":"FearPotion"},{"floor":16.0,"key":"Explosive Potion"},{"floor":18.0,"key":"Energy Potion"},{"floor":19.0,"key":"SpeedPotion"}],"is_trial":false,"path_per_floor":["M","M","M","?","M","E","M","R","T","?","M","R","$","M","R","B",null,"M","M","?","?","?","R","E","$","T","R","?","M","?","?"],"character_chosen":"DEFECT","items_purchased":["Steam","Leap","Static Discharge+1","Apotheosis","Art of War"],"campfire_rested":3,"item_purchase_floors":[13,13,13,25,25],"current_hp_per_floor":[60,60,53,53,39,12,18,41,41,30,28,28,28,12,35,35,67,66,55,55,55,55,55,10,10,10,33,33,21,21,0,0],"gold":0,"neow_bonus":"TEN_PERCENT_HP_BONUS","is_daily":false,"chose_seed":false,"campfire_upgraded":2,"win_rate":0.0,"timestamp":1611351581,"path_taken":["M","M","M","?","?","E","M","R","T","?","M","R","$","M","R","BOSS","M","M","?","?","?","R","E","$","T","R","?","?","?","?"],"items_purchased_type":["Card","Card","Card","Card","Relic"],"build_version":"2020-12-22","purchased_purges":1,"victory":false,"max_hp_per_floor":[78,78,78,78,78,78,78,78,78,78,78,78,78,78,78,78,78,78,78,78,78,78,78,78,78,78,78,78,78,78,78,78],"card_choices":[{"not_picked":["Ball Lightning","Streamline"],"picked":"Defragment","floor":1.0},{"not_picked":["Storm","Reinforced Body"],"picked":"Gash","floor":2.0},{"not_picked":["FTL","Reprogram"],"picked":"Capacitor","floor":3.0},{"not_picked":["Rip and Tear","Compile Driver"],"picked":"Self Repair","floor":5.0},{"not_picked":["Buffer","Beam Cell"],"picked":"Steam","floor":6.0},{"not_picked":["Beam Cell","Rebound"],"picked":"Streamline","floor":7.0},{"not_picked":["Barrage","Rebound"],"picked":"Reinforced Body","floor":11.0},{"not_picked":["Barrage","Steam"],"picked":"Reboot","floor":14.0},{"not_picked":["Hyperbeam","Seek"],"picked":"Echo Form+1","floor":16.0},{"not_picked":["Hologram+1","Aggregate"],"picked":"Go for the Eyes+1","floor":18.0},{"not_picked":["Blizzard+1","Go for the Eyes"],"picked":"Coolheaded","floor":19.0},{"not_picked":["Chaos","Echo Form+1"],"picked":"Conserve Battery","floor":24.0},{"not_picked":["Compile Driver","Static Discharge+1"],"picked":"Consume","floor":29.0}],"player_experience":870652,"relics_obtained":[{"floor":6.0,"key":"Cables"},{"floor":9.0,"key":"Frozen Egg 2"},{"floor":17.0,"key":"CeramicFish"},{"floor":17.0,"key":"Symbiotic Virus"},{"floor":17.0,"key":"WingedGreaves"},{"floor":24.0,"key":"Incense Burner"}],"event_choices":[{"damage_healed":0.0,"max_hp_gain":0.0,"max_hp_loss":0.0,"gold_gain":275.0,"event_name":"Golden Shrine","player_choice":"Desecrate","floor":4.0,"gold_loss":0.0,"damage_taken":0.0,"cards_obtained":["Regret"]},{"damage_healed":0.0,"max_hp_gain":0.0,"max_hp_loss":0.0,"gold_gain":0.0,"event_name":"betterThird:BetterGoop","player_choice":"Slimed","floor":10.0,"gold_loss":53.0,"damage_taken":11.0},{"damage_healed":0.0,"max_hp_gain":0.0,"max_hp_loss":0.0,"gold_gain":50.0,"event_name":"betterThird:BetterNest","player_choice":"Steal","floor":20.0,"gold_loss":0.0,"damage_taken":0.0},{"damage_healed":0.0,"max_hp_gain":0.0,"max_hp_loss":0.0,"gold_gain":0.0,"cards_transformed":["Strike_B","Strike_B"],"event_name":"Drug Dealer","player_choice":"Became Test Subject","floor":21.0,"gold_loss":0.0,"damage_taken":0.0,"cards_obtained":["Sunder","Cold Snap"]},{"damage_healed":0.0,"max_hp_gain":0.0,"max_hp_loss":0.0,"gold_gain":0.0,"event_name":"Ghosts","player_choice":"Ignored","floor":22.0,"gold_loss":0.0,"damage_taken":0.0},{"damage_healed":0.0,"max_hp_gain":0.0,"max_hp_loss":0.0,"gold_gain":0.0,"cards_transformed":["Strike_B"],"event_name":"Transmorgrifier","player_choice":"Transformed","floor":28.0,"gold_loss":0.0,"damage_taken":0.0,"cards_obtained":["Chaos"]},{"damage_healed":0,"gold_gain":0,"player_choice":"Paid Fearfully","damage_taken":0,"max_hp_gain":0,"max_hp_loss":0,"event_name":"Masked Bandits","floor":30,"gold_loss":115},{"damage_healed":0,"gold_gain":0,"player_choice":"Fight","damage_taken":0,"max_hp_gain":0,"max_hp_loss":0,"event_name":"Colosseum","floor":31,"gold_loss":0}],"is_beta":false,"boss_relics":[{"not_picked":["Busted Crown","Pandora\u0027s Box"],"picked":"Calling Bell"}],"items_purged_floors":[13],"is_endless":false,"potions_floor_spawned":[2,6,11,16,18,19],"killed_by":"Colosseum Slavers","ascension_level":17}}