{"host":"nbmmy2ys5j9alw05","time":1611297096,"event":{"mods":["AchievementEnabler","BaseMod","Bestiary","Better Vampires","Colored Map","Colored Powertips","Googly Eyes","Hermit","Minty Spire (QoL Compilation)","Quick Restart","StSLib","The Bug Knight","The Hierophant","The IronCluck","The Servant 0.9.4","everything is the same but u backflip on backflip"],"gold_per_floor":[115,115,125,125,137,137,151,192,218,239,239,269,269],"floor_reached":12,"language":"ENG","playtime":574,"items_purged":[],"score":90,"play_id":"5642c1ae-e479-449f-a756-941024115b74","local_time":"20210121223136","is_ascension_mode":false,"campfire_choices":[{"data":"InstantArmor","floor":6,"key":"SMITH"},{"data":"InstantArmor","floor":11,"key":"SMITH"}],"circlet_count":0,"master_deck":["Strike_S","Strike_S","Strike_S","Defend_S","Defend_S","Defend_S","Defend_S","KidneyShot","Exchange","InstantArmor+1","SpecialFormula","ReturningBlade","DoubleEdge","InstantArmor+1"],"relics":["Uniform","NeowsBlessing","CeramicFish","Tiny Chest","Bag of Preparation"],"acts_visited":["Exordium"],"potions_floor_usage":[10,10,12],"damage_taken":[{"damage":0,"enemies":"Small Slimes","floor":1,"turns":1},{"damage":0,"enemies":"Jaw Worm","floor":3,"turns":1},{"damage":0,"enemies":"Cultist","floor":5,"turns":1},{"damage":0,"enemies":"2 Fungi Beasts","floor":7,"turns":6},{"damage":33,"enemies":"Gremlin Nob","floor":8,"turns":6},{"damage":0,"enemies":"Gremlin Gang","floor":10,"turns":3},{"damage":23,"enemies":"HollowMod:MossKnight","floor":12,"turns":11}],"seed_played":"561313053829351319","potions_obtained":[{"floor":3,"key":"Explosive Potion"},{"floor":5,"key":"SkillPotion"},{"floor":7,"key":"BlessingOfTheForge"},{"floor":8,"key":"EssenceOfSteel"}],"is_trial":false,"path_per_floor":["M","?","M","?","M","R","M","E","T","M","R","E"],"character_chosen":"THE_SERVANT","items_purchased":[],"campfire_rested":0,"item_purchase_floors":[],"current_hp_per_floor":[65,65,65,65,65,65,65,32,32,37,37,19,19],"gold":269,"neow_bonus":"THREE_ENEMY_KILL","is_daily":false,"chose_seed":false,"campfire_upgraded":2,"win_rate":0.0,"timestamp":1611297096,"path_taken":["M","?","M","?","?","R","?","E","T","M","R","E"],"items_purchased_type":[],"build_version":"2020-12-22","purchased_purges":0,"victory":false,"max_hp_per_floor":[65,65,65,65,65,65,65,65,65,65,65,65,65],"card_choices":[{"not_picked":["Unruled","Collapse"],"picked":"InstantArmor","floor":1},{"not_picked":["Rewind","Rearm"],"picked":"SpecialFormula","floor":3},{"not_picked":["Starlight","FastForward","Potential"],"picked":"SKIP","floor":5},{"not_picked":["Unruled","SurpressingFire"],"picked":"ReturningBlade","floor":7},{"not_picked":["Desolation","BottledTime"],"picked":"DoubleEdge","floor":8},{"not_picked":["BottledTime","Ricochet"],"picked":"InstantArmor","floor":10}],"player_experience":535480,"relics_obtained":[{"floor":8,"key":"CeramicFish"},{"floor":9,"key":"Tiny Chest"},{"floor":12,"key":"Bag of Preparation"}],"event_choices":[{"damage_healed":0,"gold_gain":0,"player_choice":"Ignored","damage_taken":0,"max_hp_gain":0,"max_hp_loss":0,"event_name":"Liars Game","floor":2,"gold_loss":0},{"cards_removed":["Strike_S"],"damage_healed":0,"gold_gain":0,"player_choice":"Forget","damage_taken":0,"max_hp_gain":0,"max_hp_loss":0,"event_name":"Living Wall","floor":4,"gold_loss":0}],"is_beta":false,"boss_relics":[],"items_purged_floors":[],"is_endless":false,"potions_floor_spawned":[3,5,7,8],"killed_by":"HollowMod:MossKnight","ascension_level":0}}