{"host":"p9t7qd83igtcp2bh","time":1611330911,"event":{"mods":["2.2 Compatiblity","AchievementEnabler","Arknights The Spire","BaseMod","Colored Map","Colored Powertips","Custom Start","DeckTracker","Keyboard Shortcuts","Minty Spire (QoL Compilation)","Permanent Neow","Spicy Shops","StSLib","SuperFastMode","everything is the same but u backflip on backflip"],"gold_per_floor":[116,127,127,141,141,160,48,62,87,87,102,128,128,162,162,162,162],"floor_reached":16,"language":"KOR","playtime":790,"items_purged":[],"score":112,"play_id":"1365c1f9-2e8f-48b8-b57a-3d0c8ec99077","local_time":"20210123005511","is_ascension_mode":false,"campfire_choices":[{"data":"ats:Volcano","floor":10,"key":"SMITH"},{"data":"ats:Ignite","floor":15,"key":"SMITH"}],"circlet_count":0,"master_deck":["ats:Strike C","ats:Strike G","ats:Strike S","ats:Armor Crushing Shot","ats:Defend","ats:Defend","ats:Defend","ats:Defend+1","ats:Emotion Absorption","ats:Calcification+1","ats:Ignite+1","ats:Charging Defense","ats:Consecutive Shot Auto+1","ats:Very Hot Blade","ats:Volcano+1","ats:Guardian Obelisk"],"relics":["ats:Sanity","PreservedInsect","ats:Originium","War Paint","Potion Belt","FossilizedHelix"],"acts_visited":["Exordium"],"potions_floor_usage":[16],"damage_taken":[{"damage":7,"enemies":"Small Slimes","floor":1,"turns":6},{"damage":0,"enemies":"Cultist","floor":2,"turns":4},{"damage":2,"enemies":"Jaw Worm","floor":4,"turns":4},{"damage":2,"enemies":"2 Fungi Beasts","floor":6,"turns":4},{"damage":19,"enemies":"Exordium Thugs","floor":8,"turns":5},{"damage":0,"enemies":"Large Slime","floor":11,"turns":5},{"damage":25,"enemies":"Lagavulin","floor":12,"turns":10},{"damage":11,"enemies":"3 Sentries","floor":14,"turns":6},{"damage":24,"enemies":"Hexaghost","floor":16,"turns":8}],"seed_played":"-3162870485168446683","potions_obtained":[{"floor":2,"key":"FearPotion"},{"floor":6,"key":"SkillPotion"},{"floor":12,"key":"Swift Potion"}],"is_trial":false,"path_per_floor":["M","M","?","M","?","M","$","M","T","R","M","E","?","E","R","B"],"character_chosen":"DOCTOR_CLASS","items_purchased":["ats:Volcano"],"campfire_rested":0,"item_purchase_floors":[7],"current_hp_per_floor":[66,68,68,67,67,66,66,47,47,47,48,27,27,18,18,0,0],"gold":162,"neow_bonus":"ONE_RANDOM_RARE_CARD","is_daily":false,"chose_seed":false,"campfire_upgraded":2,"win_rate":0.0,"timestamp":1611330911,"path_taken":["M","M","?","?","?","M","$","?","T","R","M","E","?","E","R","BOSS"],"items_purchased_type":["Card"],"build_version":"2020-12-22","purchased_purges":0,"victory":false,"max_hp_per_floor":[72,72,72,72,72,72,72,72,72,72,72,72,72,72,72,72,72],"card_choices":[{"not_picked":["ats:Blood Oath","ats:Consecutive Shot Auto"],"picked":"ats:Ignite","floor":1},{"not_picked":["ats:Powerful Strike","ats:Shell Defense"],"picked":"ats:Charging Defense","floor":2},{"not_picked":["ats:Fractured Body","ats:Explosion Area Strengthen"],"picked":"ats:Consecutive Shot Auto","floor":4},{"not_picked":["ats:Childhood Dance","ats:Encircling Forest"],"picked":"ats:Very Hot Blade","floor":6},{"not_picked":["ats:Closed Bolt Burst Fire","ats:Healing Drone","ats:Consecutive Shot Auto"],"picked":"SKIP","floor":8},{"not_picked":["ats:Assault Order","ats:Consecutive Shot Auto","ats:Explosion Area Strengthen"],"picked":"SKIP","floor":11},{"not_picked":["ats:Overload","ats:Demon Strength"],"picked":"ats:Guardian Obelisk","floor":12},{"not_picked":["ats:Guardian Obelisk","ats:Nebulous Foxfire","ats:Hammer On"],"picked":"SKIP","floor":14}],"player_experience":667786,"relics_obtained":[{"floor":9,"key":"PreservedInsect"},{"floor":12,"key":"ats:Originium"},{"floor":12,"key":"War Paint"},{"floor":14,"key":"ats:Originium"},{"floor":14,"key":"FossilizedHelix"}],"event_choices":[{"cards_removed":["ats:Strike V"],"damage_healed":0,"gold_gain":0,"player_choice":"Offered Basic","damage_taken":0,"max_hp_gain":0,"max_hp_loss":0,"event_name":"Bonfire Elementals","floor":3,"gold_loss":0},{"damage_healed":0,"gold_gain":0,"player_choice":"Upgraded","damage_taken":0,"max_hp_gain":0,"max_hp_loss":0,"event_name":"Upgrade Shrine","floor":5,"gold_loss":0,"cards_upgraded":["ats:Consecutive Shot Auto"]},{"damage_healed":0,"gold_gain":0,"player_choice":"Gave Potion","damage_taken":0,"relics_obtained":["Potion Belt"],"max_hp_gain":0,"max_hp_loss":0,"event_name":"WeMeetAgain","floor":13,"gold_loss":0}],"is_beta":false,"boss_relics":[],"items_purged_floors":[],"is_endless":false,"potions_floor_spawned":[2,6,12],"killed_by":"Hexaghost","ascension_level":0}}