{"host":"9viy3memdfgcf4vy","time":1611338164,"event":{"mods":["BaseMod","Colored Map","Downfall","Minty Spire (QoL Compilation)","StSLib"],"gold_per_floor":[0,13,24,39,39,39,39,52,86,98,130,130,30,15,33,137,137,137,154,64,76,76,76,76,76,92,103,3,9,27,57,74,170,170,170,170,196,208,239,282,294,337,349,376,288,310,322,334,361,373,385,422,10,10,10,10],"floor_reached":57,"language":"ENG","playtime":11816,"items_purged":["Slimebound:Strike_Slimebound","Slimebound:Tackle","Decay"],"score":1599,"play_id":"91b7b6c4-cf12-4569-8861-de2bd9584510","local_time":"20210122195604","is_ascension_mode":true,"campfire_choices":[{"data":"Slimebound:Split","floor":1,"key":"SMITH"},{"data":"Slimebound:GrowthPunch","floor":13,"key":"SMITH"},{"floor":18,"key":"RECALL"},{"data":"Slimebound:Replication","floor":23,"key":"SMITH"},{"data":"Slimebound:LivingWall","floor":25,"key":"SMITH"},{"data":"Slimebound:SplitSpecialist","floor":28,"key":"SMITH"},{"data":"Slimebound:DuplicatedForm","floor":35,"key":"SMITH"},{"data":"Slimebound:LeadByExample","floor":45,"key":"SMITH"},{"data":"Slimebound:Recycling","floor":47,"key":"SMITH"},{"data":"Slimebound:Teamwork","floor":54,"key":"SMITH"}],"circlet_count":0,"master_deck":["Slimebound:Strike_Slimebound","Slimebound:Strike_Slimebound+1","Slimebound:Defend_Slimebound","Slimebound:Defend_Slimebound","Slimebound:Defend_Slimebound+1","Slimebound:Defend_Slimebound","Slimebound:Split+1","Slimebound:CorrosiveSpit","Slimebound:SamplingLick","Slimebound:HauntingLick+1","Slimebound:LivingWall+1","Slimebound:DisruptingSlam","Slimebound:Teamwork+1","Slimebound:GrowthPunch+1","Slimebound:AcidTongue","Slimebound:SplitMire","Slimebound:OozeBath","Slimebound:Recollect+1","Slimebound:Replication+1","Slimebound:SplitSpecialist+1","Slimebound:Nibble+1","Slimebound:Recycling+1","Slimebound:LeadByExample+1","Slimebound:MegaLick","Slimebound:LivingWall+1","Slimebound:DuplicatedForm+1","Slimebound:Schlurp+1","Slimebound:SamplingLick+1","Slimebound:SplitSpecialist+1","Slimebound:SlimeSpikes+1","Slimebound:SplitBruiser+1","Slimebound:HauntingLick+1","Slimebound:GrowthPunch+1","Slimebound:FormOfPuddle","Slimebound:SplitLeeching+1"],"relics":["Slimebound:AbsorbEndCombat","Pocketwatch","Oddly Smooth Stone","downfall:ShatteredFragment","Bird Faced Urn","PreservedInsect","downfall:HeartBlessingBlue","Coffee Dripper","Matryoshka","downfall:HeartBlessingRed","MealTicket","Eternal Feather","Philosopher\u0027s Stone","MawBank","Shuriken","Blue Candle","Nunchaku","Bronze Scales","Meat on the Bone","Darkstone Periapt","downfall:HeartBlessingGreen","Gremlin Horn","Slimebound:AggressiveSlimeRelic","Whetstone"],"acts_visited":["Exordium","TheCity","TheBeyond","TheEnding"],"potions_floor_usage":[9,11,16,33,40,44,52,52,56],"damage_taken":[{"damage":0,"enemies":"Cultist","floor":2,"turns":3},{"damage":5,"enemies":"Small Slimes","floor":3,"turns":3},{"damage":2,"enemies":"Jaw Worm","floor":4,"turns":3},{"damage":11,"enemies":"Lots of Slimes","floor":8,"turns":4},{"damage":0,"enemies":"Lagavulin","floor":9,"turns":5},{"damage":0,"enemies":"Blue Slaver","floor":10,"turns":3},{"damage":16,"enemies":"Gremlin Nob","floor":11,"turns":4},{"damage":0,"enemies":"downfall:FleeingMerchant","floor":14,"turns":4},{"damage":3,"enemies":"Exordium Thugs","floor":15,"turns":4},{"damage":33,"enemies":"DF_ARCHETYPE_STREAMLINE","floor":16,"turns":8},{"damage":3,"enemies":"3 Byrds","floor":19,"turns":4},{"damage":4,"enemies":"downfall:FleeingMerchant","floor":20,"turns":4},{"damage":7,"enemies":"Snake Plant","floor":21,"turns":5},{"damage":2,"enemies":"Sentry and Sphere","floor":26,"turns":4},{"damage":10,"enemies":"Snecko","floor":27,"turns":5},{"damage":0,"enemies":"downfall:FleeingMerchant","floor":29,"turns":4},{"damage":7,"enemies":"Shelled Parasite and Fungi","floor":30,"turns":4},{"damage":5,"enemies":"Book of Stabbing","floor":31,"turns":4},{"damage":17,"enemies":"Centurion and Healer","floor":32,"turns":5},{"damage":28,"enemies":"IC_MUSHROOM_ARCHETYPE","floor":33,"turns":8},{"damage":19,"enemies":"3 Shapes","floor":37,"turns":4},{"damage":4,"enemies":"Orb Walker","floor":39,"turns":4},{"damage":16,"enemies":"Reptomancer","floor":40,"turns":5},{"damage":42,"enemies":"Nemesis","floor":42,"turns":5},{"damage":7,"enemies":"Sphere and 2 Shapes","floor":44,"turns":5},{"damage":32,"enemies":"Spire Growth","floor":46,"turns":5},{"damage":0,"enemies":"3 Darklings","floor":49,"turns":4},{"damage":45,"enemies":"SI_POISON_ARCHETYPE","floor":50,"turns":8},{"damage":63,"enemies":"downfall:CharBossMerchant","floor":52,"turns":7},{"damage":60,"enemies":"downfall:NeowBoss","floor":55,"turns":16},{"damage":57,"enemies":"downfall:NeowBossFinal","floor":56,"turns":11}],"seed_played":"-6250661856501506133","potions_obtained":[{"floor":3,"key":"PowerPotion"},{"floor":8,"key":"SneckoOil"},{"floor":10,"key":"BlessingOfTheForge"},{"floor":16,"key":"Dexterity Potion"},{"floor":21,"key":"DuplicationPotion"},{"floor":27,"key":"DuplicationPotion"},{"floor":32,"key":"Slimebound:ThreeZeroPotion"},{"floor":37,"key":"Guardian:BlockOnCardUsePotion"},{"floor":44,"key":"SkillPotion"},{"floor":49,"key":"BlessingOfTheForge"}],"is_trial":false,"path_per_floor":["R","M","M","M","?","?","T","M","E","M","E","?","R","$","M","B",null,"R","M","$","M","?","R","T","R","M","M","R","$","M","E","M","B",null,"R","?","M","?","M","E","T","E","?","M","R","M","R","?","M","B",null,"E","$","R","B","B",null],"character_chosen":"SLIMEBOUND","items_purchased":["MealTicket","Slimebound:LeadByExample","Slimebound:AggressiveSlimeRelic","Whetstone"],"campfire_rested":0,"item_purchase_floors":[29,29,53,53],"current_hp_per_floor":[59,63,62,65,47,29,29,26,34,40,32,53,63,71,75,59,71,71,75,73,68,60,60,60,60,66,66,66,74,70,75,64,48,68,75,75,71,66,74,74,74,62,68,75,81,66,81,81,81,57,75,53,68,81,59,43],"gold":10,"neow_bonus":"ONE_RARE_RELIC","is_daily":false,"chose_seed":false,"campfire_upgraded":9,"win_rate":0.0,"timestamp":1611338164,"path_taken":["R","M","M","?","?","?","T","M","E","M","E","?","R","?","M","BOSS","R","M","$","?","?","R","T","R","M","M","R","?","M","E","M","BOSS","R","?","M","?","M","E","T","E","?","M","R","?","R","?","M","BOSS","E","$","R","BOSS","BOSS"],"items_purchased_type":["Relic","Card","Relic","Relic"],"build_version":"2020-12-22","purchased_purges":3,"victory":true,"max_hp_per_floor":[65,65,65,65,65,65,65,65,65,65,65,65,75,75,75,75,75,75,75,75,75,75,75,75,75,75,75,75,75,75,75,75,75,75,75,75,75,75,75,75,75,75,81,81,81,81,81,81,81,81,81,81,81,81,81,81],"card_choices":[{"not_picked":["Slimebound:GoopTackle","Slimebound:ViciousTackle"],"picked":"Slimebound:SamplingLick","floor":2},{"not_picked":["Slimebound:SlimeBrawl","Slimebound:Grow"],"picked":"Slimebound:HauntingLick","floor":3},{"not_picked":["Slimebound:ItLooksTasty","Slimebound:SplitAcid"],"picked":"Slimebound:LivingWall","floor":4},{"not_picked":["Slimebound:Grow","Slimebound:LeadByExample"],"picked":"Slimebound:DisruptingSlam","floor":8},{"not_picked":["Slimebound:ProtectTheBoss","Slimebound:SplitAcid","Slimebound:FinishingTackle"],"picked":"SKIP","floor":9},{"not_picked":["Slimebound:ComboTackle","Slimebound:Prepare"],"picked":"Slimebound:Teamwork","floor":10},{"not_picked":["Slimebound:Gluttony","Slimebound:Grow"],"picked":"Slimebound:GrowthPunch","floor":11},{"not_picked":["Slimebound:LeechingTouch","Slimebound:Nibble"],"picked":"Slimebound:AcidTongue","floor":14},{"not_picked":["Slimebound:SamplingLick","Slimebound:LeechEnergy"],"picked":"Slimebound:SplitMire","floor":15},{"not_picked":["Slimebound:DouseInSlime","Slimebound:MinionMaster"],"picked":"Slimebound:OozeBath","floor":16},{"not_picked":["Slimebound:LeechEnergy","Slimebound:SlimeSpikes"],"picked":"Slimebound:Recollect+1","floor":19},{"not_picked":["Slimebound:ViciousTackle+1","Slimebound:SlimeTap+1"],"picked":"Slimebound:Replication","floor":20},{"not_picked":["Slimebound:ComboTackle+1","Slimebound:Schlurp"],"picked":"Slimebound:SplitSpecialist","floor":21},{"not_picked":["Slimebound:GoopTackle+1","Slimebound:SplitBruiser","Slimebound:Prepare"],"picked":"SKIP","floor":26},{"not_picked":["Slimebound:LeechEnergy","Slimebound:SlimeTap"],"picked":"Slimebound:Nibble","floor":27},{"not_picked":["Slimebound:HauntingLick","Slimebound:PressTheAttack"],"picked":"Slimebound:Recycling","floor":29},{"not_picked":["Slimebound:PressTheAttack","Slimebound:GoopTackle"],"picked":"Slimebound:MegaLick","floor":30},{"not_picked":["Slimebound:FinishingTackle+1","Slimebound:FirmFortitude","Slimebound:Grow"],"picked":"SKIP","floor":31},{"not_picked":["Slimebound:Prepare","Slimebound:RollThrough"],"picked":"Slimebound:LivingWall+1","floor":32},{"not_picked":["Slimebound:MinionMaster","Slimebound:RallyTheTroops"],"picked":"Slimebound:DuplicatedForm","floor":33},{"not_picked":["Slimebound:RollThrough","Slimebound:Replication+1"],"picked":"Slimebound:Schlurp+1","floor":37},{"not_picked":["Slimebound:LivingWall","Slimebound:Repurpose+1"],"picked":"Slimebound:SamplingLick+1","floor":39},{"not_picked":["Slimebound:SplitLeeching","Slimebound:FirmFortitude"],"picked":"Slimebound:SplitSpecialist+1","floor":40},{"not_picked":["Slimebound:Nibble","Slimebound:DisruptingSlam+1"],"picked":"Slimebound:SlimeSpikes+1","floor":42},{"not_picked":["Slimebound:RejuvenatingLick+1","Slimebound:SlimeTap+1"],"picked":"Slimebound:SplitBruiser+1","floor":44},{"not_picked":["Slimebound:SplitBruiser","Slimebound:ViciousTackle"],"picked":"Slimebound:HauntingLick+1","floor":46},{"not_picked":["Slimebound:GoopSpray","Slimebound:LeechingTouch+1"],"picked":"Slimebound:FormOfPuddle","floor":49},{"not_picked":["Slimebound:FlameTackle+1","Slimebound:ViciousTackle"],"picked":"Slimebound:SplitLeeching+1","floor":52}],"player_experience":351279,"relics_obtained":[{"floor":9,"key":"Bird Faced Urn"},{"floor":11,"key":"PreservedInsect"},{"floor":24,"key":"Matryoshka"},{"floor":31,"key":"Eternal Feather"},{"floor":36,"key":"MawBank"},{"floor":36,"key":"Shuriken"},{"floor":40,"key":"Nunchaku"},{"floor":41,"key":"Bronze Scales"},{"floor":41,"key":"Meat on the Bone"},{"floor":42,"key":"Darkstone Periapt"},{"floor":52,"key":"Gremlin Horn"}],"event_choices":[{"damage_healed":0,"gold_gain":0,"player_choice":"Success","damage_taken":18,"relics_obtained":["Oddly Smooth Stone"],"max_hp_gain":0,"max_hp_loss":0,"event_name":"Scrap Ooze","floor":5,"gold_loss":0},{"damage_healed":21,"gold_gain":0,"player_choice":"Banana","damage_taken":0,"max_hp_gain":0,"max_hp_loss":0,"event_name":"Big Fish","floor":12,"gold_loss":0},{"damage_healed":0,"gold_gain":0,"player_choice":"Cursed","damage_taken":0,"max_hp_gain":0,"max_hp_loss":0,"event_name":"Wheel of Change","floor":43,"gold_loss":0,"cards_obtained":["Decay"]}],"is_beta":false,"boss_relics":[{"not_picked":["bronze:MakeshiftBattery","Slimebound:TarBlob"],"picked":"Coffee Dripper"},{"not_picked":["expansioncontent:StudyCardRelic","Pandora\u0027s Box"],"picked":"Philosopher\u0027s Stone"}],"items_purged_floors":[20,29,53],"is_endless":false,"potions_floor_spawned":[3,8,10,16,21,27,31,32,37,44,49],"ascension_level":7}}