{"host":"j4g6ia6asvpyu2b0","time":1611318303,"event":{"mods":["BaseMod","Colored Map","Minty Spire (QoL Compilation)","Permanent Neow","Quick Restart","Relic Stats","StSLib","Unceasing Turn Reminder"],"gold_per_floor":[134,173,211,249,282,282,336,336,336,662,697,726,741,773,773,870,870,890,815,815,815,830,855,855,865,865,923,322,322,375,391,391,462,462,474,302,302,577,155,155,165,184,184,244,257,293,345,385,385,385,385,385,53,80,80,80],"floor_reached":55,"language":"ENG","playtime":2851,"items_purged":["Strike_G","Strike_G","Regret"],"score":1510,"play_id":"ae7d5349-4be3-4b7d-9e2e-ca922da85965","local_time":"20210122052503","is_ascension_mode":true,"campfire_choices":[{"data":"HandOfGreed","floor":6.0,"key":"SMITH"},{"floor":8.0,"key":"REST"},{"data":"Phantasmal Killer","floor":15.0,"key":"SMITH"},{"data":"Envenom","floor":24.0,"key":"SMITH"},{"data":"Footwork","floor":32.0,"key":"SMITH"},{"data":"Crippling Poison","floor":40,"key":"SMITH"},{"floor":49,"key":"RECALL"},{"data":"Bouncing Flask","floor":52,"key":"SMITH"}],"circlet_count":0,"master_deck":["AscendersBane","Strike_G","Strike_G","Defend_G","Defend_G","Defend_G","Defend_G","Defend_G+1","Survivor","Neutralize","HandOfGreed+1","Deadly Poison","Bouncing Flask","Poisoned Stab","Die Die Die","All Out Attack","Bouncing Flask","Phantasmal Killer+1","Blur+1","Backflip","Dagger Spray","Predator","Envenom+1","PiercingWail","Noxious Fumes+1","Blade Dance","Footwork+1","Bouncing Flask+1","Crippling Poison+1","Dodge and Roll","Outmaneuver","CurseOfTheBell","Leg Sweep","Leg Sweep","Catalyst"],"relics":["Ring of the Snake","PreservedInsect","Incense Burner","Old Coin","Odd Mushroom","Pocketwatch","Busted Crown","MutagenicStrength","War Paint","Meat on the Bone","Pantograph","Paper Crane","ClockworkSouvenir","HornCleat","Calling Bell","Toy Ornithopter","Singing Bowl","Ginger","Vajra","Sling","Bottled Lightning","Nunchaku","Dead Branch","Art of War"],"acts_visited":["Exordium","TheCity","TheBeyond","TheEnding"],"potions_floor_usage":[33,45,54,55,55],"damage_taken":[{"damage":0.0,"enemies":"Cultist","floor":1.0,"turns":3.0},{"damage":1.0,"enemies":"2 Louse","floor":2.0,"turns":3.0},{"damage":9.0,"enemies":"Jaw Worm","floor":3.0,"turns":4.0},{"damage":6.0,"enemies":"2 Fungi Beasts","floor":4.0,"turns":4.0},{"damage":7.0,"enemies":"3 Louse","floor":5.0,"turns":4.0},{"damage":4.0,"enemies":"Gremlin Nob","floor":7.0,"turns":3.0},{"damage":25.0,"enemies":"Lagavulin","floor":10.0,"turns":4.0},{"damage":0.0,"enemies":"Gremlin Gang","floor":11.0,"turns":2.0},{"damage":5.0,"enemies":"The Mushroom Lair","floor":12.0,"turns":4.0},{"damage":2.0,"enemies":"Looter","floor":13.0,"turns":3.0},{"damage":3.0,"enemies":"Gremlin Nob","floor":14.0,"turns":3.0},{"damage":0.0,"enemies":"Slime Boss","floor":16.0,"turns":6.0},{"damage":5.0,"enemies":"Shell Parasite","floor":18.0,"turns":4.0},{"damage":0.0,"enemies":"Spheric Guardian","floor":22.0,"turns":2.0},{"damage":0.0,"enemies":"Gremlin Leader","floor":23.0,"turns":4.0},{"damage":3.0,"enemies":"Snake Plant","floor":25.0,"turns":3.0},{"damage":19.0,"enemies":"Book of Stabbing","floor":27.0,"turns":4.0},{"damage":0.0,"enemies":"Gremlin Leader","floor":30.0,"turns":4.0},{"damage":0.0,"enemies":"Snecko","floor":31.0,"turns":3.0},{"damage":47,"enemies":"Automaton","floor":33,"turns":8},{"damage":22,"enemies":"Orb Walker","floor":35,"turns":5},{"damage":1,"enemies":"3 Darklings","floor":41,"turns":4},{"damage":10,"enemies":"Sphere and 2 Shapes","floor":42,"turns":4},{"damage":16,"enemies":"Nemesis","floor":44,"turns":7},{"damage":8,"enemies":"Writhing Mass","floor":45,"turns":5},{"damage":23,"enemies":"4 Shapes","floor":46,"turns":6},{"damage":6,"enemies":"Reptomancer","floor":47,"turns":4},{"damage":0,"enemies":"Jaw Worm Horde","floor":48,"turns":5},{"damage":45,"enemies":"Time Eater","floor":50,"turns":16},{"damage":70,"enemies":"Shield and Spear","floor":54,"turns":9},{"damage":54,"enemies":"The Heart","floor":55,"turns":9}],"seed_played":"-5114031772512506300","potions_obtained":[{"floor":2.0,"key":"Strength Potion"},{"floor":4.0,"key":"CultistPotion"},{"floor":7.0,"key":"FearPotion"},{"floor":11.0,"key":"DuplicationPotion"},{"floor":14.0,"key":"EntropicBrew"},{"floor":22.0,"key":"Block Potion"},{"floor":23.0,"key":"DuplicationPotion"},{"floor":31.0,"key":"BlessingOfTheForge"},{"floor":33,"key":"Fire Potion"},{"floor":35,"key":"Block Potion"},{"floor":42,"key":"CultistPotion"},{"floor":45,"key":"Weak Potion"},{"floor":48,"key":"SteroidPotion"},{"floor":54,"key":"LiquidMemories"}],"is_trial":false,"path_per_floor":["M","M","M","M","M","R","E","R","T","E","M","?","M","E","R","B",null,"M","?","?","?","M","E","R","M","T","E","$","?","E","M","R","B",null,"M","$","?","?","$","R","M","M","T","E","M","M","E","M","R","B",null,"R","$","E","B"],"character_chosen":"THE_SILENT","items_purchased":["Paper Crane","Footwork","ClockworkSouvenir","Bouncing Flask","Leg Sweep","Vajra","Sling","Dead Branch","Catalyst"],"campfire_rested":1,"item_purchase_floors":[28,28,28,28,36,39,39,53,53],"current_hp_per_floor":[44,43,34,28,21,21,17,36,36,11,11,6,4,1,1,1,50,45,45,33,33,33,33,33,30,30,23,23,23,35,47,47,36,62,42,42,42,42,42,42,43,47,47,45,44,33,41,43,43,35,70,70,70,19,0,0],"gold":80,"neow_bonus":"RANDOM_COLORLESS_2","is_daily":false,"chose_seed":false,"campfire_upgraded":6,"win_rate":0.0,"timestamp":1611318303,"path_taken":["M","M","M","?","M","R","E","R","T","E","M","?","M","E","R","BOSS","M","?","?","?","M","E","R","M","T","E","$","?","E","M","R","BOSS","M","$","?","?","$","R","?","M","T","E","M","M","E","M","R","BOSS","R","$","E","BOSS"],"items_purchased_type":["Relic","Card","Relic","Card","Card","Relic","Relic","Relic","Card"],"build_version":"2020-12-22","purchased_purges":3,"victory":false,"max_hp_per_floor":[66,66,66,66,66,66,66,66,66,66,66,66,66,66,66,66,66,66,66,71,71,71,71,71,71,71,71,71,71,71,71,71,71,71,73,73,69,69,69,69,71,73,73,75,77,77,79,81,81,81,81,81,81,83,83,83],"relic_stats":{"Singing Bowl":16,"counters":[31,149],"Dead Branch":[16],"PreservedInsect":389,"Ginger":[9],"War Paint":["Defend_G","Blur"],"Nunchaku":[3],"Busted Crown":36,"Pantograph":74,"Art of War":[6],"obtain_stats":[{"Singing Bowl":34,"Dead Branch":53,"Vajra":39,"PreservedInsect":7,"Incense Burner":9,"Ginger":34,"Odd Mushroom":12,"War Paint":23,"Paper Crane":28,"Sling":39,"Old Coin":10,"ClockworkSouvenir":28,"Calling Bell":34,"Nunchaku":47,"Busted Crown":17,"HornCleat":30,"MutagenicStrength":21,"Pantograph":27,"Art of War":54,"Bottled Lightning":44,"Toy Ornithopter":34,"Ring of the Snake":0,"Pocketwatch":14,"Meat on the Bone":26},{"Singing Bowl":20,"Dead Branch":29,"Vajra":21,"PreservedInsect":6,"Incense Burner":6,"Ginger":20,"Odd Mushroom":9,"War Paint":15,"Paper Crane":17,"Sling":21,"Old Coin":7,"ClockworkSouvenir":17,"Calling Bell":20,"Nunchaku":27,"Busted Crown":12,"HornCleat":18,"MutagenicStrength":13,"Pantograph":17,"Art of War":30,"Bottled Lightning":24,"Toy Ornithopter":20,"Ring of the Snake":0,"Pocketwatch":11,"Meat on the Bone":16},{"Singing Bowl":75,"Dead Branch":131,"Vajra":80,"PreservedInsect":21,"Incense Burner":21,"Ginger":75,"Odd Mushroom":31,"War Paint":53,"Paper Crane":60,"Sling":80,"Old Coin":25,"ClockworkSouvenir":60,"Calling Bell":75,"Nunchaku":110,"Busted Crown":43,"HornCleat":64,"MutagenicStrength":47,"Pantograph":60,"Art of War":140,"Bottled Lightning":95,"Toy Ornithopter":75,"Ring of the Snake":0,"Pocketwatch":37,"Meat on the Bone":56}],"Toy Ornithopter":20,"Ring of the Snake":[62],"Pocketwatch":[204],"Meat on the Bone":120},"card_choices":[{"not_picked":["Sadistic Nature","Magnetism"],"picked":"HandOfGreed","floor":0.0},{"not_picked":["Acrobatics","Dagger Throw"],"picked":"Deadly Poison","floor":1.0},{"not_picked":["Dodge and Roll","Tactician"],"picked":"Bouncing Flask","floor":2.0},{"not_picked":["Bane","Underhanded Strike"],"picked":"Poisoned Stab","floor":3.0},{"not_picked":["Dagger Throw","PiercingWail"],"picked":"Die Die Die","floor":4.0},{"not_picked":["Bane","PiercingWail"],"picked":"All Out Attack","floor":5.0},{"not_picked":["Deadly Poison","Concentrate"],"picked":"Bouncing Flask","floor":7.0},{"not_picked":["Deadly Poison","All Out Attack"],"picked":"Phantasmal Killer","floor":10.0},{"not_picked":["Eviscerate","Riddle With Holes"],"picked":"Blur","floor":11.0},{"not_picked":["Sucker Punch","Flying Knee"],"picked":"Backflip","floor":12.0},{"not_picked":["Quick Slash","Cloak And Dagger"],"picked":"Dagger Spray","floor":13.0},{"not_picked":["Night Terror","Slice"],"picked":"Predator","floor":14.0},{"not_picked":["A Thousand Cuts","Adrenaline"],"picked":"Envenom","floor":16.0},{"not_picked":["Choke"],"picked":"SKIP","floor":18.0},{"not_picked":[],"picked":"PiercingWail","floor":22.0},{"not_picked":[],"picked":"Noxious Fumes+1","floor":23.0},{"not_picked":["Bane"],"picked":"SKIP","floor":25.0},{"not_picked":[],"picked":"Blade Dance","floor":27.0},{"not_picked":[],"picked":"Dodge and Roll","floor":30.0},{"not_picked":[],"picked":"Outmaneuver","floor":31.0},{"not_picked":["Riddle With Holes"],"picked":"Singing Bowl","floor":35},{"not_picked":["Masterful Stab"],"picked":"Singing Bowl","floor":41},{"not_picked":["Slice+1"],"picked":"Singing Bowl","floor":42},{"not_picked":["Heel Hook"],"picked":"Singing Bowl","floor":44},{"not_picked":["Finisher"],"picked":"Singing Bowl","floor":45},{"not_picked":[],"picked":"Leg Sweep","floor":46},{"not_picked":["Underhanded Strike"],"picked":"Singing Bowl","floor":47},{"not_picked":["Sucker Punch+1"],"picked":"Singing Bowl","floor":48},{"not_picked":["Setup+1"],"picked":"Singing Bowl","floor":54}],"player_experience":925303,"relics_obtained":[{"floor":7.0,"key":"PreservedInsect"},{"floor":9.0,"key":"Incense Burner"},{"floor":10.0,"key":"Old Coin"},{"floor":12.0,"key":"Odd Mushroom"},{"floor":14.0,"key":"Pocketwatch"},{"floor":23.0,"key":"War Paint"},{"floor":26.0,"key":"Meat on the Bone"},{"floor":27.0,"key":"Pantograph"},{"floor":30.0,"key":"HornCleat"},{"floor":34,"key":"Toy Ornithopter"},{"floor":34,"key":"Singing Bowl"},{"floor":34,"key":"Ginger"},{"floor":44,"key":"Bottled Lightning"},{"floor":47,"key":"Nunchaku"},{"floor":54,"key":"Art of War"}],"event_choices":[{"damage_healed":0.0,"max_hp_gain":0.0,"max_hp_loss":0.0,"gold_gain":0.0,"event_name":"Mushrooms","player_choice":"Fought Mushrooms","floor":12.0,"gold_loss":0.0,"damage_taken":0.0},{"cards_removed":["Strike_G"],"damage_healed":0.0,"max_hp_gain":0.0,"max_hp_loss":0.0,"gold_gain":0.0,"event_name":"Beggar","player_choice":"Gave Gold","floor":19.0,"gold_loss":75.0,"damage_taken":0.0},{"damage_healed":0.0,"max_hp_gain":5.0,"max_hp_loss":0.0,"gold_gain":0.0,"event_name":"Forgotten Altar","player_choice":"Shed Blood","floor":20.0,"gold_loss":0.0,"damage_taken":17.0},{"damage_healed":0.0,"max_hp_gain":0.0,"max_hp_loss":0.0,"gold_gain":0.0,"event_name":"Drug Dealer","player_choice":"Inject Mutagens","floor":21.0,"gold_loss":0.0,"damage_taken":0.0,"relics_obtained":["MutagenicStrength"]},{"damage_healed":0.0,"max_hp_gain":0.0,"max_hp_loss":0.0,"gold_gain":0.0,"event_name":"The Library","player_choice":"Read","floor":29.0,"gold_loss":0.0,"damage_taken":0.0,"cards_obtained":["Crippling Poison"]},{"damage_healed":0,"gold_gain":0,"player_choice":"Max HP","damage_taken":0,"max_hp_gain":0,"max_hp_loss":4,"event_name":"Winding Halls","floor":37,"gold_loss":0},{"damage_healed":0,"gold_gain":275,"player_choice":"Desecrate","damage_taken":0,"max_hp_gain":0,"max_hp_loss":0,"event_name":"Golden Shrine","floor":38,"gold_loss":0,"cards_obtained":["Regret"]}],"is_beta":false,"boss_relics":[{"not_picked":["SlaversCollar","WristBlade"],"picked":"Busted Crown"},{"not_picked":["Pandora\u0027s Box","Astrolabe"],"picked":"Calling Bell"}],"items_purged_floors":[28,36,39],"is_endless":false,"potions_floor_spawned":[2,4,7,11,14,22,23,27,31,33,35,42,45,46,48,54],"killed_by":"The Heart","ascension_level":14}}