{"host":"iwfi1p2d17xfb6zg","time":1611297212,"event":{"mods":["BaseMod","BetterRewards","Colored Map","Downfall","GifTheSpireLib","Highlight Path","Marisa????????","Minty Spire (QoL Compilation)","Quick Restart","Remilia??????","StSLib","Stuff the Spire","SuperFastMode","The Animator","slay the spire mod where everything is the same but ironclad has a cowboy hat"],"gold_per_floor":[99,109,109,57,16,30,56,82,82,95,95,108,0,26,39,141,141,141,156,156,156,46,46,46,46,60,90,90,0,16,49,66,66,66,66],"floor_reached":33,"language":"ENG","playtime":2166,"items_purged":[],"score":293,"play_id":"29be7904-9568-4e9a-90bf-6cbcfbee4edc","local_time":"20210122013332","is_ascension_mode":false,"campfire_choices":[{"data":"Slimebound:CorrosiveSpit","floor":1,"key":"SMITH"},{"data":"Slimebound:Split","floor":11,"key":"SMITH"},{"data":"expansioncontent:HyperBeam","floor":18,"key":"SMITH"},{"floor":25,"key":"REST"},{"floor":28,"key":"REST"}],"circlet_count":0,"master_deck":["Slimebound:Strike_Slimebound","Slimebound:Strike_Slimebound","Slimebound:Strike_Slimebound","Slimebound:Tackle","Slimebound:Defend_Slimebound","Slimebound:Defend_Slimebound","Slimebound:Defend_Slimebound","Slimebound:Defend_Slimebound","Slimebound:Split+1","Slimebound:CorrosiveSpit+1","Slimebound:Prepare","Slimebound:SplitLeeching","Slimebound:LeadByExample","Slimebound:RollThrough","Slimebound:ItLooksTasty","Slimebound:SlimeTap","Slimebound:LivingWall+1","Slimebound:Schlurp","Slimebound:SplitAcid","Slimebound:FlameTackle","expansioncontent:HyperBeam+1","Slimebound:LeechEnergy","Slimebound:SplitBruiser","Slimebound:DuplicatedForm","Slimebound:RejuvenatingLick","Slimebound:Replication","expansioncontent:HyperBeam+1","Slimebound:LivingWall","Slimebound:Nibble","Slimebound:FinishingTackle","Slimebound:SplitAcid+1","Slimebound:LivingWall","Slimebound:ProtectTheBoss","Slimebound:SlimeSpikes+1"],"relics":["Slimebound:AbsorbEndCombat","Orichalcum","Lantern","Kunai","Strawberry","SlaversCollar","Enchiridion","StuffTheSpire:ForceGauntlet","Pocketwatch","Eternal Feather","War Paint","StuffTheSpire:Gunfinga"],"acts_visited":["Exordium","TheCity"],"potions_floor_usage":[16,16,22,23,27,33],"damage_taken":[{"damage":4,"enemies":"Cultist","floor":2,"turns":3},{"damage":3,"enemies":"downfall:FleeingMerchant","floor":4,"turns":4},{"damage":5,"enemies":"downfall:FleeingMerchant","floor":5,"turns":4},{"damage":11,"enemies":"Jaw Worm","floor":6,"turns":4},{"damage":12,"enemies":"Lagavulin","floor":8,"turns":7},{"damage":1,"enemies":"Small Slimes","floor":10,"turns":4},{"damage":0,"enemies":"3 Louse","floor":12,"turns":3},{"damage":16,"enemies":"downfall:FleeingMerchant","floor":13,"turns":4},{"damage":26,"enemies":"Gremlin Nob","floor":14,"turns":4},{"damage":12,"enemies":"Lots of Slimes","floor":15,"turns":4},{"damage":14,"enemies":"DF_ARCHETYPE_STREAMLINE","floor":16,"turns":12},{"damage":15,"enemies":"Spheric Guardian","floor":19,"turns":3},{"damage":20,"enemies":"downfall:FleeingMerchant","floor":22,"turns":4},{"damage":13,"enemies":"Shell Parasite","floor":26,"turns":4},{"damage":31,"enemies":"Book of Stabbing","floor":27,"turns":5},{"damage":25,"enemies":"downfall:FleeingMerchant","floor":29,"turns":3},{"damage":29,"enemies":"Centurion and Healer","floor":30,"turns":7},{"damage":2,"enemies":"Slavers","floor":31,"turns":3},{"damage":15,"enemies":"Snake Plant","floor":32,"turns":2},{"damage":12,"enemies":"SI_MIRROR_ARCHETYPE","floor":33,"turns":2}],"seed_played":"3087354211847396831","potions_obtained":[{"floor":6,"key":"Ancient Potion"},{"floor":8,"key":"sneckomod:MuddlingPotion"},{"floor":14,"key":"DistilledChaos"},{"floor":16,"key":"GamblersBrew"},{"floor":23,"key":"Fruit Juice"},{"floor":23,"key":"Regen Potion"},{"floor":23,"key":"Swift Potion"},{"floor":30,"key":"Guardian:BlockOnCardUsePotion"}],"is_trial":false,"path_per_floor":["R","M","?","$","$","M","T","E","?","M","R","M","$","E","M","B",null,"R","M","?","?","$","?","T","R","M","E","R","$","M","E","M","B"],"character_chosen":"SLIMEBOUND","items_purchased":["Slimebound:LeadByExample","Slimebound:ItLooksTasty","expansioncontent:HyperBeam","expansioncontent:HyperBeam+1","Slimebound:SplitAcid","Eternal Feather","War Paint"],"campfire_rested":2,"item_purchase_floors":[4,5,13,22,29,29,29],"current_hp_per_floor":[65,63,63,64,64,55,55,51,51,50,50,54,44,27,23,17,72,72,72,72,56,40,45,45,68,57,44,67,44,19,21,8,0,0,0],"gold":66,"neow_bonus":"RANDOM_COMMON_RELIC","is_daily":false,"chose_seed":false,"campfire_upgraded":3,"win_rate":0.0,"timestamp":1611297212,"path_taken":["R","?","?","?","$","M","T","E","?","M","R","M","$","E","M","BOSS","R","M","?","?","$","?","T","R","M","E","R","$","M","E","M","BOSS"],"items_purchased_type":["Card","Card","Card","Card","Card","Relic","Relic"],"build_version":"2020-12-22","purchased_purges":0,"victory":false,"max_hp_per_floor":[65,65,65,65,65,65,65,65,65,65,65,65,65,72,72,72,72,72,72,72,72,72,77,77,77,77,77,77,77,77,77,77,77,77,77],"card_choices":[{"not_picked":["Slimebound:ComboTackle","Slimebound:RejuvenatingLick"],"picked":"Slimebound:Prepare","floor":2},{"not_picked":["Slimebound:PressTheAttack","Slimebound:Nibble"],"picked":"Slimebound:SplitLeeching","floor":4},{"not_picked":["Slimebound:LivingWall","Slimebound:PressTheAttack"],"picked":"Slimebound:RollThrough","floor":5},{"not_picked":["Slimebound:SelfFormingGoo","Slimebound:LeechingTouch"],"picked":"Slimebound:SlimeTap","floor":6},{"not_picked":["Slimebound:TongueLash","Slimebound:Prepare"],"picked":"Slimebound:LivingWall","floor":8},{"not_picked":["Slimebound:ItLooksTasty","Slimebound:GoopTackle"],"picked":"Slimebound:Schlurp","floor":10},{"not_picked":["Slimebound:LeechEnergy","Slimebound:Schlurp"],"picked":"Slimebound:SplitAcid","floor":12},{"not_picked":["Slimebound:RollThrough","Slimebound:Replication"],"picked":"Slimebound:FlameTackle","floor":13},{"not_picked":["Slimebound:Dissolve","Slimebound:Chomp"],"picked":"Slimebound:LeechEnergy","floor":14},{"not_picked":["Slimebound:SlimeBrawl","Slimebound:OneTwoCombo"],"picked":"Slimebound:SplitBruiser","floor":15},{"not_picked":["Slimebound:SelfFormingGoo","Slimebound:MinionMaster"],"picked":"Slimebound:DuplicatedForm","floor":16},{"not_picked":["Slimebound:SplitMire+1","Slimebound:LeechingTouch"],"picked":"Slimebound:RejuvenatingLick","floor":19},{"not_picked":["Slimebound:PressTheAttack+1","Slimebound:SplitBruiser"],"picked":"Slimebound:Replication","floor":22},{"not_picked":["Slimebound:RainOfGoop","Slimebound:GrowthPunch"],"picked":"Slimebound:LivingWall","floor":26},{"not_picked":["Slimebound:LeechingTouch","Slimebound:FirmFortitude"],"picked":"Slimebound:Nibble","floor":27},{"not_picked":["Slimebound:MassRepurpose","Slimebound:SlimeBarrage"],"picked":"Slimebound:FinishingTackle","floor":29},{"not_picked":["Slimebound:SplitAcid","Slimebound:SamplingLick"],"picked":"Slimebound:LivingWall","floor":30},{"not_picked":["Slimebound:FinishingTackle","Slimebound:RallyTheTroops"],"picked":"Slimebound:ProtectTheBoss","floor":31},{"not_picked":["Slimebound:SplitBruiser","Slimebound:LeadByExample"],"picked":"Slimebound:SlimeSpikes+1","floor":32}],"player_experience":102362,"relics_obtained":[{"floor":7,"key":"Lantern"},{"floor":8,"key":"Kunai"},{"floor":14,"key":"Strawberry"},{"floor":21,"key":"Enchiridion"},{"floor":24,"key":"StuffTheSpire:ForceGauntlet"},{"floor":27,"key":"Pocketwatch"},{"floor":31,"key":"StuffTheSpire:Gunfinga"}],"event_choices":[{"damage_healed":0,"gold_gain":0,"player_choice":"Got Potions","damage_taken":0,"max_hp_gain":0,"max_hp_loss":0,"event_name":"Lab","floor":23,"gold_loss":0}],"is_beta":false,"boss_relics":[{"not_picked":["Velvet Choker","Runic Pyramid"],"picked":"SlaversCollar"}],"items_purged_floors":[],"is_endless":false,"potions_floor_spawned":[6,8,14,16,26,30,31],"killed_by":"SI_MIRROR_ARCHETYPE","ascension_level":0}}