{"host":"oigynbtg272c19pw","time":1611301790,"event":{"mods":["BaseMod","Colored Map","Minty Spire (QoL Compilation)","Relic Stats","Slay the Relics Exporter","StSLib"],"gold_per_floor":[119,119,130,130,149,149,184,15,15,27,42,42,56,72,72,145,145,162,0,12,12,12],"floor_reached":21,"playtime":836,"items_purged":["Strike_G"],"score":366,"play_id":"07a588e2-7f59-4116-8c03-482bd92bea69","local_time":"20210122084950","is_ascension_mode":true,"campfire_choices":[{"data":"Predator","floor":6.0,"key":"SMITH"},{"data":"Deadly Poison","floor":12.0,"key":"SMITH"},{"data":"Noxious Fumes","floor":15,"key":"SMITH"}],"circlet_count":0,"master_deck":["AscendersBane","Strike_G","Defend_G","Defend_G","Defend_G","Defend_G","Defend_G","Survivor","Neutralize","Predator+1","Deadly Poison+1","Phantasmal Killer","Skewer","Deadly Poison","Deflect","Acrobatics","Noxious Fumes+1","Bane","Malaise","Backflip","Wraith Form v2","Leg Sweep+1"],"relics":["Ring of the Snake","NeowsBlessing","CultistMask","Gremlin Horn","ClockworkSouvenir","Boot","Empty Cage"],"acts_visited":["Exordium","TheCity"],"potions_floor_usage":[16,21],"damage_taken":[{"damage":0.0,"enemies":"2 Louse","floor":1.0,"turns":1.0},{"damage":0.0,"enemies":"Cultist","floor":3.0,"turns":1.0},{"damage":0.0,"enemies":"Jaw Worm","floor":5.0,"turns":1.0},{"damage":12.0,"enemies":"3 Sentries","floor":7.0,"turns":5.0},{"damage":11.0,"enemies":"Lots of Slimes","floor":10.0,"turns":4.0},{"damage":3.0,"enemies":"3 Louse","floor":11.0,"turns":3.0},{"damage":7,"enemies":"Looter","floor":13,"turns":4},{"damage":1,"enemies":"Blue Slaver","floor":14,"turns":2},{"damage":23,"enemies":"Slime Boss","floor":16,"turns":10},{"damage":32,"enemies":"2 Thieves","floor":18,"turns":5},{"damage":8,"enemies":"Chosen","floor":20,"turns":6},{"damage":15,"enemies":"Shelled Parasite and Fungi","floor":21,"turns":5}],"seed_played":"-8079284921013371659","potions_obtained":[{"floor":1.0,"key":"Swift Potion"},{"floor":3.0,"key":"SneckoOil"},{"floor":11.0,"key":"GhostInAJar"},{"floor":14,"key":"EssenceOfSteel"}],"is_trial":false,"path_per_floor":["M","?","M","?","M","R","E","$","T","M","M","R","M","M","R","B",null,"M","$","M","M"],"character_chosen":"THE_SILENT","items_purchased":["ClockworkSouvenir","Wraith Form v2"],"campfire_rested":0,"item_purchase_floors":[8,19],"current_hp_per_floor":[59,59,59,59,59,59,47,47,47,36,33,33,26,25,25,2,50,18,18,10,0,0],"gold":12,"neow_bonus":"THREE_ENEMY_KILL","is_daily":false,"chose_seed":false,"campfire_upgraded":3,"win_rate":0.0,"timestamp":1611301790,"path_taken":["M","?","?","?","?","R","E","$","T","M","M","R","M","M","R","BOSS","M","?","M","M"],"items_purchased_type":["Relic","Card"],"build_version":"2020-12-13","purchased_purges":1,"victory":false,"max_hp_per_floor":[66,66,66,66,66,66,66,66,66,66,66,66,66,66,66,66,66,66,66,66,66,66],"relic_stats":{"Gremlin Horn":[11,11],"counters":[12,47],"Boot":[17],"obtain_stats":[{"NeowsBlessing":0,"Gremlin Horn":7,"CultistMask":2,"Boot":9,"Empty Cage":17,"Ring of the Snake":0,"ClockworkSouvenir":8},{"NeowsBlessing":0,"Gremlin Horn":4,"CultistMask":1,"Boot":4,"Empty Cage":9,"Ring of the Snake":0,"ClockworkSouvenir":4},{"NeowsBlessing":0,"Gremlin Horn":8,"CultistMask":1,"Boot":8,"Empty Cage":31,"Ring of the Snake":0,"ClockworkSouvenir":8}],"Ring of the Snake":[24]},"card_choices":[{"not_picked":["Leg Sweep","Sucker Punch"],"picked":"Predator","floor":1.0},{"not_picked":["Dodge and Roll","Accuracy"],"picked":"Deadly Poison","floor":3.0},{"not_picked":["Cloak And Dagger","Distraction"],"picked":"Skewer","floor":5.0},{"not_picked":["Dagger Throw","Flechettes"],"picked":"Deadly Poison","floor":7.0},{"not_picked":["Choke","Predator"],"picked":"Deflect","floor":10.0},{"not_picked":["Tactician","Infinite Blades"],"picked":"Acrobatics","floor":11.0},{"not_picked":["Outmaneuver","Reflex"],"picked":"Noxious Fumes","floor":13},{"not_picked":["Blade Dance","Cloak And Dagger"],"picked":"Bane","floor":14},{"not_picked":["After Image","Glass Knife"],"picked":"Malaise","floor":16},{"not_picked":["Poisoned Stab","Prepared"],"picked":"Backflip","floor":18},{"not_picked":["Flying Knee","Dodge and Roll"],"picked":"Leg Sweep+1","floor":20}],"player_experience":1461791,"relics_obtained":[{"floor":7.0,"key":"Gremlin Horn"},{"floor":9.0,"key":"Boot"}],"event_choices":[{"damage_healed":0.0,"max_hp_gain":0.0,"max_hp_loss":0.0,"gold_gain":0.0,"event_name":"FaceTrader","player_choice":"Trade","floor":2.0,"gold_loss":0.0,"damage_taken":0.0,"relics_obtained":["CultistMask"]},{"damage_healed":0.0,"max_hp_gain":0.0,"max_hp_loss":0.0,"gold_gain":0.0,"cards_transformed":["Strike_G"],"event_name":"Transmorgrifier","player_choice":"Transformed","floor":4.0,"gold_loss":0.0,"damage_taken":0.0,"cards_obtained":["Phantasmal Killer"]}],"is_beta":false,"boss_relics":[{"not_picked":["WristBlade","SlaversCollar"],"picked":"Empty Cage"}],"items_purged_floors":[19],"is_endless":false,"potions_floor_spawned":[1,3,11,14],"killed_by":"Shelled Parasite and Fungi","ascension_level":20}}