{"host":"1lhpgrjjhxx10cx0","time":1611316885,"event":{"mods":["Aspiration","BaseMod","Better Vampires","Downfall","Friendly Minions","Highlight Path","Minty Spire (QoL Compilation)","Permanent Neow","Quick Restart","StSLib","Waifu the Spire"],"gold_per_floor":[99,99,99,99,99,24,24,24,55,40,55,55,71,97,110,110,110,110],"floor_reached":16,"language":"ZHS","playtime":541,"items_purged":["Guardian:Defend_Guardian"],"score":131,"play_id":"d2e7a401-60b8-458c-abfc-7c5180c5500c","local_time":"20210122200125","is_ascension_mode":false,"campfire_choices":[{"data":"Guardian:TwinSlam","floor":1,"key":"SMITH"},{"data":"Guardian:MultiBeam","floor":8,"key":"SMITH"},{"data":"Guardian:RefractedBeam","floor":12,"key":"SMITH"}],"circlet_count":0,"master_deck":["Guardian:Strike_Guardian","Guardian:Strike_Guardian","Guardian:Strike_Guardian","Guardian:Defend_Guardian","Guardian:Defend_Guardian","Guardian:Defend_Guardian","Guardian:CurlUp","Guardian:TwinSlam+1","Guardian:MultiBeam+1","Guardian:TemporalShield","Guardian:RefractedBeam+1","Guardian:ChargeCore","Guardian:StasisStrike","Guardian:Suspension"],"relics":["Guardian:ModeShifter","downfall:HeartsMalice","MealTicket","Bag of Marbles","Girya"],"acts_visited":["Exordium"],"potions_floor_usage":[],"damage_taken":[{"damage":0,"enemies":"Cultist","floor":2,"turns":1},{"damage":0,"enemies":"downfall:FleeingMerchant","floor":6,"turns":1},{"damage":0,"enemies":"3 Sentries","floor":9,"turns":1},{"damage":0,"enemies":"downfall:FleeingMerchant","floor":10,"turns":4},{"damage":6,"enemies":"2 Louse","floor":11,"turns":3},{"damage":0,"enemies":"Small Slimes","floor":13,"turns":1},{"damage":18,"enemies":"Lagavulin","floor":14,"turns":4},{"damage":12,"enemies":"Blue Slaver","floor":15,"turns":2},{"damage":54,"enemies":"IC_STATUS_ARCHETYPE","floor":16,"turns":10}],"seed_played":"-86218208276681749","potions_obtained":[{"floor":9,"key":"Energy Potion"},{"floor":13,"key":"LiquidBronze"},{"floor":15,"key":"Dexterity Potion"}],"is_trial":false,"path_per_floor":["R","M","?","?","?","$","T","R","E","$","M","R","M","E","M","B"],"character_chosen":"GUARDIAN","items_purchased":[],"campfire_rested":0,"item_purchase_floors":[],"current_hp_per_floor":[80,80,80,85,85,85,85,85,85,85,79,79,79,61,49,0,0,0],"gold":110,"neow_bonus":"THREE_ENEMY_KILL","is_daily":false,"chose_seed":false,"campfire_upgraded":3,"win_rate":0.0,"timestamp":1611316885,"path_taken":["R","M","?","?","?","$","T","R","E","?","M","R","?","E","M","BOSS"],"items_purchased_type":[],"build_version":"2020-12-22","purchased_purges":1,"victory":false,"max_hp_per_floor":[80,80,80,85,85,85,85,85,85,85,85,85,85,85,85,85,85,85],"card_choices":[{"not_picked":["Guardian:Emergency","Guardian:Preprogram","Guardian:Suspension"],"picked":"SKIP","floor":2},{"not_picked":["Guardian:RollAttack","Guardian:TimeCapacitor"],"picked":"Guardian:MultiBeam","floor":6},{"not_picked":["Guardian:PrimingBeam","Guardian:SphericShield"],"picked":"Guardian:TemporalShield","floor":9},{"not_picked":["Guardian:Incinerate","Guardian:Reroute"],"picked":"Guardian:Gem_Lightblue","floor":10},{"not_picked":["Guardian:SpikerProtocol","Guardian:FloatingOrbs"],"picked":"Guardian:RefractedBeam","floor":11},{"not_picked":["Guardian:Planning","Guardian:Suspension"],"picked":"Guardian:ChargeCore","floor":13},{"not_picked":["Guardian:Suspension","Guardian:Emergency"],"picked":"Guardian:StasisStrike","floor":14},{"not_picked":["Guardian:TimeCapacitor","Guardian:VentSteam"],"picked":"Guardian:Suspension","floor":15}],"player_experience":87482,"relics_obtained":[{"floor":7,"key":"MealTicket"},{"floor":9,"key":"Bag of Marbles"},{"floor":14,"key":"Girya"}],"event_choices":[{"damage_healed":0,"gold_gain":0,"player_choice":"Donut","damage_taken":0,"max_hp_gain":5,"max_hp_loss":0,"event_name":"Big Fish","floor":4,"gold_loss":0}],"is_beta":false,"boss_relics":[],"items_purged_floors":[6],"is_endless":false,"potions_floor_spawned":[9,13,15],"killed_by":"IC_STATUS_ARCHETYPE","ascension_level":0}}