{"host":"5s7sm4h73jkd9266","time":1611252479,"event":{"mods":["AchievementEnabler","Bartender","BaseMod","Better Vampires","BetterRewards","Colored Map","Colored Powertips","Conspire","Downfall","Energized Spire","Hermit","Hubris","Magitek Elite","Minty Spire (QoL Compilation)","Potion Indicator Mod","Rare Cards Sparkle","Shop Mod","StSLib","The Blue Laboratory","The Necromancer","The Witch","Virulent Crown","everything is the same but u backflip on backflip","slay the spire mod where everything is the same but ironclad has a cowboy hat","vexMod"],"gold_per_floor":[135,168,343,400,414,414,453,487,487,487,487,50,50,106,106,204,204,218,218,0,0,44,123,123,123,172,172,172,72,72,127,127,244,244,310,310,6,56,86,86,119,119,172,188,221,221,1,1,1,23,23],"floor_reached":50,"language":"ENG","playtime":4467,"items_purged":[],"score":760,"play_id":"9998855b-6fc7-4c39-8903-b1bef092e0d4","local_time":"20210121130759","is_ascension_mode":false,"campfire_choices":[{"floor":6.0,"key":"RECALL"},{"floor":10.0,"key":"REST"},{"data":"HandOfGreed","floor":13.0,"key":"SMITH"},{"floor":15.0,"key":"REST"},{"data":"Sunder","floor":28.0,"key":"SMITH"},{"floor":30.0,"key":"REST"},{"data":"Defragment","floor":32.0,"key":"SMITH"},{"floor":40.0,"key":"REST"},{"floor":42.0,"key":"REST"},{"data":"Defragment","floor":49.0,"key":"SMITH"}],"circlet_count":0,"master_deck":["Strike_B","Strike_B","Strike_B","Strike_B","Defend_B","Defend_B","Defend_B","Defend_B","Zap+1","Dualcast","HandOfGreed+1","Madness","Conserve Battery","Defragment+1","Doubt","Ball Lightning","Melter","Defragment+1","BootSequence","Conserve Battery","Buffer+1","Beam Cell+1","Necronomicurse","HandOfGreed","Loop","Heatsinks","Doom and Gloom+1","Sunder+1","conspire:SpireCoStock","conspire:SpireCoStock","Hologram","Electrodynamics","BootSequence","Decay","hubris:EnhanceAbility","White Noise","Stack","Steam Power+1","Sunder+1","Hologram","Aggregate","Steam","Pain","Cold Snap"],"relics":["Cracked Core","vexMod:Dragonfruit","Blood Vial","hubris:BottledRain","Vajra","Busted Crown","Necronomicon","Orichalcum","Juzu Bracelet","Darkstone Periapt","conspire:SpecialSausage","conspire:TopHat","MealTicket","Akabeko","WarpedTongs","Runic Capacitor","Pantograph"],"acts_visited":["Exordium","TheCity","TheBeyond"],"potions_floor_usage":[50,50,50],"damage_taken":[{"damage":0.0,"enemies":"Small Slimes","floor":1.0,"turns":3.0},{"damage":0.0,"enemies":"2 Louse","floor":2.0,"turns":2.0},{"damage":0.0,"enemies":"Jaw Worm","floor":5.0,"turns":2.0},{"damage":0.0,"enemies":"2 Fungi Beasts","floor":7.0,"turns":3.0},{"damage":12.0,"enemies":"conspire:MimicChest","floor":8.0,"turns":5.0},{"damage":24.0,"enemies":"Lagavulin","floor":14.0,"turns":5.0},{"damage":22.0,"enemies":"Slime Boss","floor":16.0,"turns":5.0},{"damage":6.0,"enemies":"Shell Parasite","floor":18.0,"turns":4.0},{"damage":0.0,"enemies":"Spheric Guardian","floor":22.0,"turns":2.0},{"damage":11.0,"enemies":"Slavers","floor":23.0,"turns":3.0},{"damage":0.0,"enemies":"Chosen and Byrds","floor":31.0,"turns":3.0},{"damage":68.0,"enemies":"hubris:MusketHawk","floor":33.0,"turns":7.0},{"damage":0.0,"enemies":"Orb Walker","floor":35.0,"turns":2.0},{"damage":40.0,"enemies":"Mind Bloom Boss Battle","floor":38.0,"turns":4.0},{"damage":0.0,"enemies":"3 Shapes","floor":39.0,"turns":3.0},{"damage":20.0,"enemies":"Giant Head","floor":41.0,"turns":7.0},{"damage":4.0,"enemies":"Jaw Worm Horde","floor":44.0,"turns":3.0},{"damage":8.0,"enemies":"Nemesis","floor":45.0,"turns":3.0},{"damage":109,"enemies":"Awakened One","floor":50,"turns":9}],"seed_played":"-8640300394127160697","potions_obtained":[{"floor":2.0,"key":"Strength Potion"},{"floor":7.0,"key":"blueLaboratory:Moonshine"},{"floor":8.0,"key":"FocusPotion"},{"floor":16.0,"key":"Dexterity Potion"},{"floor":18.0,"key":"champ:CounterPotion"},{"floor":23.0,"key":"blueLaboratory:PhilterOfMotion"},{"floor":33.0,"key":"Energy Potion"},{"floor":35.0,"key":"blueLaboratory:SystemWipe"},{"floor":39.0,"key":"ColorlessPotion"},{"floor":44.0,"key":"blueLaboratory:BubblePotion"},{"floor":45.0,"key":"blueLaboratory:PolymorphPotion"}],"is_trial":false,"path_per_floor":["M","M","?","?","M","R","M","?","T","R","?","$","R","E","R","B",null,"M","?","$","?","M","E","?","?","T","T","R","?","R","M","R","B",null,"M","?","$","?","M","R","E","R","T","M","E","?","$","T","R","B"],"character_chosen":"DEFECT","items_purchased":["vexMod:Dragonfruit","Blood Vial","HandOfGreed","Madness","hubris:BottledRain","Defragment","BootSequence","Strength Potion","HandOfGreed","Loop","hubris:EnhanceAbility","White Noise","Stack","Runic Capacitor","Cold Snap","AttackPotion"],"campfire_rested":5,"item_purchase_floors":[0,0,0,0,12,12,12,12,20,20,37,37,37,47,47,47],"current_hp_per_floor":[56,58,58,58,60,60,62,52,52,76,76,76,76,54,78,58,80,74,58,58,58,60,51,51,51,51,51,51,51,75,77,77,11,80,80,86,86,46,48,73,55,80,80,78,72,78,92,92,92,0,0],"gold":23,"neow_bonus":"","is_daily":false,"chose_seed":false,"campfire_upgraded":4,"win_rate":0.0,"timestamp":1611252479,"path_taken":["M","M","?","?","M","R","M","?","T","R","?","$","R","E","R","BOSS","M","?","$","?","?","E","?","?","T","?","R","?","R","M","R","BOSS","M","?","$","?","M","R","E","R","T","M","E","?","$","?","R","BOSS"],"items_purchased_type":["Relic","Relic","Card","Card","Relic","Card","Card","Potion","Card","Card","Card","Card","Card","Relic","Card","Potion"],"build_version":"2020-12-22","purchased_purges":0,"victory":false,"max_hp_per_floor":[80,80,80,80,80,80,80,80,80,80,80,80,80,80,80,80,80,80,80,80,80,80,80,80,80,80,80,80,80,80,80,80,80,80,80,86,86,86,86,86,86,86,86,86,86,92,92,92,92,92,92],"card_choices":[{"not_picked":["Barrage","Turbo"],"picked":"Conserve Battery","floor":1.0},{"not_picked":["Heatsinks","Cold Snap"],"picked":"Defragment","floor":2.0},{"not_picked":["Heatsinks","Fusion"],"picked":"Ball Lightning","floor":5.0},{"not_picked":["hubris:Ukulele","Compile Driver"],"picked":"FTL","floor":7.0},{"not_picked":["Steam","Leap"],"picked":"Melter","floor":8.0},{"not_picked":["Aggregate","Rebound"],"picked":"Conserve Battery","floor":14.0},{"not_picked":["Fission","Rainbow"],"picked":"Buffer","floor":16.0},{"not_picked":[],"picked":"Beam Cell+1","floor":18.0},{"not_picked":[],"picked":"Doom and Gloom+1","floor":22.0},{"not_picked":[],"picked":"Sunder","floor":23.0},{"not_picked":[],"picked":"Hologram","floor":31.0},{"not_picked":[],"picked":"Electrodynamics","floor":33.0},{"not_picked":[],"picked":"BootSequence","floor":35.0},{"not_picked":[],"picked":"Steam Power+1","floor":38.0},{"not_picked":[],"picked":"Sunder+1","floor":39.0},{"not_picked":[],"picked":"Hologram","floor":41.0},{"not_picked":[],"picked":"Aggregate","floor":44.0},{"not_picked":[],"picked":"Steam","floor":45.0}],"player_experience":5473205,"relics_obtained":[{"floor":14.0,"key":"Vajra"},{"floor":19.0,"key":"Necronomicon"},{"floor":23.0,"key":"Orichalcum"},{"floor":26.0,"key":"Juzu Bracelet"},{"floor":27.0,"key":"Darkstone Periapt"},{"floor":41.0,"key":"conspire:TopHat"},{"floor":43.0,"key":"MealTicket"},{"floor":45.0,"key":"Akabeko"},{"floor":48.0,"key":"Pantograph"}],"event_choices":[{"damage_healed":0.0,"max_hp_gain":0.0,"max_hp_loss":0.0,"gold_gain":175.0,"event_name":"Liars Game","player_choice":"AGREE","floor":3.0,"gold_loss":0.0,"damage_taken":0.0,"cards_obtained":["Doubt"]},{"damage_healed":0.0,"max_hp_gain":0.0,"max_hp_loss":0.0,"gold_gain":57.0,"event_name":"Golden Wing","player_choice":"Gained Gold","floor":4.0,"gold_loss":0.0,"damage_taken":0.0},{"damage_healed":0.0,"max_hp_gain":0.0,"max_hp_loss":0.0,"gold_gain":0.0,"event_name":"Living Wall","player_choice":"Grow","floor":11.0,"gold_loss":0.0,"damage_taken":0.0,"cards_upgraded":["Zap"]},{"damage_healed":0.0,"max_hp_gain":0.0,"max_hp_loss":0.0,"gold_gain":0.0,"event_name":"Cursed Tome","player_choice":"Obtained Book","floor":19.0,"gold_loss":0.0,"damage_taken":16.0},{"damage_healed":0.0,"max_hp_gain":0.0,"max_hp_loss":0.0,"gold_gain":0.0,"cards_transformed":["FTL"],"event_name":"Transmorgrifier","player_choice":"Transformed","floor":21.0,"gold_loss":0.0,"damage_taken":0.0,"cards_obtained":["Heatsinks"]},{"damage_healed":0.0,"max_hp_gain":0.0,"max_hp_loss":0.0,"gold_gain":0.0,"event_name":"conspire:Investor","player_choice":"Invest 2","floor":29.0,"gold_loss":0.0,"damage_taken":0.0},{"damage_healed":0.0,"max_hp_gain":0.0,"max_hp_loss":0.0,"gold_gain":0.0,"event_name":"Wheel of Change","player_choice":"Cursed","floor":36.0,"gold_loss":0.0,"damage_taken":0.0,"cards_obtained":["Decay"]},{"damage_healed":0.0,"max_hp_gain":0.0,"max_hp_loss":0.0,"gold_gain":0.0,"event_name":"MindBloom","player_choice":"Fight","floor":38.0,"gold_loss":0.0,"damage_taken":0.0},{"damage_healed":0.0,"max_hp_gain":0.0,"max_hp_loss":0.0,"gold_gain":0.0,"event_name":"Accursed Blacksmith","player_choice":"Rummage","floor":46.0,"gold_loss":0.0,"damage_taken":0.0,"relics_obtained":["WarpedTongs"],"cards_obtained":["Pain"]}],"is_beta":false,"boss_relics":[{"not_picked":["energizedSpire:RedRose","hubris:VirtuousBlindfold"],"picked":"Busted Crown"},{"not_picked":["energizedSpire:HugeHouse","Silver_Glasses"],"picked":"conspire:SpecialSausage"}],"items_purged_floors":[],"is_endless":false,"potions_floor_spawned":[2,7,8,16,18,23,33,35,39,44,45],"killed_by":"Awakened One","ascension_level":0}}