{"host":"bpkhhmvsfrvlto2l","time":1611337291,"event":{"mods":["2.2 Compatiblity","AchievementEnabler","Act Like it!","AlwaysNeverKeys","Aspiration","BaseMod","Better Silent Start","Challenge The Spire","Colored Map","Colored Powertips","Custom Start","Energized Spire","Friendly Minions","GifTheSpireLib","Halation","Hubris","Infinite Spire","Ironclad Rager","Mimic Mod","Minty Spire (QoL Compilation)","Permanent Neow","Quick Restart","Random Character Button","Relic Sorter","Replay The Spire","Spikes Relics","StSLib","Stuff the Spire","Swap Starting Deck Mod","Trackpad"],"gold_per_floor":[115,115,125,176,176,176,208,219,219,219,238,268,268,268,268,367,367,377,377,393,393,410,435,435,435,435],"floor_reached":25,"language":"ENG","playtime":1366,"items_purged":[],"score":263,"play_id":"23f933cb-b99b-4a37-b687-8dbaffe136e6","local_time":"20210122124131","is_ascension_mode":true,"campfire_choices":[{"data":"Backstab","floor":6.0,"key":"SMITH"},{"data":"Neutralize","floor":10.0,"key":"SMITH"},{"floor":13.0,"key":"REST"},{"data":"Poisoned Stab","floor":15.0,"key":"SMITH"}],"circlet_count":0,"master_deck":["Strike_G","Strike_G","Strike_G","Strike_G","Defend_G","Defend_G","Defend_G","Defend_G","Survivor+1","Neutralize+1","Backstab+1","Poisoned Stab+1","Noxious Fumes+1","Poisoned Stab","Poisoned Stab"],"relics":["Ring of the Snake","halation:PinkSoulGem","hubris:Icosahedron","Ring of Peace","Gremlin Horn","Snake Skull","Toy Ornithopter","Orrery","Ninja Scroll"],"acts_visited":["Exordium","TheCity"],"potions_floor_usage":[23,25],"damage_taken":[{"damage":0.0,"enemies":"2 Louse","floor":1.0,"turns":3.0},{"damage":0.0,"enemies":"Small Slimes","floor":3.0,"turns":4.0},{"damage":42.0,"enemies":"3 Sentries","floor":7.0,"turns":7.0},{"damage":0.0,"enemies":"Jaw Worm","floor":8.0,"turns":6.0},{"damage":3.0,"enemies":"Large Slime","floor":11.0,"turns":12.0},{"damage":6.0,"enemies":"Exordium Wildlife","floor":12.0,"turns":9.0},{"damage":17,"enemies":"The Guardian","floor":16,"turns":13},{"damage":17,"enemies":"Spheric Guardian","floor":18,"turns":6},{"damage":10,"enemies":"3 Byrds","floor":20,"turns":6},{"damage":21,"enemies":"3 Cultists","floor":22,"turns":6},{"damage":10,"enemies":"Gremlin Leader","floor":23,"turns":5},{"damage":27,"enemies":"Slavers","floor":25,"turns":6}],"seed_played":"8724199695313364270","potions_obtained":[{"floor":1.0,"key":"Milkshake"},{"floor":8.0,"key":"SteroidPotion"},{"floor":16,"key":"Block Potion"},{"floor":18,"key":"Fire Potion"}],"is_trial":false,"path_per_floor":["M","?","M","?","?","R","E","M","T","R","M","MIM","R","?","R","B",null,"M","?","M","AVR","M","E","?","E"],"character_chosen":"THE_SILENT","items_purchased":[],"campfire_rested":1,"item_purchase_floors":[],"current_hp_per_floor":[70,70,70,70,70,70,28,28,28,28,25,19,40,40,40,23,70,53,53,43,43,22,17,17,0,0],"gold":435,"neow_bonus":"UPGRADE_CARD","is_daily":false,"chose_seed":false,"campfire_upgraded":3,"win_rate":0.0,"timestamp":1611337291,"path_taken":["M","?","M","?","?","R","E","M","T","R","M","?","R","?","R","BOSS","M","?","M","AVR","M","E","?","E"],"items_purchased_type":[],"build_version":"2020-12-22","purchased_purges":0,"victory":false,"max_hp_per_floor":[70,70,70,70,70,70,70,70,70,70,70,70,70,70,70,70,70,70,70,70,70,70,70,70,70,70],"card_choices":[{"not_picked":["Backflip","Deflect"],"picked":"Backstab","floor":1.0},{"not_picked":["StuffTheSpire:Fury","Endless Agony"],"picked":"Poisoned Stab","floor":11.0},{"not_picked":["Blade Dance","StuffTheSpire:Fury"],"picked":"Noxious Fumes+1","floor":18},{"not_picked":["All Out Attack","StuffTheSpire:Injection"],"picked":"Poisoned Stab","floor":20},{"not_picked":["Unload","Acrobatics"],"picked":"Poisoned Stab","floor":21}],"player_experience":97105,"relics_obtained":[{"floor":2.0,"key":"Ring of Peace"},{"floor":7.0,"key":"Gremlin Horn"},{"floor":9.0,"key":"Snake Skull"},{"floor":12.0,"key":"Toy Ornithopter"},{"floor":23,"key":"Ninja Scroll"}],"event_choices":[{"damage_healed":0.0,"max_hp_gain":0.0,"max_hp_loss":0.0,"gold_gain":51.0,"event_name":"Golden Wing","player_choice":"Gained Gold","floor":4.0,"gold_loss":0.0,"damage_taken":0.0},{"damage_healed":0,"gold_gain":0,"player_choice":"Ignored","damage_taken":0,"max_hp_gain":0,"max_hp_loss":0,"event_name":"Beggar","floor":19,"gold_loss":0}],"is_beta":false,"boss_relics":[{"not_picked":["halation:PlatinumPhoenix","energizedSpire:OgreHead","energizedSpire:CursedPentagram"]}],"items_purged_floors":[],"is_endless":false,"potions_floor_spawned":[1,8,16,18,22],"killed_by":"Slavers","ascension_level":4}}