{"host":"uy3vg6glkp8m6iit","time":1611302277,"event":{"mods":["AchievementEnabler","BaseMod","Colored Map","DeckTracker","Highlight Path","Keyboard Shortcuts","Minty Spire (QoL Compilation)","Quick Restart","Random Character Button","Rare Cards Sparkle","Relic Stats","StSLib","everything is the same but u backflip on backflip"],"gold_per_floor":[13,25,42,12,30,30,49,65,65,65,80,30,74,92,92,176,266,284,303,228,243,103,103,133,61,86,86,105,125,125,125,125,211,211,211,211],"floor_reached":35,"language":"KOR","playtime":1853,"items_purged":["Predator"],"score":648,"play_id":"470670a2-71c2-4cf3-a8fc-78921e6fd08c","local_time":"20210122165757","is_ascension_mode":true,"campfire_choices":[{"data":"Blade Dance","floor":6.0,"key":"SMITH"},{"data":"Leg Sweep","floor":10.0,"key":"SMITH"},{"data":"Crippling Poison","floor":15.0,"key":"SMITH"},{"data":"Footwork","floor":23.0,"key":"SMITH"},{"floor":30.0,"key":"REST"},{"floor":32.0,"key":"REST"}],"circlet_count":0,"master_deck":["AscendersBane","Survivor","Neutralize","Deflect","Blade Dance+1","Leg Sweep+1","Backflip","After Image","Cloak And Dagger","Choke","Crippling Poison+1","A Thousand Cuts","Endless Agony","Storm of Steel","Footwork+1","Venomology","Phantasmal Killer","Finisher","Bane","Heel Hook","Burst","Deadly Poison","Well Laid Plans","Malaise","Adrenaline","PiercingWail","Corpse Explosion"],"relics":["Ring of the Snake","Ice Cream","Pear","CeramicFish","Pandora\u0027s Box","Tiny Chest","SlaversCollar"],"acts_visited":["Exordium","TheCity","TheBeyond"],"potions_floor_usage":[33,33,33,35],"damage_taken":[{"damage":0.0,"enemies":"Cultist","floor":1.0,"turns":4.0},{"damage":0.0,"enemies":"2 Louse","floor":2.0,"turns":4.0},{"damage":0.0,"enemies":"Small Slimes","floor":3.0,"turns":3.0},{"damage":0.0,"enemies":"Looter","floor":4.0,"turns":4.0},{"damage":0.0,"enemies":"Exordium Thugs","floor":5.0,"turns":5.0},{"damage":2.0,"enemies":"Red Slaver","floor":7.0,"turns":5.0},{"damage":3.0,"enemies":"Exordium Wildlife","floor":8.0,"turns":5.0},{"damage":9.0,"enemies":"Large Slime","floor":11.0,"turns":10.0},{"damage":9.0,"enemies":"3 Sentries","floor":13.0,"turns":7.0},{"damage":0.0,"enemies":"Gremlin Gang","floor":14.0,"turns":5.0},{"damage":3.0,"enemies":"Slime Boss","floor":16.0,"turns":8.0},{"damage":9.0,"enemies":"Spheric Guardian","floor":18.0,"turns":6.0},{"damage":8.0,"enemies":"3 Byrds","floor":19.0,"turns":4.0},{"damage":5.0,"enemies":"Snake Plant","floor":21.0,"turns":5.0},{"damage":29.0,"enemies":"Slavers","floor":24.0,"turns":7.0},{"damage":6.0,"enemies":"Cultist and Chosen","floor":28.0,"turns":5.0},{"damage":8.0,"enemies":"Shelled Parasite and Fungi","floor":29.0,"turns":5.0},{"damage":13.0,"enemies":"Colosseum Slavers","floor":31.0,"turns":4.0},{"damage":14,"enemies":"Automaton","floor":33,"turns":12},{"damage":14,"enemies":"3 Darklings","floor":35,"turns":5}],"seed_played":"-9008652326459979033","potions_obtained":[{"floor":3.0,"key":"SneckoOil"},{"floor":7.0,"key":"Strength Potion"},{"floor":11.0,"key":"Dexterity Potion"},{"floor":13.0,"key":"AttackPotion"},{"floor":14.0,"key":"Block Potion"},{"floor":28.0,"key":"Weak Potion"},{"floor":33,"key":"Energy Potion"}],"is_trial":false,"path_per_floor":["M","M","M","M","M","R","M","M","T","R","M","$","E","M","R","B",null,"M","M","?","M","$","R","E","$","T","$","M","M","R","?","R","B",null,"M"],"character_chosen":"THE_SILENT","items_purchased":["Strength Potion","Well Laid Plans","Malaise"],"campfire_rested":2,"item_purchase_floors":[12,22,25],"current_hp_per_floor":[59,59,59,59,59,59,57,54,64,64,55,55,46,46,46,43,68,59,51,51,46,46,46,17,17,17,17,11,3,25,12,34,20,62,48,48],"gold":211,"neow_bonus":"ONE_RARE_RELIC","is_daily":false,"chose_seed":false,"campfire_upgraded":4,"win_rate":0.0,"timestamp":1611302277,"path_taken":["M","M","M","M","?","R","M","M","T","R","M","$","E","M","R","BOSS","M","M","?","M","$","R","E","$","T","$","M","M","R","?","R","BOSS","M"],"items_purchased_type":["Potion","Card","Card"],"build_version":"2020-12-22","purchased_purges":1,"victory":false,"max_hp_per_floor":[66,66,66,66,66,66,66,66,76,76,76,76,76,76,76,76,76,76,76,76,76,76,76,76,76,76,76,76,76,76,76,76,76,76,76,76],"relic_stats":{"counters":[20,113],"CeramicFish":162,"Pandora\u0027s Box":["Endless Agony","Storm of Steel","Footwork","Venomology","Phantasmal Killer","Underhanded Strike","Finisher","Bane","Heel Hook","Burst"],"Tiny Chest":0,"obtain_stats":[{"Ice Cream":0,"SlaversCollar":34,"Pear":9,"CeramicFish":13,"Pandora\u0027s Box":17,"Tiny Chest":24,"Ring of the Snake":0},{"Ice Cream":0,"SlaversCollar":19,"Pear":7,"CeramicFish":9,"Pandora\u0027s Box":11,"Tiny Chest":15,"Ring of the Snake":0},{"Ice Cream":0,"SlaversCollar":108,"Pear":30,"CeramicFish":47,"Pandora\u0027s Box":60,"Tiny Chest":82,"Ring of the Snake":0}],"Ring of the Snake":[41]},"card_choices":[{"not_picked":["Outmaneuver","Setup"],"picked":"Deflect","floor":1.0},{"not_picked":["Prepared","Dodge and Roll"],"picked":"Blade Dance","floor":2.0},{"not_picked":["Deflect","PiercingWail"],"picked":"Leg Sweep","floor":3.0},{"not_picked":["Outmaneuver","Leg Sweep"],"picked":"Predator","floor":4.0},{"not_picked":["Concentrate","Deadly Poison"],"picked":"Backflip","floor":5.0},{"not_picked":["PiercingWail","Flechettes"],"picked":"After Image","floor":7.0},{"not_picked":["Bane","Underhanded Strike"],"picked":"Cloak And Dagger","floor":8.0},{"not_picked":["Bane","Distraction"],"picked":"Choke","floor":11.0},{"not_picked":["Finisher","Dagger Spray"],"picked":"Crippling Poison","floor":13.0},{"not_picked":["Bane","Bouncing Flask","Noxious Fumes"],"picked":"SKIP","floor":14.0},{"not_picked":["Tools of the Trade","Doppelganger"],"picked":"A Thousand Cuts","floor":16.0},{"not_picked":["Catalyst","Sucker Punch","Eviscerate"],"picked":"SKIP","floor":18.0},{"not_picked":["All Out Attack+1","Deadly Poison","Outmaneuver"],"picked":"SKIP","floor":19.0},{"not_picked":["All Out Attack+1","Outmaneuver"],"picked":"Deadly Poison","floor":19.0},{"not_picked":["Dodge and Roll","Flying Knee","Prepared"],"picked":"SKIP","floor":21.0},{"not_picked":["Well Laid Plans","Dash","All Out Attack"],"picked":"SKIP","floor":24.0},{"not_picked":["Concentrate","All Out Attack+1"],"picked":"Adrenaline","floor":28.0},{"not_picked":["Dodge and Roll","Slice"],"picked":"PiercingWail","floor":29.0},{"not_picked":["Malaise","Unload"],"picked":"Corpse Explosion","floor":33}],"player_experience":1487819,"relics_obtained":[{"floor":9.0,"key":"Pear"},{"floor":13.0,"key":"CeramicFish"},{"floor":24.0,"key":"Tiny Chest"}],"event_choices":[{"cards_removed":["Underhanded Strike"],"damage_healed":0.0,"max_hp_gain":0.0,"max_hp_loss":0.0,"gold_gain":0.0,"event_name":"Beggar","player_choice":"Gave Gold","floor":20.0,"gold_loss":75.0,"damage_taken":0.0},{"damage_healed":0.0,"max_hp_gain":0.0,"max_hp_loss":0.0,"gold_gain":0.0,"event_name":"Colosseum","player_choice":"Fight","floor":31.0,"gold_loss":0.0,"damage_taken":0.0},{"damage_healed":0.0,"max_hp_gain":0.0,"max_hp_loss":0.0,"gold_gain":0.0,"event_name":"Colosseum","player_choice":"Fled From Nobs","floor":31.0,"gold_loss":0.0,"damage_taken":0.0}],"is_beta":false,"boss_relics":[{"not_picked":["SacredBark","Ring of the Serpent"],"picked":"Pandora\u0027s Box"},{"not_picked":["Coffee Dripper","Fusion Hammer"],"picked":"SlaversCollar"}],"items_purged_floors":[22],"is_endless":false,"potions_floor_spawned":[3,7,11,13,14,21,28,31,33],"killed_by":"3 Darklings","ascension_level":14}}