{"host":"hcgx0xuxlgmwc1io","time":1611342114,"event":{"mods":["BaseMod","Downfall","Minty Spire (QoL Compilation)","StSLib","The Cursed"],"gold_per_floor":[99,112,112,132,143,155,155,155,155,255,269,289,289,12,28,129,179,179,190,208,218,238,238,238,252,285,285,314,414,743,743,758,854,854,854,508,440,456,188,201,201,256,269,269,298,348,361,361,375,375],"floor_reached":51,"language":"ENG","playtime":4219,"items_purged":["downfall:Malfunctioning","Pain"],"score":856,"play_id":"ddceb679-1046-42ec-a6be-626fc5bcd455","local_time":"20210122160154","is_ascension_mode":false,"campfire_choices":[{"data":"Slimebound:Split","floor":1,"key":"SMITH"},{"data":"Slimebound:Teamwork","floor":9,"key":"SMITH"},{"floor":13,"key":"REST"},{"data":"Slimebound:PrepareCrush","floor":18,"key":"SMITH"},{"data":"Slimebound:LeechEnergy","floor":23,"key":"SMITH"},{"floor":27,"key":"REST"},{"data":"Slimebound:MegaLick","floor":35,"key":"SMITH"},{"floor":44,"key":"REST"}],"circlet_count":0,"master_deck":["Slimebound:Strike_Slimebound","Slimebound:Strike_Slimebound","Slimebound:Tackle","Slimebound:Defend_Slimebound+1","Slimebound:Defend_Slimebound","Slimebound:Defend_Slimebound+1","Slimebound:Defend_Slimebound","Slimebound:Split+1","Slimebound:CorrosiveSpit","Slimebound:GoopSpray","Slimebound:Nibble+1","Slimebound:HauntingLick","Slimebound:OozeBath+1","Slimebound:ViciousTackle","Slimebound:ComboTackle","Slimebound:LeechEnergy","Slimebound:SlimeTap","Slimebound:PrepareCrush+1","Slimebound:SplitLeeching","Slimebound:LeechingTouch+1","Slimebound:LeechingTouch+1","Slimebound:LeechEnergy+1","Slimebound:WasteNot","Slimebound:GoopSpray","Slimebound:Grow+1","Slimebound:MegaLick+1","Slimebound:SplitBruiser","Slimebound:Gluttony+1","Slimebound:Nibble","Slimebound:DouseInSlime","CurseOfTheBell","Slimebound:TongueLash+1","Slimebound:OozeBath+1","Slimebound:SplitLeeching+1","Slimebound:Gluttony+1","Slimebound:LeechEnergy+1","Slimebound:Darklings","Slimebound:ItLooksTasty+1"],"relics":["Slimebound:AbsorbEndCombat","TungstenRod","White Beast Statue","Membership Card","Lantern","Tiny House","Frozen Egg 2","WingedGreaves","Bottled Lightning","Sundial","Calipers","Old Coin","WarpedTongs","Calling Bell","Toy Ornithopter","Matryoshka","Pocketwatch","DollysMirror","Slimebound:AggressiveSlimeRelic","Meat on the Bone","Letter Opener","Ginger","PrismaticShard","Gremlin Horn","Happy Flower","Frozen Eye","Molten Egg 2","Bronze Scales","Thread and Needle","Ancient Tea Set","Peace Pipe"],"acts_visited":["Exordium","TheCity","TheBeyond"],"potions_floor_usage":[10,12,16,16,26,26,28,33,33,42,43,45,50,50],"damage_taken":[{"damage":1,"enemies":"Cultist","floor":2,"turns":3},{"damage":15,"enemies":"2 Louse","floor":4,"turns":2},{"damage":5,"enemies":"Small Slimes","floor":5,"turns":2},{"damage":3,"enemies":"Gremlin Gang","floor":6,"turns":5},{"damage":32,"enemies":"downfall:LadyInBlue","floor":10,"turns":11},{"damage":9,"enemies":"Exordium Thugs","floor":11,"turns":5},{"damage":2,"enemies":"Large Slime","floor":12,"turns":4},{"damage":4,"enemies":"downfall:FleeingMerchant","floor":14,"turns":4},{"damage":0,"enemies":"Blue Slaver","floor":15,"turns":1},{"damage":52,"enemies":"DF_ARCHETYPE_STREAMLINE","floor":16,"turns":9},{"damage":7,"enemies":"Shell Parasite","floor":19,"turns":3},{"damage":0,"enemies":"Chosen","floor":20,"turns":4},{"damage":9,"enemies":"Snecko","floor":21,"turns":4},{"damage":2,"enemies":"3 Cultists","floor":22,"turns":4},{"damage":18,"enemies":"Snake Plant","floor":25,"turns":3},{"damage":12,"enemies":"Slavers","floor":26,"turns":5},{"damage":23,"enemies":"Gremlin Leader","floor":28,"turns":8},{"damage":0,"enemies":"WA_ARCHETYPE_RETAIN","floor":29,"turns":5},{"damage":9,"enemies":"Book of Stabbing","floor":30,"turns":4},{"damage":16,"enemies":"Snecko","floor":32,"turns":3},{"damage":14,"enemies":"IC_MUSHROOM_ARCHETYPE","floor":33,"turns":4},{"damage":0,"enemies":"downfall:FleeingMerchant","floor":36,"turns":4},{"damage":2,"enemies":"downfall:FleeingMerchant","floor":37,"turns":3},{"damage":28,"enemies":"3 Shapes","floor":38,"turns":4},{"damage":6,"enemies":"3 Darklings","floor":40,"turns":4},{"damage":26,"enemies":"2 Orb Walkers","floor":42,"turns":5},{"damage":4,"enemies":"Transient","floor":43,"turns":5},{"damage":16,"enemies":"Reptomancer","floor":45,"turns":3},{"damage":2,"enemies":"Reptomancer","floor":46,"turns":2},{"damage":10,"enemies":"4 Shapes","floor":47,"turns":3},{"damage":31,"enemies":"Jaw Worm Horde","floor":49,"turns":4},{"damage":82,"enemies":"SI_POISON_ARCHETYPE","floor":50,"turns":6}],"seed_played":"5147364769431747017","potions_obtained":[{"floor":4,"key":"BlessingOfTheForge"},{"floor":10,"key":"champ:CounterPotion"},{"floor":10,"key":"FairyPotion"},{"floor":10,"key":"ColorlessPotion"},{"floor":11,"key":"Fruit Juice"},{"floor":12,"key":"Explosive Potion"},{"floor":14,"key":"Slimebound:SlimedPotion"},{"floor":15,"key":"Slimebound:SlimedPotion"},{"floor":16,"key":"DistilledChaos"},{"floor":17,"key":"BlessingOfTheForge"},{"floor":19,"key":"Slimebound:SpawnSlimePotion"},{"floor":26,"key":"champ:CounterPotion"},{"floor":28,"key":"Energy Potion"},{"floor":29,"key":"Slimebound:SlimedPotion"},{"floor":30,"key":"bronze:BurnAndBuffPotion"},{"floor":33,"key":"hexamod:SoulburnPotion"},{"floor":36,"key":"BlessingOfTheForge"},{"floor":42,"key":"Swift Potion"},{"floor":43,"key":"ColorlessPotion"},{"floor":45,"key":"Fruit Juice"},{"floor":46,"key":"Dexterity Potion"},{"floor":49,"key":"Slimebound:ThreeZeroPotion"}],"is_trial":false,"path_per_floor":["R","M","?","M","M","M","T","?","R","?","M","M","R","$","M","B",null,"R","M","M","M","M","R","T","M","E","R","E","?","E","?","M","B",null,"R","$","$","M","$","M","T","?","M","R","E","?","M","?","M","B",null],"character_chosen":"SLIMEBOUND","items_purchased":["Membership Card","Lantern","DollysMirror","Slimebound:AggressiveSlimeRelic","Meat on the Bone","Letter Opener","Ginger","Slimebound:Gluttony+1","PrismaticShard","Gremlin Horn","Happy Flower","Frozen Eye"],"campfire_rested":3,"item_purchase_floors":[14,14,36,36,36,37,37,37,37,39,39,39],"current_hp_per_floor":[65,65,65,52,51,56,56,56,56,32,31,42,63,63,67,23,75,75,70,75,72,75,75,75,63,57,75,54,62,61,61,53,47,75,75,75,75,53,53,55,55,42,51,73,75,80,78,78,55,36],"gold":375,"neow_bonus":"","is_daily":false,"chose_seed":false,"campfire_upgraded":5,"win_rate":0.0,"timestamp":1611342114,"path_taken":["R","?","?","M","M","M","T","?","R","?","M","?","R","?","M","BOSS","R","M","M","M","M","R","T","M","E","R","E","?","E","?","M","BOSS","R","$","$","?","$","M","T","?","M","R","E","?","M","?","M","BOSS"],"items_purchased_type":["Relic","Relic","Relic","Relic","Relic","Relic","Relic","Card","Relic","Relic","Relic","Relic"],"build_version":"2020-12-22","purchased_purges":2,"victory":true,"max_hp_per_floor":[65,65,65,65,65,65,65,65,65,65,65,70,70,70,70,70,75,75,75,75,75,75,75,75,75,75,75,75,75,75,75,75,75,75,75,75,75,75,75,75,75,75,75,75,80,80,80,80,80,80],"card_choices":[{"not_picked":["Slimebound:FinishingTackle","Slimebound:SplitMire"],"picked":"Slimebound:GoopSpray","floor":2},{"not_picked":["Slimebound:GoopTackle","Slimebound:BestDefense"],"picked":"Slimebound:Nibble","floor":4},{"not_picked":["Slimebound:SplitAcid","Slimebound:SplitBruiser"],"picked":"Slimebound:Teamwork","floor":5},{"not_picked":["Slimebound:BestDefense","Slimebound:Chomp"],"picked":"Slimebound:HauntingLick","floor":6},{"not_picked":["Slimebound:HauntingLick","Slimebound:Repurpose"],"picked":"Slimebound:OozeBath","floor":10},{"not_picked":["Slimebound:TongueLash","Slimebound:RollThrough"],"picked":"Slimebound:ViciousTackle","floor":11},{"not_picked":["Slimebound:MegaLick","Slimebound:HauntingLick"],"picked":"Slimebound:ComboTackle","floor":12},{"not_picked":["Slimebound:SlimeSpikes","Slimebound:LeadByExample"],"picked":"Slimebound:LeechEnergy","floor":14},{"not_picked":["Slimebound:Dissolve","Slimebound:Replication"],"picked":"Slimebound:SlimeTap","floor":15},{"not_picked":["Slimebound:OneTwoCombo","Slimebound:SelfFormingGoo"],"picked":"Slimebound:PrepareCrush","floor":16},{"not_picked":["Slimebound:LivingWall","Slimebound:SlimeBrawl"],"picked":"Slimebound:SplitLeeching","floor":17},{"not_picked":["Slimebound:Prepare","Slimebound:SamplingLick+1"],"picked":"Slimebound:LeechingTouch+1","floor":19},{"not_picked":["Slimebound:ItLooksTasty","Slimebound:SlimeTap+1"],"picked":"Slimebound:LeechingTouch+1","floor":20},{"not_picked":["Slimebound:RollThrough","Slimebound:ComboTackle"],"picked":"Slimebound:LeechEnergy","floor":21},{"not_picked":["Slimebound:ItLooksTasty","Slimebound:HauntingLick"],"picked":"Slimebound:WasteNot","floor":22},{"not_picked":["Slimebound:LivingWall","Slimebound:LeechEnergy"],"picked":"Slimebound:GoopSpray","floor":25},{"not_picked":["Slimebound:SplitMire+1","Slimebound:Schlurp"],"picked":"Slimebound:Grow+1","floor":26},{"not_picked":["Slimebound:FlameTackle+1","Slimebound:ForwardTackle"],"picked":"Slimebound:MegaLick","floor":28},{"not_picked":["Slimebound:SlimeBrawl+1","Slimebound:LeechEnergy"],"picked":"Slimebound:SplitBruiser","floor":29},{"not_picked":["Slimebound:FormOfPuddle","Slimebound:SplitMire+1"],"picked":"Slimebound:Gluttony+1","floor":30},{"not_picked":["Slimebound:DisruptingSlam+1","Slimebound:HauntingLick"],"picked":"Slimebound:Nibble","floor":32},{"not_picked":["Slimebound:PrepareCrush","Slimebound:DuplicatedForm+1"],"picked":"Slimebound:DouseInSlime","floor":33},{"not_picked":["Slimebound:Prepare","Slimebound:RollThrough"],"picked":"Slimebound:TongueLash+1","floor":36},{"not_picked":["Slimebound:LeechingTouch","Slimebound:BestDefense+1"],"picked":"Slimebound:SplitLeeching+1","floor":37},{"not_picked":["champ:PreemptiveStrike+1","Guardian:Gem_Lightblue","Guardian:TemporalStrike"],"picked":"SKIP","floor":38},{"not_picked":["bronze:Verify+1","Guardian:Clone","hexamod:ExtraCrispy+1"],"picked":"SKIP","floor":40},{"not_picked":["champ:Shatter+1","Guardian:Harden+1"],"picked":"Slimebound:LeechEnergy+1","floor":42},{"not_picked":["sneckomod:SoulDraw","Crescendo","TheCursedMod:ManaBullet+1"],"picked":"SKIP","floor":43},{"not_picked":["champ:FlashCut+1","bronze:Safeguard+1","sneckomod:UnknownClassGUARDIAN"],"picked":"SKIP","floor":45},{"not_picked":["All Out Attack+1","sneckomod:UnknownClassHEXA_GHOST_PURPLE+1","sneckomod:UnknownClassGUARDIAN+1"],"picked":"SKIP","floor":47},{"not_picked":["champ:TornadoPunch+1","hexamod:HauntingEcho+1"],"picked":"Slimebound:ItLooksTasty+1","floor":49}],"player_experience":0,"relics_obtained":[{"floor":7,"key":"TungstenRod"},{"floor":10,"key":"White Beast Statue"},{"floor":24,"key":"Frozen Egg 2"},{"floor":26,"key":"WingedGreaves"},{"floor":28,"key":"Bottled Lightning"},{"floor":29,"key":"Sundial"},{"floor":29,"key":"Calipers"},{"floor":30,"key":"Old Coin"},{"floor":34,"key":"Toy Ornithopter"},{"floor":34,"key":"Matryoshka"},{"floor":34,"key":"Pocketwatch"},{"floor":41,"key":"Molten Egg 2"},{"floor":41,"key":"Bronze Scales"},{"floor":42,"key":"Thread and Needle"},{"floor":45,"key":"Ancient Tea Set"},{"floor":46,"key":"Peace Pipe"}],"event_choices":[{"damage_healed":0,"gold_gain":0,"player_choice":"Rummage","damage_taken":0,"relics_obtained":["WarpedTongs"],"max_hp_gain":0,"max_hp_loss":0,"event_name":"Accursed Blacksmith","floor":31,"gold_loss":0,"cards_obtained":["Pain"]},{"damage_healed":0,"gold_gain":0,"player_choice":"Fight","damage_taken":0,"max_hp_gain":0,"max_hp_loss":0,"event_name":"Mysterious Sphere","floor":42,"gold_loss":0}],"is_beta":false,"boss_relics":[{"not_picked":["Runic Pyramid","Snecko Eye"],"picked":"Tiny House"},{"not_picked":["Slimebound:TarBlob","Astrolabe"],"picked":"Calling Bell"}],"items_purged_floors":[14,36],"is_endless":false,"potions_floor_spawned":[4,10,11,12,14,15,16,19,20,21,22,25,26,28,29,30,32,33,36,37,38,40,42,43,45,46,47,49],"ascension_level":0}}