{"host":"vhkdq3pn44gqx0jn","time":1611359137,"event":{"mods":["AchievementEnabler","BaseMod","Downfall","Hermit","Marisa????????","Minty Spire (QoL Compilation)","StSLib","The Cursed","The Servant 0.9.4"],"gold_per_floor":[114,132,207,207,207,242,242,285,285,285,321,321,334,352,352,476,476,500,262,262,262,287,287,318,318,397,397,397,397,397],"floor_reached":29,"language":"ENG","playtime":1471,"items_purged":[],"score":296,"play_id":"d456290c-c46f-4f0a-b561-1c031bcf6265","local_time":"20210122234537","is_ascension_mode":true,"campfire_choices":[{"data":"hermit:HighNoon","floor":7,"key":"SMITH"},{"floor":10,"key":"REST"},{"floor":12,"key":"REST"},{"floor":15,"key":"REST"},{"floor":23,"key":"REST"},{"floor":25,"key":"REST"},{"data":"hermit:LoneWolf","floor":28,"key":"SMITH"}],"circlet_count":0,"master_deck":["hermit:Strike_Hermit","hermit:Strike_Hermit","hermit:Strike_Hermit","hermit:Strike_Hermit","hermit:Defend_Hermit","hermit:Defend_Hermit","hermit:Defend_Hermit","hermit:Defend_Hermit","hermit:Snapshot","hermit:WideOpen","hermit:HighNoon+1","hermit:Deadeye","hermit:SprayPray","hermit:WideOpen","hermit:BodyArmor","downfall:Icky","hermit:Gestalt+1","hermit:NoHoldsBarred+1","hermit:Quickdraw","hermit:LoneWolf+1","hermit:BodyArmor","hermit:Feint+1"],"relics":["hermit:Momento","NeowsBlessing","Golden Idol","Mummified Hand","Lizard Tail","Tiny Chest","hermit:RyeStalk","Bottled Flame","Astrolabe","Kunai","Gambling Chip","Bottled Tornado","hermit:Spyglass"],"acts_visited":["Exordium","TheCity"],"potions_floor_usage":[24,29,29,29],"damage_taken":[{"damage":0,"enemies":"Cultist","floor":1,"turns":1},{"damage":0,"enemies":"Jaw Worm","floor":2,"turns":1},{"damage":0,"enemies":"Gremlin Nob","floor":6,"turns":1},{"damage":37,"enemies":"3 Sentries","floor":8,"turns":10},{"damage":42,"enemies":"Lagavulin","floor":11,"turns":8},{"damage":7,"enemies":"2 Louse","floor":13,"turns":3},{"damage":12,"enemies":"Exordium Wildlife","floor":14,"turns":3},{"damage":53,"enemies":"Hexaghost","floor":16,"turns":13},{"damage":34,"enemies":"Shell Parasite","floor":18,"turns":5},{"damage":32,"enemies":"Spheric Guardian","floor":22,"turns":6},{"damage":20,"enemies":"Gremlin Leader","floor":24,"turns":8},{"damage":35,"enemies":"Book of Stabbing","floor":29,"turns":7}],"seed_played":"-8453922892500129121","potions_obtained":[{"floor":6,"key":"Weak Potion"},{"floor":13,"key":"GamblersBrew"},{"floor":16,"key":"LiquidMemories"},{"floor":24,"key":"Energy Potion"}],"is_trial":false,"path_per_floor":["M","M","?","?","?","E","R","E","T","R","E","R","M","M","R","B",null,"M","$","?","?","M","R","E","R","T","?","R","E"],"character_chosen":"HERMIT","items_purchased":["Kunai"],"campfire_rested":5,"item_purchase_floors":[19],"current_hp_per_floor":[75,75,64,64,61,61,61,24,24,46,4,26,19,7,29,14,75,41,41,41,41,9,31,11,33,33,33,33,0,0],"gold":397,"neow_bonus":"THREE_ENEMY_KILL","is_daily":false,"chose_seed":false,"campfire_upgraded":2,"win_rate":0.0,"timestamp":1611359137,"path_taken":["M","?","?","?","?","E","R","E","T","R","E","R","M","M","R","BOSS","M","$","?","?","M","R","E","R","T","?","R","E"],"items_purchased_type":["Relic"],"build_version":"2020-12-22","purchased_purges":0,"victory":false,"max_hp_per_floor":[75,75,75,75,75,75,75,75,75,75,75,75,75,75,75,75,75,75,75,75,75,75,75,75,75,75,75,75,75,75],"card_choices":[{"not_picked":["hermit:Horror","hermit:NoHoldsBarred"],"picked":"hermit:Vantage","floor":1},{"not_picked":["hermit:Desperado","hermit:Maintenance"],"picked":"hermit:WideOpen","floor":2},{"not_picked":["hermit:TrackingShot","hermit:GhostlyPresence"],"picked":"hermit:HighNoon","floor":6},{"not_picked":["hermit:Midnight","hermit:HoleUp"],"picked":"hermit:Deadeye","floor":8},{"not_picked":["hermit:ItchyTrigger","hermit:NoHoldsBarred"],"picked":"hermit:SprayPray","floor":11},{"not_picked":["hermit:Feint","hermit:Magnum"],"picked":"hermit:WideOpen","floor":13},{"not_picked":["hermit:Glare","hermit:LuckOfTheDraw"],"picked":"hermit:BodyArmor","floor":14},{"not_picked":["hermit:Vantage","hermit:Roulette"],"picked":"hermit:Quickdraw","floor":18},{"not_picked":["hermit:PistolWhip","hermit:Malice"],"picked":"hermit:BodyArmor","floor":22},{"not_picked":["hermit:Quickdraw","hermit:Midnight"],"picked":"hermit:Feint+1","floor":24}],"player_experience":140970,"relics_obtained":[{"floor":6,"key":"Lizard Tail"},{"floor":8,"key":"Tiny Chest"},{"floor":9,"key":"hermit:RyeStalk"},{"floor":11,"key":"Bottled Flame"},{"floor":24,"key":"Bottled Tornado"},{"floor":26,"key":"hermit:Spyglass"}],"event_choices":[{"damage_healed":0,"gold_gain":75,"player_choice":"Gather Gold","damage_taken":11,"max_hp_gain":0,"max_hp_loss":0,"event_name":"World of Goop","floor":3,"gold_loss":0},{"damage_healed":0,"gold_gain":0,"player_choice":"Take Wound","damage_taken":0,"relics_obtained":["Golden Idol"],"max_hp_gain":0,"max_hp_loss":0,"event_name":"Golden Idol","floor":4,"gold_loss":0,"cards_obtained":["Injury"]},{"damage_healed":0,"gold_gain":0,"player_choice":"Success","damage_taken":3,"relics_obtained":["Mummified Hand"],"max_hp_gain":0,"max_hp_loss":0,"event_name":"Scrap Ooze","floor":5,"gold_loss":0},{"damage_healed":0,"gold_gain":0,"player_choice":"Read","damage_taken":0,"max_hp_gain":0,"max_hp_loss":0,"event_name":"The Library","floor":20,"gold_loss":0,"cards_obtained":["hermit:LoneWolf"]},{"damage_healed":0,"gold_gain":0,"player_choice":"Opened","damage_taken":0,"relics_obtained":["Gambling Chip"],"max_hp_gain":0,"max_hp_loss":0,"event_name":"The Mausoleum","floor":21,"gold_loss":0}],"is_beta":false,"boss_relics":[{"not_picked":["Empty Cage","Coffee Dripper"],"picked":"Astrolabe"}],"items_purged_floors":[],"is_endless":false,"potions_floor_spawned":[6,13,16,22,24],"killed_by":"Book of Stabbing","ascension_level":1}}