{"host":"2se5dq1do2gp0x9k","time":1611296057,"event":{"mods":["AchievementEnabler","BaseMod","Block Reminder","Colored Map","Colored Powertips","Minty Spire (QoL Compilation)","Relic Stats","StSLib","SuperFastMode"],"gold_per_floor":[118,135,34,34,53,53,128,128,210,245,210,242,21,36,36,110,110,128,147,159,23,23,23],"floor_reached":22,"language":"ENG","playtime":663,"items_purged":["Strike_B"],"score":488,"play_id":"e6adafbf-ad0b-4fda-8557-c284ca39bdfc","local_time":"20210121221417","is_ascension_mode":true,"campfire_choices":[{"data":"Capacitor","floor":6.0,"key":"SMITH"},{"data":"Zap","floor":8.0,"key":"SMITH"},{"floor":15.0,"key":"REST"}],"circlet_count":0,"master_deck":["AscendersBane","Strike_B","Strike_B","Defend_B","Defend_B","Defend_B","Defend_B","Zap+1","Dualcast","Ball Lightning","Ball Lightning","Hologram","Capacitor+1","Compile Driver","Biased Cognition","Conserve Battery","Cold Snap","Fission","Defragment","Conserve Battery","Panacea","Lockon"],"relics":["SlaversCollar","HornCleat","Pear","Anchor","Runic Capacitor","Sozu"],"acts_visited":["Exordium","TheCity"],"potions_floor_usage":[],"damage_taken":[{"damage":1.0,"enemies":"Cultist","floor":1.0,"turns":3.0},{"damage":7.0,"enemies":"Small Slimes","floor":2.0,"turns":4.0},{"damage":2.0,"enemies":"Jaw Worm","floor":5.0,"turns":4.0},{"damage":32.0,"enemies":"Gremlin Nob","floor":10.0,"turns":4.0},{"damage":17.0,"enemies":"Lagavulin","floor":12.0,"turns":5.0},{"damage":2.0,"enemies":"Exordium Wildlife","floor":14.0,"turns":3.0},{"damage":0.0,"enemies":"Slime Boss","floor":16.0,"turns":5.0},{"damage":24.0,"enemies":"Chosen","floor":18.0,"turns":7.0},{"damage":8.0,"enemies":"Shell Parasite","floor":19.0,"turns":4.0},{"damage":15.0,"enemies":"Snecko","floor":20.0,"turns":6.0},{"damage":32,"enemies":"Shelled Parasite and Fungi","floor":22,"turns":4}],"seed_played":"-4763382818137462700","potions_obtained":[{"floor":2.0,"key":"FearPotion"},{"floor":5.0,"key":"SmokeBomb"},{"floor":12.0,"key":"Weak Potion"},{"floor":14.0,"key":"PowerPotion"},{"floor":16.0,"key":"Energy Potion"}],"is_trial":false,"path_per_floor":["M","M","$","?","M","R","?","R","T","E","?","E","$","M","R","B",null,"M","M","M","$","M"],"character_chosen":"DEFECT","items_purchased":["Hologram","Runic Capacitor","Conserve Battery","Panacea","Lockon"],"campfire_rested":1,"item_purchase_floors":[3,13,13,21,21],"current_hp_per_floor":[63,56,56,49,47,47,36,36,36,14,34,17,17,15,39,39,71,47,39,24,24,0,0],"gold":23,"neow_bonus":"BOSS_RELIC","is_daily":false,"chose_seed":false,"campfire_upgraded":2,"win_rate":0.0,"timestamp":1611296057,"path_taken":["M","M","$","?","M","R","?","R","T","E","?","E","$","M","R","BOSS","M","M","M","$","M"],"items_purchased_type":["Card","Relic","Card","Card","Card"],"build_version":"2020-12-22","purchased_purges":1,"victory":false,"max_hp_per_floor":[71,71,71,71,71,71,71,71,71,81,81,81,81,81,81,81,81,81,81,81,81,81,81],"relic_stats":{"Sozu":1,"counters":[11,49],"obtain_stats":[{"Sozu":17,"SlaversCollar":0,"Anchor":12,"HornCleat":9,"Pear":10,"Runic Capacitor":13,"Cracked Core":0},{"Sozu":7,"SlaversCollar":0,"Anchor":5,"HornCleat":3,"Pear":4,"Runic Capacitor":5,"Cracked Core":0},{"Sozu":28,"SlaversCollar":0,"Anchor":20,"HornCleat":11,"Pear":15,"Runic Capacitor":20,"Cracked Core":0}]},"card_choices":[{"not_picked":["Beam Cell","Hologram"],"picked":"Ball Lightning","floor":1.0},{"not_picked":["Stack","Streamline"],"picked":"Ball Lightning","floor":2.0},{"not_picked":["Ball Lightning","Rip and Tear"],"picked":"Capacitor","floor":5.0},{"not_picked":["Rip and Tear","Doom and Gloom"],"picked":"Compile Driver","floor":10.0},{"not_picked":["Steam","Heatsinks"],"picked":"Biased Cognition","floor":12.0},{"not_picked":["Auto Shields","Compile Driver"],"picked":"Cold Snap","floor":14.0},{"not_picked":["Buffer","All For One"],"picked":"Fission","floor":16.0},{"not_picked":["Storm","FTL","BootSequence"],"picked":"SKIP","floor":18.0},{"not_picked":["Darkness","Hologram"],"picked":"Defragment","floor":19.0},{"not_picked":["Sweeping Beam","FTL"],"picked":"Conserve Battery","floor":20.0}],"player_experience":3934152,"relics_obtained":[{"floor":9.0,"key":"HornCleat"},{"floor":10.0,"key":"Pear"},{"floor":12.0,"key":"Anchor"}],"event_choices":[{"cards_removed":["Strike_B"],"damage_healed":0.0,"max_hp_gain":0.0,"max_hp_loss":0.0,"gold_gain":0.0,"event_name":"Golden Wing","player_choice":"Card Removal","floor":4.0,"gold_loss":0.0,"damage_taken":7.0},{"damage_healed":0.0,"max_hp_gain":0.0,"max_hp_loss":0.0,"gold_gain":75.0,"event_name":"World of Goop","player_choice":"Gather Gold","floor":7.0,"gold_loss":0.0,"damage_taken":11.0},{"damage_healed":20.0,"max_hp_gain":0.0,"max_hp_loss":0.0,"gold_gain":0.0,"event_name":"The Cleric","player_choice":"Healed","floor":11.0,"gold_loss":35.0,"damage_taken":0.0}],"is_beta":false,"boss_relics":[{"not_picked":["Cursed Key","Busted Crown"],"picked":"Sozu"}],"items_purged_floors":[3],"is_endless":false,"potions_floor_spawned":[2,5,12,14,16,18],"killed_by":"Shelled Parasite and Fungi","ascension_level":20}}