{"host":"0iuhrgzkozzv273x","time":1611274868,"event":{"mods":["2.2 Compatiblity","Astrologer","BaseMod","ChefMod","Colored Map","Curses Come First","Downfall","Hermit","Jorbs\u0027s Wanderer Trilogy","Key Reminder","Minty Spire (QoL Compilation)","Robot Space Explorer","Shade Mod","Spire Arcade","StSLib","The Construct","The Cursed","The Disciple","The Hayseed","The Runesmith","The Showman","TheFirefly","Unceasing Turn Reminder","Wandering Minibosses","thorton"],"gold_per_floor":[0,17,17,17,28,28,28,44,38,54,54,74,2,19,31,26,26,26],"floor_reached":16,"language":"ENG","playtime":1631,"items_purged":[],"score":118,"play_id":"357f221f-0811-4612-b35c-abb7024e063e","local_time":"20210121192108","is_ascension_mode":true,"campfire_choices":[{"data":"bronze:BuggyMess","floor":1,"key":"SMITH"},{"data":"bronze:InfiniteBeams","floor":11,"key":"SMITH"}],"circlet_count":0,"master_deck":["bronze:Strike","bronze:Defend","bronze:Defend","bronze:Defend","bronze:Defend","bronze:Replicate","bronze:Goto","bronze:BuggyMess+1","bronze:BurnOut","bronze:FineTuning","bronze:InfiniteBeams+1","bronze:Repulsor","bronze:GetLatest","bronze:Format","bronze:Constructor","bronze:ChosenStrike"],"relics":["bronze:BronzeCore","Shuriken","HornCleat","StoneCalendar","keyreminder:keyreminder","Matryoshka"],"acts_visited":["Exordium"],"potions_floor_usage":[9,14,16,16,16],"damage_taken":[{"damage":2,"enemies":"Jaw Worm","floor":2,"turns":5},{"damage":8,"enemies":"2 Louse","floor":5,"turns":4},{"damage":1,"enemies":"Small Slimes","floor":8,"turns":4},{"damage":16,"enemies":"Gremlin Gang","floor":9,"turns":7},{"damage":7,"enemies":"Lagavulin","floor":10,"turns":6},{"damage":36,"enemies":"Gremlin Nob","floor":12,"turns":4},{"damage":0,"enemies":"downfall:FleeingMerchant","floor":13,"turns":4},{"damage":0,"enemies":"2 Fungi Beasts","floor":14,"turns":2},{"damage":0,"enemies":"3 Louse","floor":15,"turns":4},{"damage":8,"enemies":"SI_SHIV_ARCHETYPE","floor":16,"turns":8}],"seed_played":"8334860105916436038","potions_obtained":[{"floor":8,"key":"GamblersBrew"},{"floor":10,"key":"CultistPotion"},{"floor":14,"key":"hexamod:SoulburnPotion"},{"floor":15,"key":"construct:ShiftPotion"}],"is_trial":false,"path_per_floor":["R","M","?","?","M","?","T","M","M","E","R","E","$","M","M","B"],"character_chosen":"THE_AUTOMATON","items_purchased":["Swift Potion"],"campfire_rested":0,"item_purchase_floors":[13],"current_hp_per_floor":[70,68,73,73,65,62,62,61,45,38,38,2,2,2,2,0,0,0],"gold":26,"neow_bonus":"TRANSFORM_TWO_CARDS","is_daily":false,"chose_seed":false,"campfire_upgraded":2,"win_rate":0.0,"timestamp":1611274868,"path_taken":["R","M","?","?","M","?","T","M","M","E","R","E","?","M","M","BOSS"],"items_purchased_type":["Potion"],"build_version":"2020-12-22","purchased_purges":0,"victory":false,"max_hp_per_floor":[70,70,75,75,75,75,75,75,75,75,75,75,75,75,75,75,75,75],"card_choices":[{"not_picked":["bronze:Shield","bronze:Branch"],"picked":"bronze:FineTuning","floor":2},{"not_picked":["bronze:CutThrough","bronze:Turbo","bronze:Frontload"],"picked":"SKIP","floor":5},{"not_picked":["bronze:BugBarrage","bronze:Invalidate"],"picked":"bronze:InfiniteBeams","floor":8},{"not_picked":["bronze:DarkDash","bronze:ItsAFeature"],"picked":"bronze:Repulsor","floor":9},{"not_picked":["bronze:BuggyMess","bronze:InfiniteBeams"],"picked":"bronze:GetLatest","floor":10},{"not_picked":["bronze:BitShift","bronze:Branch"],"picked":"bronze:Format","floor":12},{"not_picked":["bronze:DelayedSlice","bronze:Overload"],"picked":"bronze:Constructor","floor":13},{"not_picked":["bronze:BuggyMess","bronze:Overheat"],"picked":"bronze:ChosenStrike","floor":14},{"not_picked":["bronze:DelayedGuard","bronze:CutThrough","bronze:FollowUp"],"picked":"SKIP","floor":15}],"player_experience":1501753,"relics_obtained":[{"floor":7,"key":"HornCleat"},{"floor":10,"key":"StoneCalendar"},{"floor":12,"key":"Matryoshka"}],"event_choices":[{"damage_healed":0,"gold_gain":0,"player_choice":"Donut","damage_taken":0,"max_hp_gain":5,"max_hp_loss":0,"event_name":"Big Fish","floor":3,"gold_loss":0},{"cards_removed":["bronze:Strike"],"damage_healed":0,"gold_gain":0,"player_choice":"Card Removal","damage_taken":0,"max_hp_gain":0,"max_hp_loss":0,"event_name":"The Cleric","floor":4,"gold_loss":0},{"damage_healed":0,"gold_gain":0,"player_choice":"Success","damage_taken":3,"relics_obtained":["Shuriken"],"max_hp_gain":0,"max_hp_loss":0,"event_name":"Scrap Ooze","floor":6,"gold_loss":0}],"is_beta":false,"boss_relics":[],"items_purged_floors":[],"is_endless":false,"potions_floor_spawned":[8,10,14,15],"killed_by":"SI_SHIV_ARCHETYPE","ascension_level":1}}