{"host":"8ps3pfk2b2drr3ex","time":1611320087,"event":{"mods":["2.2 Compatiblity","AchievementEnabler","Act Like it!","BaseMod","Bestiary","Better Match","BetterRewards","Colored Map","Colored Powertips","Conspire","Downfall","Evolution","GifTheSpireLib","Gold Saver","Hallownest","Hubris","Minty Spire (QoL Compilation)","Permanent Neow","Relic Filter","Shop Mod","StSLib","Stuff the Spire","The Animator"],"gold_per_floor":[1213,1225,1225,1241,1241,1241,1322,1332,723,723,741,741,761,786,802,900,900,700,300,300,300,300,300,300,335,335,355,355,355,255,255,273,375,375,375,390,409,425,39,50,50,67,67,95,95,95,125,143,156,156,156,181,56,56,56,56],"floor_reached":57,"language":"ENG","playtime":3510,"items_purged":["Normality","bronze:CutThrough","Injury"],"score":1555,"play_id":"8e283b94-35d8-4ca1-b77b-cc48c4afb8f8","local_time":"20210122075447","is_ascension_mode":false,"campfire_choices":[{"data":"bronze:BurnOut","floor":1,"key":"SMITH"},{"data":"bronze:Shell","floor":6,"key":"SMITH"},{"data":"bronze:Invalidate","floor":10,"key":"SMITH"},{"data":"bronze:BugBarrage","floor":12,"key":"SMITH"},{"data":"bronze:Allocate","floor":18,"key":"SMITH"},{"data":"bronze:Constructor","floor":23,"key":"SMITH"},{"data":"bronze:Terminator","floor":26,"key":"SMITH"},{"floor":28,"key":"RECALL"},{"data":"bronze:FindAndReplace","floor":30,"key":"SMITH"},{"data":"bronze:BugBarrage","floor":35,"key":"SMITH"},{"data":"bronze:Constructor","floor":46,"key":"SMITH"},{"data":"bronze:Repulsor","floor":54,"key":"SMITH"}],"circlet_count":0,"master_deck":["bronze:ChosenStrike","bronze:BugBarrage+1","bronze:Iterate+1","bronze:Constructor+1","bronze:Shield","bronze:Constructor+1","bronze:Shield","bronze:Goto","bronze:BurnOut+1","bronze:BugBarrage+1","bronze:Invalidate+1","bronze:FindAndReplace+1","bronze:Allocate+1","bronze:Flail+1","hubris:DuctTapeCard","bronze:ChosenStrike","bronze:FineTuning","bronze:Terminator+1","bronze:ClassDefault+1","bronze:BronzeArmor+1","bronze:Allocate+1","bronze:FineTuning+1","bronze:Repulsor","bronze:ForLoop+1","bronze:Repulsor+1"],"relics":["bronze:BronzeCore","EVO:Axolotl","hubris:Icosahedron","Sling","Happy Flower","Whetstone","Runic Pyramid","downfall:HeartBlessingGreen","downfall:HeartBlessingBlue","hubris:DuctTape","Guardian:PocketSentry","DollysMirror","hubris:SphereOfDissonance","Regal Pillow","Mercury Hourglass","downfall:HeartBlessingRed","Cursed Key","Darkstone Periapt","Chemical X","Kunai","StuffTheSpire:EmeraldSignet","MealTicket","Anchor"],"acts_visited":["Exordium","TheCity","TheBeyond","TheEnding"],"potions_floor_usage":[56],"damage_taken":[{"damage":0,"enemies":"Small Slimes","floor":2,"turns":2},{"damage":0,"enemies":"Cultist","floor":4,"turns":2},{"damage":0,"enemies":"conspire:RoseBush","floor":8,"turns":1},{"damage":0,"enemies":"downfall:FleeingMerchant","floor":9,"turns":4},{"damage":9,"enemies":"2 Fungi Beasts","floor":11,"turns":2},{"damage":0,"enemies":"Lots of Slimes","floor":13,"turns":2},{"damage":0,"enemies":"3 Sentries","floor":14,"turns":2},{"damage":0,"enemies":"Exordium Thugs","floor":15,"turns":2},{"damage":0,"enemies":"DF_ARCHETYPE_STREAMLINE","floor":16,"turns":1},{"damage":0,"enemies":"downfall:FleeingMerchant","floor":19,"turns":2},{"damage":0,"enemies":"conspire:Head Lice","floor":25,"turns":1},{"damage":0,"enemies":"conspire:FuzzyDice","floor":27,"turns":3},{"damage":0,"enemies":"Spheric Guardian","floor":32,"turns":2},{"damage":0,"enemies":"WA_ARCHETYPE_CALM","floor":33,"turns":3},{"damage":0,"enemies":"Orb Walker","floor":36,"turns":1},{"damage":0,"enemies":"3 Shapes","floor":37,"turns":2},{"damage":0,"enemies":"3 Darklings","floor":38,"turns":2},{"damage":0,"enemies":"Sphere and 2 Shapes","floor":40,"turns":3},{"damage":10,"enemies":"Writhing Mass","floor":42,"turns":2},{"damage":0,"enemies":"Reptomancer","floor":44,"turns":2},{"damage":0,"enemies":"Nemesis","floor":47,"turns":1},{"damage":0,"enemies":"Jaw Worm Horde","floor":48,"turns":2},{"damage":0,"enemies":"Sphere and 2 Shapes","floor":49,"turns":3},{"damage":0,"enemies":"IC_BLOCK_ARCHETYPE","floor":50,"turns":2},{"damage":0,"enemies":"downfall:CharBossMerchant","floor":52,"turns":3},{"damage":0,"enemies":"downfall:NeowBoss","floor":55,"turns":6},{"damage":12,"enemies":"downfall:NeowBossFinal","floor":56,"turns":5}],"seed_played":"-5904230838491102419","potions_obtained":[{"floor":2,"key":"Fire Potion"},{"floor":5,"key":"bronze:CleanCodePotion"},{"floor":5,"key":"Regen Potion"},{"floor":5,"key":"Swift Potion"},{"floor":11,"key":"SkillPotion"},{"floor":25,"key":"sneckomod:MuddlingPotion"},{"floor":32,"key":"FearPotion"},{"floor":33,"key":"Energy Potion"}],"is_trial":false,"path_per_floor":["R","M","?","M","?","R","T","M","$","R","M","R","M","E","M","B",null,"R","$","?","?","?","R","T","E","R","M","R","T","R","?","M","B",null,"R","M","M","M","$","M","T","M","$","E","?","R","E","M","M","B",null,"E","$","R","B","B",null],"character_chosen":"THE_AUTOMATON","items_purchased":["Sling","Happy Flower","bronze:Invalidate","bronze:FindAndReplace","hubris:DuctTape","Guardian:PocketSentry","DollysMirror","bronze:FineTuning","Darkstone Periapt","Chemical X"],"campfire_rested":0,"item_purchase_floors":[9,9,9,9,19,19,19,19,39,39],"current_hp_per_floor":[76,76,76,76,76,76,76,76,76,76,67,67,67,67,67,67,76,86,86,86,86,86,86,86,86,86,86,86,86,86,86,86,86,86,86,86,86,86,86,86,92,82,82,82,82,82,82,82,82,84,92,92,92,92,92,87],"gold":56,"neow_bonus":"THREE_RARE_CARDS","is_daily":false,"chose_seed":false,"campfire_upgraded":11,"win_rate":0.0,"timestamp":1611320087,"path_taken":["R","M","?","M","?","R","T","?","$","R","M","R","M","E","M","BOSS","R","$","?","?","?","R","T","E","R","?","R","?","R","?","M","BOSS","R","M","M","M","$","M","T","M","$","E","?","R","E","M","M","BOSS","E","$","R","BOSS","BOSS"],"items_purchased_type":["Relic","Relic","Card","Card","Relic","Relic","Relic","Card","Relic","Relic"],"build_version":"2020-12-22","purchased_purges":3,"victory":true,"max_hp_per_floor":[76,76,76,76,76,76,76,76,76,76,76,76,76,76,76,76,76,86,86,86,86,86,86,86,86,86,86,86,86,86,86,86,86,86,86,86,86,86,86,86,92,92,92,92,92,92,92,92,92,92,92,92,92,92,92,92],"card_choices":[{"not_picked":["bronze:HardenedForm","bronze:TinkerersToolbox"],"picked":"bronze:BurnOut","floor":0},{"not_picked":["bronze:Overload","bronze:Shield"],"picked":"bronze:Iterate","floor":2},{"not_picked":["bronze:ForceShield","bronze:Constructor"],"picked":"bronze:Shell","floor":4},{"not_picked":["bronze:Iterate","bronze:Overheat"],"picked":"bronze:BugBarrage","floor":8},{"not_picked":["bronze:Philosophize","bronze:Constructor","bronze:Overheat"],"picked":"SKIP","floor":9},{"not_picked":["bronze:InfiniteBeams","bronze:DelayedGuard","bronze:Overheat"],"picked":"SKIP","floor":11},{"not_picked":["bronze:Return","bronze:Iterate","bronze:CutThrough"],"picked":"SKIP","floor":13},{"not_picked":["bronze:ChosenStrike","bronze:Frontload"],"picked":"bronze:Allocate","floor":14},{"not_picked":["bronze:Shield","bronze:Invalidate","bronze:WhirlingStrike"],"picked":"SKIP","floor":15},{"not_picked":["bronze:Iterate","bronze:DelayedSlice"],"picked":"bronze:Flail+1","floor":19},{"not_picked":["bronze:Backtrace","bronze:Frontload+1"],"picked":"bronze:Terminator","floor":25},{"not_picked":["bronze:WildBeam","bronze:Boost"],"picked":"bronze:ClassDefault+1","floor":27},{"not_picked":["bronze:CutThrough","bronze:Separator","bronze:FollowUp"],"picked":"SKIP","floor":32},{"not_picked":["bronze:WhirlingStrike+1","bronze:Iterate+1","bronze:Refactor"],"picked":"SKIP","floor":36},{"not_picked":["bronze:DelayedSlice","bronze:Overload+1"],"picked":"bronze:BronzeArmor+1","floor":37},{"not_picked":["bronze:Branch+1","bronze:Constructor","bronze:DelayedGuard"],"picked":"SKIP","floor":38},{"not_picked":["bronze:OilSpill","bronze:Constructor+1"],"picked":"bronze:Allocate+1","floor":40},{"not_picked":["bronze:Deprecate+1","bronze:Branch","bronze:Verify"],"picked":"SKIP","floor":42},{"not_picked":["bronze:ChosenStrike","bronze:Separator+1"],"picked":"bronze:FineTuning+1","floor":44},{"not_picked":["bronze:DelayedGuard+1","bronze:Assembly"],"picked":"bronze:Repulsor","floor":47},{"not_picked":["bronze:FollowUp+1","bronze:NullPointer"],"picked":"bronze:ForLoop+1","floor":48},{"not_picked":["bronze:Turbo","bronze:Frontload","bronze:CloningBeam"],"picked":"SKIP","floor":49},{"not_picked":["bronze:Deprecate+1","bronze:DarkDash"],"picked":"bronze:Repulsor","floor":52}],"player_experience":1131486,"relics_obtained":[{"floor":14,"key":"Whetstone"},{"floor":24,"key":"hubris:SphereOfDissonance"},{"floor":25,"key":"Regal Pillow"},{"floor":29,"key":"Mercury Hourglass"},{"floor":41,"key":"Kunai"},{"floor":44,"key":"StuffTheSpire:EmeraldSignet"},{"floor":47,"key":"MealTicket"},{"floor":52,"key":"Anchor"}],"event_choices":[{"damage_healed":0,"gold_gain":0,"player_choice":"Got Potions","damage_taken":0,"max_hp_gain":0,"max_hp_loss":0,"event_name":"Lab","floor":5,"gold_loss":0},{"cards_removed":["bronze:WildBeam"],"damage_healed":0,"gold_gain":0,"player_choice":"Removed Attack","damage_taken":0,"max_hp_gain":0,"max_hp_loss":0,"event_name":"Falling","floor":45,"gold_loss":0}],"is_beta":false,"boss_relics":[{"not_picked":["SacredBark","Busted Crown"],"picked":"Runic Pyramid"},{"not_picked":["Black Star","bronze:ElectromagneticCoil"],"picked":"Cursed Key"}],"items_purged_floors":[9,19,53],"is_endless":false,"potions_floor_spawned":[2,11,13,15,16,25,32,33,37,38,42,49],"ascension_level":0}}