{"host":"w8xisjf5mgmfjvmt","time":1611294837,"event":{"mods":["BaseMod","BetterRewards","Challenge The Spire","Conspire","Dota2Spire","Energized Spire","Filter the Spire","Minty Spire (QoL Compilation)","Quarter Circle Forward PUNCH!","Quick Restart","Relic Stats","Replay The Spire","Shop Mod","Spicy Shops","StSLib","Starting Relic: Pandora\u0027s Box","¡¾ÒÅÎï¿¨ÅÆ¡¿REMEMod","óô»ðÖ¸ÄÏ"],"gold_per_floor":[114,14,14,14,32,57,254,281,281,311,311,323,349,29,29,29,29],"floor_reached":16,"language":"ZHS","playtime":457,"items_purged":["ReplayTheSpireMod:Restless Dread"],"score":252,"play_id":"f2fb1d92-e026-4410-b8a0-2e37c0e6e50a","local_time":"20210122135357","is_ascension_mode":true,"campfire_choices":[{"floor":11,"key":"REST"}],"circlet_count":0,"master_deck":["AscendersBane","Bash","Bloodletting","Cleave","ReplayTheSpireMod:LeadingStrike","Defy Death","Perfected Strike","Body Slam","Clash","ReplayTheSpireMod:Strike From Hell","Thunderclap","Eclipse","REME_HeartOfCthun+1","Ghostly","Havoc","Rampage","Double Tap","conspire:ExplosiveBarrier","Disarm","True Grit","Carnage","Metallicize"],"relics":["Pandora\u0027s Box","REME_ComplimentaryCards","Bronze Scales","Akabeko","Dota2Spire:BlackKingBar","Prayer Wheel","Replay:Bottled Snecko","PrismaticShard","HandDrill"],"acts_visited":["Exordium"],"potions_floor_usage":[16,16,16],"damage_taken":[{"damage":3.0,"enemies":"Jaw Worm","floor":1.0,"turns":1.0},{"damage":0.0,"enemies":"Small Slimes","floor":5.0,"turns":1.0},{"damage":1.0,"enemies":"Lagavulin","floor":6.0,"turns":3.0},{"damage":14.0,"enemies":"3 Sentries","floor":8.0,"turns":4.0},{"damage":15,"enemies":"Lagavulin","floor":10,"turns":5},{"damage":0,"enemies":"2 Louse","floor":12,"turns":1},{"damage":4,"enemies":"Gremlin Nob","floor":13,"turns":3},{"damage":39,"enemies":"Fading Forest","floor":16,"turns":11}],"seed_played":"-7021369111494284258","potions_obtained":[{"floor":1.0,"key":"Fire Potion"},{"floor":6.0,"key":"Venom Potion"},{"floor":12,"key":"EntropicBrew"}],"is_trial":false,"path_per_floor":["M","?","$","?","M","E","?","E","T","E","R","M","E","$","R","B"],"character_chosen":"IRONCLAD","items_purchased":["PrismaticShard","HandDrill"],"campfire_rested":1,"item_purchase_floors":[14,14],"current_hp_per_floor":[65,65,65,65,65,64,34,20,20,5,27,27,23,23,45,14,14],"gold":29,"neow_bonus":"THREE_RARE_CARDS","is_daily":false,"chose_seed":false,"campfire_upgraded":0,"win_rate":0.0,"timestamp":1611294837,"path_taken":["M","?","$","?","M","E","?","E","T","E","R","?","E","$","R","BOSS"],"items_purchased_type":["Relic","Relic"],"build_version":"2020-12-22","purchased_purges":1,"victory":false,"max_hp_per_floor":[75,75,75,75,75,75,75,75,75,75,75,75,75,75,75,75,75],"relic_stats":{"counters":[8,29],"Bronze Scales":[33],"Pandora\u0027s Box":[],"Prayer Wheel":1,"HandDrill":[2],"obtain_stats":[{"Dota2Spire:BlackKingBar":9,"Bronze Scales":6,"Pandora\u0027s Box":0,"Prayer Wheel":10,"HandDrill":14,"Replay:Bottled Snecko":13,"PrismaticShard":14,"Akabeko":8,"REME_ComplimentaryCards":0},{"Dota2Spire:BlackKingBar":4,"Bronze Scales":3,"Pandora\u0027s Box":0,"Prayer Wheel":5,"HandDrill":7,"Replay:Bottled Snecko":7,"PrismaticShard":7,"Akabeko":4,"REME_ComplimentaryCards":0},{"Dota2Spire:BlackKingBar":9,"Bronze Scales":5,"Pandora\u0027s Box":0,"Prayer Wheel":14,"HandDrill":18,"Replay:Bottled Snecko":18,"PrismaticShard":18,"Akabeko":9,"REME_ComplimentaryCards":0}]},"card_choices":[{"not_picked":["Corruption","REME_TheLastStrike"],"picked":"Eclipse","floor":0.0},{"not_picked":["Thunderclap","Perfected Strike","Heavy Blade"],"picked":"SKIP","floor":1.0},{"not_picked":["Run Through","Warcry"],"picked":"Havoc","floor":5.0},{"not_picked":["ReplayTheSpireMod:Corrosion Curse","Pommel Strike"],"picked":"Rampage","floor":6.0},{"not_picked":["Anger","Sword Boomerang"],"picked":"Double Tap","floor":7.0},{"not_picked":["REME_Cut","Thunderclap"],"picked":"conspire:ExplosiveBarrier","floor":8.0},{"not_picked":["Cleave","Warcry"],"picked":"Disarm","floor":10},{"not_picked":["Life Link","Dropkick"],"picked":"True Grit","floor":12},{"not_picked":["Heavy Blade","Twin Strike"],"picked":"Carnage","floor":12},{"not_picked":["Wild Strike","Double Tap"],"picked":"Metallicize","floor":13}],"player_experience":1200310,"relics_obtained":[{"floor":6.0,"key":"Bronze Scales"},{"floor":8.0,"key":"Akabeko"},{"floor":9.0,"key":"Dota2Spire:BlackKingBar"},{"floor":10,"key":"Prayer Wheel"},{"floor":13,"key":"Replay:Bottled Snecko"}],"event_choices":[{"damage_healed":0.0,"max_hp_gain":0.0,"max_hp_loss":0.0,"gold_gain":0.0,"event_name":"conspire:LoneGhost","player_choice":"Argue","floor":2.0,"gold_loss":0.0,"damage_taken":0.0},{"damage_healed":0.0,"max_hp_gain":0.0,"max_hp_loss":0.0,"gold_gain":0.0,"event_name":"Liars Game","player_choice":"Ignored","floor":4.0,"gold_loss":0.0,"damage_taken":0.0}],"is_beta":false,"boss_relics":[],"items_purged_floors":[14],"is_endless":false,"potions_floor_spawned":[1,6,12],"killed_by":"Fading Forest","ascension_level":20}}