{"host":"mn5kbj4x7gv3jr0o","time":1611280958,"event":{"mods":["2.2 Compatiblity","A Magickal Journey","AchievementEnabler","Ascension Reborn","Ascension Unlocker","Aspiration","BaseMod","Bestiary","Better Altar","Better Note","Better Sensory Stone","Better Silent Start","Better Skull","Better Third Choice","Better Vampires","Better-Laid Plans","BetterRewards","CCEM","Colored Powertips","Colorless Booster Pack","Conjunction","Conspire","Curses Come First","Dota2Spire","Downfall","Emptier Cage","Energized Spire","Fox Events","GifTheSpireLib","Halation","HololiveMod","Hubris","Infinite Spire","Ironclad Rager","Jess\u0027s Bottle","Keyboard Shortcuts","Minty Spire (QoL Compilation)","Mirrors Mod","Poem Panic","Potion Indicator Mod","Potionbrewer","Puzzle Mod","Quarter Circle Forward PUNCH!","Quick Restart","Random Character Button","RatMod","Relic Sorter","Retaliation","Reworked Bosses","SCP261 Mod","SacredBarkPlus","Shop Mod","Small Relic Pack","Spicy Shops","Spikes Relics","StS++","StSLib","Stuff the Spire","The Blue Laboratory","Thieving Mod","Trackpad","Uncapped","UnlockEverythingMod","Useless Jewels Mod","Virulent Crown"],"gold_per_floor":[10,26,44,44,44,78,3,20,46,99,126,145,165,190,190,290,390,410,410,429,30,30,30,56,56,156,173,185,185,185,215,215,319,419,430,430,430,430,730,730,764,212,312,312,312,162,176,276,276,372,472,481,481,481,491,491,500,600,617,694,712,712,725,746,746,746,827,904,914,914,914,920,920,908,908],"floor_reached":74,"language":"ENG","playtime":6511,"items_purged":["Pain","Parasite","StuffTheSpire:CuriosityCurse"],"score":1311,"play_id":"1384da08-b521-4772-8f58-061350bd01d9","local_time":"20210121210238","is_ascension_mode":false,"campfire_choices":[{"data":"Invigoration","floor":15.0,"key":"SMITH"},{"data":"Metallicize","floor":23.0,"key":"SMITH"},{"data":"Metallicize","floor":25.0,"key":"SMITH"},{"floor":32.0,"key":"REST"},{"data":"Demon Form","floor":40.0,"key":"SMITH"},{"floor":45.0,"key":"REST"},{"data":"Whirlwind","floor":49.0,"key":"SMITH"},{"data":"StuffTheSpire:Innocence","floor":62,"key":"SMITH"},{"data":"infinitespire:Collect","floor":66,"key":"SMITH"}],"circlet_count":0,"master_deck":["Defend_R","Defend_R","Defend_R","Defend_R","Bash","DDmod:PokeAttack","Invigoration+1","Metallicize+1","Metallicize+1","Headbutt","Twin Strike","Heavy Blade","Shrug It Off","Exhume","Burning Pact+1","StSpp:Succumb","Bloodletting","Twin Strike","Double Tap+1","infinitespire:TheBestDefense","StuffTheSpire:Slingshot+1","DDmod:PokeAttack","StuffTheSpire:RagingBull","StuffTheSpire:TitanForm","Feel No Pain","Demon Form+1","infinitespire:Fortify+1","DDmod:UnstoppableAttack+1","Panache","Whirlwind+1","Bandage Up+1","Panacea","rat:Execute","Battle Trance","StuffTheSpire:Innocence+1","Flex","infinitespire:Collect+1","Invigoration","downfall:Haunted","downfall:Haunted","StuffTheSpire:GnomedCurse","Barricade","Hatred","StSpp:Succumb","Second Wind","DDmod:PlatedThornsSkill","Second Wind","Bite","Bite","Bite","Bite","Bite","Sever Soul","infinitespire:SealOfDarkness+","hubris:Rewind"],"relics":["Burning Blood","Dota2Spire:CrimsonGuard","WarpedTongs","aspiration:HiddenCompartment","hubris:SlimyHat","foxEvents:LuckyCharm","trackpad:WritersBlock","hubris:TenFootPole","hubris:TerracottaHorce","halation:Diary","ClockworkSouvenir","Juzu Bracelet","Pen Nib","StSpp:WoodenPendulum","qcfpunch:Army_Boots","StuffTheSpire:HeavyRock","BrokenLever","Velvet Choker","StSpp:SailorCap","infinitespire:Golems Mask","Brimstone","qcfpunch:Duffel_Bag","relicPack:DSword","CCEMRelics:SpiritsEdge","Letter Opener","Runic Pyramid","War Paint","infinitespire:PuzzleCube","Medical Kit","CCEMRelics:OverlyComfyChair","Du-Vu Doll","Dota2Spire:Mjollnir","hubris:ChampionShield","Dota2Spire:PowerTreads","DDmod:BarbedSlagRelic","StuffTheSpire:Kangaroo","StSpp:GiftCard"],"acts_visited":["Exordium","TheCity","TheBeyond","TheCity"],"potions_floor_usage":[61],"damage_taken":[{"damage":2.0,"enemies":"conspire:RoseBush","floor":1.0,"turns":3.0},{"damage":0.0,"enemies":"Small Slimes","floor":2.0,"turns":3.0},{"damage":1.0,"enemies":"Cultist","floor":3.0,"turns":3.0},{"damage":14.0,"enemies":"3 Sentries","floor":6.0,"turns":11.0},{"damage":18.0,"enemies":"Large Slime","floor":8.0,"turns":7.0},{"damage":14.0,"enemies":"Colosseum Slavers","floor":10.0,"turns":6.0},{"damage":3.0,"enemies":"Gremlin Nob","floor":11.0,"turns":4.0},{"damage":5.0,"enemies":"Blue Slaver","floor":12.0,"turns":5.0},{"damage":0.0,"enemies":"Exordium Thugs","floor":13.0,"turns":5.0},{"damage":4.0,"enemies":"Lagavulin","floor":14.0,"turns":5.0},{"damage":33.0,"enemies":"Slime Boss","floor":16.0,"turns":16.0},{"damage":10.0,"enemies":"Spheric Guardian","floor":18.0,"turns":4.0},{"damage":1.0,"enemies":"Shell Parasite","floor":20.0,"turns":6.0},{"damage":27.0,"enemies":"Nightmare","floor":24.0,"turns":5.0},{"damage":8.0,"enemies":"Snake Plant","floor":27.0,"turns":5.0},{"damage":20.0,"enemies":"Shelled Parasite and Fungi","floor":28.0,"turns":5.0},{"damage":9.0,"enemies":"Book of Stabbing","floor":31.0,"turns":4.0},{"damage":40.0,"enemies":"hubris:MusketHawk","floor":33.0,"turns":7.0},{"damage":10.0,"enemies":"Orb Walker","floor":35.0,"turns":3.0},{"damage":10.0,"enemies":"Nemesis","floor":41.0,"turns":5.0},{"damage":0.0,"enemies":"3 Darklings","floor":47.0,"turns":4.0},{"damage":34.0,"enemies":"infinitespire:MassOfShapes","floor":50.0,"turns":5.0},{"damage":13,"enemies":"Jaw Worm","floor":52,"turns":2},{"damage":0,"enemies":"Small Slimes","floor":55,"turns":2},{"damage":68,"enemies":"Nightmare","floor":57,"turns":5},{"damage":1,"enemies":"2 Louse","floor":59,"turns":1},{"damage":17,"enemies":"3 Sentries","floor":61,"turns":3},{"damage":0,"enemies":"Large Slime","floor":63,"turns":1},{"damage":18,"enemies":"Gremlin Nob","floor":64,"turns":3},{"damage":13,"enemies":"The Guardian","floor":67,"turns":4},{"damage":0,"enemies":"2 Thieves","floor":69,"turns":1},{"damage":1,"enemies":"3 Byrds","floor":72,"turns":4}],"seed_played":"9108241985136738757","potions_obtained":[{"floor":1.0,"key":"potionbrewer:InfectionPotion"},{"floor":3.0,"key":"blueLaboratory:BottleOfRum"},{"floor":12.0,"key":"blueLaboratory:HeartbeatPotion"},{"floor":16.0,"key":"potionbrewer:CleansingPotion"},{"floor":20.0,"key":"sneckomod:MuddlingPotion"},{"floor":24.0,"key":"potionbrewer:ToxicPotion"},{"floor":31.0,"key":"Block Potion"},{"floor":33.0,"key":"FearPotion"},{"floor":47.0,"key":"Dota2Spire:HealingSalve"},{"floor":57,"key":"Dota2Spire:HealingSalve"},{"floor":63,"key":"SCP261:BarrettColaPotion"},{"floor":64,"key":"PowerPotion"},{"floor":72,"key":"Dota2Spire:HealingSalve"}],"is_trial":false,"path_per_floor":["M","M","M","?","?","E","$","M","T","?","E","M","M","E","R","B",null,"M","AVR","M","$","?","R","NM","R","T","M","M","?","?","E","R","B",null,"M","?","?","?","?","R","E","$","T","?","R","$","M","T","R","B",null,"M","?","?","M","AVR","NM","?","M","T","E","R","M","E","?","R","B",null,"M","?","?","M","AVR","E"],"character_chosen":"IRONCLAD","items_purchased":["ClockworkSouvenir","StSpp:Succumb","Bloodletting","Juzu Bracelet","Twin Strike","Panache","Whirlwind","Brimstone","CCEMRelics:SpiritsEdge"],"campfire_rested":2,"item_purchase_floors":[21,21,21,21,21,42,42,42,46],"current_hp_per_floor":[96,96,96,89,89,81,81,69,69,61,64,65,71,73,73,46,96,92,92,96,93,93,93,72,72,72,70,56,39,39,36,63,29,93,89,89,80,68,68,68,64,64,64,47,74,74,80,80,80,70,93,90,93,90,93,93,76,81,86,86,87,87,93,81,81,81,81,98,98,98,68,68,68,0,0],"gold":908,"neow_bonus":"TWENTY_PERCENT_HP_BONUS","is_daily":false,"chose_seed":false,"campfire_upgraded":7,"win_rate":0.0,"timestamp":1611280958,"path_taken":["M","M","?","?","?","E","$","?","T","?","E","M","M","E","R","BOSS","M","AVR","M","$","?","R","NM","R","T","M","M","?","?","E","R","BOSS","M","?","?","?","?","R","E","$","T","?","R","$","M","?","R","BOSS","M","?","?","M","AVR","NM","?","M","T","E","R","M","E","?","R","BOSS","M","?","?","M","AVR","E"],"items_purchased_type":["Relic","Card","Card","Relic","Card","Card","Card","Relic","Relic"],"build_version":"2020-12-22","purchased_purges":3,"victory":false,"max_hp_per_floor":[96,96,96,96,96,96,96,96,96,96,96,96,96,96,96,96,96,96,96,96,93,93,93,93,93,93,93,93,93,93,93,93,93,93,93,93,93,93,93,93,93,93,93,93,93,93,93,93,93,93,93,93,93,93,93,93,93,98,98,98,98,98,98,98,98,98,98,98,98,98,68,68,68,68,68],"card_choices":[{"not_picked":["Armaments","True Grit","StuffTheSpire:Resist"],"picked":"SKIP","floor":1.0},{"not_picked":["True Grit","StuffTheSpire:Slingshot"],"picked":"DDmod:PokeAttack","floor":2.0},{"not_picked":["StSpp:MuscleMemory","Body Slam"],"picked":"Invigoration","floor":3.0},{"not_picked":["Wild Strike","Flex"],"picked":"Metallicize","floor":6.0},{"not_picked":["DDmod:AllInSkill","StSpp:Sprint"],"picked":"Metallicize","floor":8.0},{"not_picked":["Armaments","StSpp:BladeOfBlood"],"picked":"Headbutt","floor":11.0},{"not_picked":["Wild Strike","Clothesline"],"picked":"Twin Strike","floor":12.0},{"not_picked":["StSpp:Sprint","Shrug It Off"],"picked":"Heavy Blade","floor":13.0},{"not_picked":["Twin Strike","Brutality"],"picked":"Shrug It Off","floor":14.0},{"not_picked":["StSpp:Betrayal","hubris:StunningStrike"],"picked":"Exhume","floor":16.0},{"not_picked":["Thunderclap","Sword Boomerang","Flame Barrier"],"picked":"SKIP","floor":18.0},{"not_picked":["Havoc","Headbutt"],"picked":"Burning Pact+1","floor":20.0},{"not_picked":["infinitespire:DeathsTouch","hubris:Fate"],"picked":"infinitespire:TheBestDefense","floor":24.0},{"not_picked":["Seeing Red","Cleave"],"picked":"StuffTheSpire:Slingshot+1","floor":24.0},{"not_picked":["Perfected Strike","hubris:ReadiedAction","StSpp:BladeOfBlood","StuffTheSpire:Slingshot"],"picked":"DDmod:PokeAttack","floor":27.0},{"not_picked":["Thunderclap","conspire:ExplosiveBarrier","DDmod:CallousedSkill","DDmod:RapidStrikeAttack+1"],"picked":"StuffTheSpire:RagingBull","floor":28.0},{"not_picked":["Havoc","Shrug It Off+1","Shockwave","Thunderclap","Evolve"],"picked":"SKIP","floor":31.0},{"not_picked":["Fiend Fire","Barricade","DDmod:GrandUltimatumAttack","Immolate"],"picked":"StuffTheSpire:TitanForm","floor":33.0},{"not_picked":["Disarm+1","Warcry","DDmod:UnstoppableAttack","StSpp:Jab"],"picked":"Feel No Pain","floor":35.0},{"not_picked":["infinitespire:NeuralNetwork","infinitespire:Oblivion"],"picked":"infinitespire:Fortify","floor":38.0},{"not_picked":["Invigoration","Rupture+1","Ghostly Armor+1","StuffTheSpire:Incineration+1"],"picked":"DDmod:UnstoppableAttack+1","floor":41.0},{"not_picked":[],"picked":"Bandage Up","floor":47.0},{"not_picked":["Flex","hubris:SharpeningStone","Evolve","Feel No Pain","Offering"],"picked":"SKIP","floor":47.0},{"not_picked":[],"picked":"Panacea","floor":50.0},{"not_picked":["hubris:StunningStrike","Feed","DDmod:SpikeShotSkill","DDmod:GrandUltimatumAttack"],"picked":"rat:Execute","floor":50.0},{"not_picked":["Warcry","Shockwave","StSpp:Vengeance","StSpp:Sprint"],"picked":"Battle Trance","floor":52},{"not_picked":["Body Slam","Combust","Evolve","StuffTheSpire:BloodClot"],"picked":"Flex","floor":55},{"not_picked":["DDmod:CallousedSkill","Feel No Pain","StSpp:MuscleMemory","Sever Soul"],"picked":"Invigoration","floor":57},{"not_picked":["StSpp:MuscleMemory","Thunderclap","DDmod:RapidStrikeAttack","StSpp:Jab","hubris:ReadiedAction"],"picked":"SKIP","floor":59},{"not_picked":["Shockwave","Corruption","Cleave","Warcry"],"picked":"StSpp:Succumb","floor":61},{"not_picked":["Spot Weakness","Second Wind","Sword Boomerang","Clash","hubris:ReadiedAction"],"picked":"SKIP","floor":63},{"not_picked":["True Grit","Bloodletting","StuffTheSpire:Slingshot","DDmod:RapidStrikeAttack"],"picked":"Second Wind","floor":64},{"not_picked":["Fiend Fire","Barricade","conspire:HitWhereItHurts","conspire:Purge"],"picked":"DDmod:PlatedThornsSkill","floor":67},{"not_picked":["Inflame","True Grit","conspire:ExplosiveBarrier","Invigoration"],"picked":"Second Wind","floor":69},{"not_picked":["DDmod:ScaleUpSkill","StSpp:TheBiggerTheyAre","StuffTheSpire:RockThrow+1","StuffTheSpire:Pyroclast"],"picked":"Sever Soul","floor":72},{"not_picked":["infinitespire:FutureSight","infinitespire:Execution"],"picked":"hubris:Rewind","floor":73}],"player_experience":130534,"relics_obtained":[{"floor":6.0,"key":"aspiration:HiddenCompartment"},{"floor":9.0,"key":"hubris:SlimyHat"},{"floor":10.0,"key":"foxEvents:LuckyCharm"},{"floor":11.0,"key":"trackpad:WritersBlock"},{"floor":14.0,"key":"hubris:TenFootPole"},{"floor":24.0,"key":"Pen Nib"},{"floor":26.0,"key":"StSpp:WoodenPendulum"},{"floor":31.0,"key":"BrokenLever"},{"floor":41.0,"key":"infinitespire:Golems Mask"},{"floor":43.0,"key":"qcfpunch:Duffel_Bag"},{"floor":48.0,"key":"Letter Opener"},{"floor":52,"key":"War Paint"},{"floor":55,"key":"infinitespire:PuzzleCube"},{"floor":57,"key":"CCEMRelics:OverlyComfyChair"},{"floor":60,"key":"Dota2Spire:Mjollnir"},{"floor":61,"key":"hubris:ChampionShield"},{"floor":64,"key":"Dota2Spire:PowerTreads"}],"event_choices":[{"damage_healed":0.0,"max_hp_gain":0.0,"max_hp_loss":0.0,"gold_gain":0.0,"event_name":"betterThird:BetterScrap","player_choice":"Relic ","floor":4.0,"gold_loss":0.0,"damage_taken":7.0,"cards_obtained":["StSpp:Anticipation"]},{"damage_healed":0.0,"max_hp_gain":0.0,"max_hp_loss":0.0,"gold_gain":0.0,"event_name":"Accursed Blacksmith","player_choice":"Rummage","floor":5.0,"gold_loss":0.0,"damage_taken":0.0,"relics_obtained":["WarpedTongs"],"cards_obtained":["Pain"]},{"damage_healed":0.0,"max_hp_gain":0.0,"max_hp_loss":0.0,"gold_gain":0.0,"event_name":"betterNote:BetterNote","player_choice":"Take","floor":22.0,"gold_loss":0.0,"damage_taken":0.0,"cards_obtained":["Double Tap"]},{"damage_healed":0.0,"max_hp_gain":0.0,"max_hp_loss":0.0,"gold_gain":0.0,"event_name":"betterSkull:BetterSkull","player_choice":"RE RE ","floor":29.0,"gold_loss":0.0,"damage_taken":41.0,"cards_upgraded":[],"relics_obtained":["qcfpunch:Army_Boots","StuffTheSpire:HeavyRock"]},{"damage_healed":0.0,"max_hp_gain":0.0,"max_hp_loss":0.0,"gold_gain":0.0,"event_name":"The Woman in Blue","player_choice":"Bought 0 Potions","floor":30.0,"gold_loss":0.0,"damage_taken":0.0},{"damage_healed":0.0,"max_hp_gain":0.0,"max_hp_loss":18.0,"gold_gain":3.0,"event_name":"betterStone:BetterStone","player_choice":"2","floor":37.0,"gold_loss":0.0,"damage_taken":0.0},{"damage_healed":0.0,"max_hp_gain":0.0,"max_hp_loss":0.0,"gold_gain":300.0,"event_name":"Wheel of Change","player_choice":"Gold","floor":39.0,"gold_loss":0.0,"damage_taken":0.0},{"cards_removed":["Pain"],"damage_healed":0,"gold_gain":0,"player_choice":"Purged","damage_taken":0,"max_hp_gain":0,"max_hp_loss":0,"event_name":"Purifier","floor":70,"gold_loss":0},{"damage_healed":0,"gold_gain":0,"player_choice":"Became a vampire","damage_taken":0,"max_hp_gain":0,"max_hp_loss":30,"event_name":"Vampires","floor":71,"gold_loss":0,"cards_obtained":["Bite","Bite","Bite","Bite","Bite"]}],"is_beta":false,"boss_relics":[{"not_picked":["energizedSpire:HugeHouse","conspire:RoyalGoblet"],"picked":"hubris:TerracottaHorce"},{"not_picked":["halation:HeavySnake","energizedSpire:DeadBattery"],"picked":"Velvet Choker"},{"not_picked":["hubris:BlackHole","jessBottle:WaterBottleRelic"],"picked":"Runic Pyramid"},{"not_picked":["StSpp:Magatama","StuffTheSpire:ModemDavis"],"picked":"StuffTheSpire:Kangaroo"}],"items_purged_floors":[7,21,42],"is_endless":true,"potions_floor_spawned":[1,3,12,16,20,24,31,33,47,57,63,64,72],"killed_by":"EliteMirrorEncounter","ascension_level":0}}