{"host":"s3s7xsmblwiz356v","time":1611340133,"event":{"mods":["AchievementEnabler","BaseMod","Block Reminder","Colored Map","Colored Powertips","Minty Spire (QoL Compilation)"],"gold_per_floor":[111,111,111,123,138,167,167,192,192,202,212,137,137,137,137],"floor_reached":14,"language":"ENG","playtime":1072,"items_purged":["Strike_G"],"score":180,"play_id":"3df41f73-bd9c-4217-aeee-df05533a9ffb","local_time":"20210122132853","is_ascension_mode":true,"campfire_choices":[{"data":"Predator","floor":7.0,"key":"SMITH"},{"data":"Skewer","floor":13,"key":"SMITH"}],"circlet_count":0,"master_deck":["AscendersBane","Strike_G","Strike_G","Strike_G","Strike_G","Defend_G","Defend_G","Defend_G","Defend_G","Survivor","Neutralize","Backflip","Night Terror","Quick Slash","Predator+1","Backstab","Skewer+1"],"relics":["Philosopher\u0027s Stone","FaceOfCleric","Bird Faced Urn","Eternal Feather","Pear"],"acts_visited":["Exordium"],"potions_floor_usage":[14],"damage_taken":[{"damage":0.0,"enemies":"Jaw Worm","floor":1.0,"turns":5.0},{"damage":0.0,"enemies":"Cultist","floor":4.0,"turns":4.0},{"damage":0.0,"enemies":"Small Slimes","floor":5.0,"turns":3.0},{"damage":32.0,"enemies":"Gremlin Nob","floor":6.0,"turns":5.0},{"damage":25,"enemies":"3 Sentries","floor":8,"turns":8},{"damage":11,"enemies":"Looter","floor":10,"turns":3},{"damage":4,"enemies":"3 Louse","floor":11,"turns":4},{"damage":13,"enemies":"Lagavulin","floor":14,"turns":7}],"seed_played":"-4864174443720040322","potions_obtained":[{"floor":4.0,"key":"LiquidMemories"},{"floor":10,"key":"SkillPotion"}],"is_trial":false,"path_per_floor":["M","?","?","M","M","E","R","E","T","M","M","$","R","E"],"character_chosen":"THE_SILENT","items_purchased":[],"campfire_rested":0,"item_purchase_floors":[],"current_hp_per_floor":[59,59,59,60,61,30,30,6,16,6,3,3,12,0,0],"gold":137,"neow_bonus":"BOSS_RELIC","is_daily":false,"chose_seed":false,"campfire_upgraded":2,"win_rate":0.0,"timestamp":1611340133,"path_taken":["M","?","?","M","M","E","R","E","T","M","?","$","R","E"],"items_purchased_type":[],"build_version":"2020-12-22","purchased_purges":1,"victory":false,"max_hp_per_floor":[66,66,66,67,68,69,69,70,80,81,82,82,82,82,82],"card_choices":[{"not_picked":["Acrobatics","Deflect"],"picked":"Backflip","floor":1.0},{"not_picked":["PiercingWail","Cloak And Dagger"],"picked":"Quick Slash","floor":4.0},{"not_picked":["Backflip","Dodge and Roll","Prepared"],"picked":"SKIP","floor":5.0},{"not_picked":["Dagger Throw","Sucker Punch"],"picked":"Predator","floor":6.0},{"not_picked":["Blur","Dodge and Roll"],"picked":"Backstab","floor":8},{"not_picked":["Dagger Throw","Caltrops","Noxious Fumes"],"picked":"SKIP","floor":10},{"not_picked":["Crippling Poison","Infinite Blades"],"picked":"Skewer","floor":11}],"player_experience":486868,"relics_obtained":[{"floor":6.0,"key":"Bird Faced Urn"},{"floor":8,"key":"Eternal Feather"},{"floor":9,"key":"Pear"}],"event_choices":[{"damage_healed":0.0,"max_hp_gain":0.0,"max_hp_loss":0.0,"gold_gain":0.0,"cards_transformed":["Defend_G"],"event_name":"Living Wall","player_choice":"Change","floor":2.0,"gold_loss":0.0,"damage_taken":0.0,"cards_obtained":["Night Terror"]},{"damage_healed":0.0,"max_hp_gain":0.0,"max_hp_loss":0.0,"gold_gain":0.0,"event_name":"FaceTrader","player_choice":"Trade","floor":3.0,"gold_loss":0.0,"damage_taken":0.0,"relics_obtained":["FaceOfCleric"]}],"is_beta":false,"boss_relics":[],"items_purged_floors":[12],"is_endless":false,"potions_floor_spawned":[4,10],"killed_by":"Lagavulin","ascension_level":16}}