{"host":"bq4pt811tk9yrmjl","time":1611277549,"event":{"mods":["AchievementEnabler","BaseMod","Colored Map","Colored Powertips","Defuse TimeMaze Blight","Hermit","Minty Spire (QoL Compilation)","StSLib","SuperFastMode"],"gold_per_floor":[111,111,38,38,38,38,63,63,108,108,123,123,139,112,112,208,208,225,225,236,236,236,236,265,277,289,331,85,99,99,99],"floor_reached":30,"language":"ENG","playtime":559,"items_purged":[],"score":303,"play_id":"8fadd038-f7df-4bfe-b766-cd419168e3ea","local_time":"20210121230549","is_ascension_mode":true,"campfire_choices":[{"data":"Spot Weakness","floor":6.0,"key":"SMITH"},{"data":"Body Slam","floor":8.0,"key":"SMITH"},{"data":"Rage","floor":10.0,"key":"SMITH"},{"data":"Anger","floor":15.0,"key":"SMITH"},{"floor":23.0,"key":"RECALL"}],"circlet_count":0,"master_deck":["Strike_R","Strike_R","Defend_R","Defend_R","Defend_R","Defend_R","Bash","Rage+1","Spot Weakness+1","Body Slam+1","Anger+1","Limit Break","Whirlwind+1","Bloodletting+1","Reaper+1","Armaments+1"],"relics":["Burning Blood","NeowsBlessing","Matryoshka","Eternal Feather","Astrolabe","MawBank","Blood Vial","Ice Cream","FossilizedHelix","StrikeDummy"],"acts_visited":["Exordium","TheCity"],"potions_floor_usage":[29],"damage_taken":[{"damage":0.0,"enemies":"2 Louse","floor":1.0,"turns":1.0},{"damage":0.0,"enemies":"Gremlin Nob","floor":7.0,"turns":1.0},{"damage":0.0,"enemies":"Cultist","floor":11.0,"turns":1.0},{"damage":5.0,"enemies":"Small Slimes","floor":13.0,"turns":4.0},{"damage":39.0,"enemies":"The Guardian","floor":16.0,"turns":9.0},{"damage":5.0,"enemies":"Shell Parasite","floor":18.0,"turns":3.0},{"damage":5.0,"enemies":"3 Byrds","floor":19.0,"turns":2.0},{"damage":16.0,"enemies":"Centurion and Healer","floor":20.0,"turns":5.0},{"damage":44.0,"enemies":"Slavers","floor":24.0,"turns":4.0},{"damage":35,"enemies":"Gremlin Leader","floor":27,"turns":8},{"damage":14,"enemies":"Snake Plant","floor":29,"turns":7},{"damage":0,"enemies":"Shelled Parasite and Fungi","floor":30,"turns":1}],"seed_played":"-6296021615305314387","potions_obtained":[{"floor":1.0,"key":"LiquidMemories"},{"floor":16.0,"key":"AttackPotion"},{"floor":18.0,"key":"SmokeBomb"},{"floor":27,"key":"Weak Potion"},{"floor":29,"key":"FearPotion"}],"is_trial":false,"path_per_floor":["M","?","$","$","?","R","E","R","T","R","M","$","M","$","R","B",null,"M","M","M","?","?","R","E","?","T","E","$","M","M"],"character_chosen":"IRONCLAD","items_purchased":["Spot Weakness","Anger","StrikeDummy"],"campfire_rested":0,"item_purchase_floors":[3,14,28],"current_hp_per_floor":[80,80,80,80,80,80,80,80,80,80,80,80,80,80,80,47,80,80,80,70,70,70,79,41,41,41,19,19,18,20,20],"gold":99,"neow_bonus":"THREE_ENEMY_KILL","is_daily":false,"chose_seed":false,"campfire_upgraded":4,"win_rate":0.0,"timestamp":1611277549,"path_taken":["M","?","?","$","?","R","E","R","T","R","M","?","M","$","R","BOSS","M","M","?","?","?","R","E","?","T","E","$","M","?"],"items_purchased_type":["Card","Card","Relic"],"build_version":"2020-12-22","purchased_purges":0,"victory":false,"max_hp_per_floor":[80,80,80,80,80,80,80,80,80,80,80,80,80,80,80,80,80,80,80,80,80,80,80,80,80,80,80,80,80,80,80],"card_choices":[{"not_picked":["Bloodletting","Armaments"],"picked":"Rage","floor":1.0},{"not_picked":["Pommel Strike","Wild Strike"],"picked":"Body Slam","floor":7.0},{"not_picked":["Thunderclap","Second Wind","Entrench"],"picked":"SKIP","floor":11.0},{"not_picked":["Shockwave","Evolve","Carnage"],"picked":"SKIP","floor":13.0},{"not_picked":["Fiend Fire","Impervious"],"picked":"Limit Break","floor":16.0},{"not_picked":["Fire Breathing","Headbutt"],"picked":"Armaments+1","floor":18.0},{"not_picked":["Clothesline","Second Wind","Wild Strike"],"picked":"SKIP","floor":20.0},{"not_picked":["Havoc","Dual Wield","Evolve"],"picked":"SKIP","floor":24.0},{"not_picked":["Iron Wave","Uppercut","Burning Pact"],"picked":"SKIP","floor":27},{"not_picked":["Flex","Battle Trance","Feel No Pain"],"picked":"SKIP","floor":29}],"player_experience":203723,"relics_obtained":[{"floor":7.0,"key":"Matryoshka"},{"floor":9.0,"key":"Eternal Feather"},{"floor":24.0,"key":"MawBank"},{"floor":26,"key":"Blood Vial"},{"floor":26,"key":"Ice Cream"},{"floor":27,"key":"FossilizedHelix"}],"event_choices":[{"damage_healed":0.0,"max_hp_gain":0.0,"max_hp_loss":0.0,"gold_gain":0.0,"event_name":"The Woman in Blue","player_choice":"Bought 0 Potions","floor":2.0,"gold_loss":0.0,"damage_taken":0.0},{"damage_healed":0.0,"max_hp_gain":0.0,"max_hp_loss":0.0,"gold_gain":0.0,"event_name":"Liars Game","player_choice":"Ignored","floor":5.0,"gold_loss":0.0,"damage_taken":0.0},{"damage_healed":0.0,"max_hp_gain":0.0,"max_hp_loss":0.0,"gold_gain":0.0,"event_name":"Ghosts","player_choice":"Ignored","floor":21.0,"gold_loss":0.0,"damage_taken":0.0},{"damage_healed":0.0,"max_hp_gain":0.0,"max_hp_loss":0.0,"gold_gain":0.0,"event_name":"Beggar","player_choice":"Ignored","floor":22.0,"gold_loss":0.0,"damage_taken":0.0},{"damage_healed":0,"gold_gain":0,"player_choice":"Leave","damage_taken":0,"max_hp_gain":0,"max_hp_loss":0,"event_name":"FaceTrader","floor":25,"gold_loss":0}],"is_beta":false,"boss_relics":[{"not_picked":["Fusion Hammer","Runic Dome"],"picked":"Astrolabe"}],"items_purged_floors":[],"is_endless":false,"potions_floor_spawned":[1,16,18,27,29],"killed_by":"Shelled Parasite and Fungi","ascension_level":1}}