{"host":"08z5bj28eube4vug","time":1611359656,"event":{"mods":["2.2 Compatiblity","Abigail Mod","Act Like it!","BaseMod","Beaked The Cultist","Bestiary","Friendly Minions","Gensokyo","GungeonMod","Hallownest","Kiyohime????","Koishi","Lobotomy","Marisa????????","Minty Spire (QoL Compilation)","Prisma Mod","Remilia??????","Replay The Spire","StSLib","Td1madao Mod","The Alterego","The Bug Knight","The Jungle","The Sage","The Senshi","The Servant 0.9.4","Waifu the Spire","WarShipGirlsR/????R mod","Yuri Mod"],"gold_per_floor":[115,115,115,134,2,2,37,37,37,51,51,71,101,118,118,214,214,231,146,166,184,4,4,14,45,70,70,70,119,119,119,119,235,235,253,279,279,304,328,328,340,340],"floor_reached":41,"language":"ENG","playtime":2752,"items_purged":[],"score":860,"play_id":"9077e19c-8018-4cb3-91e4-7b6c84f50e5e","local_time":"20210123025416","is_ascension_mode":true,"campfire_choices":[{"data":"PrismaMod:IllyaUncommonDefend","floor":6,"key":"SMITH"},{"data":"PrismaMod:IllyaFriendMaker","floor":8,"key":"SMITH"},{"data":"PrismaMod:IllyaUncommonDefend","floor":11,"key":"SMITH"},{"data":"PrismaMod:IllyaCheapChannelDefend","floor":23,"key":"SMITH"},{"data":"PrismaMod:IllyaFriendMaker","floor":28,"key":"SMITH"},{"data":"PrismaMod:IllyaMinorReinForce","floor":30,"key":"SMITH"},{"data":"PrismaMod:IllyaBoysLove","floor":32,"key":"SMITH"},{"floor":40,"key":"REST"}],"circlet_count":0,"master_deck":["PrismaMod:IllyaCommonAttack+1","PrismaMod:IllyaCommonDefend+1","PrismaMod:IllyaCommonAttack+1","PrismaMod:IllyaCommonDefend+1","PrismaMod:IllyaCommonAttack+1","PrismaMod:IllyaCommonDefend+1","PrismaMod:IllyaCommonAttack+1","PrismaMod:IllyaCommonAttack+1","PrismaMod:IllyaCommonDefend+1","PrismaMod:IllyaUncommonAttack","PrismaMod:IllyaUncommonDefend+1","PrismaMod:IllyaFriendMaker+1","PrismaMod:IllyaMinorReinForce+1","PrismaMod:IllyaStunPoison+1","PrismaMod:IllyaFriendMaker+1","PrismaMod:IllyaFeed","PrismaMod:IllyaUncommonDefend+1","PrismaMod:IllyaBoysLove+1","PrismaMod:IllyaBerserCAR","PrismaMod:IllyaInstallRuler","CurseOfTheBell","PrismaMod:IllyaFeed","PrismaMod:IllyaCheapAttack+1","PrismaMod:IllyaCheapDefend+1","PrismaMod:IllyaCheapChannelDefend+1","PrismaMod:IllyaMinorReinForce+1","Wrath_TH","EndlessPower","PrismaMod:IllyaGun+1","PrismaMod:IllyaCommandSeal+1","PrismaMod:IllyaPoisonTippedWeapons+1","Wraith","PrismaMod:IllyaPoisonTippedWeapons+1"],"relics":["PrismaMod:PrismaRuby","ReplayFunnel","FossilizedHelix","Mirror","Pear","Calling Bell","Pondfish Scales","DemoMod:ClearGuonStone","Chameleon Ring","Lantern","ClockworkSouvenir","Replay:Bandana","Tiny Chest","DemoMod:NanoMachines","theSenshi:MoonKaleidoScopeRelic","Blue Doll"],"acts_visited":["Exordium","TheCity","TheBeyond"],"potions_floor_usage":[13,16,18,21,22,24,24,25,35,41],"damage_taken":[{"damage":0,"enemies":"Cultist","floor":1,"turns":4},{"damage":8,"enemies":"Jaw Worm","floor":4,"turns":6},{"damage":14,"enemies":"3 Sentries","floor":7,"turns":10},{"damage":0,"enemies":"Small Slimes","floor":10,"turns":3},{"damage":0,"enemies":"Looter","floor":12,"turns":3},{"damage":2,"enemies":"Lagavulin","floor":13,"turns":6},{"damage":0,"enemies":"3 Louse","floor":14,"turns":4},{"damage":22,"enemies":"Hexaghost","floor":16,"turns":9},{"damage":0,"enemies":"Shell Parasite","floor":18,"turns":6},{"damage":5,"enemies":"Shelled Parasite and Fungi","floor":20,"turns":8},{"damage":11,"enemies":"3 Cultists","floor":21,"turns":7},{"damage":0,"enemies":"Snake Plant","floor":24,"turns":3},{"damage":0,"enemies":"Replay:Snechameleon","floor":25,"turns":8},{"damage":34,"enemies":"HollowMod:Nosk","floor":29,"turns":8},{"damage":52,"enemies":"Pondfish","floor":33,"turns":11},{"damage":10,"enemies":"3 Shapes","floor":35,"turns":4},{"damage":20,"enemies":"Orb Walker","floor":36,"turns":4},{"damage":30,"enemies":"Maw","floor":39,"turns":10},{"damage":80,"enemies":"Giant Head","floor":41,"turns":8}],"seed_played":"-4332667475832887711","potions_obtained":[{"floor":7,"key":"Weak Potion"},{"floor":13,"key":"Swift Potion"},{"floor":14,"key":"ColorlessPotion"},{"floor":20,"key":"BlessingOfTheForge"},{"floor":21,"key":"sagemod:Wine"}],"is_trial":false,"path_per_floor":["M","?","?","M","$","R","E","R","T","M","R","M","E","M","R","B",null,"M","?","M","M","$","R","M","E","T","?","R","E","R","?","R","B",null,"M","M","?","T","M","R","E"],"character_chosen":"ILLYA","items_purchased":["PrismaMod:IllyaMinorReinForce","PrismaMod:IllyaStunPoison","PrismaMod:IllyaFriendMaker","ClockworkSouvenir","PrismaMod:IllyaCheapChannelDefend","ColorlessPotion","Energy Potion","PowerPotion"],"campfire_rested":1,"item_purchase_floors":[5,5,5,22,22,22,22,22],"current_hp_per_floor":[68,68,61,53,53,53,39,39,39,45,45,47,70,73,85,76,83,83,83,85,74,74,74,85,85,85,85,85,57,57,57,57,35,73,68,48,48,48,23,48,0,0],"gold":340,"neow_bonus":"RANDOM_COMMON_RELIC","is_daily":false,"chose_seed":false,"campfire_upgraded":7,"win_rate":0.0,"timestamp":1611359656,"path_taken":["M","?","?","M","$","R","E","R","T","M","R","M","E","M","R","BOSS","M","?","M","M","$","R","M","E","T","?","R","E","R","?","R","BOSS","M","M","?","?","?","R","E"],"items_purchased_type":["Card","Card","Card","Relic","Card","Potion","Potion","Potion"],"build_version":"2020-12-22","purchased_purges":0,"victory":false,"max_hp_per_floor":[75,75,75,75,75,75,75,75,75,75,75,75,85,85,85,85,85,85,85,85,85,85,85,85,85,85,85,85,85,85,85,85,85,85,85,85,85,85,85,85,85,85],"card_choices":[{"not_picked":["PrismaMod:IllyaBride","PrismaMod:IllyaPartialInstallAssassin","PrismaMod:IllyaRapidFire"],"picked":"SKIP","floor":1},{"not_picked":["PrismaMod:IllyaFeed","PrismaMod:IllyaDualEvoke"],"picked":"PrismaMod:IllyaFriendMaker","floor":4},{"not_picked":["PrismaMod:IllyaSaphire","PrismaMod:IllyaTestament"],"picked":"PrismaMod:IllyaFeed","floor":7},{"not_picked":["PrismaMod:IllyaDetonatingBlow","PrismaMod:IllyaRussianRoulette"],"picked":"PrismaMod:IllyaUncommonDefend","floor":10},{"not_picked":["PrismaMod:IllyaCheapChannelAttack","PrismaMod:IllyaAOECommonAttack","PrismaMod:IllyaCheapDefend"],"picked":"SKIP","floor":12},{"not_picked":["PrismaMod:IllyaHassanGift","PrismaMod:IllyaInstallAlterEgo"],"picked":"PrismaMod:IllyaBoysLove","floor":13},{"not_picked":["PrismaMod:IllyaCheapChannelAttack","PrismaMod:IllyaDevil"],"picked":"PrismaMod:IllyaBerserCAR","floor":14},{"not_picked":["PrismaMod:IllyaZwei","PrismaMod:IllyaCarnivalPrismaAstolfo"],"picked":"PrismaMod:IllyaInstallRuler","floor":16},{"not_picked":["PrismaMod:IllyaDetonatingBlow","PrismaMod:IllyaUpgradeOrbs"],"picked":"PrismaMod:IllyaFeed","floor":18},{"not_picked":["PrismaMod:IllyaGrailKun+1","PrismaMod:IllyaDevil"],"picked":"PrismaMod:IllyaCheapAttack+1","floor":20},{"not_picked":["PrismaMod:IllyaGrailKun","PrismaMod:IllyaGun"],"picked":"PrismaMod:IllyaCheapDefend+1","floor":21},{"not_picked":["PrismaMod:IllyaBoysLove","PrismaMod:IllyaMinorReinForce","PrismaMod:IllyaUpgradeOrbs"],"picked":"SKIP","floor":24},{"not_picked":["PrismaMod:IllyaFeed","PrismaMod:IllyaCheapChannelDefend+1"],"picked":"PrismaMod:IllyaMinorReinForce+1","floor":25},{"not_picked":["PrismaMod:IllyaRapidFire","PrismaMod:IllyaEvokeAll"],"picked":"PrismaMod:IllyaGun+1","floor":29},{"not_picked":["PrismaMod:IllyaAlice","PrismaMod:IllyaRubysPotion+1"],"picked":"PrismaMod:IllyaCommandSeal+1","floor":35},{"not_picked":["PrismaMod:IllyaStunPoison+1","PrismaMod:IllyaInstallSaber"],"picked":"PrismaMod:IllyaPoisonTippedWeapons+1","floor":36},{"not_picked":["PrismaMod:IllyaDevil","PrismaMod:IllyaRussianRoulette"],"picked":"PrismaMod:IllyaPoisonTippedWeapons+1","floor":39}],"player_experience":831629,"relics_obtained":[{"floor":7,"key":"FossilizedHelix"},{"floor":9,"key":"Mirror"},{"floor":13,"key":"Pear"},{"floor":17,"key":"Pondfish Scales"},{"floor":17,"key":"DemoMod:ClearGuonStone"},{"floor":17,"key":"Chameleon Ring"},{"floor":25,"key":"Replay:Bandana"},{"floor":26,"key":"Tiny Chest"},{"floor":29,"key":"DemoMod:NanoMachines"},{"floor":38,"key":"Blue Doll"}],"event_choices":[{"cards_removed":["PrismaMod:IllyaCommonDefend"],"damage_healed":0,"gold_gain":0,"player_choice":"Card Removal","damage_taken":7,"max_hp_gain":0,"max_hp_loss":0,"event_name":"Golden Wing","floor":3,"gold_loss":0},{"damage_healed":0,"gold_gain":0,"player_choice":"Obtained Relic","damage_taken":0,"relics_obtained":["Lantern"],"max_hp_gain":0,"max_hp_loss":0,"event_name":"Addict","floor":19,"gold_loss":85},{"damage_healed":0,"gold_gain":0,"player_choice":"Simplicity","damage_taken":0,"max_hp_gain":0,"max_hp_loss":0,"event_name":"Back to Basics","floor":31,"gold_loss":0,"cards_upgraded":["PrismaMod:IllyaCommonAttack","PrismaMod:IllyaCommonDefend","PrismaMod:IllyaCommonAttack","PrismaMod:IllyaCommonDefend","PrismaMod:IllyaCommonAttack","PrismaMod:IllyaCommonDefend","PrismaMod:IllyaCommonAttack","PrismaMod:IllyaCommonAttack","PrismaMod:IllyaCommonDefend"]},{"damage_healed":0,"gold_gain":0,"player_choice":"Ignored","damage_taken":0,"max_hp_gain":0,"max_hp_loss":0,"event_name":"OrinTheCat","floor":37,"gold_loss":0}],"is_beta":false,"boss_relics":[{"not_picked":["Replay:Fungal Core","Snecko Eye"],"picked":"Calling Bell"},{"not_picked":["SacredBark","Pandora\u0027s Box"],"picked":"theSenshi:MoonKaleidoScopeRelic"}],"items_purged_floors":[],"is_endless":false,"potions_floor_spawned":[7,13,14,20,21,24],"killed_by":"Giant Head","ascension_level":8}}