{"host":"1ekl8hlbnopmdapi","time":1611337073,"event":{"mods":["AchievementEnabler","BaseMod","Colored Map","Colored Powertips","DeckTracker","Googly Eyes","Highlight Path","Minty Spire (QoL Compilation)","Relic Sorter","StSLib","Synergy Search"],"gold_per_floor":[117,117,37,56,56,56,87,87,112,123,141,141,174,10,10,110,110,128,128,140,140,140],"floor_reached":21,"language":"ENG","playtime":638,"items_purged":[],"score":265,"play_id":"7af3a769-f3f3-41e1-9344-84cd32eca657","local_time":"20210122123753","is_ascension_mode":true,"campfire_choices":[{"floor":6,"key":"RECALL"},{"data":"Accuracy","floor":8,"key":"SMITH"},{"data":"Dodge and Roll","floor":12,"key":"SMITH"},{"floor":15,"key":"REST"}],"circlet_count":0,"master_deck":["Strike_G","Strike_G","Strike_G","Strike_G","Strike_G","Defend_G","Defend_G","Defend_G","Defend_G","Defend_G","Survivor","Neutralize+1","Prepared","Dodge and Roll+1","Accuracy+1","Prepared","Skewer","Flechettes","Blade Dance","Envenom+1","Deflect+1","Cloak And Dagger+1"],"relics":["Ring of the Snake","NeowsBlessing","Juzu Bracelet","Strawberry","Bag of Preparation","Art of War","Membership Card","SlaversCollar"],"acts_visited":["Exordium","TheCity"],"potions_floor_usage":[11,16,16,21],"damage_taken":[{"damage":0,"enemies":"Small Slimes","floor":1,"turns":1},{"damage":0,"enemies":"2 Louse","floor":4,"turns":1},{"damage":0,"enemies":"Gremlin Nob","floor":7,"turns":1},{"damage":0,"enemies":"Cultist","floor":10,"turns":4},{"damage":5,"enemies":"Blue Slaver","floor":11,"turns":6},{"damage":38,"enemies":"3 Sentries","floor":13,"turns":14},{"damage":23,"enemies":"Slime Boss","floor":16,"turns":15},{"damage":14,"enemies":"Chosen","floor":18,"turns":4},{"damage":16,"enemies":"3 Byrds","floor":20,"turns":7},{"damage":39,"enemies":"Snake Plant","floor":21,"turns":5}],"seed_played":"422931820474915205","potions_obtained":[{"floor":4,"key":"Dexterity Potion"},{"floor":7,"key":"AttackPotion"},{"floor":10,"key":"Weak Potion"},{"floor":20,"key":"Explosive Potion"}],"is_trial":false,"path_per_floor":["M","?","?","M","?","R","E","R","T","M","M","R","E","$","R","B",null,"M","?","M","M"],"character_chosen":"THE_SILENT","items_purchased":["Membership Card","Blade Dance"],"campfire_rested":1,"item_purchase_floors":[14,14],"current_hp_per_floor":[70,70,70,70,70,70,77,77,77,77,72,72,34,34,57,34,66,52,52,36,0,0],"gold":140,"neow_bonus":"THREE_ENEMY_KILL","is_daily":false,"chose_seed":false,"campfire_upgraded":2,"win_rate":0.0,"timestamp":1611337073,"path_taken":["M","?","?","M","?","R","E","R","T","M","M","R","E","$","R","BOSS","M","?","M","M"],"items_purchased_type":["Relic","Card"],"build_version":"2020-12-22","purchased_purges":0,"victory":false,"max_hp_per_floor":[70,70,70,70,70,70,77,77,77,77,77,77,77,77,77,77,77,77,77,77,77,77],"card_choices":[{"not_picked":["Expertise","Concentrate"],"picked":"Prepared","floor":1},{"not_picked":["Bouncing Flask","Dash"],"picked":"Dodge and Roll","floor":4},{"not_picked":["Backflip","PiercingWail"],"picked":"Accuracy","floor":7},{"not_picked":["Leg Sweep","Bouncing Flask"],"picked":"Prepared","floor":10},{"not_picked":["Deflect","PiercingWail"],"picked":"Skewer","floor":11},{"not_picked":["Underhanded Strike","Bouncing Flask"],"picked":"Flechettes","floor":13},{"not_picked":["Tools of the Trade","Malaise"],"picked":"Envenom","floor":16},{"not_picked":["Expertise+1","All Out Attack+1"],"picked":"Deflect+1","floor":18},{"not_picked":["Dagger Throw","Endless Agony"],"picked":"Cloak And Dagger+1","floor":20}],"player_experience":485310,"relics_obtained":[{"floor":7,"key":"Strawberry"},{"floor":9,"key":"Bag of Preparation"},{"floor":13,"key":"Art of War"}],"event_choices":[{"damage_healed":0,"gold_gain":0,"player_choice":"Grow","damage_taken":0,"max_hp_gain":0,"max_hp_loss":0,"event_name":"Living Wall","floor":2,"gold_loss":0,"cards_upgraded":["Neutralize"]},{"damage_healed":0,"gold_gain":0,"player_choice":"Paid Gold","damage_taken":0,"relics_obtained":["Juzu Bracelet"],"max_hp_gain":0,"max_hp_loss":0,"event_name":"WeMeetAgain","floor":3,"gold_loss":80},{"damage_healed":0,"gold_gain":0,"player_choice":"Ignored","damage_taken":0,"max_hp_gain":0,"max_hp_loss":0,"event_name":"Liars Game","floor":5,"gold_loss":0},{"damage_healed":0,"gold_gain":0,"player_choice":"Forge","damage_taken":0,"max_hp_gain":0,"max_hp_loss":0,"event_name":"Accursed Blacksmith","floor":19,"gold_loss":0,"cards_upgraded":["Envenom"]}],"is_beta":false,"boss_relics":[{"not_picked":["Pandora\u0027s Box","Philosopher\u0027s Stone"],"picked":"SlaversCollar"}],"items_purged_floors":[],"is_endless":false,"potions_floor_spawned":[4,7,10,20],"killed_by":"Snake Plant","ascension_level":5}}