{"host":"pf9rsjv87js1d08t","time":1611323981,"event":{"mods":["100% Spire Juice","Arknights The Spire","BaseMod","CapriCore","Friendly Minions","Koishi","Minty Spire (QoL Compilation)","Replay The Spire","StSLib","The Bug Knight","The Cursed","The Dragon Tamer","The Hierophant","The Immortal","WarShipGirlsR/??á´Ò³R mod"],"gold_per_floor":[114,114,114,114,128,160,180,180,180,16,42,42,71,88,88,192,72,90,90,101,115,133,133,161,161,161,173,173,64,83,129,129,226,226,245,97,144,94,107,107,117,128,155,112,112,112,112,122,122,122,122],"floor_reached":50,"language":"KOR","playtime":4078,"items_purged":["Moonworks:Defend","Moonworks:Strike"],"score":522,"play_id":"7a85b4f3-9c36-40e6-aebe-8b9f2c9c666a","local_time":"20210122225941","is_ascension_mode":false,"campfire_choices":[{"data":"Moonworks:ImmovableObject","floor":8.0,"key":"SMITH"},{"data":"Moonworks:LeapThroughSpace","floor":12.0,"key":"SMITH"},{"floor":15.0,"key":"DIG"},{"data":"Moonworks:ReflectiveShell","floor":23.0,"key":"SMITH"},{"data":"Moonworks:SinkOrSwim","floor":25.0,"key":"SMITH"},{"floor":28.0,"key":"REST"},{"data":"Moonworks:IndiscriminateFireSupport","floor":32.0,"key":"SMITH"},{"floor":40.0,"key":"REST"},{"floor":47.0,"key":"REST"},{"data":"Moonworks:BigMagnum+1","floor":49.0,"key":"PURGE"}],"circlet_count":0,"master_deck":["Moonworks:Strike","Moonworks:Defend","Moonworks:Ambush","Moonworks:LongDistanceShot","Moonworks:StiffCrystal+1","Moonworks:ImmovableObject+1","Moonworks:LeapThroughSpace+1","Moonworks:EvilSpyWorkPreparation","Moonworks:Dash+1","Moonworks:SinkOrSwim+1","Moonworks:IndiscriminateFireSupport+1","Moonworks:ReflectiveShell+1","Moonworks:UnluckyCharm+1","Moonworks:WindyEnchantment+1","Moonworks:StarBlastingFuse+1","Finesse+1","Moonworks:AwakeningOfTalent+1","Moonworks:WeAreWaruda+1"],"relics":["Moonworks:BrokenBomb","Moonworks:Homemark","NeowsBlessing","Calipers","Toxic Egg 2","ReplayTheSpireMod:TigerMarble","Smiling Mask","Philosopher\u0027s Stone","Kunai","Moonworks:LittleGull","HollowMod:PaleOreRelic","Replay:Drink Me","CaptainsWheel","Bag of Marbles","Replay:Accelerometer"],"acts_visited":["Exordium","TheCity","TheBeyond"],"potions_floor_usage":[],"damage_taken":[{"damage":0.0,"enemies":"2 Louse","floor":1.0,"turns":1.0},{"damage":0.0,"enemies":"Small Slimes","floor":5.0,"turns":1.0},{"damage":0.0,"enemies":"Replay:BlueRogue","floor":6.0,"turns":1.0},{"damage":0.0,"enemies":"Cultist","floor":7.0,"turns":5.0},{"damage":4.0,"enemies":"HollowMod:MossKnight","floor":13.0,"turns":6.0},{"damage":7.0,"enemies":"Red Slaver","floor":14.0,"turns":3.0},{"damage":33.0,"enemies":"The Guardian","floor":16.0,"turns":14.0},{"damage":19.0,"enemies":"2 Thieves","floor":18.0,"turns":3.0},{"damage":22.0,"enemies":"3 Byrds","floor":20.0,"turns":4.0},{"damage":37.0,"enemies":"Snake Plant","floor":21.0,"turns":5.0},{"damage":12.0,"enemies":"Cultist and Chosen","floor":22.0,"turns":7.0},{"damage":0.0,"enemies":"Slavers","floor":24.0,"turns":1.0},{"damage":27.0,"enemies":"Shelled Parasite and Fungi","floor":27.0,"turns":3.0},{"damage":6.0,"enemies":"Centurion and Healer","floor":29.0,"turns":1.0},{"damage":2.0,"enemies":"Snake Plant","floor":30.0,"turns":3.0},{"damage":17.0,"enemies":"Champ","floor":33.0,"turns":10.0},{"damage":0.0,"enemies":"3 Shapes","floor":35.0,"turns":3.0},{"damage":33.0,"enemies":"2 Orb Walkers","floor":37.0,"turns":2.0},{"damage":9.0,"enemies":"Orb Walker","floor":39.0,"turns":3.0},{"damage":11.0,"enemies":"Sphere and 2 Shapes","floor":41.0,"turns":1.0},{"damage":6.0,"enemies":"Maw","floor":42.0,"turns":3.0},{"damage":0.0,"enemies":"3 Darklings","floor":48.0,"turns":3.0},{"damage":20,"enemies":"Time Eater","floor":50,"turns":2}],"seed_played":"-6454732162056353979","potions_obtained":[{"floor":5.0,"key":"SpeedPotion"},{"floor":6.0,"key":"Strength Potion"},{"floor":16.0,"key":"Explosive Potion"},{"floor":18.0,"key":"Strength Potion"},{"floor":22.0,"key":"Energy Potion"},{"floor":27.0,"key":"Adrenaline Potion"},{"floor":29.0,"key":"BlessingOfTheForge"},{"floor":37.0,"key":"Block Potion"},{"floor":39.0,"key":"GamblersBrew"}],"is_trial":false,"path_per_floor":["M","?","?","?","M","E","M","R","T","?","T","R","E","M","R","B",null,"M","?","M","M","M","R","E","R","T","M","R","M","M","T","R","B",null,"M","$","?","$","M","R","M","M","T","T","?","?","R","M","R","B"],"character_chosen":"THE_STARBREAKER","items_purchased":["Finesse+1"],"campfire_rested":3,"item_purchase_floors":[36],"current_hp_per_floor":[60,65,65,65,65,65,65,65,65,65,65,65,55,48,48,10,65,62,62,59,60,48,48,48,48,48,21,40,34,32,32,32,22,49,49,49,16,16,7,21,10,6,6,6,6,6,20,17,17,0,0],"gold":122,"neow_bonus":"THREE_ENEMY_KILL","is_daily":false,"chose_seed":false,"campfire_upgraded":5,"win_rate":0.0,"timestamp":1611323981,"path_taken":["M","?","?","?","M","E","M","R","T","?","?","R","E","M","R","BOSS","M","?","M","?","M","R","E","R","T","M","R","M","M","?","R","BOSS","M","$","?","$","M","R","M","M","T","?","?","?","R","M","R","BOSS"],"items_purchased_type":["Card"],"build_version":"2020-12-22","purchased_purges":2,"victory":false,"max_hp_per_floor":[60,65,65,65,65,65,65,65,65,65,65,65,65,65,65,65,65,65,65,65,65,65,65,65,65,65,65,65,65,65,65,65,65,49,49,49,49,49,49,49,49,49,49,49,49,49,49,49,49,49,49],"card_choices":[{"not_picked":["Moonworks:JonathanRush","Moonworks:ImOnFire"],"picked":"Moonworks:StiffCrystal","floor":1.0},{"not_picked":["Moonworks:StiffCrystal","Moonworks:EvilSpyWorkPreparation"],"picked":"Moonworks:ImmovableObject","floor":5.0},{"not_picked":["Moonworks:EvilSpyWorkPreparation","Moonworks:SakisCookie"],"picked":"Moonworks:LeapThroughSpace","floor":6.0},{"not_picked":["Moonworks:Bloodlust","Moonworks:SakisCookie"],"picked":"Moonworks:EvilSpyWorkPreparation","floor":7.0},{"not_picked":["Moonworks:Assault","Moonworks:LulusLuckyEgg+1"],"picked":"Moonworks:Dash+1","floor":13.0},{"not_picked":["Moonworks:NicePresent+1","Moonworks:SakisCookie+1","Moonworks:BeyondHell+1"],"picked":"SKIP","floor":14.0},{"not_picked":["Moonworks:AccelHyper+1","Moonworks:Gamble"],"picked":"Moonworks:SinkOrSwim","floor":16.0},{"not_picked":["Moonworks:SakisCookie+1","Moonworks:ImmovableObject+1","Moonworks:BigMagnum+1"],"picked":"SKIP","floor":18.0},{"not_picked":["Moonworks:ImOnFire+1","Moonworks:ExtendedPhotonRifle"],"picked":"Moonworks:IndiscriminateFireSupport","floor":20.0},{"not_picked":["Moonworks:BigMagnum+1","Moonworks:FinalSurgery+1"],"picked":"Moonworks:ReflectiveShell","floor":21.0},{"not_picked":["Moonworks:ReproductionOfRecords+1","Moonworks:ImmovableObject+1"],"picked":"Moonworks:BigMagnum+1","floor":22.0},{"not_picked":["Moonworks:TacticalRetreat+1","Moonworks:BigMagnum+1","Moonworks:DeployBits+1"],"picked":"SKIP","floor":24.0},{"not_picked":["Moonworks:Assault+1","Moonworks:BigMagnum+1","Moonworks:SakisCookie+1"],"picked":"SKIP","floor":27.0},{"not_picked":["Moonworks:LulusLuckyEgg+1","Moonworks:Bloodlust+1"],"picked":"Moonworks:UnluckyCharm+1","floor":29.0},{"not_picked":["Moonworks:SweetBattle+1","Moonworks:ReproductionOfRecords+1"],"picked":"Moonworks:WindyEnchantment+1","floor":30.0},{"not_picked":["Moonworks:Encore","Moonworks:SinkOrSwim"],"picked":"Moonworks:StarBlastingFuse+1","floor":33.0},{"not_picked":["Moonworks:UnpaidWork+1","Moonworks:Assault","Moonworks:ImOnFire+1"],"picked":"SKIP","floor":35.0},{"not_picked":["Moonworks:ImOnFire+1","Moonworks:JonathanRush"],"picked":"Moonworks:AwakeningOfTalent+1","floor":37.0},{"not_picked":["Moonworks:CloudOfSeagulls","Moonworks:DeployBits+1","Moonworks:MixPhenomenon+1"],"picked":"SKIP","floor":39.0},{"not_picked":["Moonworks:CastOff+1","Moonworks:SakisCookie+1"],"picked":"Moonworks:WeAreWaruda+1","floor":41.0},{"not_picked":["Moonworks:ImOnFire+1","Moonworks:RedAndBlue+1","Moonworks:ScrambledEve+1"],"picked":"SKIP","floor":42.0},{"not_picked":["Moonworks:IndiscriminateFireSupport+1","Moonworks:SelfDestruct+1","Moonworks:BigMagnum+1"],"picked":"SKIP","floor":48.0}],"player_experience":53609,"relics_obtained":[{"floor":6.0,"key":"Calipers"},{"floor":9.0,"key":"Toxic Egg 2"},{"floor":13.0,"key":"ReplayTheSpireMod:TigerMarble"},{"floor":15.0,"key":"Smiling Mask"},{"floor":24.0,"key":"Kunai"},{"floor":26.0,"key":"Moonworks:LittleGull"},{"floor":31.0,"key":"HollowMod:PaleOreRelic"},{"floor":37.0,"key":"CaptainsWheel"},{"floor":43.0,"key":"Bag of Marbles"},{"floor":44.0,"key":"Replay:Accelerometer"}],"event_choices":[{"damage_healed":0.0,"max_hp_gain":5.0,"max_hp_loss":0.0,"gold_gain":0.0,"event_name":"Big Fish","player_choice":"Donut","floor":2.0,"gold_loss":0.0,"damage_taken":0.0},{"damage_healed":0.0,"max_hp_gain":0.0,"max_hp_loss":0.0,"gold_gain":0.0,"event_name":"Living Wall","player_choice":"Grow","floor":3.0,"gold_loss":0.0,"damage_taken":0.0,"cards_upgraded":["Moonworks:StiffCrystal"]},{"damage_healed":0.0,"max_hp_gain":0.0,"max_hp_loss":0.0,"gold_gain":76.0,"event_name":"Golden Wing","player_choice":"Gained Gold","floor":10.0,"gold_loss":0.0,"damage_taken":0.0},{"damage_healed":0.0,"max_hp_gain":0.0,"max_hp_loss":0.0,"gold_gain":0.0,"event_name":"NoteForYourself","player_choice":"Ignored","floor":19.0,"gold_loss":0.0,"damage_taken":0.0},{"damage_healed":0.0,"max_hp_gain":0.0,"max_hp_loss":0.0,"gold_gain":0.0,"event_name":"Mysterious Sphere","player_choice":"Fight","floor":37.0,"gold_loss":0.0,"damage_taken":0.0},{"cards_removed":["Moonworks:DevilHand"],"damage_healed":0.0,"max_hp_gain":0.0,"max_hp_loss":0.0,"gold_gain":0.0,"event_name":"Falling","player_choice":"Removed Attack","floor":46.0,"gold_loss":0.0,"damage_taken":0.0}],"is_beta":false,"boss_relics":[{"not_picked":["Ectoplasm","Cursed Key"],"picked":"Philosopher\u0027s Stone"},{"not_picked":["ReplayTheSpireMod:DimensionalGlitch","Calling Bell"],"picked":"Replay:Drink Me"}],"items_purged_floors":[36,38],"is_endless":false,"potions_floor_spawned":[5,6,16,18,22,27,29,37,39],"killed_by":"Time Eater","ascension_level":0}}