{"host":"928gv66myv2vlnsd","time":1611351026,"event":{"mods":["BaseMod","Minty Spire (QoL Compilation)","StSLib"],"gold_per_floor":[109,129,144,195,120,155,155,59,59,59,70,70,98,98,98,98,98],"floor_reached":16,"language":"ENG","playtime":528,"items_purged":[],"score":211,"play_id":"b3e2f1eb-6cee-4140-ab8e-eb1b71bd9a3a","local_time":"20210122163026","is_ascension_mode":true,"campfire_choices":[{"data":"Combust","floor":12,"key":"SMITH"},{"data":"Disarm","floor":15,"key":"SMITH"}],"circlet_count":0,"master_deck":["AscendersBane","Strike_R","Strike_R","Strike_R","Defend_R","Defend_R","Defend_R","Defend_R","Bash","Feed+1","Sword Boomerang","Combust+1","Disarm+1","Reaper","True Grit+1","Feel No Pain","Seeing Red"],"relics":["Burning Blood","Peace Pipe","Blue Candle","Regal Pillow"],"acts_visited":["Exordium"],"potions_floor_usage":[16,16],"damage_taken":[{"damage":9,"enemies":"Jaw Worm","floor":1,"turns":5},{"damage":1,"enemies":"2 Louse","floor":2,"turns":3},{"damage":5,"enemies":"Small Slimes","floor":3,"turns":4},{"damage":57,"enemies":"Lagavulin","floor":6,"turns":9},{"damage":7,"enemies":"2 Fungi Beasts","floor":11,"turns":5},{"damage":25,"enemies":"3 Sentries","floor":13,"turns":7},{"damage":43,"enemies":"Hexaghost","floor":16,"turns":12}],"seed_played":"-5864846732990685514","potions_obtained":[{"floor":2,"key":"LiquidBronze"},{"floor":3,"key":"ElixirPotion"},{"floor":11,"key":"Energy Potion"}],"is_trial":false,"path_per_floor":["M","M","M","?","?","E","?","$","T","?","M","R","E","?","R","B"],"character_chosen":"IRONCLAD","items_purchased":["True Grit","Feel No Pain"],"campfire_rested":0,"item_purchase_floors":[8,8],"current_hp_per_floor":[68,74,77,77,77,29,29,29,29,29,40,40,35,35,35,0,0],"gold":98,"neow_bonus":"THREE_RARE_CARDS","is_daily":false,"chose_seed":false,"campfire_upgraded":2,"win_rate":0.0,"timestamp":1611351026,"path_taken":["M","M","M","?","?","E","?","$","T","?","?","R","E","?","R","BOSS"],"items_purchased_type":["Card","Card"],"build_version":"2020-12-22","purchased_purges":0,"victory":false,"max_hp_per_floor":[71,74,77,77,77,80,80,80,80,80,84,84,84,84,84,84,84],"card_choices":[{"not_picked":["Impervious","Berserk"],"picked":"Feed","floor":0},{"not_picked":["Heavy Blade","Sever Soul"],"picked":"Sword Boomerang","floor":1},{"not_picked":["Wild Strike","Shockwave"],"picked":"Combust","floor":2},{"not_picked":["Headbutt","Pummel"],"picked":"Disarm","floor":3},{"not_picked":["Iron Wave","Pommel Strike"],"picked":"Reaper","floor":6},{"not_picked":["Pummel","Metallicize"],"picked":"Seeing Red","floor":11},{"not_picked":["Infernal Blade","True Grit","Heavy Blade"],"picked":"SKIP","floor":13}],"player_experience":1291044,"relics_obtained":[{"floor":6,"key":"Peace Pipe"},{"floor":9,"key":"Blue Candle"},{"floor":13,"key":"Regal Pillow"}],"event_choices":[{"damage_healed":0,"gold_gain":51,"player_choice":"Gained Gold","damage_taken":0,"max_hp_gain":0,"max_hp_loss":0,"event_name":"Golden Wing","floor":4,"gold_loss":0},{"cards_removed":["Strike_R"],"damage_healed":0,"gold_gain":0,"player_choice":"Card Removal","damage_taken":0,"max_hp_gain":0,"max_hp_loss":0,"event_name":"The Cleric","floor":5,"gold_loss":75},{"damage_healed":0,"gold_gain":0,"player_choice":"Grow","damage_taken":0,"max_hp_gain":0,"max_hp_loss":0,"event_name":"Living Wall","floor":7,"gold_loss":0,"cards_upgraded":["Feed"]},{"cards_removed":["Strike_R"],"damage_healed":0,"gold_gain":0,"player_choice":"Purged","damage_taken":0,"max_hp_gain":0,"max_hp_loss":0,"event_name":"Purifier","floor":10,"gold_loss":0},{"damage_healed":0,"gold_gain":0,"player_choice":"Upgraded","damage_taken":0,"max_hp_gain":0,"max_hp_loss":0,"event_name":"Upgrade Shrine","floor":14,"gold_loss":0,"cards_upgraded":["True Grit"]}],"is_beta":false,"boss_relics":[],"items_purged_floors":[],"is_endless":false,"potions_floor_spawned":[2,3,11],"killed_by":"Hexaghost","ascension_level":19}}