{"host":"m4zn6rtsd36lrr22","time":1611285607,"event":{"mods":["2.2 Compatiblity","Act Like it!","BaseMod","Better Synergies","BetterRewards","CapriCore","Colored Map","Custom Start","Gensokyo","GungeonMod","HololiveMod","Ironclad Rager","Lobotomy","LobotomyExtend","Luminous","Minty Spire (QoL Compilation)","Permanent Neow","Poor People Problems","Prisma Mod","Quick Restart","Reimu（博丽灵梦）","Relic Stats","Remilia（蕾米莉亚）","Remove Card Discount Mod","Replay The Spire","RumiaBox-露米娅的神秘盒子","Shop Mod","Spicy Shops","StSLib","The Alterego","The Animator","The Immortal","WarShipGirlsR/战舰少女R mod","Yakumo Yukari mod","noobMod","【功能Mod】混沌之环修复补丁","【遗物卡牌】REMEMod"],"gold_per_floor":[79,79,79,96,111,128,128,128,128,7,19,64,93,93,93,197,197,212,231,43,43,43,79,105,141,141,141,167,167,182,197,197,305,305,329,329,93,93,14,51,69,69,123,123,149,3,16,45,45,71,71,71,71,71,106,106],"floor_reached":57,"language":"ZHS","playtime":2013,"items_purged":[],"score":1677,"play_id":"39c57705-b816-4191-958e-2f1e1bd18a23","local_time":"20210122112007","is_ascension_mode":false,"campfire_choices":[{"data":"Hololive_CallRoboco","floor":7,"key":"SMITH"},{"floor":15,"key":"RECALL"},{"data":"1","floor":29,"key":"LIFT"},{"data":"2","floor":32,"key":"LIFT"},{"data":"3","floor":42,"key":"LIFT"},{"data":"Hololive_Recruit","floor":49,"key":"SMITH"},{"data":"Hololive_Rebirth","floor":53,"key":"SMITH"}],"circlet_count":0,"master_deck":["Hololive_Strike","Hololive_Strike","Hololive_Defend","Hololive_Defend","Hololive_CallAiraniIofifteen","Hololive_CallHoshimachiSuisei","Hololive_CallAkaiHaato","Hololive_CallHimemoriLuna","Hololive_CallRoboco+1","Hololive_CallRosalyn","Hololive_CallOkamiMio","Hololive_CallYogiri","Hololive_CallSakuraMiko","Hololive_CallUruhaRushia","Hololive_CallAyundaRisu","Hololive_CallAkiRosenthal","Hololive_CallShishiroBotan","Hololive_Spy","Hololive_CallNatsuiroMatsuri","Hololive_CallMomosuzuNene+6","Hololive_CallMurasakiShion","Hololive_CallShiroganeNoel","Hololive_Rebirth","Gensokyo:ShootingStar","Hololive_Rebirth+1","Hololive_CallFriendA","Hololive_CallOmaruPolka","Hololive_Recruit+1","Hololive_CallYozoraMel","Hololive_CallKiryuuCoco","Hololive_CallYuzukiChoco","Hololive_CallManoAloe","Gensokyo:ScrapIron","Gensokyo:BlemishedSteel","Gensokyo:TarnishedGold","Hololive_CallTokoyamiTowa+1","Hololive_CallArtia","Hololive_DurableLive"],"relics":["Hololive_TheStar","REME_ComplimentaryCards","ice","Pear","LetterFromLob","ReplayTheSpireMod:Ring of Exchange","Gensokyo:PortableGap","Replay:Mystery Machine","ReplayTheSpireMod:TigerMarble","Ginger","Prayer Wheel","Empty Cage","Medical Kit","Gensokyo:RedStar","Mango","Girya","Matryoshka","Gensokyo:DirgeOfMelancholy","DemoMod:GlassGuonStoneRelic","Runic Pyramid","WingedGreaves","REME_PuzzleBoxRelic","DemoMod:WeirdEgg","Mastiff:ReiMu","SecretRecord"],"acts_visited":["Gensokyo:Gensokyo","Gensokyo:Gensokyoer","Gensokyo:Gensokyoest","TheEnding"],"potions_floor_usage":[],"damage_taken":[{"damage":0,"enemies":"Gensokyo:Gryphon","floor":1,"turns":3},{"damage":0,"enemies":"Gensokyo:3_Fairies","floor":4,"turns":4},{"damage":0,"enemies":"Gensokyo:2_Kodama","floor":5,"turns":4},{"damage":0,"enemies":"Gensokyo:2_Rabbits","floor":6,"turns":5},{"damage":6,"enemies":"Gensokyo:5_Fairies","floor":11,"turns":7},{"damage":0,"enemies":"Gensokyo:Mamizou","floor":12,"turns":8},{"damage":0,"enemies":"Gensokyo:Gryphon_and_Rabbit","floor":13,"turns":5},{"damage":0,"enemies":"Gensokyo:Yukari","floor":16,"turns":8},{"damage":0,"enemies":"Gensokyo:Chomper","floor":18,"turns":4},{"damage":0,"enemies":"Gensokyo:CosmicMonolith","floor":19,"turns":4},{"damage":88,"enemies":"Gensokyo:Tenshi","floor":23,"turns":10},{"damage":0,"enemies":"Gensokyo:Slime_Group","floor":24,"turns":4},{"damage":0,"enemies":"Gensokyo:Reisen","floor":25,"turns":3},{"damage":0,"enemies":"Gensokyo:Monolith_and_Dog","floor":28,"turns":3},{"damage":0,"enemies":"Gensokyo:Wraith","floor":30,"turns":2},{"damage":0,"enemies":"Gensokyo:Slime_Group","floor":31,"turns":3},{"damage":0,"enemies":"Gensokyo:Eiki","floor":33,"turns":4},{"damage":0,"enemies":"Gensokyo:AncientGuardian","floor":35,"turns":2},{"damage":0,"enemies":"Gensokyo:Kasen","floor":40,"turns":4},{"damage":0,"enemies":"Gensokyo:3_Boulders","floor":41,"turns":2},{"damage":0,"enemies":"Gensokyo:Dusk_and_Dawn","floor":45,"turns":3},{"damage":0,"enemies":"Gensokyo:SeedOfUnknown","floor":47,"turns":3},{"damage":0,"enemies":"Gensokyo:Marisa","floor":48,"turns":3},{"damage":0,"enemies":"Gensokyo:Yuyuko","floor":50,"turns":5},{"damage":0,"enemies":"Shield and Spear","floor":55,"turns":3},{"damage":1,"enemies":"The Heart","floor":56,"turns":4}],"seed_played":"1112228405899880066","potions_obtained":[{"floor":4,"key":"Weak Potion"},{"floor":5,"key":"Energy Potion"},{"floor":12,"key":"REME_GoldPotion"}],"is_trial":false,"path_per_floor":["M","?","?","M","M","M","R","?","T","COS","M","E","M","T","R","B",null,"M","M","$","?","$","E","M","E","T","?","M","R","M","M","R","B",null,"M","?","$","?","$","E","M","R","T","?","M","COS","M","E","R","B",null,null,"R","$","E","B",null],"character_chosen":"Hololive_HololiveCharacter","items_purchased":["Medical Kit","Hololive_Spy","Hololive_CallOmaruPolka","Hololive_Recruit","Hololive_CallYozoraMel"],"campfire_rested":0,"item_purchase_floors":[20,20,37,37,39],"current_hp_per_floor":[30,30,30,30,30,30,30,14,14,14,8,8,8,8,8,8,41,41,41,41,41,41,39,39,39,39,39,39,39,39,39,39,72,74,74,74,74,45,45,45,45,45,45,45,45,45,45,45,45,45,45,90,90,90,90,94],"gold":106,"neow_bonus":"RANDOM_EVENT","is_daily":false,"chose_seed":false,"campfire_upgraded":3,"win_rate":0.0,"timestamp":1611285607,"path_taken":["M","?","?","M","M","?","R","?","T","COS","M","E","?","?","R","BOSS","M","M","$","?","$","E","M","E","T","?","?","R","M","M","R","BOSS","M","?","$","?","?","E","M","R","T","?","M","COS","?","E","R","BOSS","R","$","E","BOSS"],"items_purchased_type":["Relic","Card","Card","Card","Card"],"build_version":"2020-12-22","purchased_purges":0,"victory":true,"max_hp_per_floor":[45,45,41,41,41,41,41,41,41,41,41,41,41,41,41,41,41,41,41,41,41,41,61,64,67,67,67,70,70,70,72,72,74,74,74,74,74,74,74,80,80,80,80,80,81,81,81,88,88,90,90,90,90,90,96,141],"relic_stats":{"counters":[26,110],"Prayer Wheel":10,"Ginger":[16],"Medical Kit":[0],"obtain_stats":[{"ReplayTheSpireMod:Ring of Exchange":2,"Mango":23,"DemoMod:GlassGuonStoneRelic":4,"SecretRecord":55,"ice":0,"Ginger":14,"Replay:Mystery Machine":12,"Gensokyo:PortableGap":3,"Empty Cage":17,"Matryoshka":26,"Mastiff:ReiMu":48,"Prayer Wheel":16,"WingedGreaves":38,"Runic Pyramid":34,"Girya":25,"Pear":0,"Gensokyo:DirgeOfMelancholy":27,"DemoMod:WeirdEgg":43,"Medical Kit":20,"Gensokyo:RedStar":21,"Hololive_TheStar":0,"LetterFromLob":1,"ReplayTheSpireMod:TigerMarble":13,"REME_PuzzleBoxRelic":43,"REME_ComplimentaryCards":0},{"ReplayTheSpireMod:Ring of Exchange":1,"Mango":11,"DemoMod:GlassGuonStoneRelic":2,"SecretRecord":25,"ice":0,"Ginger":7,"Replay:Mystery Machine":6,"Gensokyo:PortableGap":1,"Empty Cage":8,"Matryoshka":13,"Mastiff:ReiMu":23,"Prayer Wheel":8,"WingedGreaves":18,"Runic Pyramid":17,"Girya":13,"Pear":0,"Gensokyo:DirgeOfMelancholy":13,"DemoMod:WeirdEgg":20,"Medical Kit":10,"Gensokyo:RedStar":10,"Hololive_TheStar":0,"LetterFromLob":1,"ReplayTheSpireMod:TigerMarble":7,"REME_PuzzleBoxRelic":20,"REME_ComplimentaryCards":0},{"ReplayTheSpireMod:Ring of Exchange":3,"Mango":62,"DemoMod:GlassGuonStoneRelic":7,"SecretRecord":106,"ice":0,"Ginger":36,"Replay:Mystery Machine":31,"Gensokyo:PortableGap":3,"Empty Cage":44,"Matryoshka":69,"Mastiff:ReiMu":98,"Prayer Wheel":37,"WingedGreaves":83,"Runic Pyramid":81,"Girya":69,"Pear":0,"Gensokyo:DirgeOfMelancholy":69,"DemoMod:WeirdEgg":89,"Medical Kit":52,"Gensokyo:RedStar":52,"Hololive_TheStar":0,"LetterFromLob":3,"ReplayTheSpireMod:TigerMarble":35,"REME_PuzzleBoxRelic":89,"REME_ComplimentaryCards":0}]},"card_choices":[{"not_picked":["Hololive_Drill","Hololive_CandyCastle","Hololive_Sequa"],"picked":"Hololive_CallRoboco","floor":1},{"not_picked":["Hololive_FlyingPonyTail","Hololive_OvertimeWork","Hololive_Psychosis"],"picked":"Hololive_CallRosalyn","floor":4},{"not_picked":["Hololive_Thief","Hololive_CocoNews","Hololive_Rebound"],"picked":"Hololive_CallOkamiMio","floor":5},{"not_picked":["Hololive_Trident","Hololive_StrengthChampion","Hololive_BringToTrial"],"picked":"Hololive_CallYogiri","floor":6},{"not_picked":["Hololive_Breathe","Hololive_HuntDinosaur","Hololive_CocoNews"],"picked":"Hololive_CallSakuraMiko","floor":11},{"not_picked":["Hololive_HuntDinosaur","Hololive_FlyingPonyTail","Hololive_CallRoboco","Hololive_Drill"],"picked":"SKIP","floor":12},{"not_picked":["Hololive_CallYogiri","Hololive_Trident","Hololive_LuckPotion"],"picked":"Hololive_CallUruhaRushia","floor":13},{"not_picked":["Hololive_HighAtkLowDef","Hololive_ASMR","Hololive_ScarfAndHalo"],"picked":"Hololive_Thief","floor":16},{"not_picked":["Hololive_HuntDinosaur","Hololive_Teleport","Hololive_StrengthChampion+1"],"picked":"Hololive_CallAyundaRisu","floor":18},{"not_picked":["Hololive_CallOzoraSubaru+1","Hololive_LuckPotion","Hololive_CocoNews"],"picked":"Hololive_CallAkiRosenthal","floor":18},{"not_picked":["Hololive_Trident+1","Hololive_CallTokinoSora","Hololive_CallSpadeEcho"],"picked":"Hololive_CallShishiroBotan","floor":19},{"not_picked":["Hololive_CocoNews","Hololive_RevenueBasedLive","Hololive_Trident","Hololive_Drill"],"picked":"SKIP","floor":19},{"not_picked":["Hololive_Breathe+1","Hololive_Yoholoon","Hololive_WolfAndLamb","Hololive_Watashimo"],"picked":"SKIP","floor":23},{"not_picked":["Hololive_Watashimo+1","Hololive_StrengthChampion+1","Hololive_Breathe"],"picked":"Hololive_CallNatsuiroMatsuri","floor":24},{"not_picked":["Hololive_Drill","Hololive_Breathe","Hololive_OvertimeWork+1","Hololive_CallAkiRosenthal"],"picked":"SKIP","floor":24},{"not_picked":["Hololive_OpenUp","Hololive_Drill","Hololive_Sequa+1"],"picked":"Hololive_CallMomosuzuNene","floor":25},{"not_picked":["Hololive_Psychosis+1","Hololive_CallAiraniIofifteen+1","Hololive_CallRosalyn"],"picked":"Hololive_CallMurasakiShion","floor":28},{"not_picked":["Hololive_RevenueBasedLive","Hololive_CallShishiroBotan","Hololive_Drill+1"],"picked":"Hololive_CallShiroganeNoel","floor":28},{"not_picked":["Hololive_RevenueBasedLive","Hololive_Drill","Hololive_DevilCharm","Hololive_CallAkaiHaato+1"],"picked":"SKIP","floor":30},{"not_picked":["Hololive_HuntDinosaur","Hololive_LuckPotion","Hololive_OvertimeWork","Hololive_Psychosis"],"picked":"SKIP","floor":30},{"not_picked":["Hololive_OvertimeWork+1","Hololive_HuntDinosaur","Hololive_Breathe+1"],"picked":"Hololive_Rebirth","floor":31},{"not_picked":["Hololive_LuckPotion+1","Hololive_FlyingPonyTail","Hololive_Drill","Hololive_DevilCharm"],"picked":"SKIP","floor":31},{"not_picked":[],"picked":"Gensokyo:ShootingStar","floor":33},{"not_picked":["Hololive_Thief","Hololive_Recruit","Hololive_BeCareful"],"picked":"Hololive_Rebirth","floor":33},{"not_picked":["Hololive_Sequa+1","Hololive_CallYogiri","Hololive_HuntDinosaur"],"picked":"Hololive_CallFriendA","floor":35},{"not_picked":["Hololive_CallRoboco","Hololive_Trident","Hololive_CocoNews+1","Hololive_RevenueBasedLive"],"picked":"SKIP","floor":35},{"not_picked":["Hololive_Rebound+1","Hololive_RevenueBasedLive","Hololive_Sequa"],"picked":"Hololive_CallKiryuuCoco","floor":40},{"not_picked":["Hololive_Rebound","Hololive_FlyingPonyTail+1","Hololive_Breathe"],"picked":"Hololive_CallYuzukiChoco","floor":41},{"not_picked":["Hololive_Rebound","Hololive_HuntDinosaur+1","Hololive_FlyingPonyTail+1","Hololive_CallAkaiHaato"],"picked":"SKIP","floor":41},{"not_picked":["Hololive_CocoNews","Hololive_CallAkaiHaato","Hololive_CandyCastle"],"picked":"Hololive_CallManoAloe","floor":45},{"not_picked":["Hololive_CallAkaiHaato+1","Hololive_ScarfAndHalo","Hololive_CocoNews","Hololive_CallYuzukiChoco+1"],"picked":"SKIP","floor":45},{"not_picked":["Hololive_RevenueBasedLive+1","Hololive_CocoNews+1","Hololive_OvertimeWork+1"],"picked":"Hololive_CallTokoyamiTowa+1","floor":47},{"not_picked":["Hololive_CallRoboco","Hololive_CallYuzukiChoco","Hololive_CocoNews","Hololive_HuntDinosaur+1"],"picked":"SKIP","floor":47},{"not_picked":["Hololive_CallShiroganeNoel","Hololive_Breathe+1","Hololive_Drill+1"],"picked":"Hololive_CallArtia","floor":48},{"not_picked":["Hololive_OvertimeWork+1","Hololive_CallTsunomakiWatame","Hololive_StrengthChampion"],"picked":"Hololive_DurableLive","floor":55}],"player_experience":342961,"relics_obtained":[{"floor":1,"key":"LetterFromLob"},{"floor":2,"key":"ReplayTheSpireMod:Ring of Exchange"},{"floor":12,"key":"Replay:Mystery Machine"},{"floor":14,"key":"Ginger"},{"floor":23,"key":"Mango"},{"floor":25,"key":"Girya"},{"floor":26,"key":"Matryoshka"},{"floor":43,"key":"REME_PuzzleBoxRelic"},{"floor":43,"key":"DemoMod:WeirdEgg"},{"floor":48,"key":"Mastiff:ReiMu"},{"floor":55,"key":"SecretRecord"}],"event_choices":[],"is_beta":false,"boss_relics":[{"not_picked":["SacredBark","Pandora\u0027s Box"],"picked":"Empty Cage"},{"not_picked":["Busted Crown","Guide Book"],"picked":"Runic Pyramid"}],"items_purged_floors":[],"is_endless":false,"potions_floor_spawned":[4,5,12,13,16,19,24,31,35,40],"ascension_level":0}}