{"host":"u7y9frlpoazak2mn","time":1611287466,"event":{"mods":["AchievementEnabler","Act Like it!","Alarm Clock","Aspiration","Astrologer","BaseMod","Beaked The Cultist","Better Altar","Better Match","Better Note","Better Sensory Stone","Better Skull","Better Third Choice","CCEM","Chen","Colored Map","Colored Powertips","Conspire","Curses Come First","Displayed Cursed Tome","Energized Spire","Fox Events","Friendly Minions","Gensokyo","GifTheSpireLib","Glutton Mod","Halation","Hallownest","Hermit","Hubris","Infinite Spire","Jedi Mod","KinomotoSakuraMod(????)","Koishi","Marisa????????","Mimic Mod","Minty Spire (QoL Compilation)","Pale of the Ancients","Prisma Mod","Quarter Circle Forward PUNCH!","Quick Restart","Random Character Button","Rare Cards Sparkle","Relic Stats","Remilia??????","Replay The Spire","Retaliation","Spicy Shops","Spikes Relics","StS++","StSLib","Stuff the Spire","TestMod","The Administrix","The Blue Laboratory","The Bug Knight","The Construct","The Cursed","The Factory","The Forsaken","The Juggle","The Jungle","The Marked","The Servant 0.9.4","Trackpad","Waifu the Spire","Wandering Minibosses","Wide Potions","Yuri Mod","vexMod"],"gold_per_floor":[114,131,17,37,52,52,82,101,101,101,101,101,101,116,116,116,116],"floor_reached":16,"language":"ENG","playtime":869,"items_purged":[],"score":152,"play_id":"f3b26a25-61d1-44f6-be39-48927a105bd4","local_time":"20210121225106","is_ascension_mode":false,"campfire_choices":[{"floor":6,"key":"REST"},{"floor":10,"key":"REST"},{"data":"BattleHymn","floor":15,"key":"SMITH"}],"circlet_count":0,"master_deck":["Strike_P","Strike_P","Strike_P","Strike_P","Eruption","Vigilance","StuffTheSpire:GnomedCurse","Devotion","FlurryOfBlows","BattleHymn+1","Replay:DivineShield","Hallucinations","Hallownest:skillSlugHide","Hallownest:skillSlugHide","Hallownest:skillSlugHide","Hallownest:skillSlugHide","Hallownest:skillSlugHide","Prostrate"],"relics":["PureWater","testmod-TestBox","Frozen Egg 2","qcfpunch:Combat_Fatigues","ReplayTheSpireMod:Ring of Addiction","Ring of Hypnosis","Toy Ornithopter","hubris:EmptyBottle"],"acts_visited":["Exordium"],"potions_floor_usage":[14,14,14,14,16,16,16],"damage_taken":[{"damage":10,"enemies":"Hallownest:2_Baldur","floor":1,"turns":4},{"damage":10,"enemies":"2_ Uuma","floor":2,"turns":6},{"damage":0,"enemies":"Hallownest:monsterHuskGuard","floor":4,"turns":3},{"damage":3,"enemies":"Hallownest:MossCreep_and_Mosskin","floor":5,"turns":6},{"damage":0,"enemies":"Hallownest:eliteMossKnight","floor":7,"turns":6},{"damage":16,"enemies":"Hallownest:Wandering_and_Horned","floor":8,"turns":3},{"damage":15,"enemies":"Hallownest:1_Baldur_1_Crawlid_1_Warrior","floor":14,"turns":5},{"damage":276,"enemies":"Hallownest:BossHornet","floor":16,"turns":6}],"seed_played":"4819936857718262450","potions_obtained":[{"floor":2,"key":"blueLaboratory:EpiphanyPotion"},{"floor":11,"key":"blueLaboratory:ForbiddenFruitJuice"},{"floor":11,"key":"PowerPotion"},{"floor":11,"key":"Adrenaline Potion"},{"floor":14,"key":"Fire Potion"}],"is_trial":false,"path_per_floor":["M","M","$","M","M","R","E","M","T","R","?","?","?","M","R","B"],"character_chosen":"WATCHER","items_purchased":["BattleHymn"],"campfire_rested":2,"item_purchase_floors":[3],"current_hp_per_floor":[62,52,52,52,49,70,70,54,54,72,72,72,72,68,68,0,0],"gold":116,"neow_bonus":"THREE_RARE_CARDS","is_daily":false,"chose_seed":false,"campfire_upgraded":1,"win_rate":0.0,"timestamp":1611287466,"path_taken":["M","M","$","M","M","R","E","M","T","R","?","?","?","M","R","BOSS"],"items_purchased_type":["Card"],"build_version":"2020-12-22","purchased_purges":0,"victory":false,"max_hp_per_floor":[72,72,72,72,72,72,72,72,72,72,72,72,72,72,72,62,62],"relic_stats":{"counters":[8,39],"obtain_stats":[{"qcfpunch:Combat_Fatigues":9,"testmod-TestBox":0,"Ring of Hypnosis":11,"ReplayTheSpireMod:Ring of Addiction":11,"PureWater":0,"Frozen Egg 2":7,"hubris:EmptyBottle":11,"Toy Ornithopter":11},{"qcfpunch:Combat_Fatigues":6,"testmod-TestBox":0,"Ring of Hypnosis":6,"ReplayTheSpireMod:Ring of Addiction":6,"PureWater":0,"Frozen Egg 2":5,"hubris:EmptyBottle":6,"Toy Ornithopter":6},{"qcfpunch:Combat_Fatigues":28,"testmod-TestBox":0,"Ring of Hypnosis":28,"ReplayTheSpireMod:Ring of Addiction":28,"PureWater":0,"Frozen Egg 2":25,"hubris:EmptyBottle":28,"Toy Ornithopter":28}],"Toy Ornithopter":0},"card_choices":[{"not_picked":["jedi:nirvanicrebirth","MasterReality"],"picked":"Devotion","floor":0},{"not_picked":["Wallop","JustLucky","Crescendo"],"picked":"SKIP","floor":1},{"not_picked":["StSpp:LatentStrike","TalkToTheHand"],"picked":"FlurryOfBlows","floor":2},{"not_picked":["Replay:BluntJabs","ThirdEye"],"picked":"Replay:DivineShield","floor":4},{"not_picked":["SandsOfTime","Replay:AtTheReady","WreathOfFlame"],"picked":"SKIP","floor":5},{"not_picked":["JustLucky","ClearTheMind","Replay:AtTheReady"],"picked":"SKIP","floor":7},{"not_picked":["Conclude","PathToVictory","Replay:Hum"],"picked":"SKIP","floor":8},{"not_picked":["Alpha","Protect"],"picked":"Prostrate","floor":14}],"player_experience":343784,"relics_obtained":[{"floor":7,"key":"Frozen Egg 2"},{"floor":9,"key":"qcfpunch:Combat_Fatigues"},{"floor":11,"key":"ReplayTheSpireMod:Ring of Addiction"},{"floor":11,"key":"Ring of Hypnosis"},{"floor":11,"key":"Toy Ornithopter"},{"floor":11,"key":"hubris:EmptyBottle"}],"event_choices":[],"is_beta":false,"boss_relics":[],"items_purged_floors":[],"is_endless":false,"potions_floor_spawned":[2,14],"killed_by":"Hallownest:BossHornet","ascension_level":0}}