{"host":"zrg8yzdwi219jxzu","time":1611291059,"event":{"mods":["BaseMod","Minty Spire (QoL Compilation)","StSLib","The Alterego","The Bug Knight","The IronCluck","The Runesmith","slay the spire mod where everything is the same but ironclad has a cowboy hat"],"gold_per_floor":[109,122,26,26,26,58,58,8,35,48,223,243,260,0,0,0,0],"floor_reached":16,"language":"ENG","playtime":948,"items_purged":[],"score":125,"play_id":"0f90bf23-a97d-4b80-ad95-80a6633c7ae6","local_time":"20210121235059","is_ascension_mode":false,"campfire_choices":[{"data":"HollowMod:ChannelNail","floor":7,"key":"SMITH"},{"data":"HollowMod:HuntersJournal","floor":15,"key":"SMITH"}],"circlet_count":0,"master_deck":["HollowMod:NailStrikeStart+1","HollowMod:NailStrikeStart","HollowMod:NailStrikeStart","HollowMod:NailStrikeStart","HollowMod:QuickDashStart","HollowMod:QuickDashStart","HollowMod:QuickDashStart+1","HollowMod:QuickDashStart","HollowMod:FocusHealStart","HollowMod:PogoStrike","HollowMod:DoubleDash","HollowMod:AbyssShriek","Enlightenment","HollowMod:ChannelNail+1","HollowMod:GoodIntentions","Doubt","HollowMod:ChannelNail","HollowMod:HuntersJournal+1","HollowMod:NewLastStag"],"relics":["HollowMod:VesselMask","NeowsBlessing","Question Card","Regal Pillow"],"acts_visited":["Exordium"],"potions_floor_usage":[16,16],"damage_taken":[{"damage":0,"enemies":"Small Slimes","floor":1,"turns":1},{"damage":0,"enemies":"Jaw Worm","floor":2,"turns":1},{"damage":0,"enemies":"Gremlin Nob","floor":6,"turns":1},{"damage":0,"enemies":"Cultist","floor":10,"turns":4},{"damage":0,"enemies":"2 Fungi Beasts","floor":12,"turns":4},{"damage":20,"enemies":"Large Slime","floor":13,"turns":14},{"damage":71,"enemies":"Hexaghost","floor":16,"turns":16}],"seed_played":"-4767949527086331783","potions_obtained":[{"floor":6,"key":"Dexterity Potion"},{"floor":10,"key":"AttackPotion"}],"is_trial":false,"path_per_floor":["M","M","$","?","$","E","R","$","T","M","?","M","M","?","R","B"],"character_chosen":"THE_BUGKNIGHT","items_purchased":["Enlightenment","HollowMod:GoodIntentions"],"campfire_rested":0,"item_purchase_floors":[3,8],"current_hp_per_floor":[75,75,75,60,60,60,60,60,60,66,66,66,56,56,56,0,0],"gold":0,"neow_bonus":"THREE_ENEMY_KILL","is_daily":false,"chose_seed":false,"campfire_upgraded":2,"win_rate":0.0,"timestamp":1611291059,"path_taken":["M","M","$","?","$","E","R","$","T","M","?","M","M","?","R","BOSS"],"items_purchased_type":["Card","Card"],"build_version":"2020-12-22","purchased_purges":0,"victory":false,"max_hp_per_floor":[75,75,75,75,75,75,75,75,75,75,75,75,75,75,75,75,75],"card_choices":[{"not_picked":["HollowMod:VengefulVoid","HollowMod:RecoilStrike"],"picked":"HollowMod:DoubleDash","floor":1},{"not_picked":["HollowMod:NewGlowingWomb","HollowMod:HeavyBlow"],"picked":"HollowMod:AbyssShriek","floor":2},{"not_picked":["HollowMod:HowlingWraiths","HollowMod:LifebloodCocoon"],"picked":"HollowMod:ChannelNail","floor":6},{"not_picked":["HollowMod:DescendingDark","HollowMod:RecoilStrike","HollowMod:NewLittleFool","HollowMod:InfectionAssault"],"picked":"SKIP","floor":10},{"not_picked":["HollowMod:SharpenedShadows","HollowMod:CloakDash","HollowMod:InfectedAttack"],"picked":"HollowMod:ChannelNail","floor":12},{"not_picked":["HollowMod:LifebloodCocoon","HollowMod:InfectionAssault","HollowMod:SoulStrike"],"picked":"HollowMod:HuntersJournal","floor":13}],"player_experience":126080,"relics_obtained":[{"floor":6,"key":"Question Card"},{"floor":9,"key":"Regal Pillow"}],"event_choices":[{"damage_healed":0,"gold_gain":0,"player_choice":"Entered Light","damage_taken":15,"max_hp_gain":0,"max_hp_loss":0,"event_name":"Shining Light","floor":4,"gold_loss":0,"cards_upgraded":["HollowMod:QuickDashStart","HollowMod:NailStrikeStart"]},{"damage_healed":0,"gold_gain":175,"player_choice":"AGREE","damage_taken":0,"max_hp_gain":0,"max_hp_loss":0,"event_name":"Liars Game","floor":11,"gold_loss":0,"cards_obtained":["Doubt"]}],"is_beta":false,"boss_relics":[],"items_purged_floors":[],"is_endless":false,"potions_floor_spawned":[6,10],"killed_by":"Hexaghost","ascension_level":0}}