{"host":"f0gpob8hq9vgebej","time":1611291151,"event":{"mods":["AchievementEnabler","BaseMod","Minty Spire (QoL Compilation)","Quick Restart","SuperFastMode"],"gold_per_floor":[109,123,198,123,123,123,142,168,168,168,68,103,103,122,122,222,222,232,232,252,51,51,51,83,83,83,110,32,46,46,69,81,189,201,229,241,266,295,157,157,183,210,210,8,8,39,39,66,66,66],"floor_reached":51,"language":"KOR","playtime":1302,"items_purged":["Strike_G","Strike_G","Defend_G","Defend_G","Strike_G"],"score":1220,"play_id":"cf7e2fdc-ac5d-41cb-b915-81f51400c294","local_time":"20210122135231","is_ascension_mode":true,"campfire_choices":[{"data":"Neutralize","floor":6,"key":"SMITH"},{"data":"Escape Plan","floor":10,"key":"SMITH"},{"data":"Dash","floor":13,"key":"SMITH"},{"data":"Blur","floor":15,"key":"SMITH"},{"data":"Noxious Fumes","floor":23,"key":"SMITH"},{"floor":25,"key":"REST"},{"data":"Venomology","floor":32,"key":"SMITH"},{"data":"Phantasmal Killer","floor":40,"key":"SMITH"},{"floor":49,"key":"REST"}],"circlet_count":0,"master_deck":["Strike_G+1","Strike_G","Defend_G","Defend_G","Defend_G","Survivor","Neutralize+1","A Thousand Cuts+1","Escape Plan+1","Dash+1","Blur+1","Acrobatics","Venomology+1","Dagger Spray+1","Noxious Fumes+1","Infinite Blades","Accuracy","PiercingWail+1","Well Laid Plans+1","Phantasmal Killer+1","Backflip+1","Adrenaline","Flechettes","Regret","Deadly Poison","Footwork+1","Writhe"],"relics":["Ring of the Snake","Bottled Lightning","Vajra","Nunchaku","SacredBark","Matryoshka","Pear","Happy Flower","Bottled Flame","Question Card","MawBank","Blood Vial","Cursed Key","Centennial Puzzle","Juzu Bracelet","Mummified Hand","Spirit Poop","Boot","Whetstone"],"acts_visited":["Exordium","TheCity","TheBeyond"],"potions_floor_usage":[12,16,16,20,24,27,27,27,33,33,35,37,38,38,41,41,46,50,50,50],"damage_taken":[{"damage":2,"enemies":"Jaw Worm","floor":1,"turns":6},{"damage":0,"enemies":"2 Louse","floor":2,"turns":5},{"damage":0,"enemies":"Cultist","floor":7,"turns":3},{"damage":12,"enemies":"3 Sentries","floor":8,"turns":6},{"damage":2,"enemies":"Gremlin Nob","floor":12,"turns":4},{"damage":3,"enemies":"Exordium Wildlife","floor":14,"turns":5},{"damage":17,"enemies":"Hexaghost","floor":16,"turns":15},{"damage":17,"enemies":"Chosen","floor":18,"turns":7},{"damage":7,"enemies":"Shell Parasite","floor":20,"turns":7},{"damage":18,"enemies":"Slavers","floor":24,"turns":4},{"damage":0,"enemies":"Gremlin Leader","floor":27,"turns":6},{"damage":23,"enemies":"Snecko","floor":29,"turns":7},{"damage":47,"enemies":"Collector","floor":33,"turns":12},{"damage":1,"enemies":"3 Shapes","floor":35,"turns":5},{"damage":14,"enemies":"Orb Walker","floor":37,"turns":4},{"damage":18,"enemies":"3 Darklings","floor":38,"turns":5},{"damage":0,"enemies":"Nemesis","floor":41,"turns":5},{"damage":49,"enemies":"Reptomancer","floor":46,"turns":6},{"damage":28,"enemies":"Giant Head","floor":48,"turns":9},{"damage":47,"enemies":"Time Eater","floor":50,"turns":10}],"seed_played":"923938599082195855","potions_obtained":[{"floor":2,"key":"EssenceOfSteel"},{"floor":7,"key":"GhostInAJar"},{"floor":8,"key":"BlessingOfTheForge"},{"floor":14,"key":"ColorlessPotion"},{"floor":18,"key":"FearPotion"},{"floor":33,"key":"Strength Potion"},{"floor":37,"key":"Ancient Potion"},{"floor":38,"key":"Energy Potion"},{"floor":41,"key":"Fruit Juice"},{"floor":48,"key":"Strength Potion"}],"is_trial":false,"path_per_floor":["M","M","?","$","?","R","M","E","T","R","$","E","R","M","R","B",null,"M","T","M","$","?","R","E","R","T","E","$","M","?","T","R","B",null,"M","?","M","M","$","R","E","T","T","$","?","E","?","E","R","B",null],"character_chosen":"THE_SILENT","items_purchased":["Infinite Blades","Regen Potion","Deadly Poison"],"campfire_rested":2,"item_purchase_floors":[21,28,44],"current_hp_per_floor":[61,61,50,50,50,50,50,38,38,38,38,36,36,33,33,16,57,40,40,33,33,33,33,25,49,49,49,49,26,26,26,26,36,69,70,70,58,42,42,42,54,54,54,54,54,7,30,4,31,41],"gold":66,"neow_bonus":"ONE_RANDOM_RARE_CARD","is_daily":false,"chose_seed":false,"campfire_upgraded":7,"win_rate":0.0,"timestamp":1611291151,"path_taken":["M","M","?","$","?","R","M","E","T","R","$","E","R","M","R","BOSS","M","?","M","$","?","R","E","R","T","E","$","M","?","?","R","BOSS","M","?","M","M","$","R","E","?","T","$","?","E","?","E","R","BOSS"],"items_purchased_type":["Card","Potion","Card"],"build_version":"2020-12-22","purchased_purges":5,"victory":true,"max_hp_per_floor":[70,70,70,70,70,70,70,70,70,70,70,70,70,70,70,70,70,70,70,70,70,70,70,80,80,80,80,80,80,80,80,80,80,80,80,80,80,80,80,80,90,90,90,90,90,90,90,90,90,90],"card_choices":[{"not_picked":["Sucker Punch","Outmaneuver","Infinite Blades"],"picked":"SKIP","floor":1},{"not_picked":["Quick Slash","Noxious Fumes"],"picked":"Escape Plan","floor":2},{"not_picked":["Skewer","Well Laid Plans"],"picked":"Dash","floor":7},{"not_picked":["Escape Plan","Bane"],"picked":"Blur","floor":8},{"not_picked":["Concentrate","Catalyst","Eviscerate"],"picked":"SKIP","floor":12},{"not_picked":["PiercingWail","Bane"],"picked":"Acrobatics","floor":14},{"not_picked":["A Thousand Cuts","Glass Knife"],"picked":"Venomology","floor":16},{"not_picked":["Setup","Catalyst"],"picked":"Dagger Spray","floor":18},{"not_picked":["Slice+1","Underhanded Strike+1"],"picked":"Noxious Fumes","floor":20},{"not_picked":["Deflect","Caltrops"],"picked":"PiercingWail+1","floor":24},{"not_picked":["Bane","Dagger Throw"],"picked":"Well Laid Plans+1","floor":27},{"not_picked":["Bane","Flying Knee+1","Dagger Spray","Sucker Punch+1"],"picked":"SKIP","floor":29},{"not_picked":["Storm of Steel","Glass Knife","Bullet Time"],"picked":"Phantasmal Killer","floor":33},{"not_picked":["Deflect+1","Escape Plan+1","Backflip"],"picked":"Infinite Blades","floor":35},{"not_picked":["Deadly Poison","Expertise+1","Distraction"],"picked":"Backflip+1","floor":37},{"not_picked":["Poisoned Stab","Acrobatics+1","Sucker Punch"],"picked":"Adrenaline","floor":38},{"not_picked":["Bouncing Flask+1","Dodge and Roll","Dagger Throw"],"picked":"Flechettes","floor":41},{"not_picked":["Underhanded Strike","Poisoned Stab","Dash"],"picked":"Footwork+1","floor":46},{"not_picked":["Outmaneuver","Flying Knee","Acrobatics+1","Sucker Punch+1"],"picked":"SKIP","floor":48}],"player_experience":202266,"relics_obtained":[{"floor":8,"key":"Bottled Lightning"},{"floor":9,"key":"Vajra"},{"floor":12,"key":"Nunchaku"},{"floor":19,"key":"Matryoshka"},{"floor":24,"key":"Pear"},{"floor":26,"key":"Happy Flower"},{"floor":26,"key":"Bottled Flame"},{"floor":27,"key":"Question Card"},{"floor":31,"key":"MawBank"},{"floor":31,"key":"Blood Vial"},{"floor":41,"key":"Centennial Puzzle"},{"floor":42,"key":"Juzu Bracelet"},{"floor":43,"key":"Mummified Hand"},{"floor":46,"key":"Boot"},{"floor":48,"key":"Whetstone"}],"event_choices":[{"damage_healed":0,"gold_gain":75,"player_choice":"Gather Gold","damage_taken":11,"max_hp_gain":0,"max_hp_loss":0,"event_name":"World of Goop","floor":3,"gold_loss":0},{"damage_healed":0,"gold_gain":0,"player_choice":"Forge","damage_taken":0,"max_hp_gain":0,"max_hp_loss":0,"event_name":"Accursed Blacksmith","floor":5,"gold_loss":0,"cards_upgraded":["A Thousand Cuts"]},{"damage_healed":0,"gold_gain":0,"player_choice":"Read","damage_taken":0,"max_hp_gain":0,"max_hp_loss":0,"event_name":"The Library","floor":22,"gold_loss":0,"cards_obtained":["Accuracy"]},{"damage_healed":0,"gold_gain":0,"player_choice":"Ignored","damage_taken":0,"max_hp_gain":0,"max_hp_loss":0,"event_name":"Vampires","floor":30,"gold_loss":0},{"cards_removed":["Infinite Blades"],"damage_healed":0,"gold_gain":0,"player_choice":"Removed Power","damage_taken":0,"max_hp_gain":0,"max_hp_loss":0,"event_name":"Falling","floor":36,"gold_loss":0},{"cards_removed":["Shame"],"damage_healed":0,"gold_gain":0,"player_choice":"Offered Curse","damage_taken":0,"relics_obtained":["Spirit Poop"],"max_hp_gain":0,"max_hp_loss":0,"event_name":"Bonfire Elementals","floor":45,"gold_loss":0},{"damage_healed":23,"gold_gain":0,"player_choice":"Writhe","damage_taken":0,"max_hp_gain":0,"max_hp_loss":0,"event_name":"Winding Halls","floor":47,"gold_loss":0,"cards_obtained":["Writhe"]}],"is_beta":false,"boss_relics":[{"not_picked":["Velvet Choker","Coffee Dripper"],"picked":"SacredBark"},{"not_picked":["Sozu","Runic Dome"],"picked":"Cursed Key"}],"items_purged_floors":[4,11,21,39,44],"is_endless":false,"potions_floor_spawned":[2,7,8,14,18,33,37,38,41,48],"ascension_level":7}}