{"host":"ixtszv54kd1m8623","time":1611355535,"event":{"mods":["Act Like it!","Aspiration","Bard","BaseMod","Beaked The Cultist","ChefMod","Colored Map","Colored Powertips","Conspire","Downfall","Duelist Mod","Gensokyo","GifTheSpireLib","Halation","Hermit","Hubris","Infinite Spire","Jorbs\u0027s Wanderer Trilogy","Lobotomy","Minty Spire (QoL Compilation)","Replay The Spire","Robot Space Explorer","Shade Mod","StSLib","The Animator","The Blackbeard","The Bug Knight","The Cursed","The Disciple","The Dragon Tamer","The Marked","The Runesmith","The Servant 0.9.4"],"gold_per_floor":[99,112,126,140,154,154,154,174,223,236,255,255,266,280,298,298,298],"floor_reached":16,"language":"ENG","playtime":1121,"items_purged":[],"score":100,"play_id":"9c5ce774-6b27-4fdd-a7aa-f7bb7862c300","local_time":"20210122144535","is_ascension_mode":false,"campfire_choices":[{"data":"bronze:Goto","floor":1,"key":"SMITH"},{"floor":12,"key":"REST"}],"circlet_count":0,"master_deck":["bronze:Strike","bronze:Strike","bronze:Strike","bronze:Strike","bronze:Defend","bronze:Defend","bronze:Defend","bronze:Defend","bronze:Replicate","bronze:Goto+1","bronze:ClassDefault","bronze:DelayedGuard","bronze:Philosophize","bronze:WhirlingStrike","bronze:Fortify","bronze:Deprecate","bronze:WildBeam","bronze:WhirlingStrike","bronze:ItsAFeature","bronze:Repair","bronze:DarkDash","bronze:DelayedSlice"],"relics":["bronze:BronzeCore","Omamori","Ornamental Fan"],"acts_visited":["Exordium"],"potions_floor_usage":[16],"damage_taken":[{"damage":0,"enemies":"Cultist","floor":2,"turns":4},{"damage":2,"enemies":"Small Slimes","floor":3,"turns":4},{"damage":7,"enemies":"conspire:RoseBush","floor":4,"turns":3},{"damage":7,"enemies":"Blue Slaver","floor":5,"turns":3},{"damage":17,"enemies":"2 Fungi Beasts","floor":8,"turns":3},{"damage":8,"enemies":"Red Slaver","floor":10,"turns":3},{"damage":4,"enemies":"Exordium Wildlife","floor":11,"turns":3},{"damage":11,"enemies":"Looter","floor":13,"turns":4},{"damage":7,"enemies":"Exordium Thugs","floor":14,"turns":6},{"damage":6,"enemies":"Large Slime","floor":15,"turns":6},{"damage":68,"enemies":"SI_SHIV_ARCHETYPE","floor":16,"turns":11}],"seed_played":"3350043316720746071","potions_obtained":[{"floor":3,"key":"infinitespire:BlackPotion"},{"floor":8,"key":"Fire Potion"},{"floor":11,"key":"Reflective Coating"}],"is_trial":false,"path_per_floor":["R","M","M","M","M","T","T","M","?","M","M","R","M","M","M","B"],"character_chosen":"THE_AUTOMATON","items_purchased":[],"campfire_rested":1,"item_purchase_floors":[],"current_hp_per_floor":[77,77,75,68,61,61,61,44,44,36,32,55,44,44,59,0,0],"gold":298,"neow_bonus":"TEN_PERCENT_HP_BONUS","is_daily":false,"chose_seed":false,"campfire_upgraded":1,"win_rate":0.0,"timestamp":1611355535,"path_taken":["R","M","M","?","M","?","T","M","?","M","M","R","M","M","M","BOSS"],"items_purchased_type":[],"build_version":"2020-12-22","purchased_purges":0,"victory":false,"max_hp_per_floor":[77,77,77,77,77,77,77,77,77,77,77,77,77,77,77,77,77],"card_choices":[{"not_picked":["bronze:CloningBeam","bronze:Branch"],"picked":"bronze:ClassDefault","floor":2},{"not_picked":["bronze:Overload","bronze:Allocate"],"picked":"bronze:DelayedGuard","floor":3},{"not_picked":["bronze:BronzeOrb","bronze:Deprecate"],"picked":"bronze:Philosophize","floor":4},{"not_picked":["bronze:Deprecate","bronze:Boost"],"picked":"bronze:WhirlingStrike","floor":5},{"not_picked":["bronze:Philosophize","bronze:Deprecate"],"picked":"bronze:Fortify","floor":8},{"not_picked":["bronze:Invalidate","bronze:Boost"],"picked":"bronze:Deprecate","floor":9},{"not_picked":["bronze:ForLoop","bronze:Deprecate"],"picked":"bronze:WildBeam","floor":9},{"not_picked":["bronze:WildBeam","bronze:Backtrace"],"picked":"bronze:WhirlingStrike","floor":10},{"not_picked":["bronze:Iterate","bronze:BitShift"],"picked":"bronze:ItsAFeature","floor":11},{"not_picked":["bronze:ForLoop","bronze:Assembly"],"picked":"bronze:Repair","floor":13},{"not_picked":["bronze:BugBarrage","bronze:Overheat"],"picked":"bronze:DarkDash","floor":14},{"not_picked":["bronze:OilSpill","bronze:SpaghettiCode"],"picked":"bronze:DelayedSlice","floor":15}],"player_experience":197954,"relics_obtained":[{"floor":6,"key":"Omamori"},{"floor":9,"key":"Ornamental Fan"}],"event_choices":[],"is_beta":false,"boss_relics":[],"items_purged_floors":[],"is_endless":false,"potions_floor_spawned":[3,8,11,13],"killed_by":"SI_SHIV_ARCHETYPE","ascension_level":0}}