{"host":"sc0o2qwpf9j16a4i","time":1611344221,"event":{"mods":["AchievementEnabler","BaseMod","BetterRewards","Block Reminder","Colored Map","Colored Powertips","Custom Start","Highlight Path","Minty Spire (QoL Compilation)","Relic Stats"],"gold_per_floor":[118,131,131,281,46,46,81,96,96,96,96,129,143,108,108,197,197,215,249,249,249],"floor_reached":20,"language":"ENG","playtime":654,"items_purged":["Doubt"],"score":610,"play_id":"d6eef022-467d-44b0-8ac0-b34e70bcf5de","local_time":"20210122213701","is_ascension_mode":true,"campfire_choices":[{"floor":6.0,"key":"REST"},{"floor":10.0,"key":"REST"},{"data":"Worship","floor":15.0,"key":"SMITH"}],"circlet_count":0,"master_deck":["AscendersBane","Strike_P","Strike_P","Strike_P","Strike_P","Defend_P","Defend_P","Defend_P","Defend_P","Eruption","Vigilance","FlyingSleeves","CrushJoints","Protect","Wireheading","Conclude","Sanctity","CutThroughFate","ClearTheMind","Worship+1","Adaptation","FlurryOfBlows","TalkToTheHand","Devotion","ReachHeaven+1"],"relics":["PureWater","Turnip","Frozen Eye","Kunai","ClockworkSouvenir","Golden Idol","Orrery","Du-Vu Doll","Shuriken","Smiling Mask","Busted Crown","Red Mask"],"acts_visited":["Exordium","TheCity"],"potions_floor_usage":[19,20,20],"damage_taken":[{"damage":7.0,"enemies":"Small Slimes","floor":1.0,"turns":4.0},{"damage":0.0,"enemies":"2 Louse","floor":2.0,"turns":2.0},{"damage":21.0,"enemies":"3 Sentries","floor":7.0,"turns":6.0},{"damage":7.0,"enemies":"Jaw Worm","floor":8.0,"turns":4.0},{"damage":0.0,"enemies":"Gremlin Nob","floor":12.0,"turns":2.0},{"damage":0.0,"enemies":"2 Fungi Beasts","floor":13.0,"turns":3.0},{"damage":34.0,"enemies":"The Guardian","floor":16.0,"turns":10.0},{"damage":0.0,"enemies":"Spheric Guardian","floor":18.0,"turns":2.0},{"damage":44,"enemies":"Masked Bandits","floor":19,"turns":6},{"damage":10,"enemies":"3 Byrds","floor":20,"turns":2}],"seed_played":"1171097136969725257","potions_obtained":[{"floor":1.0,"key":"Explosive Potion"},{"floor":7.0,"key":"DuplicationPotion"},{"floor":8.0,"key":"LiquidMemories"},{"floor":13.0,"key":"Dexterity Potion"},{"floor":19,"key":"Dexterity Potion"}],"is_trial":false,"path_per_floor":["M","M","?","?","$","R","E","M","T","R","?","E","M","?","R","B",null,"M","?","M"],"character_chosen":"WATCHER","items_purchased":["Turnip","Frozen Eye","Kunai","ClockworkSouvenir","FlyingSleeves","Orrery"],"campfire_rested":2,"item_purchase_floors":[0,0,0,0,0,5],"current_hp_per_floor":[17,17,17,17,17,35,14,7,7,25,25,25,25,40,40,6,48,48,4,0,0],"gold":249,"neow_bonus":"","is_daily":false,"chose_seed":false,"campfire_upgraded":1,"win_rate":0.0,"timestamp":1611344221,"path_taken":["M","M","?","?","$","R","E","M","T","R","?","E","M","?","R","BOSS","M","?","M"],"items_purchased_type":["Relic","Relic","Relic","Relic","Card","Relic"],"build_version":"2020-12-22","purchased_purges":1,"victory":false,"max_hp_per_floor":[68,68,62,62,62,62,62,62,62,62,62,62,62,62,62,62,62,62,62,62,62],"relic_stats":{"Busted Crown":14,"counters":[38,137],"Golden Idol":252,"Shuriken":[69],"Turnip":[0],"Kunai":[73],"Smiling Mask":0,"obtain_stats":[{"Vajra":48,"Bottled Tornado":49,"Boot":5,"Blood Vial":28,"Centennial Puzzle":27,"DollysMirror":19,"Strawberry":35,"Kunai":12,"Toxic Egg 2":3,"Happy Flower":36,"Blue Candle":40,"Pen Nib":38,"Letter Opener":21,"War Paint":23,"Du-Vu Doll":7,"Shuriken":7,"Bird Faced Urn":25,"Bronze Scales":30,"Molten Egg 2":47,"Black Star":17,"Pocketwatch":48,"Darkstone Periapt":26,"Lantern":25,"Regal Pillow":31,"Singing Bowl":18,"Bag of Preparation":9,"Ancient Tea Set":42,"Smiling Mask":46,"ClockworkSouvenir":0,"Frozen Eye":0,"Nunchaku":13,"Dream Catcher":20,"Matryoshka":1,"Shovel":37,"Mummified Hand":10,"Pantograph":29,"Red Mask":19,"Potion Belt":29,"Golden Idol":2,"Damaru":26,"The Courier":27,"PreservedInsect":40,"Omamori":9,"GoldenEye":14,"Mercury Hourglass":23,"Peace Pipe":11,"Busted Crown":34,"Orrery":5,"Turnip":0,"Art of War":43,"PureWater":0,"Toy Ornithopter":39},{"Vajra":27,"Bottled Tornado":27,"Boot":3,"Blood Vial":16,"Centennial Puzzle":15,"DollysMirror":10,"Strawberry":21,"Kunai":6,"Toxic Egg 2":2,"Happy Flower":21,"Blue Candle":24,"Pen Nib":22,"Letter Opener":12,"War Paint":13,"Du-Vu Doll":31,"Shuriken":4,"Bird Faced Urn":14,"Bronze Scales":18,"Molten Egg 2":26,"Black Star":9,"Pocketwatch":27,"Darkstone Periapt":14,"Lantern":14,"Regal Pillow":19,"Singing Bowl":10,"Bag of Preparation":4,"Ancient Tea Set":25,"Smiling Mask":25,"ClockworkSouvenir":28,"Frozen Eye":28,"Nunchaku":7,"Dream Catcher":11,"Matryoshka":1,"Shovel":22,"Mummified Hand":4,"Pantograph":17,"Red Mask":37,"Potion Belt":17,"Golden Idol":1,"Damaru":14,"The Courier":15,"PreservedInsect":24,"Omamori":4,"GoldenEye":8,"Mercury Hourglass":13,"Peace Pipe":5,"Busted Crown":20,"Orrery":30,"Turnip":28,"Art of War":25,"PureWater":0,"Toy Ornithopter":23},{"Vajra":88,"Bottled Tornado":88,"Boot":6,"Blood Vial":50,"Centennial Puzzle":47,"DollysMirror":32,"Strawberry":67,"Kunai":16,"Toxic Egg 2":4,"Happy Flower":67,"Blue Candle":77,"Pen Nib":69,"Letter Opener":37,"War Paint":40,"Du-Vu Doll":108,"Shuriken":11,"Bird Faced Urn":43,"Bronze Scales":55,"Molten Egg 2":83,"Black Star":29,"Pocketwatch":88,"Darkstone Periapt":43,"Lantern":43,"Regal Pillow":58,"Singing Bowl":32,"Bag of Preparation":11,"Ancient Tea Set":80,"Smiling Mask":80,"ClockworkSouvenir":96,"Frozen Eye":96,"Nunchaku":20,"Dream Catcher":34,"Matryoshka":2,"Shovel":69,"Mummified Hand":11,"Pantograph":52,"Red Mask":135,"Potion Belt":52,"Golden Idol":2,"Damaru":43,"The Courier":47,"PreservedInsect":77,"Omamori":11,"GoldenEye":22,"Mercury Hourglass":40,"Peace Pipe":14,"Busted Crown":63,"Orrery":102,"Turnip":96,"Art of War":80,"PureWater":0,"Toy Ornithopter":72}]},"card_choices":[{"not_picked":["JustLucky","WreathOfFlame"],"picked":"CrushJoints","floor":1.0},{"not_picked":["EmptyFist","ThirdEye"],"picked":"Protect","floor":2.0},{"not_picked":["BowlingBash","Study"],"picked":"Wireheading","floor":5.0},{"not_picked":["WindmillStrike","ReachHeaven"],"picked":"Conclude","floor":5.0},{"not_picked":["EmptyFist","Swivel"],"picked":"Sanctity","floor":5.0},{"not_picked":["Collect","JustLucky"],"picked":"CutThroughFate","floor":5.0},{"not_picked":["Collect","ThirdEye"],"picked":"ClearTheMind","floor":5.0},{"not_picked":["Consecrate","WindmillStrike"],"picked":"Worship","floor":7.0},{"not_picked":["Consecrate","PathToVictory"],"picked":"Adaptation","floor":8.0},{"not_picked":["DeusExMachina","MentalFortress"],"picked":"FlurryOfBlows","floor":12.0},{"not_picked":["ReachHeaven","Evaluate"],"picked":"TalkToTheHand","floor":13.0},{"not_picked":["Judgement","Brilliance"],"picked":"Devotion","floor":16.0},{"not_picked":["Adaptation"],"picked":"SKIP","floor":18.0},{"not_picked":[],"picked":"ReachHeaven+1","floor":19}],"player_experience":903539,"relics_obtained":[{"floor":7.0,"key":"Du-Vu Doll"},{"floor":9.0,"key":"Shuriken"},{"floor":12.0,"key":"Smiling Mask"},{"floor":19,"key":"Red Mask"}],"event_choices":[{"damage_healed":0.0,"max_hp_gain":0.0,"max_hp_loss":6.0,"gold_gain":0.0,"event_name":"Golden Idol","player_choice":"Lose Max HP","floor":3.0,"gold_loss":0.0,"damage_taken":0.0,"relics_obtained":["Golden Idol"]},{"damage_healed":0.0,"max_hp_gain":0.0,"max_hp_loss":0.0,"gold_gain":150.0,"event_name":"Liars Game","player_choice":"AGREE","floor":4.0,"gold_loss":0.0,"damage_taken":0.0,"cards_obtained":["Doubt"]},{"damage_healed":0.0,"max_hp_gain":0.0,"max_hp_loss":0.0,"gold_gain":0.0,"event_name":"Shining Light","player_choice":"Ignored","floor":11.0,"gold_loss":0.0,"damage_taken":0.0},{"damage_healed":15.0,"max_hp_gain":0.0,"max_hp_loss":0.0,"gold_gain":0.0,"event_name":"The Cleric","player_choice":"Healed","floor":14.0,"gold_loss":35.0,"damage_taken":0.0},{"damage_healed":0,"gold_gain":0,"player_choice":"Fought Bandits","damage_taken":0,"max_hp_gain":0,"max_hp_loss":0,"event_name":"Masked Bandits","floor":19,"gold_loss":0}],"is_beta":false,"boss_relics":[{"not_picked":["SacredBark","Snecko Eye"],"picked":"Busted Crown"}],"items_purged_floors":[5],"is_endless":false,"potions_floor_spawned":[1,7,8,13,19],"killed_by":"3 Byrds","ascension_level":20}}