{"host":"dvpvhz1t6etneyb3","time":1611353324,"event":{"mods":["AchievementEnabler","BaseMod","Colored Map","Highlight Path","Minty Spire (QoL Compilation)","Permanent Neow","Quick Restart"],"gold_per_floor":[112,112,112,125,140,171,171,171,219,238,238,251,251,281,281,358,358,333,333,258,274,3,3,3,3],"floor_reached":24,"language":"ENG","playtime":1252,"items_purged":[],"score":408,"play_id":"e3c7de67-50fd-4000-8c63-78a599225785","local_time":"20210122170844","is_ascension_mode":true,"campfire_choices":[{"data":"Malaise","floor":8.0,"key":"SMITH"},{"data":"Predator","floor":11.0,"key":"SMITH"},{"data":"PiercingWail","floor":13.0,"key":"SMITH"},{"data":"Footwork","floor":15.0,"key":"SMITH"},{"data":"Finisher","floor":23.0,"key":"SMITH"}],"circlet_count":0,"master_deck":["AscendersBane","Strike_G+1","Strike_G+1","Defend_G+1","Defend_G+1","Defend_G+1","Defend_G+1","Defend_G+1","Survivor","Neutralize","Sucker Punch+1","Predator+1","Deflect","Malaise+1","PiercingWail+1","Slice","Footwork+1","After Image","Finisher+1"],"relics":["Runic Pyramid","Dream Catcher","Bag of Preparation","Nunchaku","Empty Cage","Letter Opener"],"acts_visited":["Exordium","TheCity"],"potions_floor_usage":[24],"damage_taken":[{"damage":0.0,"enemies":"Jaw Worm","floor":1.0,"turns":4.0},{"damage":7.0,"enemies":"Small Slimes","floor":4.0,"turns":4.0},{"damage":0.0,"enemies":"2 Louse","floor":5.0,"turns":3.0},{"damage":15.0,"enemies":"Gremlin Nob","floor":6.0,"turns":4.0},{"damage":0.0,"enemies":"Large Slime","floor":10.0,"turns":7.0},{"damage":2.0,"enemies":"Blue Slaver","floor":12.0,"turns":4.0},{"damage":25.0,"enemies":"Lagavulin","floor":14.0,"turns":11.0},{"damage":8.0,"enemies":"The Guardian","floor":16.0,"turns":16.0},{"damage":7.0,"enemies":"2 Thieves","floor":18.0,"turns":4.0},{"damage":0.0,"enemies":"Chosen","floor":21.0,"turns":7.0},{"damage":47,"enemies":"Slavers","floor":24,"turns":6}],"seed_played":"2600579280791169946","potions_obtained":[{"floor":5.0,"key":"ColorlessPotion"},{"floor":6.0,"key":"Swift Potion"},{"floor":16.0,"key":"Dexterity Potion"}],"is_trial":false,"path_per_floor":["M","?","?","M","M","E","?","R","T","M","R","M","R","E","R","B",null,"M","?","?","M","$","R","E"],"character_chosen":"THE_SILENT","items_purchased":["Letter Opener"],"campfire_rested":0,"item_purchase_floors":[22],"current_hp_per_floor":[59,52,52,45,45,30,46,46,46,46,46,44,44,19,19,11,52,45,45,45,45,45,45,0,0],"gold":3,"neow_bonus":"BOSS_RELIC","is_daily":false,"chose_seed":false,"campfire_upgraded":5,"win_rate":0.0,"timestamp":1611353324,"path_taken":["M","?","?","M","M","E","?","R","T","M","R","M","R","E","R","BOSS","M","?","?","M","?","R","E"],"items_purchased_type":["Relic"],"build_version":"2020-12-22","purchased_purges":0,"victory":false,"max_hp_per_floor":[66,66,66,66,66,66,66,66,66,66,66,66,66,66,66,66,66,66,66,63,63,63,63,63,63],"card_choices":[{"not_picked":["Heel Hook","Prepared"],"picked":"Sucker Punch","floor":1.0},{"not_picked":["Deadly Poison","Backflip"],"picked":"Predator","floor":4.0},{"not_picked":["Quick Slash","Underhanded Strike"],"picked":"Deflect","floor":5.0},{"not_picked":["Blade Dance","Flying Knee"],"picked":"Malaise","floor":6.0},{"not_picked":["Dodge and Roll","Dagger Spray"],"picked":"PiercingWail","floor":10.0},{"not_picked":["Setup","Deadly Poison"],"picked":"Slice","floor":12.0},{"not_picked":["Dash","Dagger Throw"],"picked":"Footwork","floor":14.0},{"not_picked":["A Thousand Cuts","Adrenaline"],"picked":"After Image","floor":16.0},{"not_picked":["Slice","Dagger Throw"],"picked":"Finisher","floor":18.0},{"not_picked":["Predator","Poisoned Stab","Blade Dance"],"picked":"SKIP","floor":21.0}],"player_experience":2056066,"relics_obtained":[{"floor":6.0,"key":"Dream Catcher"},{"floor":9.0,"key":"Bag of Preparation"},{"floor":14.0,"key":"Nunchaku"}],"event_choices":[{"cards_removed":["Strike_G"],"damage_healed":0.0,"max_hp_gain":0.0,"max_hp_loss":0.0,"gold_gain":0.0,"event_name":"Golden Wing","player_choice":"Card Removal","floor":2.0,"gold_loss":0.0,"damage_taken":7.0},{"damage_healed":0.0,"max_hp_gain":0.0,"max_hp_loss":0.0,"gold_gain":0.0,"event_name":"Living Wall","player_choice":"Grow","floor":3.0,"gold_loss":0.0,"damage_taken":0.0,"cards_upgraded":["Sucker Punch"]},{"damage_healed":16.0,"max_hp_gain":0.0,"max_hp_loss":0.0,"gold_gain":0.0,"event_name":"Mushrooms","player_choice":"Healed and dodged fight","floor":7.0,"gold_loss":0.0,"damage_taken":0.0,"cards_obtained":["Parasite"]},{"damage_healed":0.0,"max_hp_gain":0.0,"max_hp_loss":0.0,"gold_gain":0.0,"event_name":"Back to Basics","player_choice":"Simplicity","floor":19.0,"gold_loss":0.0,"damage_taken":0.0,"cards_upgraded":["Strike_G","Strike_G","Defend_G","Defend_G","Defend_G","Defend_G","Defend_G"]},{"cards_removed":["Parasite"],"damage_healed":0.0,"max_hp_gain":0.0,"max_hp_loss":0.0,"gold_gain":0.0,"event_name":"Beggar","player_choice":"Gave Gold","floor":20.0,"gold_loss":75.0,"damage_taken":0.0}],"is_beta":false,"boss_relics":[{"not_picked":["Velvet Choker","Black Star"],"picked":"Empty Cage"}],"items_purged_floors":[],"is_endless":false,"potions_floor_spawned":[5,6,16],"killed_by":"Slavers","ascension_level":20}}