{"host":"gsmj583br51y3r1c","time":1611351768,"event":{"mods":["AchievementEnabler","BaseMod","Better Note","Better Third Choice","Colored Map","Dark Map","Downfall","Hermit","Highlight Path","Infinite Spire","Marisa????????","Minty Spire (QoL Compilation)","Permanent Neow","Quick Restart","StSLib","The Bug Knight","The Cursed","The Marked","The Mystic","The Servant 0.9.4","everything is the same but u backflip on backflip"],"gold_per_floor":[112,112,129,129,129,129,148,165,188,113,113,113,132,147,147,248,248,267,277,87,106,121,121,147,147,147],"floor_reached":25,"language":"ENG","playtime":1786,"items_purged":["hermit:Strike_Hermit"],"score":197,"play_id":"f95b4e17-29b5-4321-9059-cb61cfe6ae52","local_time":"20210122234248","is_ascension_mode":false,"campfire_choices":[{"data":"hermit:Snapshot","floor":6.0,"key":"SMITH"},{"data":"hermit:Maintenance","floor":11.0,"key":"SMITH"},{"floor":15.0,"key":"RECALL"},{"data":"hermit:Strike_Hermit","floor":23,"key":"SMITH"},{"data":"hermit:Strike_Hermit","floor":25,"key":"SMITH"}],"circlet_count":0,"master_deck":["hermit:Strike_Hermit+1","hermit:Strike_Hermit+1","hermit:Defend_Hermit","hermit:Defend_Hermit","hermit:Defend_Hermit","hermit:Defend_Hermit","hermit:Snapshot+1","hermit:Covet","hermit:Maintenance+1","hermit:FullyLoaded","hermit:TakeCover+1","hermit:TakeCover","hermit:Virtue+1","hermit:DeadOrAlive"],"relics":["Sozu","InkBottle","Anchor","infinitespire:Joker Card","Cursed Key","Medical Kit"],"acts_visited":["Exordium","TheCity"],"potions_floor_usage":[],"damage_taken":[{"damage":1.0,"enemies":"Jaw Worm","floor":1.0,"turns":2.0},{"damage":0.0,"enemies":"Cultist","floor":3.0,"turns":3.0},{"damage":0.0,"enemies":"Small Slimes","floor":7.0,"turns":2.0},{"damage":1.0,"enemies":"Exordium Wildlife","floor":8.0,"turns":4.0},{"damage":0.0,"enemies":"Red Slaver","floor":13.0,"turns":3.0},{"damage":0.0,"enemies":"3 Louse","floor":14.0,"turns":2.0},{"damage":10.0,"enemies":"The Guardian","floor":16.0,"turns":7.0},{"damage":0.0,"enemies":"3 Byrds","floor":18.0,"turns":7.0},{"damage":0.0,"enemies":"2 Thieves","floor":19.0,"turns":4.0},{"damage":0,"enemies":"3 Cultists","floor":21,"turns":8},{"damage":0,"enemies":"Snake Plant","floor":22,"turns":7},{"damage":0,"enemies":"Shelled Parasite and Fungi","floor":24,"turns":6}],"seed_played":"-5081723738379745350","potions_obtained":[],"is_trial":false,"path_per_floor":["M","?","M","?","T","R","M","M","T","$","R","?","M","M","R","B",null,"M","M","$","M","M","R","M","R"],"character_chosen":"HERMIT","items_purchased":["Medical Kit","hermit:TakeCover"],"campfire_rested":0,"item_purchase_floors":[20,20],"current_hp_per_floor":[74,74,74,74,74,74,74,73,73,73,73,66,66,66,66,56,75,75,75,75,75,75,75,75,75,75],"gold":147,"neow_bonus":"BOSS_RELIC","is_daily":false,"chose_seed":false,"campfire_upgraded":4,"win_rate":0.0,"timestamp":1611351768,"path_taken":["M","?","?","?","?","R","?","M","T","$","R","?","M","M","R","BOSS","M","M","$","M","M","R","M","R"],"items_purchased_type":["Relic","Card"],"build_version":"2020-12-22","purchased_purges":1,"victory":false,"max_hp_per_floor":[75,75,75,75,75,75,75,75,75,75,75,75,75,75,75,75,75,75,75,75,75,75,75,75,75,75],"card_choices":[{"not_picked":["hermit:LuckOfTheDraw","hermit:Manifest","hermit:ShadowCloak"],"picked":"SKIP","floor":1.0},{"not_picked":["hermit:Manifest","hermit:Roulette","hermit:HoleUp"],"picked":"SKIP","floor":3.0},{"not_picked":["hermit:Vantage","hermit:LowProfile","hermit:Coalescence"],"picked":"SKIP","floor":7.0},{"not_picked":["hermit:ShadowCloak","hermit:Ricochet"],"picked":"hermit:Maintenance","floor":8.0},{"not_picked":["hermit:Glare","hermit:Quickdraw","hermit:Reprieve"],"picked":"SKIP","floor":13.0},{"not_picked":["hermit:Misfire","hermit:Ricochet","hermit:SprayPray"],"picked":"SKIP","floor":14.0},{"not_picked":["hermit:HighCaliber+1","hermit:Desperado"],"picked":"hermit:FullyLoaded","floor":18.0},{"not_picked":["hermit:Headshot","hermit:Snipe"],"picked":"hermit:TakeCover+1","floor":19.0},{"not_picked":["hermit:HoleUp","hermit:Spite"],"picked":"hermit:Virtue+1","floor":21},{"not_picked":["hermit:Gestalt","hermit:Roulette"],"picked":"hermit:DeadOrAlive","floor":22},{"not_picked":["hermit:Virtue","hermit:CalledShot+1","hermit:Gestalt+1"],"picked":"SKIP","floor":24}],"player_experience":460154,"relics_obtained":[{"floor":5.0,"key":"InkBottle"},{"floor":9.0,"key":"Anchor"}],"event_choices":[{"cards_removed":["hermit:Strike_Hermit"],"damage_healed":0.0,"max_hp_gain":0.0,"max_hp_loss":0.0,"gold_gain":0.0,"event_name":"Bonfire Elementals","player_choice":"Offered Basic","floor":2.0,"gold_loss":0.0,"damage_taken":0.0},{"damage_healed":0.0,"max_hp_gain":0.0,"max_hp_loss":0.0,"gold_gain":0.0,"event_name":"betterThird:BetterScrap","player_choice":"Relic ","floor":12.0,"gold_loss":0.0,"damage_taken":7.0,"cards_obtained":["Force Field"]}],"is_beta":false,"boss_relics":[{"not_picked":["Snecko Eye","hermit:BartenderGlass"],"picked":"Cursed Key"}],"items_purged_floors":[10],"is_endless":false,"potions_floor_spawned":[3,7,13,14,16,24],"ascension_level":0}}