{"host":"cw25u8qal1h0d7ia","time":1611317154,"event":{"mods":["BaseMod","Downfall","Minty Spire (QoL Compilation)","StSLib"],"gold_per_floor":[99,115,115,130,146,146,173,173,173,186,216,233,252,252,272,374,374,274,288,318,418,179,195,195,220,220,254,254,254,254,285,297,297,297,297],"floor_reached":33,"language":"ENG","playtime":2167,"items_purged":[],"score":345,"play_id":"b2355eb9-6e1c-4088-bc87-76a681b1b821","local_time":"20210122130554","is_ascension_mode":true,"campfire_choices":[{"data":"champ:Lariat","floor":1,"key":"SMITH"},{"data":"champ:Taunt","floor":6,"key":"SMITH"},{"data":"champ:SwordThrow","floor":18,"key":"SMITH"},{"data":"champ:Improvising","floor":26,"key":"SMITH"},{"data":"champ:FaceSlap","floor":29,"key":"SMITH"}],"circlet_count":0,"master_deck":["champ:Strike","champ:Strike","champ:Strike","champ:Defend","champ:Defend","champ:Defend","champ:Defend","champ:Execute","champ:Taunt+1","champ:Lariat+1","champ:BerserkerStyle","champ:FaceSlap+1","champ:ViciousMockery","champ:Encircle","champ:SwordThrow+1","champ:Improvising+1","champ:CrookedStrike","champ:StrikeOfGenius"],"relics":["champ:ChampionCrown","PreservedInsect","Guardian:PocketSentry","champ:FightingForDummies","Velvet Choker","downfall:HeartBlessingGreen","Red Mask","bronze:BronzeIdol","Bird Faced Urn","champ:SignatureFinisher","Mummified Hand","Enchiridion","Calipers","Slimebound:StickyStick"],"acts_visited":["Exordium","TheCity"],"potions_floor_usage":[11,16,27],"damage_taken":[{"damage":10,"enemies":"2 Louse","floor":2,"turns":2},{"damage":20,"enemies":"Jaw Worm","floor":4,"turns":5},{"damage":20,"enemies":"Cultist","floor":5,"turns":3},{"damage":17,"enemies":"2 Fungi Beasts","floor":10,"turns":3},{"damage":62,"enemies":"3 Sentries","floor":11,"turns":8},{"damage":10,"enemies":"Large Slime","floor":12,"turns":3},{"damage":4,"enemies":"Blue Slaver","floor":13,"turns":2},{"damage":4,"enemies":"Red Slaver","floor":15,"turns":2},{"damage":80,"enemies":"IC_STATUS_ARCHETYPE","floor":16,"turns":8},{"damage":24,"enemies":"Chosen","floor":19,"turns":5},{"damage":38,"enemies":"Masked Bandits","floor":20,"turns":3},{"damage":30,"enemies":"downfall:FleeingMerchant","floor":22,"turns":4},{"damage":11,"enemies":"Shell Parasite","floor":23,"turns":3},{"damage":16,"enemies":"Gremlin Leader","floor":25,"turns":5},{"damage":40,"enemies":"Slavers","floor":27,"turns":4},{"damage":25,"enemies":"Gremlin Leader","floor":31,"turns":4},{"damage":33,"enemies":"Centurion and Healer","floor":32,"turns":4},{"damage":83,"enemies":"DF_ARCHETYPE_CLAW","floor":33,"turns":4}],"seed_played":"5574673862001894783","potions_obtained":[{"floor":4,"key":"sneckomod:MuddlingPotion"},{"floor":5,"key":"SpeedPotion"},{"floor":10,"key":"Fruit Juice"},{"floor":13,"key":"AttackPotion"},{"floor":19,"key":"Ancient Potion"}],"is_trial":false,"path_per_floor":["R","M","?","M","M","R","T","?","?","M","E","M","M","?","M","B",null,"R","M","?","?","$","M","T","E","R","E","?","R","?","E","M","B"],"character_chosen":"THE_CHAMP","items_purchased":["champ:CrookedStrike","bronze:BronzeIdol"],"campfire_rested":0,"item_purchase_floors":[22,22],"current_hp_per_floor":[90,90,90,90,90,90,90,72,82,82,70,70,66,66,62,42,105,105,91,91,91,91,90,90,88,88,78,62,62,62,53,41,0,0,0],"gold":297,"neow_bonus":"TRANSFORM_CARD","is_daily":false,"chose_seed":false,"campfire_upgraded":5,"win_rate":0.0,"timestamp":1611317154,"path_taken":["R","M","?","M","M","R","T","?","?","M","E","M","M","?","M","BOSS","R","M","?","?","$","M","T","E","R","E","?","R","?","E","M","BOSS"],"items_purchased_type":["Card","Relic"],"build_version":"2020-12-22","purchased_purges":0,"victory":false,"max_hp_per_floor":[90,90,90,90,90,90,90,90,100,100,105,105,105,105,105,105,105,105,105,105,105,105,105,105,105,105,105,105,105,105,105,105,105,105,105],"card_choices":[{"not_picked":["champ:HeartStrike","champ:Encircle","champ:FanOfKnives"],"picked":"SKIP","floor":2},{"not_picked":["champ:BerserkersShout","champ:AdrenalArmor"],"picked":"champ:BerserkerStyle","floor":4},{"not_picked":["champ:FlashCut","champ:StanceDance"],"picked":"champ:FaceSlap","floor":5},{"not_picked":["champ:HeartStrike","champ:BringItOn","champ:ShieldSigil"],"picked":"SKIP","floor":10},{"not_picked":["champ:RecklessLeap","champ:StanceDance"],"picked":"champ:ViciousMockery","floor":11},{"not_picked":["champ:Haymaker","champ:AdrenalArmor","champ:CrownThrow"],"picked":"SKIP","floor":12},{"not_picked":["champ:BerserkersShout","champ:IgnorePain","champ:FanOfKnives"],"picked":"SKIP","floor":13},{"not_picked":["champ:GladiatorStyle","champ:GutPunch"],"picked":"champ:Encircle","floor":15},{"not_picked":["champ:UltimateStance","champ:IgnorePain"],"picked":"champ:SwordThrow","floor":16},{"not_picked":["champ:PerfectedStrike","champ:FanOfKnives","champ:DefensiveShout+1"],"picked":"SKIP","floor":19},{"not_picked":["champ:GladiatorStyle","champ:Backstep+1"],"picked":"champ:Improvising","floor":20},{"not_picked":["champ:Circumvent","champ:DefensiveShout","champ:Shatter+1"],"picked":"SKIP","floor":22},{"not_picked":["champ:SetATrap","champ:RapidStrikes","champ:ShieldSigil"],"picked":"SKIP","floor":23},{"not_picked":["champ:Haymaker","champ:EnGarde","champ:ShieldSigil"],"picked":"SKIP","floor":25},{"not_picked":["champ:Circumvent","champ:StanceDance","champ:Duel"],"picked":"SKIP","floor":27},{"not_picked":["champ:VampiricStrike","champ:GutPunch+1"],"picked":"champ:StrikeOfGenius","floor":31},{"not_picked":["champ:FanOfKnives","champ:EnGarde","champ:Backstep"],"picked":"SKIP","floor":32}],"player_experience":663197,"relics_obtained":[{"floor":7,"key":"PreservedInsect"},{"floor":11,"key":"champ:FightingForDummies"},{"floor":20,"key":"Red Mask"},{"floor":24,"key":"Bird Faced Urn"},{"floor":25,"key":"champ:SignatureFinisher"},{"floor":27,"key":"Mummified Hand"},{"floor":28,"key":"Enchiridion"},{"floor":31,"key":"Slimebound:StickyStick"}],"event_choices":[{"damage_healed":0,"gold_gain":0,"player_choice":"Success","damage_taken":18,"relics_obtained":["Guardian:PocketSentry"],"max_hp_gain":0,"max_hp_loss":0,"event_name":"Scrap Ooze","floor":8,"gold_loss":0},{"damage_healed":0,"gold_gain":0,"player_choice":"Fought Bandits","damage_taken":0,"max_hp_gain":0,"max_hp_loss":0,"event_name":"Masked Bandits","floor":20,"gold_loss":0}],"is_beta":false,"boss_relics":[{"not_picked":["Black Star","bronze:MakeshiftBattery"],"picked":"Velvet Choker"}],"items_purged_floors":[],"is_endless":false,"potions_floor_spawned":[4,5,10,13,19,25],"killed_by":"DF_ARCHETYPE_CLAW","ascension_level":1}}