{"host":"zx8rmvlb08usbkpl","time":1611355667,"event":{"mods":["BaseMod","BetterRewards","Colored Powertips","Dota2Spire","Downfall","GifTheSpireLib","Marisa????????","Minty Spire (QoL Compilation)","Quick Restart","StSLib","Stuff the Spire","The Bug Knight","The Senshi"],"gold_per_floor":[109,128,28,43,218,218,231,263,263,263,263,263,263],"floor_reached":12,"language":"ENG","playtime":420,"items_purged":["Defend_R"],"score":82,"play_id":"d6b5e49c-4d8a-4f89-8a16-3d2e6023af6d","local_time":"20210122174747","is_ascension_mode":true,"campfire_choices":[{"data":"True Grit","floor":6,"key":"SMITH"},{"floor":10,"key":"DIG"}],"circlet_count":0,"master_deck":["Strike_R","Strike_R","Strike_R","Strike_R","Strike_R","Defend_R","Defend_R","Defend_R","Bash","Rage","True Grit+1","Shrug It Off","Doubt"],"relics":["Burning Blood","Shovel","Kunai","Question Card"],"acts_visited":["Exordium"],"potions_floor_usage":[],"damage_taken":[{"damage":6,"enemies":"Jaw Worm","floor":1,"turns":4},{"damage":0,"enemies":"2 Louse","floor":2,"turns":3},{"damage":4,"enemies":"Cultist","floor":4,"turns":4},{"damage":6,"enemies":"Exordium Wildlife","floor":7,"turns":8},{"damage":44,"enemies":"Gremlin Nob","floor":8,"turns":5},{"damage":44,"enemies":"Lagavulin","floor":12,"turns":10}],"seed_played":"4446957498862131009","potions_obtained":[{"floor":4,"key":"LiquidBronze"},{"floor":7,"key":"ColorlessPotion"}],"is_trial":false,"path_per_floor":["M","M","$","M","?","R","M","E","T","R","?","E"],"character_chosen":"IRONCLAD","items_purchased":["True Grit"],"campfire_rested":0,"item_purchase_floors":[3],"current_hp_per_floor":[88,88,88,88,88,88,88,50,50,50,47,3,3],"gold":263,"neow_bonus":"TEN_PERCENT_HP_BONUS","is_daily":false,"chose_seed":false,"campfire_upgraded":1,"win_rate":0.0,"timestamp":1611355667,"path_taken":["M","M","$","M","?","R","M","E","T","R","?","E"],"items_purchased_type":["Card"],"build_version":"2020-12-22","purchased_purges":1,"victory":false,"max_hp_per_floor":[88,88,88,88,88,88,88,88,88,88,88,88,88],"card_choices":[{"not_picked":["Clothesline","Carnage"],"picked":"Rage","floor":1},{"not_picked":["Searing Blow","Iron Wave","Headbutt"],"picked":"SKIP","floor":2},{"not_picked":["Iron Wave","Sword Boomerang"],"picked":"Shrug It Off","floor":4},{"not_picked":["StuffTheSpire:RockThrow","StuffTheSpire:Slingshot","Intimidate"],"picked":"SKIP","floor":7},{"not_picked":["Pommel Strike","StuffTheSpire:Resist","Anger"],"picked":"SKIP","floor":8}],"player_experience":970350,"relics_obtained":[{"floor":8,"key":"Shovel"},{"floor":10,"key":"Kunai"}],"event_choices":[{"damage_healed":0,"gold_gain":175,"player_choice":"AGREE","damage_taken":0,"max_hp_gain":0,"max_hp_loss":0,"event_name":"Liars Game","floor":5,"gold_loss":0,"cards_obtained":["Doubt"]},{"damage_healed":0,"gold_gain":0,"player_choice":"Success","damage_taken":3,"relics_obtained":["Question Card"],"max_hp_gain":0,"max_hp_loss":0,"event_name":"Scrap Ooze","floor":11,"gold_loss":0}],"is_beta":false,"boss_relics":[],"items_purged_floors":[3],"is_endless":false,"potions_floor_spawned":[4,7],"killed_by":"Lagavulin","ascension_level":1}}