{"host":"k9ocgmchziz83yjl","time":1611298096,"event":{"mods":["Arknights The Spire","BaseMod","Friendly Minions","KinomotoSakuraMod(木之本樱)","Marisa（F雨　魔理沙）","Minty Spire (QoL Compilation)","MostiFishMod","Quick Restart","Replay The Spire","RumiaBox-露米娅的神秘盒子","Spicy Shops","StSLib","The Cursed","The Servant 0.9.4","[IsaacMod]以撒尖塔","【功能Mod】混沌之环修复补丁"],"gold_per_floor":[117,180,199,374,374,374,402,402,402,433,433,433,433,491,491,638,638,652,758,758,773,806,817,817,308,308,34,46,46,121,131,131,275,275,339,339,389,408,28,108,119,149,149,149,0,29,55,55,55],"floor_reached":48,"language":"ZHS","playtime":2890,"items_purged":["Sickly","ats:Strike V"],"score":671,"play_id":"e349f8d2-6efa-4bac-8e76-e7d9b0a1ccd9","local_time":"20210122144816","is_ascension_mode":false,"campfire_choices":[{"data":"ats:Shadow Assault","floor":6.0,"key":"SMITH"},{"data":"ats:Hook Shot","floor":8.0,"key":"SMITH"},{"data":"ats:Emotion Absorption","floor":12.0,"key":"SMITH"},{"floor":15.0,"key":"DIG"},{"data":"MostiFishMod:WinterMarkForm","floor":24.0,"key":"SMITH"},{"data":"Omniscience","floor":29.0,"key":"SMITH"},{"floor":32.0,"key":"DIG"},{"data":"MostiFishMod:StarOceanB","floor":44,"key":"SMITH"}],"circlet_count":0,"master_deck":["ats:Strike C+1","ats:Strike G","ats:Strike S+1","ats:Armor Crushing Shot","ats:Defend","ats:Defend","ats:Defend","ats:Defend","ats:Emotion Absorption+1","ats:Calcification","ats:Shadow Assault+1","ats:Hook Shot+1","ats:Sword Rain","Amnesia","MostiFishMod:StarOceanB+1","MostiFishMod:FrostNova","MostiFishMod:WinterMarkForm+1","Omniscience+1","ats:Apocalypse+1","White Noise","MostiFishMod:InterfaceCompatibility+1","Deep Breath+1","ats:Closed Bolt Burst Fire+1","MostiFishMod:Kaleido+1","ats:Rat Pack+1"],"relics":["HushsDoor","D4","Burning Blood","YumHeart","BionicSphere","Torii","Void","Replay:Towering Pillar of Hats","Turnip","ats:Gyao","Damocles","GuppysHead","ats:Emergency Defibrillator","Unceasing Top","ChaoDraw","TheBible","PillsDrop","Quantum Egg","Letter Opener","GnawedLeaf","Kunai","Lantern","Juzu Bracelet","Nunchaku","CeramicFish","Replay:Baseball","Centennial Puzzle","Orichalcum","MealTicket","ZombieArmy","PatriotShield","HaiYi:Twilight","JellyFishMachine","SteamSale","ats:Arts","ChiLing","Chi","Ling","Succubus","Bag of Preparation","Ccalipers","InkBottle"],"acts_visited":["Exordium","TheCity","TheBeyond"],"potions_floor_usage":[],"damage_taken":[{"damage":0.0,"enemies":"Jaw Worm","floor":1.0,"turns":1.0},{"damage":0.0,"enemies":"Cultist","floor":3.0,"turns":1.0},{"damage":0.0,"enemies":"Gremlin Nob","floor":7.0,"turns":1.0},{"damage":27.0,"enemies":"Lagavulin","floor":10.0,"turns":10.0},{"damage":0.0,"enemies":"2 Louse","floor":14.0,"turns":2.0},{"damage":77.0,"enemies":"Hexaghost","floor":16.0,"turns":11.0},{"damage":6.0,"enemies":"Shell Parasite","floor":18.0,"turns":3.0},{"damage":30.0,"enemies":"2 Thieves","floor":21.0,"turns":3.0},{"damage":0.0,"enemies":"Masked Bandits","floor":22.0,"turns":2.0},{"damage":0.0,"enemies":"Snake Plant","floor":23.0,"turns":3.0},{"damage":0.0,"enemies":"Centurion and Healer","floor":28.0,"turns":4.0},{"damage":0.0,"enemies":"Shelled Parasite and Fungi","floor":31.0,"turns":2.0},{"damage":25.0,"enemies":"Collector","floor":33.0,"turns":3.0},{"damage":0,"enemies":"Orb Walker","floor":35,"turns":2},{"damage":0,"enemies":"Mind Bloom Boss Battle","floor":37,"turns":3},{"damage":0,"enemies":"3 Shapes","floor":38,"turns":3},{"damage":0,"enemies":"Reptomancer","floor":40,"turns":3},{"damage":0,"enemies":"Spire Growth","floor":41,"turns":2},{"damage":0,"enemies":"Giant Head","floor":42,"turns":3},{"damage":0,"enemies":"4 Shapes","floor":46,"turns":2},{"damage":1,"enemies":"Jaw Worm Horde","floor":47,"turns":1},{"damage":2,"enemies":"Reptomancer","floor":48,"turns":1}],"seed_played":"3862805476052886590","potions_obtained":[{"floor":1.0,"key":"Death Potion"},{"floor":3.0,"key":"Weak Potion"},{"floor":10.0,"key":"Cursed Concoction"},{"floor":23.0,"key":"SkillPotion"},{"floor":38,"key":"Fire Potion"},{"floor":40,"key":"LifebloodPotion"}],"is_trial":false,"path_per_floor":["M","?","M","?","?","R","E","R","T","E","?","R","?","M","R","B",null,"M","?","T","M","?","M","R","$","T","$","M","R","?","M","R","B",null,"M","T","?","M","$","E","M","E","T","R","$","M","M","E"],"character_chosen":"DOCTOR_CLASS","items_purchased":["BrkXgEgg","Whetstone","ats:Industrial Water Cannon","Membership Card","Iron Hammer","Replay:Mystery Machine","D6","Lizard Tail","MostiFishMod:Kaleido+1","Pen Nib","ats:Rat Pack+1","D4","Bag of Preparation"],"campfire_rested":0,"item_purchase_floors":[25,25,25,27,27,39,39,39,39,39,39,45,45],"current_hp_per_floor":[72,57,57,57,57,57,57,57,64,69,69,69,69,75,75,69,79,74,55,55,26,26,26,26,26,26,26,49,49,34,34,34,22,79,79,79,79,79,79,79,79,79,79,79,79,79,79,0,0],"gold":55,"neow_bonus":"THREE_ENEMY_KILL","is_daily":false,"chose_seed":false,"campfire_upgraded":6,"win_rate":0.0,"timestamp":1611298096,"path_taken":["M","?","M","?","?","R","E","R","T","E","?","R","?","M","R","BOSS","M","?","?","?","?","M","R","$","T","$","M","R","?","M","R","BOSS","M","?","?","?","$","E","M","E","T","R","$","M","M","E"],"items_purchased_type":["Relic","Relic","Relic","Relic","Relic","Relic","Relic","Relic","Card","Relic","Card","Relic","Relic"],"build_version":"2020-12-22","purchased_purges":2,"victory":false,"max_hp_per_floor":[72,72,72,72,72,72,72,72,79,79,79,79,79,79,79,79,79,79,79,79,79,79,79,79,79,79,79,79,79,79,79,79,79,79,79,79,79,79,79,79,79,79,79,79,79,79,79,79,79],"card_choices":[{"not_picked":["ats:Charging Defense","ats:Hammer On"],"picked":"ats:Calcification","floor":1.0},{"not_picked":["ats:Revitalization","ats:Closed Bolt Burst Fire","ats:Childhood Dance","ats:Neurotoxin"],"picked":"ats:Shadow Assault","floor":3.0},{"not_picked":["ats:Healing Strengthening","ats:Part Time Job","ats:Curse Doll","ats:Overload"],"picked":"ats:Hook Shot","floor":7.0},{"not_picked":["ats:Poison Spread","ats:Burning Ground","ats:Serious Mode","ats:Assault Order"],"picked":"ats:Sword Rain","floor":10.0},{"not_picked":["GravityBeat","Headbutt","Spin","MostiFishMod:StarHerder","ats:Consecutive Shot Auto"],"picked":"SKIP","floor":14.0},{"not_picked":["Corruption","Dilation","MostiFishMod:Pointsdynamics","ReplayRNGCard"],"picked":"MostiFishMod:StarOceanB","floor":16.0},{"not_picked":["ClowCardTheChange","ShootingEcho","ats:Curse Doll","InnerPeace","ChargingUp"],"picked":"SKIP","floor":18.0},{"not_picked":["ReplayTheSpireMod:Muscle Training","ats:Hammer On+1","PathToVictory","ats:Cat Scratch","Backflip"],"picked":"SKIP","floor":21.0},{"not_picked":["ClowCardTheLibra+1","Rewind+1","Sweeping Beam","Steam Power"],"picked":"Omniscience","floor":22.0},{"not_picked":["ReplayTheSpireMod:The Works+1","Revamp","Gash","ClowCardTheDream"],"picked":"ats:Apocalypse+1","floor":23.0},{"not_picked":["ats:Assault Order","ats:Blood Oath","Ball Lightning","Singularity+1","Deadly Poison+1"],"picked":"SKIP","floor":28.0},{"not_picked":["TheCursedMod:Obscuration","Iron Wave","Burst+1","TheCursedMod:FleshFromBone+1"],"picked":"White Noise","floor":31.0},{"not_picked":["MostiFishMod:WinterMarkForm+1","Duplication+1","TheCursedMod:ForbiddenAlchemy+1","BinaryStars+1"],"picked":"MostiFishMod:InterfaceCompatibility+1","floor":33.0},{"not_picked":["EventHorizon","ats:Blood Oath","ats:Flame Of Heaven","Clash","ClowCardTheShadow"],"picked":"SKIP","floor":35},{"not_picked":["MostiFishMod:StoryBook+1","Dagger Spray+1","PiercingWail+1","ClowCardTheMaze+1"],"picked":"Deep Breath+1","floor":37},{"not_picked":["ats:Flexible Camouflage","TheCursedMod:Wield+1","Flying Knee","ats:Song Of Battle+1"],"picked":"ats:Closed Bolt Burst Fire+1","floor":38},{"not_picked":["ats:Ignite","Thunderclap","ClowCardTheCloud+1","MostiFishMod:StarWish+1","ClowCardTheSand"],"picked":"SKIP","floor":40},{"not_picked":["Underhanded Strike+1","Manipulate+1","TimeWarp+1","Flying Knee+1","Conclude+1"],"picked":"SKIP","floor":41},{"not_picked":["ReplayTheSpireMod:Reroute Power","Run Through+1","Survey Options","ClowCardTheLight+1","Havoc"],"picked":"SKIP","floor":42},{"not_picked":["ats:Ignite","ats:Cat Scratch","ats:Charging Defense+1"],"picked":"SKIP","floor":46},{"not_picked":["ats:LN2 Cannon","ats:Powerful Strike+1","ats:Cat Scratch"],"picked":"SKIP","floor":47}],"player_experience":802954,"relics_obtained":[{"floor":1.0,"key":"SynthV:TestCard"},{"floor":7.0,"key":"ats:Originium"},{"floor":7.0,"key":"Tiny Chest"},{"floor":9.0,"key":"Strawberry"},{"floor":10.0,"key":"ats:Originium"},{"floor":10.0,"key":"The Courier"},{"floor":13.0,"key":"Ring of Fury"},{"floor":13.0,"key":"ReplayTheSpireMod:Ring of Challenge"},{"floor":15.0,"key":"Toy Ornithopter"},{"floor":20.0,"key":"GuppysPaw"},{"floor":22.0,"key":"Red Mask"},{"floor":26.0,"key":"Shuriken"},{"floor":32.0,"key":"Divine Protection"},{"floor":35,"key":"Replay:Bottled Steam"},{"floor":36,"key":"SalivaCoin"},{"floor":37,"key":"WingedGreaves"},{"floor":40,"key":"ats:Originium"},{"floor":40,"key":"BelialBook"},{"floor":42,"key":"ats:Originium"},{"floor":42,"key":"ReplayTheSpireMod:TigerMarble"},{"floor":43,"key":"Pocketwatch"},{"floor":46,"key":"Ccalipers"},{"floor":47,"key":"InkBottle"}],"event_choices":[{"damage_healed":0.0,"max_hp_gain":0.0,"max_hp_loss":0.0,"gold_gain":175.0,"event_name":"Liars Game","player_choice":"AGREE","floor":4.0,"gold_loss":0.0,"damage_taken":0.0,"cards_obtained":["Doubt"]},{"cards_removed":["Doubt"],"damage_healed":0.0,"max_hp_gain":0.0,"max_hp_loss":0.0,"gold_gain":0.0,"event_name":"Living Wall","player_choice":"Forget","floor":5.0,"gold_loss":0.0,"damage_taken":0.0},{"damage_healed":0.0,"max_hp_gain":0.0,"max_hp_loss":0.0,"gold_gain":0.0,"event_name":"Masked Bandits","player_choice":"Fought Bandits","floor":22.0,"gold_loss":0.0,"damage_taken":0.0},{"damage_healed":0,"gold_gain":0,"player_choice":"Fight","damage_taken":0,"max_hp_gain":0,"max_hp_loss":0,"event_name":"MindBloom","floor":37,"gold_loss":0}],"is_beta":false,"boss_relics":[{"not_picked":["AddBug","Philosopher\u0027s Stone"],"picked":"FrostBlade"},{"not_picked":[]},{"not_picked":["Replay:Wanted Poster","EE1DDrone"],"picked":"ShadowXiaoBlade"},{"not_picked":[]}],"items_purged_floors":[25,27],"is_endless":false,"potions_floor_spawned":[1,3,10,23,38,40,42,46],"killed_by":"Reptomancer","ascension_level":0}}