{"host":"skr63qsdfgeey3it","time":1611274813,"event":{"mods":["BaseMod","Colored Map","Hubris","Minty Spire (QoL Compilation)","Replay The Spire","Spicy Shops","StSLib"],"gold_per_floor":[216,226,24,24,24,24,59,85,85,101,101,125,45,45,45,236,236,209,66,91,91,111,111,151,151,151,175,274,274,297,247,247],"floor_reached":31,"language":"ENG","playtime":1583,"items_purged":["Regret"],"score":417,"play_id":"2699c8e0-69c2-494d-9920-2805099a9297","local_time":"20210121182013","is_ascension_mode":true,"campfire_choices":[{"floor":6,"key":"REST"},{"data":"Armaments","floor":15,"key":"SMITH"},{"floor":23,"key":"REST"},{"floor":25,"key":"REST"},{"floor":29,"key":"REST"}],"circlet_count":0,"master_deck":["AscendersBane","Strike_G+1","Strike_G+1","Strike_G","Strike_G","Strike_G","Defend_G","Defend_G","Defend_G","Defend_G+1","Defend_G","Survivor","Neutralize","Dagger Spray","Heel Hook+1","Exhume","Armaments+1","Inflame","MasterReality","ReplayTheSpireMod:From All Sides","Replay:Parry","EmptyBody+1","hubris:ReadiedAction+1","Armaments"],"relics":["Ring of the Serpent","PrismaticShard","Golden Idol","hubris:Icosahedron","Gambling Chip","Whetstone","Shuriken","ReplayTheSpireMod:CursedCoin","Simple Rune","hubris:Towel","Replay:Accelerometer","hubris:PeanutButter"],"acts_visited":["Exordium","TheCity"],"potions_floor_usage":[7,12,16,20,22,22,30,30],"damage_taken":[{"damage":21,"enemies":"Jaw Worm","floor":1,"turns":6},{"damage":2,"enemies":"Cultist","floor":2,"turns":4},{"damage":10,"enemies":"3 Sentries","floor":7,"turns":6},{"damage":0,"enemies":"2 Louse","floor":10,"turns":1},{"damage":0,"enemies":"Large Slime","floor":12,"turns":3},{"damage":40,"enemies":"Fading Forest","floor":16,"turns":11},{"damage":33,"enemies":"Spheric Guardian","floor":18,"turns":4},{"damage":6,"enemies":"3 Byrds","floor":20,"turns":3},{"damage":11,"enemies":"Sentry and Sphere","floor":22,"turns":4},{"damage":64,"enemies":"Gremlin Leader","floor":24,"turns":8},{"damage":26,"enemies":"Cultist and Chosen","floor":27,"turns":7},{"damage":21,"enemies":"Shelled Parasite and Fungi","floor":30,"turns":10},{"damage":1,"enemies":"Snake Plant","floor":31,"turns":2}],"seed_played":"-7788894291815433899","potions_obtained":[{"floor":2,"key":"ColorlessPotion"},{"floor":12,"key":"Swift Potion"},{"floor":18,"key":"Toxic Potion"},{"floor":20,"key":"Regen Potion"},{"floor":27,"key":"GhostInAJar"}],"is_trial":false,"path_per_floor":["M","M","$","?","?","R","E","T","T","M","?","M","$","?","R","B",null,"M","$","M","?","M","R","E","R","T","M","?","R","M","M"],"character_chosen":"THE_SILENT","items_purchased":["PrismaticShard","Heel Hook","ReplayTheSpireMod:CursedCoin","Simple Rune","ReplayTheSpireMod:From All Sides"],"campfire_rested":4,"item_purchase_floors":[3,3,13,13,19],"current_hp_per_floor":[42,40,40,23,23,44,34,34,34,34,57,57,57,57,57,25,59,26,26,20,20,21,42,6,27,27,1,1,22,1,0,0],"gold":247,"neow_bonus":"HUNDRED_GOLD","is_daily":false,"chose_seed":false,"campfire_upgraded":1,"win_rate":0.0,"timestamp":1611274813,"path_taken":["M","M","$","?","?","R","E","?","T","?","?","M","$","?","R","BOSS","M","$","M","?","M","R","E","R","T","M","?","R","M","M"],"items_purchased_type":["Relic","Card","Relic","Relic","Card"],"build_version":"2020-12-22","purchased_purges":1,"victory":false,"max_hp_per_floor":[70,70,70,70,70,70,70,70,70,70,70,70,70,70,70,70,70,70,70,70,70,70,70,70,70,70,70,70,70,70,70,70],"card_choices":[{"not_picked":["Bane","Concentrate","Acrobatics"],"picked":"SKIP","floor":1},{"not_picked":["Blade Dance","Expertise"],"picked":"Dagger Spray","floor":2},{"not_picked":["Flex","Cold Snap"],"picked":"Exhume","floor":7},{"not_picked":["Static Discharge","CrushJoints"],"picked":"Armaments","floor":10},{"not_picked":["Replay:BluntJabs","Catalyst"],"picked":"Inflame","floor":12},{"not_picked":["Electrodynamics","Brilliance"],"picked":"MasterReality","floor":16},{"not_picked":["Run Through","Specialist","Rupture"],"picked":"SKIP","floor":18},{"not_picked":["Hologram","ReplayTheSpireMod:Strike From Hell"],"picked":"Replay:Parry","floor":20},{"not_picked":["Go for the Eyes","Grand Finale"],"picked":"EmptyBody+1","floor":22},{"not_picked":["Blur","Cold Snap+1"],"picked":"hubris:ReadiedAction+1","floor":24},{"not_picked":["EmptyFist","Vengeance","Riddle With Holes"],"picked":"SKIP","floor":27},{"not_picked":["Quick Slash","Turbo+1"],"picked":"Armaments","floor":30}],"player_experience":790647,"relics_obtained":[{"floor":7,"key":"Gambling Chip"},{"floor":8,"key":"Whetstone"},{"floor":9,"key":"Shuriken"},{"floor":24,"key":"Replay:Accelerometer"},{"floor":26,"key":"hubris:PeanutButter"}],"event_choices":[{"damage_healed":0,"gold_gain":0,"player_choice":"Take Damage","damage_taken":17,"relics_obtained":["Golden Idol"],"max_hp_gain":0,"max_hp_loss":0,"event_name":"Golden Idol","floor":4,"gold_loss":0},{"damage_healed":23,"gold_gain":0,"player_choice":"Banana","damage_taken":0,"max_hp_gain":0,"max_hp_loss":0,"event_name":"Big Fish","floor":11,"gold_loss":0},{"damage_healed":0,"gold_gain":0,"player_choice":"Ignored","damage_taken":0,"max_hp_gain":0,"max_hp_loss":0,"event_name":"Beggar","floor":21,"gold_loss":0},{"damage_healed":0,"gold_gain":99,"player_choice":"Stole From Cult","damage_taken":0,"max_hp_gain":0,"max_hp_loss":0,"event_name":"Nest","floor":28,"gold_loss":0}],"is_beta":false,"boss_relics":[{"not_picked":["ReplayTheSpireMod:DimensionalGlitch","hubris:CrackedHourglass"],"picked":"Ring of the Serpent"}],"items_purged_floors":[13],"is_endless":false,"potions_floor_spawned":[2,12,18,20,27],"killed_by":"Snake Plant","ascension_level":13}}