{"host":"15ff3ltgpietarej","time":1611309407,"event":{"mods":["BaseMod","Bestiary","Downfall","Highlight Path","Minty Spire (QoL Compilation)","Relic Stats","StSLib"],"gold_per_floor":[99,118,129,148,148,48,75,85,114,114,131,164,64,75,88,185,185,185,197,214,214,228,65,65,95,112,112,112,123,23,53,70,70,70,70],"floor_reached":33,"language":"ENG","playtime":3153,"items_purged":["Guardian:Strike_Guardian"],"score":446,"play_id":"7c8691ab-da39-4cf1-bf91-c1a6b30db66d","local_time":"20210122105647","is_ascension_mode":true,"campfire_choices":[{"floor":1,"key":"RECALL"},{"floor":6,"key":"REST"},{"floor":13,"key":"REST"},{"data":"Guardian:SphericShield","floor":18,"key":"SMITH"},{"floor":30,"key":"REST"}],"circlet_count":0,"master_deck":["Guardian:Strike_Guardian","Guardian:Strike_Guardian","Guardian:Strike_Guardian","Guardian:Defend_Guardian","Guardian:Defend_Guardian","Guardian:Defend_Guardian","Guardian:Defend_Guardian","Guardian:CurlUp","Guardian:TwinSlam","Guardian:SpikerProtocol+1","Guardian:DecasProtection","Guardian:ChargeUp","Guardian:Emergency","Guardian:Suspension","Guardian:Suspension","Guardian:RollAttack","Guardian:SphericShield+1","Guardian:Recover","Guardian:AncientConstruct","Guardian:FloatingOrbs+1","Guardian:SpikerProtocol+1","Guardian:EvasiveProtocol","Guardian:GuardianWhirl","Guardian:PiercingHide","Guardian:PolyBeam+1","Guardian:ArmoredProtocol+1","Guardian:Gem_Green"],"relics":["Guardian:ModeShifter","Centennial Puzzle","downfall:HeartBlessingRed","Blood Vial","Pantograph","Mercury Hourglass","downfall:HeartBlessingBlue","Sozu","Matryoshka","MealTicket","Anchor","Molten Egg 2","downfall:HeartBlessingGreen","Frozen Egg 2"],"acts_visited":["Exordium","TheCity"],"potions_floor_usage":[9,12,16,16,22],"damage_taken":[{"damage":14,"enemies":"Jaw Worm","floor":2,"turns":5},{"damage":3,"enemies":"2 Louse","floor":3,"turns":5},{"damage":4,"enemies":"Cultist","floor":4,"turns":6},{"damage":4,"enemies":"Red Slaver","floor":8,"turns":5},{"damage":18,"enemies":"Lagavulin","floor":9,"turns":7},{"damage":10,"enemies":"2 Fungi Beasts","floor":11,"turns":5},{"damage":30,"enemies":"Gremlin Nob","floor":12,"turns":6},{"damage":8,"enemies":"Blue Slaver","floor":14,"turns":3},{"damage":13,"enemies":"Exordium Thugs","floor":15,"turns":4},{"damage":6,"enemies":"IC_STATUS_ARCHETYPE","floor":16,"turns":8},{"damage":4,"enemies":"Shell Parasite","floor":19,"turns":7},{"damage":16,"enemies":"Shelled Parasite and Fungi","floor":20,"turns":8},{"damage":24,"enemies":"Snake Plant","floor":22,"turns":3},{"damage":0,"enemies":"downfall:FleeingMerchant","floor":23,"turns":4},{"damage":24,"enemies":"Slavers","floor":25,"turns":5},{"damage":5,"enemies":"Snecko","floor":26,"turns":6},{"damage":7,"enemies":"Shelled Parasite and Fungi","floor":29,"turns":5},{"damage":18,"enemies":"Book of Stabbing","floor":31,"turns":5},{"damage":0,"enemies":"Centurion and Healer","floor":32,"turns":8},{"damage":62,"enemies":"WA_ARCHETYPE_CALM","floor":33,"turns":8}],"seed_played":"5217448455039099368","potions_obtained":[{"floor":2,"key":"champ:CounterPotion"},{"floor":9,"key":"Explosive Potion"},{"floor":11,"key":"Guardian:AcceleratePotion"},{"floor":15,"key":"Fruit Juice"},{"floor":16,"key":"LiquidBronze"}],"is_trial":false,"path_per_floor":["R","M","M","M","?","R","T","M","E","?","M","E","R","M","M","B",null,"R","M","M","?","M","$","T","E","M","?","T","M","R","E","M","B"],"character_chosen":"GUARDIAN","items_purchased":["Guardian:GuardianWhirl"],"campfire_rested":3,"item_purchase_floors":[23],"current_hp_per_floor":[72,58,55,51,51,75,75,71,53,50,42,14,48,42,31,57,86,86,84,70,70,48,50,50,28,25,25,25,20,48,32,34,0,0,0],"gold":70,"neow_bonus":"RANDOM_COMMON_RELIC","is_daily":false,"chose_seed":false,"campfire_upgraded":1,"win_rate":0.0,"timestamp":1611309407,"path_taken":["R","M","M","M","?","R","T","M","E","?","M","E","R","M","M","BOSS","R","M","M","?","?","?","T","E","M","?","?","M","R","E","M","BOSS"],"items_purchased_type":["Card"],"build_version":"2020-12-22","purchased_purges":1,"victory":false,"max_hp_per_floor":[80,80,80,80,80,80,80,80,80,80,80,80,90,90,90,95,95,95,95,95,95,95,95,95,95,95,95,95,95,95,95,95,95,95,95],"relic_stats":{"Blood Vial":30,"Sozu":2,"Centennial Puzzle":[54],"counters":[20,113],"Pantograph":50,"MealTicket":0,"obtain_stats":[{"downfall:HeartBlessingRed":6,"Guardian:ModeShifter":0,"downfall:HeartBlessingGreen":30,"Frozen Egg 2":31,"Mercury Hourglass":12,"Blood Vial":9,"Sozu":17,"Centennial Puzzle":0,"Anchor":28,"Matryoshka":24,"downfall:HeartBlessingBlue":13,"Pantograph":10,"MealTicket":25,"Molten Egg 2":28},{"downfall:HeartBlessingRed":3,"Guardian:ModeShifter":0,"downfall:HeartBlessingGreen":17,"Frozen Egg 2":18,"Mercury Hourglass":7,"Blood Vial":5,"Sozu":10,"Centennial Puzzle":0,"Anchor":16,"Matryoshka":14,"downfall:HeartBlessingBlue":7,"Pantograph":5,"MealTicket":15,"Molten Egg 2":16},{"downfall:HeartBlessingRed":16,"Guardian:ModeShifter":0,"downfall:HeartBlessingGreen":92,"Frozen Egg 2":97,"Mercury Hourglass":39,"Blood Vial":28,"Sozu":54,"Centennial Puzzle":0,"Anchor":87,"Matryoshka":76,"downfall:HeartBlessingBlue":39,"Pantograph":28,"MealTicket":81,"Molten Egg 2":87}],"Mercury Hourglass":[195]},"card_choices":[{"not_picked":["Guardian:PiercingHide","Guardian:SentryBeam"],"picked":"Guardian:SpikerProtocol","floor":2},{"not_picked":["Guardian:CrystalBeam","Guardian:BronzeOrb"],"picked":"Guardian:DecasProtection","floor":3},{"not_picked":["Guardian:TimeCapacitor","Guardian:Incinerate"],"picked":"Guardian:ChargeUp","floor":4},{"not_picked":["Guardian:PiercingHide","Guardian:EvasiveProtocol"],"picked":"Guardian:Emergency","floor":8},{"not_picked":["Guardian:BronzeOrb","Guardian:ShieldCharger"],"picked":"Guardian:Suspension","floor":9},{"not_picked":["Guardian:TemporalStrike","Guardian:VentSteam"],"picked":"Guardian:Suspension","floor":11},{"not_picked":["Guardian:Suspension","Guardian:Gem_Green"],"picked":"Guardian:RollAttack","floor":12},{"not_picked":["Guardian:PrimingBeam","Guardian:Gem_Green"],"picked":"Guardian:SphericShield","floor":14},{"not_picked":["Guardian:Gem_Red","Guardian:MultiBeam"],"picked":"Guardian:Recover","floor":15},{"not_picked":["Guardian:HyperBeam_Guardian","Guardian:GatlingBeam"],"picked":"Guardian:AncientConstruct","floor":16},{"not_picked":["Guardian:Suspension","Guardian:PrimingBeam"],"picked":"Guardian:Gem_Blue","floor":19},{"not_picked":["Guardian:Planning","Guardian:ChargeUp"],"picked":"Guardian:FloatingOrbs+1","floor":20},{"not_picked":["Guardian:RollAttack","Guardian:Gem_Red"],"picked":"Guardian:EvasiveProtocol","floor":22},{"not_picked":["Guardian:VentSteam+1","Guardian:AncientConstruct"],"picked":"Guardian:Gem_White","floor":23},{"not_picked":["Guardian:FuturePlans","Guardian:VentSteam"],"picked":"Guardian:PiercingHide","floor":25},{"not_picked":["Guardian:PrismaticBeam","Guardian:TemporalStrike","Guardian:WalkerClaw"],"picked":"SKIP","floor":26},{"not_picked":["Guardian:FloatingOrbs","Guardian:Planning"],"picked":"Guardian:PolyBeam+1","floor":29},{"not_picked":["Guardian:Planning","Guardian:Emergency"],"picked":"Guardian:ArmoredProtocol+1","floor":31},{"not_picked":["Guardian:Gem_Fragmented","Guardian:MultiBeam+1"],"picked":"Guardian:Gem_Green","floor":32}],"player_experience":432907,"relics_obtained":[{"floor":9,"key":"Blood Vial"},{"floor":12,"key":"Mercury Hourglass"},{"floor":24,"key":"Matryoshka"},{"floor":25,"key":"MealTicket"},{"floor":28,"key":"Anchor"},{"floor":28,"key":"Molten Egg 2"},{"floor":31,"key":"Frozen Egg 2"}],"event_choices":[{"damage_healed":0,"gold_gain":0,"player_choice":"Grow","damage_taken":0,"max_hp_gain":0,"max_hp_loss":0,"event_name":"Living Wall","floor":5,"gold_loss":0,"cards_upgraded":["Guardian:SpikerProtocol"]},{"damage_healed":0,"gold_gain":0,"player_choice":"Success","damage_taken":3,"relics_obtained":["Pantograph"],"max_hp_gain":0,"max_hp_loss":0,"event_name":"Scrap Ooze","floor":10,"gold_loss":0}],"is_beta":false,"boss_relics":[{"not_picked":["Pandora\u0027s Box","Runic Dome"],"picked":"Sozu"}],"items_purged_floors":[23],"is_endless":false,"potions_floor_spawned":[2,9,11,15,16,19,20],"killed_by":"WA_ARCHETYPE_CALM","ascension_level":8}}