{"host":"eaiphzh066bwqdh7","time":1611347852,"event":{"mods":["BaseMod","Hubris","Minty Spire (QoL Compilation)","Replay The Spire","StSLib"],"gold_per_floor":[210,210,227,402,429,429,447,125,125,156,156,156,121,21,21,117,117,135,10,10,27,41,41,53,82,82,113,113,113,132,132,132,228,228,239,239,89,137,157,192,192,217,217,237,237,255,255,255,255,255,255],"floor_reached":50,"language":"ENG","playtime":2006,"items_purged":["Defend_R","Doubt","Defend_R"],"score":612,"play_id":"7bf0dd7b-862e-47e1-b45b-81e0531fbe3a","local_time":"20210122153732","is_ascension_mode":true,"campfire_choices":[{"data":"Life Link","floor":6,"key":"SMITH"},{"floor":11,"key":"REST"},{"data":"Searing Blow","floor":15,"key":"SMITH"},{"floor":23,"key":"REST"},{"floor":28,"key":"REST"},{"floor":32,"key":"REST"},{"floor":41,"key":"REST"},{"floor":45,"key":"REST"},{"floor":49,"key":"REST"}],"circlet_count":0,"master_deck":["Strike_R","Strike_R","Strike_R+1","Strike_R","Defend_R","Defend_R","Bash","Life Link+1","Searing Blow+1","Shrug It Off+1","Twin Strike","Immolate+1","Rage+1","Headbutt","Run Through+1","Spot Weakness","Rampage+1","True Grit","Headbutt","Double Tap+1","Cleave+1","CommonCold","Sword Boomerang+1","Sword Boomerang+1","Cleave+1","Eclipse","hubris:SharpeningStone+1","Rupture+1","Enlightenment"],"relics":["Burning Blood","Orichalcum","Snack Pack","ReplayTheSpireMod:Lightbulb","Regal Pillow","hubris:ScarierMask","Replay:Bottled Eggs","Whetstone","hubris:Spice","Replay:Accelerometer","Runic Pyramid","Ring of Chaos","Guide Book","Replay:Towering Pillar of Hats","Oddly Smooth Stone","Replay:WaspNest","hubris:Reverence","hubris:SlimyHat"],"acts_visited":["Exordium","TheCity","TheBeyond"],"potions_floor_usage":[3,10,16,27,33,40],"damage_taken":[{"damage":0,"enemies":"Small Slimes","floor":1,"turns":3},{"damage":0,"enemies":"2 Louse","floor":3,"turns":2},{"damage":12,"enemies":"Jaw Worm","floor":7,"turns":3},{"damage":59,"enemies":"3 Sentries","floor":10,"turns":11},{"damage":75,"enemies":"Fading Forest","floor":16,"turns":11},{"damage":36,"enemies":"Shell Parasite","floor":18,"turns":6},{"damage":3,"enemies":"2 Thieves","floor":21,"turns":3},{"damage":34,"enemies":"Snecko","floor":22,"turns":5},{"damage":12,"enemies":"Centurion and Healer","floor":24,"turns":4},{"damage":58,"enemies":"Book of Stabbing","floor":25,"turns":6},{"damage":16,"enemies":"Gremlin Leader","floor":27,"turns":5},{"damage":12,"enemies":"Chosen and Byrds","floor":30,"turns":4},{"damage":73,"enemies":"Champ","floor":33,"turns":10},{"damage":32,"enemies":"3 Shapes","floor":35,"turns":4},{"damage":23,"enemies":"2 Orb Walkers","floor":38,"turns":3},{"damage":9,"enemies":"3 Darklings","floor":39,"turns":3},{"damage":15,"enemies":"Nemesis","floor":40,"turns":5},{"damage":38,"enemies":"R_Hoarder","floor":42,"turns":8},{"damage":21,"enemies":"Writhing Mass","floor":44,"turns":2},{"damage":37,"enemies":"Spire Growth","floor":46,"turns":3},{"damage":100,"enemies":"hubris:GrandSnecko","floor":50,"turns":12}],"seed_played":"-14232342376922446","potions_obtained":[{"floor":1,"key":"AttackPotion"},{"floor":7,"key":"LiquidBronze"},{"floor":10,"key":"ColorlessPotion"},{"floor":22,"key":"SpeedPotion"},{"floor":25,"key":"Reflective Coating"},{"floor":27,"key":"Weak Potion"},{"floor":35,"key":"SpeedPotion"},{"floor":39,"key":"AttackPotion"}],"is_trial":false,"path_per_floor":["M","?","M","?","T","R","M","$","T","E","R","?","?","$","R","B",null,"M","$","?","M","M","R","M","E","T","E","R","?","M","?","R","B",null,"M","?","$","?","M","E","R","E","T","M","R","M","?","T","R","B"],"character_chosen":"IRONCLAD","items_purchased":["Snack Pack","Guide Book"],"campfire_rested":7,"item_purchase_floors":[8,37],"current_hp_per_floor":[80,80,80,80,80,80,74,74,74,21,60,60,80,80,80,39,80,50,50,50,53,27,66,64,12,20,10,51,51,47,76,88,25,88,62,62,62,47,44,35,76,50,50,35,76,45,45,45,86,0,0],"gold":255,"neow_bonus":"HUNDRED_GOLD","is_daily":false,"chose_seed":false,"campfire_upgraded":2,"win_rate":0.0,"timestamp":1611347852,"path_taken":["M","?","M","?","?","R","?","$","T","E","R","?","?","?","R","BOSS","M","$","?","M","M","R","M","E","T","E","R","?","?","?","R","BOSS","M","?","$","?","M","E","R","E","T","M","R","M","?","?","R","BOSS"],"items_purchased_type":["Relic","Relic"],"build_version":"2020-12-22","purchased_purges":3,"victory":false,"max_hp_per_floor":[80,80,80,80,80,80,80,80,80,80,80,80,80,80,80,80,80,80,80,80,80,80,80,80,80,88,88,88,88,88,88,88,88,88,88,88,88,88,88,88,88,88,88,88,88,88,88,88,88,88,88],"card_choices":[{"not_picked":["Inflame","Seeing Red"],"picked":"Life Link","floor":1},{"not_picked":["Thunderclap","Warcry"],"picked":"Searing Blow","floor":3},{"not_picked":["Warcry","Replay:Undeath\u0027s Touch"],"picked":"Shrug It Off","floor":7},{"not_picked":["Wild Strike","ReplayTheSpireMod:LeadingStrike"],"picked":"Twin Strike","floor":10},{"not_picked":["Replay:Many Hands","Corruption"],"picked":"Immolate","floor":16},{"not_picked":["Armaments","Pommel Strike"],"picked":"Rage","floor":18},{"not_picked":["Replay:Undeath\u0027s Touch","Massacre"],"picked":"Headbutt","floor":21},{"not_picked":["True Grit","Uppercut+1"],"picked":"Run Through","floor":22},{"not_picked":["Battle Trance","Anger+1"],"picked":"Spot Weakness","floor":24},{"not_picked":["Battle Trance","Flame Barrier"],"picked":"Rampage+1","floor":25},{"not_picked":["Replay:Undeath\u0027s Touch","Uppercut"],"picked":"True Grit","floor":27},{"not_picked":["Havoc+1","Warcry"],"picked":"Headbutt","floor":30},{"not_picked":["Bludgeon","Offering"],"picked":"Double Tap","floor":33},{"not_picked":["Havoc+1","Warcry"],"picked":"Cleave+1","floor":35},{"not_picked":["Spot Weakness","Reckless Charge"],"picked":"Sword Boomerang+1","floor":38},{"not_picked":["ReplayTheSpireMod:Muscle Training+1","Uppercut+1"],"picked":"Sword Boomerang+1","floor":39},{"not_picked":["Massacre","Sword Boomerang+1"],"picked":"Cleave+1","floor":40},{"not_picked":["Replay:Undeath\u0027s Touch","Rupture"],"picked":"Eclipse","floor":42},{"not_picked":["Wild Strike+1","Headbutt+1"],"picked":"hubris:SharpeningStone+1","floor":44},{"not_picked":["Burning Pact","Warcry+1"],"picked":"Rupture+1","floor":46},{"not_picked":["Mayhem","Purity"],"picked":"Enlightenment","floor":47}],"player_experience":171352,"relics_obtained":[{"floor":5,"key":"Orichalcum"},{"floor":9,"key":"ReplayTheSpireMod:Lightbulb"},{"floor":10,"key":"Regal Pillow"},{"floor":25,"key":"Whetstone"},{"floor":26,"key":"hubris:Spice"},{"floor":27,"key":"Replay:Accelerometer"},{"floor":36,"key":"Ring of Chaos"},{"floor":38,"key":"Replay:Towering Pillar of Hats"},{"floor":40,"key":"Oddly Smooth Stone"},{"floor":42,"key":"Replay:WaspNest"},{"floor":43,"key":"hubris:Reverence"},{"floor":48,"key":"hubris:SlimyHat"}],"event_choices":[{"cards_removed":["Strike_R"],"damage_healed":0,"gold_gain":0,"player_choice":"Forget","damage_taken":0,"max_hp_gain":0,"max_hp_loss":0,"event_name":"Living Wall","floor":2,"gold_loss":0},{"damage_healed":0,"gold_gain":175,"player_choice":"AGREE","damage_taken":0,"max_hp_gain":0,"max_hp_loss":0,"event_name":"Liars Game","floor":4,"gold_loss":0,"cards_obtained":["Doubt"]},{"damage_healed":20,"gold_gain":0,"player_choice":"Healed","damage_taken":0,"max_hp_gain":0,"max_hp_loss":0,"event_name":"The Cleric","floor":13,"gold_loss":35},{"damage_healed":0,"gold_gain":0,"player_choice":"Stole Relic","damage_taken":0,"relics_obtained":["Replay:Bottled Eggs"],"max_hp_gain":0,"max_hp_loss":0,"event_name":"Addict","floor":20,"gold_loss":0,"cards_obtained":["Shame"]},{"cards_removed":["Shame"],"damage_healed":0,"gold_gain":0,"player_choice":"Purged","damage_taken":0,"max_hp_gain":0,"max_hp_loss":0,"event_name":"Purifier","floor":29,"gold_loss":0},{"damage_healed":29,"gold_gain":0,"player_choice":"Heal","damage_taken":0,"max_hp_gain":0,"max_hp_loss":0,"event_name":"The Library","floor":31,"gold_loss":0},{"damage_healed":0,"gold_gain":0,"player_choice":"Fight","damage_taken":0,"max_hp_gain":0,"max_hp_loss":0,"event_name":"Mysterious Sphere","floor":38,"gold_loss":0},{"damage_healed":0,"gold_gain":0,"player_choice":"Memory 1","damage_taken":0,"max_hp_gain":0,"max_hp_loss":0,"event_name":"SensoryStone","floor":47,"gold_loss":0}],"is_beta":false,"boss_relics":[{"not_picked":["Coffee Dripper","Fusion Hammer"],"picked":"hubris:ScarierMask"},{"not_picked":["hubris:Spice","Cursed Key"],"picked":"Runic Pyramid"}],"items_purged_floors":[8,14,19],"is_endless":false,"potions_floor_spawned":[1,7,10,22,25,27,35,39],"killed_by":"hubris:GrandSnecko","ascension_level":2}}