{"host":"13o02hya6v6rzuva","time":1611329896,"event":{"mods":["BaseMod","Minty Spire (QoL Compilation)","Relic Stats"],"gold_per_floor":[115,125,140,140,159,159,192,267,267,307,328,328,367,367,367,497,497,518,478,501,525,546,546,587,587,587,235,235,249,193,213,213,332,332,356,10,10,64,24,24,24,47,70,70,70,11,55,73,73,73,73],"floor_reached":50,"language":"ENG","playtime":2030,"items_purged":["Injury"],"score":717,"play_id":"3d427bbc-f715-47b1-b734-5577a17900ed","local_time":"20210122163816","is_ascension_mode":true,"campfire_choices":[{"data":"Bane","floor":6.0,"key":"SMITH"},{"floor":12.0,"key":"REST"},{"floor":15.0,"key":"REST"},{"floor":23.0,"key":"RECALL"},{"data":"After Image","floor":25,"key":"SMITH"},{"floor":32,"key":"REST"},{"data":"Noxious Fumes","floor":40,"key":"SMITH"},{"data":"Burst","floor":44,"key":"SMITH"},{"data":"Catalyst","floor":49,"key":"SMITH"}],"circlet_count":0,"master_deck":["Strike_G","Strike_G+1","Defend_G","Defend_G","Defend_G","Defend_G+1","Survivor","Neutralize","Noxious Fumes+1","Poisoned Stab+1","Envenom+1","Bane+1","Deadly Poison","PiercingWail+1","Leg Sweep+1","After Image","Poisoned Stab","After Image+1","Blur+1","Leg Sweep+1","Deadly Poison+1","Blade Dance+1","Footwork+1","Catalyst+1","Eviscerate","Noxious Fumes+1","Catalyst+1","Burst+1","CurseOfTheBell","Backflip+1","PiercingWail"],"relics":["Astrolabe","Golden Idol","WingedGreaves","FossilizedHelix","Dead Branch","The Courier","HoveringKite","Happy Flower","Bronze Scales","Tiny Chest","Calling Bell","Boot","Meat on the Bone","Gambling Chip","Lee\u0027s Waffle","Juzu Bracelet","Lantern","Potion Belt","Nunchaku","White Beast Statue"],"acts_visited":["Exordium","TheCity","TheBeyond"],"potions_floor_usage":[24,33,33,47,47,47,50,50],"damage_taken":[{"damage":0.0,"enemies":"Jaw Worm","floor":1.0,"turns":4.0},{"damage":0.0,"enemies":"Small Slimes","floor":2.0,"turns":2.0},{"damage":4.0,"enemies":"Cultist","floor":3.0,"turns":4.0},{"damage":13.0,"enemies":"Large Slime","floor":5.0,"turns":5.0},{"damage":26.0,"enemies":"3 Sentries","floor":7.0,"turns":6.0},{"damage":0.0,"enemies":"Lagavulin","floor":10.0,"turns":7.0},{"damage":0.0,"enemies":"Red Slaver","floor":11.0,"turns":4.0},{"damage":0.0,"enemies":"Gremlin Nob","floor":13.0,"turns":5.0},{"damage":0.0,"enemies":"The Guardian","floor":16.0,"turns":8.0},{"damage":0.0,"enemies":"3 Byrds","floor":18.0,"turns":5.0},{"damage":3.0,"enemies":"Spheric Guardian","floor":20.0,"turns":6.0},{"damage":0.0,"enemies":"Shelled Parasite and Fungi","floor":21.0,"turns":6.0},{"damage":9.0,"enemies":"Cultist and Chosen","floor":22.0,"turns":8.0},{"damage":0,"enemies":"Gremlin Leader","floor":24,"turns":7},{"damage":8,"enemies":"Centurion and Healer","floor":29,"turns":5},{"damage":14,"enemies":"Snake Plant","floor":31,"turns":4},{"damage":25,"enemies":"Automaton","floor":33,"turns":11},{"damage":0,"enemies":"Orb Walker","floor":35,"turns":2},{"damage":15,"enemies":"3 Darklings","floor":42,"turns":5},{"damage":0,"enemies":"Reptomancer","floor":47,"turns":5},{"damage":8,"enemies":"Maw","floor":48,"turns":7},{"damage":56,"enemies":"Awakened One","floor":50,"turns":8}],"seed_played":"-7376731728531126219","potions_obtained":[{"floor":3.0,"key":"BlessingOfTheForge"},{"floor":5.0,"key":"Strength Potion"},{"floor":11.0,"key":"LiquidBronze"},{"floor":16.0,"key":"Dexterity Potion"},{"floor":20.0,"key":"Weak Potion"},{"floor":22.0,"key":"DistilledChaos"},{"floor":24,"key":"GhostInAJar"},{"floor":29,"key":"AttackPotion"},{"floor":42,"key":"Energy Potion"},{"floor":47,"key":"Poison Potion"},{"floor":48,"key":"Ancient Potion"}],"is_trial":false,"path_per_floor":["M","M","M","?","M","R","E","?","T","E","M","R","E","?","R","B",null,"M","?","M","M","M","R","E","R","T","$","?","M","$","M","R","B",null,"M","$","?","T","$","R","?","M","T","R","?","$","E","M","R","B"],"character_chosen":"THE_SILENT","items_purchased":["Bronze Scales","Tiny Chest","Catalyst","Noxious Fumes","Lee\u0027s Waffle","Juzu Bracelet","Lantern","Explosive Potion","DistilledChaos"],"campfire_rested":3,"item_purchase_floors":[27,27,27,30,36,36,36,39,46],"current_hp_per_floor":[70,70,66,66,53,53,27,16,16,16,16,37,37,23,44,44,70,70,70,67,67,58,58,58,58,58,58,58,50,50,36,57,32,70,70,77,77,77,77,77,77,62,62,62,62,62,62,54,54,0,0],"gold":73,"neow_bonus":"BOSS_RELIC","is_daily":false,"chose_seed":false,"campfire_upgraded":5,"win_rate":0.0,"timestamp":1611329896,"path_taken":["M","M","M","?","M","R","E","?","T","E","M","R","E","?","R","BOSS","M","?","M","?","M","R","E","R","T","$","?","M","$","?","R","BOSS","M","$","?","?","$","R","?","M","T","R","?","?","E","M","R","BOSS"],"items_purchased_type":["Relic","Relic","Card","Card","Relic","Relic","Relic","Potion","Potion"],"build_version":"2020-12-22","purchased_purges":1,"victory":false,"max_hp_per_floor":[70,70,70,70,70,70,70,70,70,70,70,70,70,70,70,70,70,70,70,70,70,70,70,70,70,70,70,70,70,70,70,70,70,70,70,77,77,77,77,77,77,77,77,77,73,73,73,73,73,73,73],"relic_stats":{"Lee\u0027s Waffle":7,"Happy Flower":[15],"counters":[22,124],"Golden Idol":137,"Astrolabe":["Noxious Fumes","Poisoned Stab","Envenom"],"Dead Branch":[67],"HoveringKite":[10],"Juzu Bracelet":1,"Boot":[33],"Nunchaku":[3],"Bronze Scales":[171],"Gambling Chip":[5],"Tiny Chest":1,"obtain_stats":[{"Potion Belt":38,"Lee\u0027s Waffle":36,"Lantern":36,"Happy Flower":24,"Golden Idol":4,"Astrolabe":0,"Dead Branch":10,"HoveringKite":17,"The Courier":13,"Juzu Bracelet":36,"Boot":34,"White Beast Statue":47,"Calling Bell":34,"Nunchaku":43,"Bronze Scales":27,"Gambling Chip":34,"Tiny Chest":27,"WingedGreaves":7,"FossilizedHelix":9,"Ring of the Snake":0,"Meat on the Bone":34},{"Potion Belt":18,"Lee\u0027s Waffle":18,"Lantern":18,"Happy Flower":14,"Golden Idol":3,"Astrolabe":0,"Dead Branch":6,"HoveringKite":9,"The Courier":8,"Juzu Bracelet":18,"Boot":17,"White Beast Statue":20,"Calling Bell":17,"Nunchaku":19,"Bronze Scales":14,"Gambling Chip":17,"Tiny Chest":14,"WingedGreaves":5,"FossilizedHelix":5,"Ring of the Snake":0,"Meat on the Bone":17},{"Potion Belt":99,"Lee\u0027s Waffle":99,"Lantern":99,"Happy Flower":77,"Golden Idol":10,"Astrolabe":0,"Dead Branch":28,"HoveringKite":45,"The Courier":37,"Juzu Bracelet":99,"Boot":97,"White Beast Statue":109,"Calling Bell":97,"Nunchaku":104,"Bronze Scales":77,"Gambling Chip":97,"Tiny Chest":77,"WingedGreaves":21,"FossilizedHelix":21,"Ring of the Snake":0,"Meat on the Bone":97}],"Meat on the Bone":0},"card_choices":[{"not_picked":["Deadly Poison","Poisoned Stab"],"picked":"Bane","floor":1.0},{"not_picked":["Slice","Reflex","Sucker Punch"],"picked":"SKIP","floor":2.0},{"not_picked":["Blade Dance","Quick Slash"],"picked":"Deadly Poison","floor":3.0},{"not_picked":["Expertise","Flying Knee"],"picked":"PiercingWail","floor":5.0},{"not_picked":["A Thousand Cuts","Backflip"],"picked":"Leg Sweep","floor":7.0},{"not_picked":["All Out Attack","Terror"],"picked":"After Image","floor":10.0},{"not_picked":["Prepared","Dagger Spray"],"picked":"Poisoned Stab","floor":11.0},{"not_picked":["Dagger Throw","Acrobatics"],"picked":"Dagger Spray","floor":13.0},{"not_picked":["Tools of the Trade","Phantasmal Killer"],"picked":"After Image","floor":16.0},{"not_picked":["Expertise","Outmaneuver"],"picked":"Blur+1","floor":18.0},{"not_picked":["Poisoned Stab","Finisher"],"picked":"Leg Sweep+1","floor":20.0},{"not_picked":["Flechettes+1","Slice"],"picked":"Deadly Poison+1","floor":21.0},{"not_picked":["Choke+1","Sucker Punch+1"],"picked":"Blade Dance+1","floor":22.0},{"not_picked":["Wraith Form v2","All Out Attack+1"],"picked":"Footwork+1","floor":24},{"not_picked":["Eviscerate","Dagger Throw","Underhanded Strike"],"picked":"SKIP","floor":29},{"not_picked":["Poisoned Stab","Deflect"],"picked":"Catalyst","floor":31},{"not_picked":["Bullet Time","Envenom"],"picked":"Burst","floor":33},{"not_picked":["Acrobatics","Prepared+1"],"picked":"Backflip+1","floor":35},{"not_picked":["All Out Attack+1","Reflex+1"],"picked":"PiercingWail","floor":42},{"not_picked":["Acrobatics+1","Deflect","Dagger Throw+1"],"picked":"SKIP","floor":47},{"not_picked":["Poisoned Stab","Deflect","Tactician"],"picked":"SKIP","floor":48}],"player_experience":1153064,"relics_obtained":[{"floor":7.0,"key":"WingedGreaves"},{"floor":9.0,"key":"FossilizedHelix"},{"floor":10.0,"key":"Dead Branch"},{"floor":13.0,"key":"The Courier"},{"floor":24,"key":"Happy Flower"},{"floor":34,"key":"Boot"},{"floor":34,"key":"Meat on the Bone"},{"floor":34,"key":"Gambling Chip"},{"floor":38,"key":"Potion Belt"},{"floor":43,"key":"Nunchaku"},{"floor":47,"key":"White Beast Statue"}],"event_choices":[{"damage_healed":0.0,"max_hp_gain":0.0,"max_hp_loss":0.0,"gold_gain":0.0,"event_name":"Golden Idol","player_choice":"Take Wound","floor":4.0,"gold_loss":0.0,"damage_taken":0.0,"relics_obtained":["Golden Idol"],"cards_obtained":["Injury"]},{"damage_healed":0.0,"max_hp_gain":0.0,"max_hp_loss":0.0,"gold_gain":75.0,"event_name":"World of Goop","player_choice":"Gather Gold","floor":8.0,"gold_loss":0.0,"damage_taken":11.0},{"damage_healed":0.0,"max_hp_gain":0.0,"max_hp_loss":0.0,"gold_gain":0.0,"event_name":"Shining Light","player_choice":"Entered Light","floor":14.0,"gold_loss":0.0,"damage_taken":14.0,"cards_upgraded":["PiercingWail","Leg Sweep"]},{"damage_healed":0.0,"max_hp_gain":0.0,"max_hp_loss":0.0,"gold_gain":0.0,"event_name":"Designer","player_choice":"Upgraded Two","floor":19.0,"gold_loss":40.0,"damage_taken":0.0,"cards_upgraded":["Defend_G","Strike_G"]},{"damage_healed":0,"gold_gain":0,"cards_transformed":["Strike_G"],"player_choice":"Transformed","damage_taken":0,"max_hp_gain":0,"max_hp_loss":0,"event_name":"Transmorgrifier","floor":28,"gold_loss":0,"cards_obtained":["Eviscerate"]},{"damage_healed":0,"gold_gain":0,"player_choice":"Forge","damage_taken":0,"max_hp_gain":0,"max_hp_loss":0,"event_name":"Accursed Blacksmith","floor":37,"gold_loss":0,"cards_upgraded":["Catalyst"]},{"cards_removed":["Dagger Spray"],"damage_healed":0,"gold_gain":0,"player_choice":"Removed Attack","damage_taken":0,"max_hp_gain":0,"max_hp_loss":0,"event_name":"Falling","floor":41,"gold_loss":0},{"damage_healed":0,"gold_gain":0,"player_choice":"Max HP","damage_taken":0,"max_hp_gain":0,"max_hp_loss":4,"event_name":"Winding Halls","floor":45,"gold_loss":0}],"is_beta":false,"boss_relics":[{"not_picked":["Coffee Dripper","Runic Dome"],"picked":"HoveringKite"},{"not_picked":["Cursed Key","Philosopher\u0027s Stone"],"picked":"Calling Bell"}],"items_purged_floors":[27],"is_endless":false,"potions_floor_spawned":[3,5,11,16,20,22,24,29,42,47,48],"killed_by":"Awakened One","ascension_level":1}}