{"host":"8fuipfsvjht9cgcs","time":1611359413,"event":{"mods":["AchievementEnabler","BaseMod","Colored Map","Colored Powertips","DeckTracker","Friendly Minions","Kiyohime£¨?ýï£©","Marisa£¨Ùöéë¡¡Øª×âÞÞ£©","Minty Spire (QoL Compilation)","Prisma Mod","StSLib","SuperFastMode","The Cursed","The Gatherer"],"gold_per_floor":[15,15,15,35,59,59,59,59,59,59,78,113,134,150,150,270,270],"floor_reached":16,"language":"KOR","playtime":1368,"items_purged":[],"score":213,"play_id":"8e4e1821-edcf-490e-8d18-72006f4b5753","local_time":"20210123125013","is_ascension_mode":true,"campfire_choices":[{"data":"Eruption","floor":6,"key":"SMITH"},{"data":"BowlingBash","floor":8,"key":"SMITH"},{"data":"DeusExMachina","floor":10,"key":"SMITH"},{"data":"EmptyBody","floor":15,"key":"SMITH"}],"circlet_count":0,"master_deck":["Strike_P","Strike_P","Strike_P","Defend_P","Defend_P","Defend_P","Defend_P","Eruption+1","Vigilance","DeusExMachina+1","EmptyBody+1","BowlingBash+1","Protect","InnerPeace","Protect","Ragnarok"],"relics":["PureWater","Golden Idol","Mercury Hourglass","Darkstone Periapt"],"acts_visited":["Exordium"],"potions_floor_usage":[],"damage_taken":[{"damage":0,"enemies":"2 Louse","floor":1,"turns":3},{"damage":0,"enemies":"Cultist","floor":4,"turns":4},{"damage":0,"enemies":"Small Slimes","floor":5,"turns":5},{"damage":0,"enemies":"3 Louse","floor":11,"turns":4},{"damage":1,"enemies":"Lagavulin","floor":12,"turns":7},{"damage":5,"enemies":"Gremlin Gang","floor":13,"turns":4},{"damage":5,"enemies":"Exordium Thugs","floor":14,"turns":6},{"damage":31,"enemies":"The Guardian","floor":16,"turns":14}],"seed_played":"-6689830488239793142","potions_obtained":[{"floor":11,"key":"GamblersBrew"},{"floor":12,"key":"SpeedPotion"},{"floor":16,"key":"Ambrosia"}],"is_trial":false,"path_per_floor":["M","?","$","M","M","R","?","R","T","R","M","E","M","M","R","B"],"character_chosen":"WATCHER","items_purchased":[],"campfire_rested":0,"item_purchase_floors":[],"current_hp_per_floor":[65,47,47,47,47,47,47,47,47,47,47,46,41,36,36,5,5],"gold":270,"neow_bonus":"THREE_RARE_CARDS","is_daily":false,"chose_seed":false,"campfire_upgraded":4,"win_rate":0.0,"timestamp":1611359413,"path_taken":["M","?","$","M","M","R","?","R","T","R","M","E","M","M","R","BOSS"],"items_purchased_type":[],"build_version":"2020-12-22","purchased_purges":0,"victory":false,"max_hp_per_floor":[72,72,72,72,72,72,72,72,72,72,72,72,72,72,72,72,72],"card_choices":[{"not_picked":["Vault","Ragnarok"],"picked":"DeusExMachina","floor":0},{"not_picked":["ReachHeaven","PathToVictory"],"picked":"EmptyBody","floor":1},{"not_picked":["PathToVictory","EmptyBody","JustLucky"],"picked":"SKIP","floor":4},{"not_picked":["WaveOfTheHand","Protect"],"picked":"BowlingBash","floor":5},{"not_picked":["WaveOfTheHand","Judgement"],"picked":"Protect","floor":11},{"not_picked":["JustLucky","FollowUp"],"picked":"InnerPeace","floor":12},{"not_picked":["BowlingBash","Fasting2"],"picked":"Protect","floor":13},{"not_picked":["Protect","BowlingBash","FollowUp"],"picked":"SKIP","floor":14},{"not_picked":["Blasphemy","Brilliance"],"picked":"Ragnarok","floor":16}],"player_experience":453350,"relics_obtained":[{"floor":9,"key":"Mercury Hourglass"},{"floor":12,"key":"Darkstone Periapt"}],"event_choices":[{"damage_healed":0,"gold_gain":0,"player_choice":"Take Damage","damage_taken":18,"relics_obtained":["Golden Idol"],"max_hp_gain":0,"max_hp_loss":0,"event_name":"Golden Idol","floor":2,"gold_loss":0},{"cards_removed":["Strike_P"],"damage_healed":0,"gold_gain":0,"player_choice":"Purged","damage_taken":0,"max_hp_gain":0,"max_hp_loss":0,"event_name":"Purifier","floor":7,"gold_loss":0}],"is_beta":false,"boss_relics":[],"items_purged_floors":[],"is_endless":false,"potions_floor_spawned":[11,12,16],"killed_by":"The Guardian","ascension_level":8}}