{"host":"j4g6ia6asvpyu2b0","time":1611344827,"event":{"mods":["BaseMod","Colored Map","Minty Spire (QoL Compilation)","Permanent Neow","Quick Restart","Relic Stats","StSLib","Unceasing Turn Reminder"],"gold_per_floor":[118,46,62,81,101,135,135,165,239,239,256,256,281,206,206,206,206],"floor_reached":16,"language":"ENG","playtime":650,"items_purged":["Strike_B"],"score":247,"play_id":"b9940108-a029-4f91-b1b9-09f66c4bd271","local_time":"20210122124707","is_ascension_mode":true,"campfire_choices":[{"data":"Consume","floor":7,"key":"SMITH"},{"data":"Loop","floor":10,"key":"SMITH"},{"data":"Recycle","floor":15,"key":"SMITH"}],"circlet_count":0,"master_deck":["AscendersBane","Strike_B","Strike_B","Defend_B","Defend_B","Defend_B","Defend_B","Zap","Dualcast","Machine Learning","Cold Snap","Loop+1","Coolheaded","Consume+1","Ball Lightning","Recycle+1","Reinforced Body","Hologram","Static Discharge"],"relics":["Cracked Core","Lantern","CaptainsWheel","Gremlin Horn","Nunchaku"],"acts_visited":["Exordium"],"potions_floor_usage":[6,16],"damage_taken":[{"damage":1,"enemies":"2 Louse","floor":1,"turns":2},{"damage":0,"enemies":"Cultist","floor":3,"turns":3},{"damage":1,"enemies":"Small Slimes","floor":4,"turns":4},{"damage":18,"enemies":"3 Louse","floor":5,"turns":4},{"damage":22,"enemies":"Gremlin Nob","floor":6,"turns":4},{"damage":7,"enemies":"3 Sentries","floor":8,"turns":9},{"damage":9,"enemies":"Exordium Wildlife","floor":11,"turns":4},{"damage":0,"enemies":"Lagavulin","floor":13,"turns":8},{"damage":23,"enemies":"The Guardian","floor":16,"turns":2}],"seed_played":"-506205602154768327","potions_obtained":[{"floor":4,"key":"Ancient Potion"},{"floor":5,"key":"Explosive Potion"},{"floor":6,"key":"SpeedPotion"},{"floor":8,"key":"GamblersBrew"}],"is_trial":false,"path_per_floor":["M","$","M","M","M","E","R","E","T","R","M","?","E","$","R","B"],"character_chosen":"DEFECT","items_purchased":["Loop"],"campfire_rested":0,"item_purchase_floors":[2],"current_hp_per_floor":[63,63,63,62,44,22,22,15,15,15,6,6,6,6,6,0,0],"gold":206,"neow_bonus":"ONE_RANDOM_RARE_CARD","is_daily":false,"chose_seed":false,"campfire_upgraded":3,"win_rate":0.0,"timestamp":1611344827,"path_taken":["M","$","M","M","M","E","R","E","T","R","M","?","E","?","R","BOSS"],"items_purchased_type":["Card"],"build_version":"2020-12-22","purchased_purges":1,"victory":false,"max_hp_per_floor":[71,71,71,71,71,71,71,71,71,71,71,71,71,71,71,71,71],"relic_stats":{"Nunchaku":[0],"Gremlin Horn":[1,1],"counters":[9,40],"obtain_stats":[{"Lantern":6,"CaptainsWheel":8,"Nunchaku":13,"Gremlin Horn":9,"Cracked Core":0},{"Lantern":5,"CaptainsWheel":6,"Nunchaku":8,"Gremlin Horn":6,"Cracked Core":0},{"Lantern":17,"CaptainsWheel":26,"Nunchaku":38,"Gremlin Horn":26,"Cracked Core":0}]},"card_choices":[{"not_picked":["Turbo","Hello World"],"picked":"Cold Snap","floor":1},{"not_picked":["Hologram","Turbo"],"picked":"Coolheaded","floor":3},{"not_picked":["Turbo","Steam Power"],"picked":"Consume","floor":4},{"not_picked":["Beam Cell","Redo"],"picked":"Ball Lightning","floor":5},{"not_picked":["Hologram","Thunder Strike"],"picked":"Recycle","floor":6},{"not_picked":["Go for the Eyes","Skim"],"picked":"Reinforced Body","floor":8},{"not_picked":["Hello World","Go for the Eyes"],"picked":"Hologram","floor":11},{"not_picked":["Genetic Algorithm","Leap"],"picked":"Static Discharge","floor":13}],"player_experience":932937,"relics_obtained":[{"floor":6,"key":"Lantern"},{"floor":8,"key":"CaptainsWheel"},{"floor":9,"key":"Gremlin Horn"},{"floor":13,"key":"Nunchaku"}],"event_choices":[{"cards_removed":["Strike_B"],"damage_healed":0,"gold_gain":0,"player_choice":"Card Removal","damage_taken":0,"max_hp_gain":0,"max_hp_loss":0,"event_name":"Wheel of Change","floor":12,"gold_loss":0}],"is_beta":false,"boss_relics":[],"items_purged_floors":[14],"is_endless":false,"potions_floor_spawned":[4,5,6,8,11],"killed_by":"The Guardian","ascension_level":14}}