{"host":"7f01flv6y0vhl3vt","time":1611354815,"event":{"mods":["Act Like it!","BaseMod","Downfall","Minty Spire (QoL Compilation)","StSLib"],"gold_per_floor":[99,549,561,579,579,479,479,379,392,392,403,415,415,434,448,448,448,448],"floor_reached":16,"language":"ENG","playtime":1398,"items_purged":[],"score":94,"play_id":"fea54955-0ac0-49b8-8bf9-d3f222978ed9","local_time":"20210122173335","is_ascension_mode":false,"campfire_choices":[{"floor":1,"key":"RECALL"},{"floor":6,"key":"REST"},{"data":"sneckomod:Cheat","floor":8,"key":"SMITH"},{"floor":13,"key":"REST"}],"circlet_count":0,"master_deck":["sneckomod:Strike","sneckomod:Strike+1","sneckomod:Strike","sneckomod:Defend","sneckomod:Defend","sneckomod:Defend","sneckomod:TailWhip","sneckomod:SnekBite","sneckomod:Unknown","sneckomod:Unknown","downfall:Icky","downfall:Icky","downfall:Icky","sneckomod:Unknown2Cost","sneckomod:Cheat+1","sneckomod:UnknownVulnerable","sneckomod:UnknownX","sneckomod:Unknown2Cost","sneckomod:IronFang","sneckomod:UnknownDexterity"],"relics":["sneckomod:SneckoSoul","downfall:BrokenWingStatue","downfall:HeartBlessingRed","downfall:HeartBlessingBlue","NlothsMask"],"acts_visited":["Exordium"],"potions_floor_usage":[12,15,15,16,16],"damage_taken":[{"damage":13,"enemies":"Cultist","floor":3,"turns":4},{"damage":16,"enemies":"Jaw Worm","floor":4,"turns":6},{"damage":19,"enemies":"Small Slimes","floor":9,"turns":5},{"damage":18,"enemies":"Exordium Thugs","floor":11,"turns":4},{"damage":16,"enemies":"2 Fungi Beasts","floor":12,"turns":5},{"damage":24,"enemies":"Blue Slaver","floor":14,"turns":4},{"damage":13,"enemies":"Lots of Slimes","floor":15,"turns":2},{"damage":43,"enemies":"DF_ARCHETYPE_STREAMLINE","floor":16,"turns":5}],"seed_played":"4120565440518035139","potions_obtained":[{"floor":0,"key":"SneckoOil"},{"floor":0,"key":"Explosive Potion"},{"floor":0,"key":"FearPotion"},{"floor":12,"key":"BlessingOfTheForge"},{"floor":15,"key":"Ancient Potion"}],"is_trial":false,"path_per_floor":["R","?","M","M","?","R","T","R","M","?","M","M","R","M","M","B"],"character_chosen":"THE_SNECKO","items_purchased":[],"campfire_rested":2,"item_purchase_floors":[],"current_hp_per_floor":[90,90,77,61,61,88,88,98,79,79,61,45,75,51,38,0,0,0],"gold":448,"neow_bonus":"THREE_SMALL_POTIONS","is_daily":false,"chose_seed":false,"campfire_upgraded":1,"win_rate":0.0,"timestamp":1611354815,"path_taken":["R","?","M","M","?","R","T","R","M","?","M","M","R","?","M","BOSS"],"items_purchased_type":[],"build_version":"2020-12-22","purchased_purges":0,"victory":false,"max_hp_per_floor":[90,90,90,90,90,90,90,100,100,100,100,100,100,100,100,100,100,100],"card_choices":[{"not_picked":["sneckomod:QuickBite","sneckomod:WideSting"],"picked":"sneckomod:Unknown2Cost","floor":3},{"not_picked":["sneckomod:UnknownWeak","sneckomod:UnknownUncommonSkill"],"picked":"sneckomod:Cheat","floor":4},{"not_picked":["sneckomod:UnknownBlock","sneckomod:UnknownX"],"picked":"sneckomod:UnknownVulnerable","floor":9},{"not_picked":["sneckomod:UnknownBlock","sneckomod:RainOfDice"],"picked":"sneckomod:UnknownX","floor":11},{"not_picked":["sneckomod:SoulRoll","sneckomod:SlitherStrike"],"picked":"sneckomod:Unknown2Cost","floor":12},{"not_picked":["sneckomod:UnknownBlock","sneckomod:Nope"],"picked":"sneckomod:IronFang","floor":14},{"not_picked":["sneckomod:WideSting","sneckomod:IronFang"],"picked":"sneckomod:UnknownDexterity","floor":15}],"player_experience":1366701,"relics_obtained":[],"event_choices":[{"damage_healed":0,"gold_gain":0,"player_choice":"Trade","damage_taken":0,"relics_obtained":["NlothsMask"],"max_hp_gain":0,"max_hp_loss":0,"event_name":"FaceTrader","floor":10,"gold_loss":0}],"is_beta":false,"boss_relics":[],"items_purged_floors":[],"is_endless":false,"potions_floor_spawned":[4,12,14,15],"killed_by":"DF_ARCHETYPE_STREAMLINE","ascension_level":0}}