{"host":"dw8189mw8rzr4e13","time":1611333023,"event":{"mods":["Act Like it!","BaseMod","Better Vampires","Colored Powertips","Minty Spire (QoL Compilation)","Rare Cards Sparkle","StSLib","The Marked"],"gold_per_floor":[119,119,131,144,160,160,171,198,223,223,256,269,269,282,282,385,385,403,419,419,419],"floor_reached":20,"language":"ZHS","playtime":1036,"items_purged":[],"score":197,"play_id":"d0666218-8df4-45d5-bb41-0567aa658e6e","local_time":"20210123003023","is_ascension_mode":true,"campfire_choices":[{"data":"theMarked:Reabsorb","floor":6.0,"key":"SMITH"},{"data":"theMarked:Generate","floor":10.0,"key":"SMITH"},{"data":"theMarked:ComboAttacks","floor":13.0,"key":"SMITH"},{"data":"theMarked:Polarize","floor":15.0,"key":"SMITH"}],"circlet_count":0,"master_deck":["theMarked:Strike","theMarked:Strike+1","theMarked:Strike","theMarked:Strike","theMarked:Strike+1","theMarked:Defend","theMarked:Defend","theMarked:Defend","theMarked:Defend","theMarked:SoldierOfQuellstein+1","theMarked:Reabsorb+1","theMarked:Generate+1","theMarked:SwordAndMagic","theMarked:ThrowWeapon","theMarked:ComboAttacks+1","theMarked:Polarize+1","theMarked:MuscleMemory","theMarked:HeightenedSenses","theMarked:Reabsorb+1"],"relics":["theMarked:ArtifactOfAir","Oddly Smooth Stone","Nunchaku","Centennial Puzzle","Whetstone","theMarked:SpiritSword"],"acts_visited":["Exordium","TheCity"],"potions_floor_usage":[],"damage_taken":[{"damage":0.0,"enemies":"Jaw Worm","floor":1.0,"turns":5.0},{"damage":0.0,"enemies":"2 Louse","floor":3.0,"turns":3.0},{"damage":0.0,"enemies":"Small Slimes","floor":4.0,"turns":3.0},{"damage":5.0,"enemies":"3 Louse","floor":5.0,"turns":3.0},{"damage":4.0,"enemies":"Exordium Wildlife","floor":7.0,"turns":4.0},{"damage":6.0,"enemies":"Lagavulin","floor":8.0,"turns":5.0},{"damage":21.0,"enemies":"3 Sentries","floor":11.0,"turns":8.0},{"damage":6.0,"enemies":"Blue Slaver","floor":12.0,"turns":2.0},{"damage":4.0,"enemies":"Looter","floor":14.0,"turns":2.0},{"damage":22.0,"enemies":"Hexaghost","floor":16.0,"turns":7.0},{"damage":24.0,"enemies":"2 Thieves","floor":18.0,"turns":3.0},{"damage":4.0,"enemies":"Shell Parasite","floor":19.0,"turns":2.0},{"damage":43,"enemies":"Shelled Parasite and Fungi","floor":20,"turns":3}],"seed_played":"2426846322461373359","potions_obtained":[{"floor":3.0,"key":"Dexterity Potion"},{"floor":5.0,"key":"Strength Potion"},{"floor":7.0,"key":"LiquidMemories"}],"is_trial":false,"path_per_floor":["M","?","M","M","M","R","M","E","T","R","E","M","R","M","R","B",null,"M","M","M"],"character_chosen":"THE_DEFAULT","items_purchased":[],"campfire_rested":0,"item_purchase_floors":[],"current_hp_per_floor":[70,70,70,70,65,65,61,55,55,55,34,28,28,24,24,2,70,46,42,0,0],"gold":419,"neow_bonus":"RANDOM_COMMON_RELIC","is_daily":false,"chose_seed":false,"campfire_upgraded":4,"win_rate":0.0,"timestamp":1611333023,"path_taken":["M","?","M","M","M","R","M","E","T","R","E","M","R","M","R","BOSS","M","M","M"],"items_purchased_type":[],"build_version":"2020-12-22","purchased_purges":0,"victory":false,"max_hp_per_floor":[70,70,70,70,70,70,70,70,70,70,70,70,70,70,70,70,70,70,70,70,70],"card_choices":[{"not_picked":["theMarked:ChainLightning","theMarked:Static"],"picked":"theMarked:Reabsorb","floor":1.0},{"not_picked":["theMarked:GodGivenPower","theMarked:TwofoldDefense"],"picked":"theMarked:Generate","floor":3.0},{"not_picked":["theMarked:ResourceFulStrike","theMarked:TwofoldDefense","theMarked:ElectricStrings"],"picked":"SKIP","floor":4.0},{"not_picked":["theMarked:KeepCalmAndFightOn","theMarked:ElectricStrings"],"picked":"theMarked:SwordAndMagic","floor":5.0},{"not_picked":["theMarked:HeightenedSenses","theMarked:ChainLightning"],"picked":"theMarked:ThrowWeapon","floor":7.0},{"not_picked":["theMarked:HeightenedSenses","theMarked:BanishingWave"],"picked":"theMarked:ComboAttacks","floor":8.0},{"not_picked":["theMarked:Panic","theMarked:TakeCover","theMarked:Indomitable"],"picked":"SKIP","floor":11.0},{"not_picked":["theMarked:Improvise","theMarked:ShockingTouch"],"picked":"theMarked:Polarize","floor":12.0},{"not_picked":["theMarked:SwordAndMagic","theMarked:WardOff","theMarked:RepellingDischarge"],"picked":"SKIP","floor":14.0},{"not_picked":["theMarked:SuspiciousRaven","theMarked:Snap"],"picked":"theMarked:MuscleMemory","floor":16.0},{"not_picked":["theMarked:HeightenedSenses","theMarked:LightningStrikesTwice","theMarked:Aftermath"],"picked":"SKIP","floor":18.0},{"not_picked":["theMarked:LightningStrikesTwice","theMarked:Aftermath"],"picked":"theMarked:HeightenedSenses","floor":18.0},{"not_picked":["theMarked:ResourceFulStrike","theMarked:TakeCover"],"picked":"theMarked:Reabsorb+1","floor":19.0}],"player_experience":597219,"relics_obtained":[{"floor":8.0,"key":"Nunchaku"},{"floor":9.0,"key":"Centennial Puzzle"},{"floor":11.0,"key":"Whetstone"}],"event_choices":[{"damage_healed":0.0,"max_hp_gain":0.0,"max_hp_loss":0.0,"gold_gain":0.0,"event_name":"Living Wall","player_choice":"Grow","floor":2.0,"gold_loss":0.0,"damage_taken":0.0,"cards_upgraded":["theMarked:SoldierOfQuellstein"]}],"is_beta":false,"boss_relics":[{"not_picked":["Black Star","Cursed Key"],"picked":"theMarked:SpiritSword"}],"items_purged_floors":[],"is_endless":false,"potions_floor_spawned":[3,5,7,11,12],"killed_by":"Shelled Parasite and Fungi","ascension_level":1}}