{"host":"f0gpob8hq9vgebej","time":1611312648,"event":{"mods":["AchievementEnabler","BaseMod","Minty Spire (QoL Compilation)","Quick Restart","SuperFastMode"],"gold_per_floor":[67,111,129,142,152,166,166,179,179,232,10,10,23,47,47,47,47,47],"floor_reached":16,"language":"KOR","playtime":3313,"items_purged":["Strike_G"],"score":139,"play_id":"3dc14f42-8ab5-4959-a990-c88d0b9e168e","local_time":"20210122195048","is_ascension_mode":true,"campfire_choices":[{"data":"Dagger Spray","floor":6.0,"key":"SMITH"},{"data":"Tactician","floor":8.0,"key":"SMITH"},{"data":"Deadly Poison","floor":15,"key":"SMITH"}],"circlet_count":0,"master_deck":["Strike_G","Strike_G","Strike_G","Strike_G","Defend_G","Defend_G","Defend_G","Defend_G","Defend_G","Survivor","Neutralize+1","Backflip","Tactician+1","Dagger Spray+1","Poisoned Stab","Accuracy","Deadly Poison+1"],"relics":["Ring of the Snake","Orichalcum","Anchor","Golden Idol"],"acts_visited":["Exordium"],"potions_floor_usage":[16,16],"damage_taken":[{"damage":1.0,"enemies":"Cultist","floor":1.0,"turns":6.0},{"damage":1.0,"enemies":"Small Slimes","floor":2.0,"turns":4.0},{"damage":4.0,"enemies":"Jaw Worm","floor":3.0,"turns":6.0},{"damage":1.0,"enemies":"Blue Slaver","floor":4.0,"turns":8.0},{"damage":10.0,"enemies":"Looter","floor":5.0,"turns":4.0},{"damage":0.0,"enemies":"3 Louse","floor":7.0,"turns":3.0},{"damage":4,"enemies":"Blue Slaver","floor":12,"turns":4},{"damage":0,"enemies":"Exordium Wildlife","floor":13,"turns":2},{"damage":18,"enemies":"Hexaghost","floor":16,"turns":9}],"seed_played":"-4861269422837421900","potions_obtained":[{"floor":2.0,"key":"FearPotion"},{"floor":7.0,"key":"FearPotion"},{"floor":12,"key":"Ancient Potion"}],"is_trial":false,"path_per_floor":["M","M","M","M","M","R","M","R","T","$","?","M","M","?","R","B"],"character_chosen":"THE_SILENT","items_purchased":["Anchor"],"campfire_rested":0,"item_purchase_floors":[10],"current_hp_per_floor":[3,62,61,57,56,46,46,46,46,46,46,29,25,25,25,25,7,7],"gold":47,"neow_bonus":"UPGRADE_CARD","is_daily":false,"chose_seed":false,"campfire_upgraded":3,"win_rate":0.0,"timestamp":1611312648,"path_taken":["M","M","M","M","M","R","M","R","T","$","?","M","M","?","R","BOSS"],"items_purchased_type":["Relic"],"build_version":"2020-12-22","purchased_purges":1,"victory":false,"max_hp_per_floor":[70,70,70,70,70,70,70,70,70,70,70,70,70,70,70,70,70,70],"card_choices":[{"not_picked":["Cloak And Dagger","Skewer"],"picked":"Backflip","floor":1.0},{"not_picked":["Flying Knee","Backflip","PiercingWail"],"picked":"SKIP","floor":2.0},{"not_picked":["Dagger Throw","Well Laid Plans"],"picked":"Tactician","floor":3.0},{"not_picked":["Backflip","Sucker Punch"],"picked":"Dagger Spray","floor":4.0},{"not_picked":["Underhanded Strike","Bouncing Flask"],"picked":"Poisoned Stab","floor":5.0},{"not_picked":["Poisoned Stab","Cloak And Dagger"],"picked":"Accuracy","floor":7.0},{"not_picked":["Flying Knee","Poisoned Stab","Backflip"],"picked":"SKIP","floor":12},{"not_picked":["Backflip","Dagger Throw"],"picked":"Deadly Poison","floor":13}],"player_experience":208081,"relics_obtained":[{"floor":9.0,"key":"Orichalcum"}],"event_choices":[{"damage_healed":0.0,"max_hp_gain":0.0,"max_hp_loss":0.0,"gold_gain":0.0,"event_name":"Golden Idol","player_choice":"Take Damage","floor":11.0,"gold_loss":0.0,"damage_taken":17.0,"relics_obtained":["Golden Idol"]},{"damage_healed":0,"gold_gain":0,"player_choice":"0 cards matched","damage_taken":0,"max_hp_gain":0,"max_hp_loss":0,"event_name":"Match and Keep!","floor":14,"gold_loss":0,"cards_obtained":[]}],"is_beta":false,"boss_relics":[],"items_purged_floors":[10],"is_endless":false,"potions_floor_spawned":[2,7,12],"killed_by":"Hexaghost","ascension_level":9}}