{"host":"j36qkj20jqndbw01","time":1611322771,"event":{"mods":["AchievementEnabler","BaseMod","Colored Map","DeckTracker","Highlight Path","Keyboard Shortcuts","Minty Spire (QoL Compilation)","Quick Restart","Relic Stats","StSLib","SuperFastMode","everything is the same but u backflip on backflip"],"gold_per_floor":[113,113,129,140,11,11,38,38,91,153,153,153,171,190,190,190,190],"floor_reached":16,"language":"KOR","playtime":647,"items_purged":["Strike_B"],"score":190,"play_id":"005ecc68-f32d-4a77-8548-e16d7849eb4c","local_time":"20210122223931","is_ascension_mode":true,"campfire_choices":[{"data":"Zap","floor":6,"key":"SMITH"},{"data":"Coolheaded","floor":8,"key":"SMITH"},{"floor":12,"key":"REST"},{"data":"Chaos","floor":15,"key":"SMITH"}],"circlet_count":0,"master_deck":["AscendersBane","Strike_B","Strike_B","Defend_B","Defend_B","Defend_B+1","Defend_B","Zap+1","Dualcast","Chaos+1","White Noise","Auto Shields","Coolheaded+1","Genetic Algorithm+1","Undo","Lockon","Turbo"],"relics":["Cracked Core","MealTicket","Bag of Preparation","War Paint"],"acts_visited":["Exordium"],"potions_floor_usage":[10],"damage_taken":[{"damage":0,"enemies":"Cultist","floor":1,"turns":3},{"damage":10,"enemies":"Small Slimes","floor":3,"turns":3},{"damage":7,"enemies":"Jaw Worm","floor":4,"turns":4},{"damage":36,"enemies":"Lagavulin","floor":7,"turns":9},{"damage":10,"enemies":"3 Sentries","floor":10,"turns":9},{"damage":1,"enemies":"Looter","floor":13,"turns":5},{"damage":7,"enemies":"3 Louse","floor":14,"turns":4},{"damage":19,"enemies":"Slime Boss","floor":16,"turns":3}],"seed_played":"386673712808576429","potions_obtained":[{"floor":3,"key":"SkillPotion"},{"floor":13,"key":"FearPotion"},{"floor":14,"key":"CultistPotion"}],"is_trial":false,"path_per_floor":["M","?","M","M","$","R","E","R","T","?","?","R","M","M","R","B"],"character_chosen":"DEFECT","items_purchased":["Coolheaded"],"campfire_rested":1,"item_purchase_floors":[5],"current_hp_per_floor":[71,64,54,47,47,47,11,11,11,1,1,24,23,16,16,0,0],"gold":190,"neow_bonus":"TEN_PERCENT_HP_BONUS","is_daily":false,"chose_seed":false,"campfire_upgraded":3,"win_rate":0.0,"timestamp":1611322771,"path_taken":["M","?","M","M","$","R","E","R","T","?","?","R","M","M","R","BOSS"],"items_purchased_type":["Card"],"build_version":"2020-12-22","purchased_purges":1,"victory":false,"max_hp_per_floor":[78,78,78,78,78,78,78,78,78,78,78,78,78,78,78,78,78],"relic_stats":{"counters":[8,40],"MealTicket":0,"Bag of Preparation":[8],"War Paint":["Defend_B","Genetic Algorithm"],"obtain_stats":[{"MealTicket":7,"Bag of Preparation":9,"War Paint":10,"Cracked Core":0},{"MealTicket":4,"Bag of Preparation":4,"War Paint":5,"Cracked Core":0},{"MealTicket":19,"Bag of Preparation":19,"War Paint":28,"Cracked Core":0}]},"card_choices":[{"not_picked":["Conserve Battery","Gash"],"picked":"Chaos","floor":1},{"not_picked":["Steam Power","Sweeping Beam"],"picked":"White Noise","floor":3},{"not_picked":["Storm","Steam Power"],"picked":"Auto Shields","floor":4},{"not_picked":["Sweeping Beam","Chaos"],"picked":"Genetic Algorithm","floor":7},{"not_picked":["Compile Driver","Turbo"],"picked":"Undo","floor":10},{"not_picked":["Streamline","Gash"],"picked":"Lockon","floor":13},{"not_picked":["Steam","Conserve Battery"],"picked":"Turbo","floor":14}],"player_experience":1744817,"relics_obtained":[{"floor":7,"key":"MealTicket"},{"floor":9,"key":"Bag of Preparation"},{"floor":10,"key":"War Paint"}],"event_choices":[{"cards_removed":["Strike_B"],"damage_healed":0,"gold_gain":0,"player_choice":"Card Removal","damage_taken":7,"max_hp_gain":0,"max_hp_loss":0,"event_name":"Golden Wing","floor":2,"gold_loss":0},{"damage_healed":0,"gold_gain":0,"player_choice":"Searched \u00271\u0027 times","damage_taken":0,"max_hp_gain":0,"max_hp_loss":0,"event_name":"Dead Adventurer","floor":10,"gold_loss":0},{"damage_healed":0,"gold_gain":0,"player_choice":"Ignored","damage_taken":0,"max_hp_gain":0,"max_hp_loss":0,"event_name":"Shining Light","floor":11,"gold_loss":0}],"is_beta":false,"boss_relics":[],"items_purged_floors":[5],"is_endless":false,"potions_floor_spawned":[3,13,14],"killed_by":"Slime Boss","ascension_level":18}}