{"host":"qwp6882a7gaon7u5","time":1611296481,"event":{"mods":["ATMod(°¢èªMod)","Act Like it!","BaseMod","BetterRewards","Gensokyo","Minty Spire (QoL Compilation)","Red Circlet Mod","Replay The Spire","RumiaBox-Â¶Ã×æ«µÄÉñÃØºÐ×Ó","Spicy Shops","StSLib","The Alterego","¡¾¹¦ÄÜMod¡¿»ìãçÖ®»·ÐÞ¸´²¹¶¡","¡¾ÒÅÎï¿¨ÅÆ¡¿REMEMod","óô»ðÖ¸ÄÏ"],"gold_per_floor":[186,46,46,70,156,345,345,345,371,553,553,740,830,930,865,1123,1123,1198,866,965,965,1019,364,364,0,0,0,0,203,203,310,310,585,585,725,776,776,909,909,1099,1099,1099,1125,1316,1512,1474,1717,1820,1820,2080],"floor_reached":51,"language":"ZHS","playtime":1801,"items_purged":["alterego_mod:Defend"],"score":1622,"play_id":"56ae4c28-78b8-4386-ba79-bf4ed817c03f","local_time":"20210122142121","is_ascension_mode":true,"campfire_choices":[{"floor":11.0,"key":"DIG"},{"data":"alterego_mod:Strike","floor":28.0,"key":"SMITH"},{"data":"alterego_mod:Strike","floor":28.0,"key":"SMITH"},{"data":"alterego_mod:Strike","floor":32.0,"key":"SMITH"},{"data":"alterego_mod:Strike","floor":32.0,"key":"SMITH"},{"data":"1","floor":49,"key":"LIFT"}],"circlet_count":24,"master_deck":["alterego_mod:Strike","alterego_mod:Strike","alterego_mod:Strike+3","alterego_mod:Strike","alterego_mod:Defend","alterego_mod:Defend","alterego_mod:Defend","alterego_mod:Impale+1","alterego_mod:BigMeatyClaws+1","alterego_mod:BrynhildrsRune+1","AT_MachinaRedman+1","REME_Fury+1","Replay:BasicMightCard+1","Pot Of Greed+1","Pot Of Greed+1","Master of Strategy+1","alterego_mod:Birthday+1","alterego_mod:MagicResistance+1","alterego_mod:DiscoLights+1","alterego_mod:Lift+1","Gensokyo:UnlikelyAid+1","alterego_mod:Rip+1"],"relics":["alterego_mod:MasochisticConstitution","REME_ComplimentaryCards","AT_ATBox","Chemical X","Du-Vu Doll","CeramicFish","Replay:Baseball","Replay:Multitool","Sling","Garlic","Nunchaku","REME_PuzzleBoxRelic","Letter Opener","OrangePellets","AT_ForceNature","REME_ArchaeologicalTools","Lee\u0027s Waffle","Guide Book","Snack Pack","AT_SpeedBoots","Lantern","Bronze Scales","HandDrill","Durian","alterego_mod:SistersRibbon","ReplayTheSpireMod:ShopPack","Chameleon Ring","Blood Vial","Toy Ornithopter","GodSword7","Shovel","Strawberry","Replay:Bottled Eggs","Whetstone","TungstenRod","Strange Spoon","Simple Rune","Potion Belt","Omamori","Toolbox","AT_EbonyIvory","Turnip","Medical Kit","ReplayTheSpireMod:Shallot","Gremlin Food","Ornamental Fan","Blue Candle","Tiny Chest","REME_HourglassOfDeath","Akabeko","Matryoshka","Meat on the Bone","AT_Manta","Replay:Mystery Machine","Happy Flower","Pet Ghost","ReplayTheSpireMod:Ninjato","AT_LudenTempest","Kunai","AT_TheCollector","Membership Card","SSSystem","GodSword4","MagicDraw1","AT_RedTearstoneRing","Replay:Ringing Soul","SecretRecord","Orichalcum","Prayer Wheel","StrikeDummy","Replay:Accelerometer","Shuriken","REME_LimitBreaker","AT_SilvercatRing","Oddly Smooth Stone","MoreBug","Replay:Rubber Ducky","AT_SunfireAegis","Bag of Marbles","Darkstone Periapt","Replay:Arrowhead","AT_MibuBalloonWealth","ClockworkSouvenir","GodSword1","Vajra","Bag of Preparation","MealTicket","Replay:WaspNest","Replay:Bandana","MagicDraw4","Pondfish Scales","Pen Nib","ReplayFunnel","Ancient Tea Set","AT_BellowingDragoncrestRing","AT_DeathDance","Art of War","CaptainsWheel","Molten Egg 2","PreservedInsect","ReplayTheSpireMod:TigerMarble","AT_BladeRuinedKing","Juzu Bracelet","War Paint","Replay:Wax Seal","Anchor","AT_ChloranthyRing","Eternal Feather","Onion Ring","Calipers","Pocketwatch","Blue Doll","AT_ArchangelStaff","Torii","Divine Protection","ReplayTheSpireMod:Lightbulb","AT_ImmortalShieldbow","HornCleat","Boot","ZombieArmy","Gremlin Horn","MagicDraw2","Golden Egg","Mercury Hourglass","GodSword5","AT_RedNoBalance","StoneCalendar","AT_Kusabimaru","Sundial","AT_TimeSand","Thread and Needle","FossilizedHelix","Ginger","Frozen Egg 2","Incense Burner","GodSword6","Singing Bowl","Iron Hammer","MagicDraw3","Mummified Hand","Regal Pillow","Centennial Puzzle","Grinning Jar","Toxic Egg 2","Mirror","PlanX","Ice Cream","Unceasing Top","AT_BellDemon","Dream Catcher","Replay:Bottled Steam","Bird Faced Urn","REME_HandOfSuture","White Beast Statue","Gambling Chip","Quantum Egg","GodSword3","InkBottle","Pantograph","LastBattle","Girya","Lizard Tail","Philosopher\u0027s Stone","Counterbalance","Replay:Towering Pillar of Hats","Dead Branch","Circlet","AT_RabadonDeathcap","Gensokyo:ConquerorOfFear","Gensokyo:DualWield"],"acts_visited":["Exordium","Gensokyo:Gensokyo","Gensokyo:Gensokyoer"],"potions_floor_usage":[],"damage_taken":[{"damage":0.0,"enemies":"Gensokyo:Gryphon","floor":1.0,"turns":1.0},{"damage":0.0,"enemies":"Gensokyo:Python","floor":5.0,"turns":1.0},{"damage":0.0,"enemies":"Gensokyo:Mamizou","floor":6.0,"turns":1.0},{"damage":0.0,"enemies":"Gensokyo:Aya","floor":10.0,"turns":1.0},{"damage":0.0,"enemies":"Gensokyo:Mamizou","floor":12.0,"turns":1.0},{"damage":0.0,"enemies":"Gensokyo:2_Kodama","floor":13.0,"turns":1.0},{"damage":0.0,"enemies":"Gensokyo:Kokoro","floor":16.0,"turns":1.0},{"damage":0.0,"enemies":"Gensokyo:AngelMirror","floor":18.0,"turns":1.0},{"damage":0.0,"enemies":"Gensokyo:2_Gloops","floor":20.0,"turns":1.0},{"damage":0.0,"enemies":"Gensokyo:Koishi","floor":29.0,"turns":1.0},{"damage":0.0,"enemies":"Gensokyo:Monolith_and_Dog","floor":31.0,"turns":1.0},{"damage":0.0,"enemies":"Gensokyo:Eiki","floor":33.0,"turns":1.0},{"damage":0,"enemies":"Gensokyo:3_Boulders","floor":35,"turns":1},{"damage":0,"enemies":"Gensokyo:3_Bats","floor":38,"turns":1},{"damage":0,"enemies":"Gensokyo:Doremy","floor":40,"turns":1},{"damage":0,"enemies":"Gensokyo:Doremy","floor":44,"turns":1},{"damage":0,"enemies":"Gensokyo:Marisa","floor":45,"turns":1},{"damage":0,"enemies":"Gensokyo:Kasen","floor":47,"turns":1},{"damage":0,"enemies":"Gensokyo:Dusk_and_Dawn","floor":48,"turns":1},{"damage":0,"enemies":"Gensokyo:Yuyuko","floor":50,"turns":1}],"seed_played":"-7491434693192875507","potions_obtained":[{"floor":1.0,"key":"Flashbang"},{"floor":5.0,"key":"REME_GoldPotion"},{"floor":10.0,"key":"AttackPotion"},{"floor":12.0,"key":"EntropicBrew"},{"floor":13.0,"key":"Adrenaline Potion"},{"floor":20.0,"key":"Fruit Juice"},{"floor":29.0,"key":"AttackPotion"},{"floor":31.0,"key":"PowerPotion"}],"is_trial":false,"path_per_floor":["M","?","COS","T","M","E","?","T","T","E","R","E","M","?","R","B",null,"M","COS","M","?","?","R","T","?","T","?","R","E","?","M","R","B",null,"M","T","T","M","?","E","?","T","T","?","E","R","E","M","R","B",null],"character_chosen":"The_Alterego","items_purchased":["Chemical X","Du-Vu Doll","CeramicFish","Replay:Baseball","Replay:Multitool","Sling","Garlic","Nunchaku","REME_PuzzleBoxRelic","Letter Opener","OrangePellets","AT_ForceNature","REME_ArchaeologicalTools","Lee\u0027s Waffle","Guide Book","Snack Pack","AT_SpeedBoots","Lantern","Bronze Scales","HandDrill","Durian","alterego_mod:SistersRibbon","ReplayTheSpireMod:ShopPack","Chameleon Ring","Blood Vial","Toy Ornithopter","GodSword7","Shovel","Strawberry","Replay:Bottled Eggs","Whetstone","TungstenRod","Strange Spoon","Simple Rune","Potion Belt","Omamori","Toolbox","AT_EbonyIvory","Turnip","Medical Kit","ReplayTheSpireMod:Shallot","Gremlin Food","Ornamental Fan","Blue Candle","Tiny Chest","REME_HourglassOfDeath","Akabeko","Matryoshka","Meat on the Bone","AT_Manta","Replay:Mystery Machine","Happy Flower","Pet Ghost","ReplayTheSpireMod:Ninjato","AT_LudenTempest","Kunai","AT_TheCollector","Membership Card","SSSystem","GodSword4","MagicDraw1","AT_RedTearstoneRing","Replay:Ringing Soul","SecretRecord","Orichalcum","Prayer Wheel","StrikeDummy","Replay:Accelerometer","Shuriken","REME_LimitBreaker","AT_SilvercatRing","Oddly Smooth Stone","MoreBug","Replay:Rubber Ducky","AT_SunfireAegis","Bag of Marbles","Darkstone Periapt","Replay:Arrowhead","AT_MibuBalloonWealth","ClockworkSouvenir","GodSword1","Vajra","Bag of Preparation","MealTicket","Replay:WaspNest","Replay:Bandana","MagicDraw4","Pondfish Scales","Pen Nib","ReplayFunnel","Ancient Tea Set","AT_BellowingDragoncrestRing","AT_DeathDance","Art of War","CaptainsWheel","Molten Egg 2","PreservedInsect","ReplayTheSpireMod:TigerMarble","AT_BladeRuinedKing","Juzu Bracelet","War Paint","Replay:Wax Seal","Anchor","AT_ChloranthyRing","Eternal Feather","Onion Ring","Calipers","Pocketwatch","Blue Doll","AT_ArchangelStaff","Torii","Divine Protection","ReplayTheSpireMod:Lightbulb","AT_ImmortalShieldbow","HornCleat","Boot","ZombieArmy","Gremlin Horn","MagicDraw2","Golden Egg","Mercury Hourglass","GodSword5","Replay:BasicMightCard+1","AT_SilverBalance","StoneCalendar","AT_Kusabimaru","Sundial","AT_TimeSand","Thread and Needle","FossilizedHelix","Ginger","Frozen Egg 2","Incense Burner","GodSword6","Singing Bowl","Iron Hammer","MagicDraw3","Mummified Hand","Regal Pillow","Centennial Puzzle","Grinning Jar","Toxic Egg 2","Mirror","PlanX","Ice Cream","Girya","alterego_mod:DiscoLights+1","Circlet","AT_RabadonDeathcap","Circlet","Circlet"],"campfire_rested":0,"item_purchase_floors":[0,0,0,0,0,0,0,0,0,0,0,0,0,0,0,0,0,0,0,0,0,0,0,0,0,0,0,0,0,0,0,0,0,0,0,0,0,0,0,0,0,0,0,0,0,0,0,0,0,0,0,0,0,0,0,0,0,0,0,0,0,0,0,0,0,0,0,0,0,0,0,0,0,0,0,0,0,0,0,0,0,0,0,0,0,0,0,0,0,0,0,0,0,0,0,0,0,0,0,0,0,0,0,0,0,0,0,0,0,0,0,0,0,0,0,0,0,0,0,0,0,0,0,0,0,0,0,0,0,0,0,0,0,0,0,0,0,0,0,0,0,0,0,0,0,15,15,23,23,23,23],"current_hp_per_floor":[55,55,55,55,57,61,48,48,48,67,78,82,88,88,102,121,121,125,125,136,136,117,132,132,132,132,132,138,140,129,133,133,136,136,140,140,140,144,108,124,124,124,124,127,132,147,154,159,159,159],"gold":2080,"neow_bonus":"","is_daily":false,"chose_seed":false,"campfire_upgraded":4,"win_rate":0.0,"timestamp":1611296481,"path_taken":["M","?","COS","?","M","E","?","?","T","E","R","E","M","?","R","BOSS","M","COS","M","?","?","R","?","?","T","?","R","E","?","M","R","BOSS","M","?","?","M","?","E","?","?","T","?","E","R","E","M","R","BOSS"],"items_purchased_type":["Relic","Relic","Relic","Relic","Relic","Relic","Relic","Relic","Relic","Relic","Relic","Relic","Relic","Relic","Relic","Relic","Relic","Relic","Relic","Relic","Relic","Relic","Relic","Relic","Relic","Relic","Relic","Relic","Relic","Relic","Relic","Relic","Relic","Relic","Relic","Relic","Relic","Relic","Relic","Relic","Relic","Relic","Relic","Relic","Relic","Relic","Relic","Relic","Relic","Relic","Relic","Relic","Relic","Relic","Relic","Relic","Relic","Relic","Relic","Relic","Relic","Relic","Relic","Relic","Relic","Relic","Relic","Relic","Relic","Relic","Relic","Relic","Relic","Relic","Relic","Relic","Relic","Relic","Relic","Relic","Relic","Relic","Relic","Relic","Relic","Relic","Relic","Relic","Relic","Relic","Relic","Relic","Relic","Relic","Relic","Relic","Relic","Relic","Relic","Relic","Relic","Relic","Relic","Relic","Relic","Relic","Relic","Relic","Relic","Relic","Relic","Relic","Relic","Relic","Relic","Relic","Relic","Relic","Relic","Relic","Relic","Relic","Card","Relic","Relic","Relic","Relic","Relic","Relic","Relic","Relic","Relic","Relic","Relic","Relic","Relic","Relic","Relic","Relic","Relic","Relic","Relic","Relic","Relic","Relic","Relic","Card","Undefined","Relic","Undefined","Undefined"],"build_version":"2020-12-22","purchased_purges":1,"victory":true,"max_hp_per_floor":[101,101,101,101,106,108,108,108,108,110,110,112,116,116,119,121,121,125,125,136,136,138,138,138,138,138,138,138,140,129,133,133,136,136,140,140,140,144,144,146,146,146,146,149,152,152,154,159,159,159],"card_choices":[{"not_picked":["REME_Flogging","Crow Ritual","REME_WheelOfFate"],"picked":"Singing Bowl","floor":0.0},{"not_picked":["Replay:Parry","Enlightenment"],"picked":"Master of Strategy","floor":0.0},{"not_picked":["Secret Weapon","Replay:Sssssssssshield","Trip"],"picked":"Singing Bowl","floor":0.0},{"not_picked":["alterego_mod:RidiculouslyBig+1","alterego_mod:HighServant+1"],"picked":"alterego_mod:Birthday+1","floor":1.0},{"not_picked":["alterego_mod:Complex+1","alterego_mod:Punishment+1","alterego_mod:DustData+1"],"picked":"Singing Bowl","floor":1.0},{"not_picked":["alterego_mod:Clap+1","alterego_mod:Rip"],"picked":"alterego_mod:MagicResistance+1","floor":5.0},{"not_picked":["alterego_mod:1TonWallop+1","alterego_mod:SakuraLabyrinth+1","alterego_mod:Complex+1"],"picked":"Singing Bowl","floor":5.0},{"not_picked":["alterego_mod:Rip","alterego_mod:1TonWallop+1","alterego_mod:RingBreak+1"],"picked":"Singing Bowl","floor":6.0},{"not_picked":["alterego_mod:InsideBaseball+1","alterego_mod:Cycle+1","alterego_mod:Complex+1"],"picked":"Singing Bowl","floor":10.0},{"not_picked":["alterego_mod:Complex+1","alterego_mod:GoddessCore+1","alterego_mod:BeGentle+1"],"picked":"Singing Bowl","floor":12.0},{"not_picked":["alterego_mod:1TonWallop+1","alterego_mod:Exercise+1","alterego_mod:GoddessCore+1"],"picked":"Singing Bowl","floor":13.0},{"not_picked":["alterego_mod:SakuraLabyrinth+1","alterego_mod:PurpleHair+1","alterego_mod:Mirror+1"],"picked":"Singing Bowl","floor":13.0},{"not_picked":["alterego_mod:BrynhildrRomantia+1","alterego_mod:VirginLaserPalladion+1","alterego_mod:Vow+1"],"picked":"Singing Bowl","floor":16.0},{"not_picked":["alterego_mod:Birthday+1","alterego_mod:BeGentle+1","alterego_mod:Jiggle+1"],"picked":"Singing Bowl","floor":18.0},{"not_picked":["alterego_mod:HighServant+1","alterego_mod:Cycle+1","alterego_mod:Complex+1"],"picked":"Singing Bowl","floor":18.0},{"not_picked":["alterego_mod:MagicResistance+1","alterego_mod:RocketPunch+1","alterego_mod:Stockings+1"],"picked":"Singing Bowl","floor":20.0},{"not_picked":["alterego_mod:Punishment+1","alterego_mod:BreastValley+1","alterego_mod:BeGentle+1"],"picked":"Singing Bowl","floor":20.0},{"not_picked":["alterego_mod:Smother+1","alterego_mod:DiscoLights+1","alterego_mod:BeGentle+1"],"picked":"Singing Bowl","floor":22.0},{"not_picked":["alterego_mod:Cycle+1","alterego_mod:SakuraPetals+1","alterego_mod:1TonWallop+1"],"picked":"Singing Bowl","floor":29.0},{"not_picked":["alterego_mod:Maid+1","alterego_mod:Punishment+1","alterego_mod:PresenceConcealment+1"],"picked":"Singing Bowl","floor":31.0},{"not_picked":["alterego_mod:Palingenesis+1","alterego_mod:MagicResistance+1","alterego_mod:Jiggle+1"],"picked":"Singing Bowl","floor":31.0},{"not_picked":["alterego_mod:Weigh+1","alterego_mod:SideboobHour+1","alterego_mod:PainIsPleasure+1","alterego_mod:TrickOrTreatment+1"],"picked":"alterego_mod:Lift+1","floor":33.0},{"not_picked":["alterego_mod:Skirt+1","alterego_mod:Punishment+1","alterego_mod:DeftHands+1"],"picked":"Singing Bowl","floor":35},{"not_picked":["alterego_mod:Support+1","alterego_mod:BustOut+1","alterego_mod:PerceptionDisorder+1"],"picked":"Singing Bowl","floor":35},{"not_picked":["alterego_mod:Jiggle+1","alterego_mod:MagicResistance+1","alterego_mod:SideboobHour+1"],"picked":"Singing Bowl","floor":38},{"not_picked":["alterego_mod:IndependentAction+1","alterego_mod:DeftHands+1","alterego_mod:MagicResistance+1"],"picked":"Singing Bowl","floor":38},{"not_picked":["alterego_mod:MaintainEyeContact+1","alterego_mod:TrashNCrash+1","alterego_mod:Skirt+1"],"picked":"Singing Bowl","floor":40},{"not_picked":["Gensokyo:RisingWorld+1","Gensokyo:LifeSpringInfinity+1"],"picked":"Gensokyo:UnlikelyAid+1","floor":44},{"not_picked":["alterego_mod:Bounce+1","alterego_mod:Undulate+1"],"picked":"alterego_mod:Rip+1","floor":45},{"not_picked":["alterego_mod:Complex+1","alterego_mod:BiFurious+1","alterego_mod:VirginLaserPalladion+1"],"picked":"Singing Bowl","floor":47},{"not_picked":["alterego_mod:Pet+1","alterego_mod:Swimsuit+1","alterego_mod:Cushion+1"],"picked":"Singing Bowl","floor":48},{"not_picked":["alterego_mod:MagicResistance+1","alterego_mod:BreastValley+1"],"picked":"alterego_mod:Belle+1","floor":48}],"player_experience":177919,"relics_obtained":[{"floor":4.0,"key":"AT_BellDemon"},{"floor":5.0,"key":"Dream Catcher"},{"floor":6.0,"key":"Replay:Bottled Steam"},{"floor":6.0,"key":"Bird Faced Urn"},{"floor":8.0,"key":"White Beast Statue"},{"floor":10.0,"key":"Gambling Chip"},{"floor":10.0,"key":"Quantum Egg"},{"floor":11.0,"key":"GodSword3"},{"floor":12.0,"key":"InkBottle"},{"floor":12.0,"key":"Pantograph"},{"floor":13.0,"key":"LastBattle"},{"floor":16.0,"key":"Lizard Tail"},{"floor":18.0,"key":"Counterbalance"},{"floor":20.0,"key":"Dead Branch"},{"floor":24.0,"key":"Circlet"},{"floor":26.0,"key":"Circlet"},{"floor":29.0,"key":"Circlet"},{"floor":29.0,"key":"Gensokyo:ConquerorOfFear"},{"floor":29.0,"key":"Circlet"},{"floor":31.0,"key":"Circlet"},{"floor":33.0,"key":"Circlet"},{"floor":35,"key":"Circlet"},{"floor":36,"key":"Circlet"},{"floor":37,"key":"Circlet"},{"floor":38,"key":"Circlet"},{"floor":40,"key":"Circlet"},{"floor":40,"key":"Circlet"},{"floor":42,"key":"Circlet"},{"floor":43,"key":"Circlet"},{"floor":45,"key":"Circlet"},{"floor":45,"key":"Circlet"},{"floor":47,"key":"Circlet"},{"floor":47,"key":"Circlet"},{"floor":48,"key":"Circlet"}],"event_choices":[],"is_beta":false,"boss_relics":[{"not_picked":["Pandora\u0027s Box","Ectoplasm"],"picked":"Philosopher\u0027s Stone"},{"not_picked":["Kintsugi","Replay:Bronze Core","Busted Crown"]}],"items_purged_floors":[46],"is_endless":false,"potions_floor_spawned":[1,5,10,12,13,16,18,20,29,31,33,35,38,40,45,47,48],"ascension_level":1}}