{"host":"szp1d6dso4pv7ddl","time":1611300764,"event":{"mods":["AchievementEnabler","Alarm Clock","BaseMod","Bestiary","Block Reminder","Colored Map","Colored Powertips","Curses Come First","Dark Map","Displayed Cursed Tome","Highlight Path","Minty Spire (QoL Compilation)","Permanent Neow","Quick Restart","Relic Sorter","Relic Stats","StSLib","Synergy Search"],"gold_per_floor":[362,287,305,6,6,6,20,39,89,117,117,131,51,67,67,146,146,158,83,0,0,0,31,31,42,90,90,15,27,27,61,61,136,136,150,50,75,0,13,13,45,57,57,76,76,76,94,37,37,37,37,37,37,37,37],"floor_reached":54,"language":"ENG","playtime":4306,"items_purged":["Strike_R","Strike_R"],"score":1220,"play_id":"24ab77e3-f7c7-46f5-b3dd-b13ddbc7b06d","local_time":"20210121233244","is_ascension_mode":true,"campfire_choices":[{"data":"Seeing Red","floor":6.0,"key":"SMITH"},{"data":"Sword Boomerang","floor":11.0,"key":"SMITH"},{"floor":15.0,"key":"REST"},{"data":"Limit Break","floor":24.0,"key":"SMITH"},{"data":"Fiend Fire","floor":27.0,"key":"SMITH"},{"floor":30.0,"key":"REST"},{"floor":32.0,"key":"REST"},{"floor":45.0,"key":"RECALL"},{"floor":49.0,"key":"REST"},{"floor":52.0,"key":"REST"}],"circlet_count":0,"master_deck":["AscendersBane","Strike_R","Strike_R","Defend_R","Defend_R","Defend_R","Defend_R","Bash","Sword Boomerang","Seeing Red+1","True Grit","Inflame","Inflame","Sword Boomerang+1","Battle Trance","Limit Break+1","Spot Weakness","Entrench","Fiend Fire+1","Shrug It Off","Shrug It Off","Second Wind","Corruption","Armaments+1","Twin Strike+1","Feel No Pain","True Grit+1"],"relics":["Burning Blood","Pen Nib","Incense Burner","StoneCalendar","Strange Spoon","Oddly Smooth Stone","Anchor","Runic Pyramid","Bag of Marbles","SacredBark","Calipers","Red Mask","Mummified Hand"],"acts_visited":["Exordium","TheCity","TheBeyond","TheEnding"],"potions_floor_usage":[],"damage_taken":[{"damage":0.0,"enemies":"Small Slimes","floor":1.0,"turns":3.0},{"damage":1.0,"enemies":"2 Louse","floor":3.0,"turns":2.0},{"damage":5.0,"enemies":"Cultist","floor":7.0,"turns":4.0},{"damage":17.0,"enemies":"Blue Slaver","floor":8.0,"turns":4.0},{"damage":28.0,"enemies":"Lagavulin","floor":10.0,"turns":6.0},{"damage":7.0,"enemies":"3 Louse","floor":12.0,"turns":3.0},{"damage":14.0,"enemies":"Large Slime","floor":14.0,"turns":4.0},{"damage":24.0,"enemies":"Hexaghost","floor":16.0,"turns":9.0},{"damage":26.0,"enemies":"2 Thieves","floor":18.0,"turns":4.0},{"damage":9.0,"enemies":"Gremlin Leader","floor":23.0,"turns":4.0},{"damage":0.0,"enemies":"Shell Parasite","floor":25.0,"turns":2.0},{"damage":3.0,"enemies":"Cultist and Chosen","floor":29.0,"turns":5.0},{"damage":68.0,"enemies":"Slavers","floor":31.0,"turns":5.0},{"damage":57.0,"enemies":"Champ","floor":33.0,"turns":11.0},{"damage":9.0,"enemies":"Orb Walker","floor":35.0,"turns":4.0},{"damage":1.0,"enemies":"Mind Bloom Boss Battle","floor":37.0,"turns":4.0},{"damage":2.0,"enemies":"3 Shapes","floor":39.0,"turns":5.0},{"damage":122.0,"enemies":"Reptomancer","floor":41.0,"turns":6.0},{"damage":5.0,"enemies":"Transient","floor":42.0,"turns":5.0},{"damage":0.0,"enemies":"Spire Growth","floor":44.0,"turns":3.0},{"damage":2.0,"enemies":"3 Darklings","floor":47.0,"turns":5.0},{"damage":55.0,"enemies":"Time Eater","floor":50.0,"turns":9.0},{"damage":76,"enemies":"Shield and Spear","floor":54,"turns":6}],"seed_played":"-9034876817082282045","potions_obtained":[{"floor":1.0,"key":"Dexterity Potion"},{"floor":5.0,"key":"AttackPotion"},{"floor":5.0,"key":"FairyPotion"},{"floor":29.0,"key":"FairyPotion"},{"floor":33.0,"key":"BloodPotion"},{"floor":41.0,"key":"DuplicationPotion"},{"floor":47.0,"key":"SkillPotion"}],"is_trial":false,"path_per_floor":["M","?","M","$","?","R","M","M","T","E","R","M","$","M","R","B",null,"M","?","?","?","$","E","R","M","T","R","$","M","R","E","R","B",null,"M","$","?","?","M","$","E","M","T","M","R","T","M","$","R","B",null,"R","$","E"],"character_chosen":"IRONCLAD","items_purchased":["Strange Spoon","True Grit","Inflame","Spot Weakness","BloodPotion"],"campfire_rested":5,"item_purchase_floors":[4,4,4,13,48],"current_hp_per_floor":[74,74,75,75,75,75,75,64,64,42,42,41,41,33,55,37,66,46,46,46,46,46,43,43,49,49,49,49,52,74,12,34,28,63,60,60,65,65,69,69,32,33,33,39,39,39,43,43,65,16,60,75,75,0,0],"gold":37,"neow_bonus":"TWO_FIFTY_GOLD","is_daily":false,"chose_seed":false,"campfire_upgraded":4,"win_rate":0.0,"timestamp":1611300764,"path_taken":["M","?","M","$","?","R","M","M","T","E","R","?","$","M","R","BOSS","M","?","?","?","?","E","R","M","T","R","$","M","R","E","R","BOSS","M","$","?","?","M","?","E","M","T","M","R","?","?","$","R","BOSS","R","$","E"],"items_purchased_type":["Relic","Card","Card","Card","Potion"],"build_version":"2020-12-22","purchased_purges":2,"victory":false,"max_hp_per_floor":[75,75,75,75,75,75,75,75,75,75,75,75,75,75,75,75,75,75,75,75,75,75,75,75,75,75,75,75,75,75,75,75,75,75,75,75,75,75,75,75,75,75,75,75,75,75,75,75,75,75,75,75,75,75,75],"relic_stats":{"Strange Spoon":[39],"counters":[23,113],"Mummified Hand":[20],"StoneCalendar":[32],"Pen Nib":[6],"obtain_stats":[{"Calipers":37,"SacredBark":34,"Oddly Smooth Stone":9,"StoneCalendar":41,"Pen Nib":31,"Incense Burner":23,"Burning Blood":0,"Strange Spoon":4,"Anchor":10,"Mummified Hand":46,"Bag of Marbles":26,"Red Mask":38,"Runic Pyramid":17},{"Calipers":16,"SacredBark":14,"Oddly Smooth Stone":4,"StoneCalendar":18,"Pen Nib":13,"Incense Burner":10,"Burning Blood":0,"Strange Spoon":2,"Anchor":5,"Mummified Hand":20,"Bag of Marbles":11,"Red Mask":16,"Runic Pyramid":8},{"Calipers":74,"SacredBark":66,"Oddly Smooth Stone":13,"StoneCalendar":85,"Pen Nib":55,"Incense Burner":43,"Burning Blood":0,"Strange Spoon":5,"Anchor":19,"Mummified Hand":93,"Bag of Marbles":45,"Red Mask":74,"Runic Pyramid":35}],"Burning Blood":127},"card_choices":[{"not_picked":["Warcry","Combust"],"picked":"Sword Boomerang","floor":1.0},{"not_picked":["Havoc","Metallicize"],"picked":"Seeing Red","floor":3.0},{"not_picked":["Pommel Strike","Armaments"],"picked":"Inflame","floor":7.0},{"not_picked":["Anger","Headbutt"],"picked":"Sword Boomerang","floor":8.0},{"not_picked":["Havoc","Pommel Strike"],"picked":"Battle Trance","floor":10.0},{"not_picked":["Iron Wave","Pommel Strike"],"picked":"Limit Break","floor":12.0},{"not_picked":["Wild Strike","True Grit"],"picked":"Entrench","floor":14.0},{"not_picked":["Offering","Exhume"],"picked":"Fiend Fire","floor":16.0},{"not_picked":["Clash","Intimidate","Reckless Charge"],"picked":"SKIP","floor":18.0},{"not_picked":["Searing Blow","Carnage"],"picked":"Shrug It Off","floor":23.0},{"not_picked":["Cleave","Rupture"],"picked":"Shrug It Off","floor":25.0},{"not_picked":["Carnage","Havoc","Hemokinesis"],"picked":"SKIP","floor":29.0},{"not_picked":["Thunderclap","Bloodletting"],"picked":"Second Wind","floor":31.0},{"not_picked":["Feed","Barricade"],"picked":"Corruption","floor":33.0},{"not_picked":["Cleave+1","Second Wind","Hemokinesis"],"picked":"SKIP","floor":35.0},{"not_picked":["Evolve+1","Shockwave+1"],"picked":"Armaments+1","floor":39.0},{"not_picked":["Brutality","Clothesline"],"picked":"Twin Strike+1","floor":41.0},{"not_picked":["Havoc","Combust"],"picked":"Feel No Pain","floor":42.0},{"not_picked":["Blood for Blood","Metallicize","Reckless Charge"],"picked":"SKIP","floor":44.0},{"not_picked":["Warcry","Clash+1"],"picked":"True Grit+1","floor":47.0}],"player_experience":1256536,"relics_obtained":[{"floor":9.0,"key":"Oddly Smooth Stone"},{"floor":10.0,"key":"Anchor"},{"floor":23.0,"key":"Incense Burner"},{"floor":26.0,"key":"Bag of Marbles"},{"floor":31.0,"key":"Pen Nib"},{"floor":37.0,"key":"Calipers"},{"floor":41.0,"key":"StoneCalendar"},{"floor":46.0,"key":"Mummified Hand"}],"event_choices":[{"cards_removed":["Shame"],"damage_healed":0.0,"max_hp_gain":0.0,"max_hp_loss":0.0,"gold_gain":0.0,"event_name":"The Cleric","player_choice":"Card Removal","floor":2.0,"gold_loss":75.0,"damage_taken":0.0},{"damage_healed":0.0,"max_hp_gain":0.0,"max_hp_loss":0.0,"gold_gain":0.0,"event_name":"Lab","player_choice":"Got Potions","floor":5.0,"gold_loss":0.0,"damage_taken":0.0},{"cards_removed":["Strike_R"],"damage_healed":0.0,"max_hp_gain":0.0,"max_hp_loss":0.0,"gold_gain":0.0,"event_name":"Beggar","player_choice":"Gave Gold","floor":19.0,"gold_loss":75.0,"damage_taken":0.0},{"damage_healed":0.0,"max_hp_gain":0.0,"max_hp_loss":0.0,"gold_gain":0.0,"event_name":"Masked Bandits","player_choice":"Paid Fearfully","floor":20.0,"gold_loss":83.0,"damage_taken":0.0},{"damage_healed":0.0,"max_hp_gain":0.0,"max_hp_loss":0.0,"gold_gain":0.0,"event_name":"Ghosts","player_choice":"Ignored","floor":21.0,"gold_loss":0.0,"damage_taken":0.0},{"damage_healed":0.0,"max_hp_gain":0.0,"max_hp_loss":0.0,"gold_gain":0.0,"event_name":"MindBloom","player_choice":"Fight","floor":37.0,"gold_loss":0.0,"damage_taken":0.0},{"damage_healed":0.0,"max_hp_gain":0.0,"max_hp_loss":0.0,"gold_gain":0.0,"event_name":"Tomb of Lord Red Mask","player_choice":"Paid","floor":38.0,"gold_loss":75.0,"damage_taken":0.0,"relics_obtained":["Red Mask"]}],"is_beta":false,"boss_relics":[{"not_picked":["SlaversCollar","Philosopher\u0027s Stone"],"picked":"Runic Pyramid"},{"not_picked":["Pandora\u0027s Box","Coffee Dripper"],"picked":"SacredBark"}],"items_purged_floors":[28,36],"is_endless":false,"potions_floor_spawned":[1,7,10,29,31,33,41,47],"killed_by":"Shield and Spear","ascension_level":16}}