{"host":"oztwkdn1ogbv4ny9","time":1611287858,"event":{"mods":["AchievementEnabler","BaseMod","Colored Map","Hermit","Minty Spire (QoL Compilation)","Replay The Spire","StSLib","SuperFastMode","The Construct","The Cursed","The Disciple","The Hierophant","The Necromancer","The Servant 0.9.4"],"gold_per_floor":[110,35,51,68,81,81,106,106,106,116,126,143,162,162,162,162,162],"floor_reached":16,"language":"ENG","playtime":667,"items_purged":["construct:Defend_Gold"],"score":106,"play_id":"74054fde-b5b6-455c-b056-53229ee52708","local_time":"20210121225738","is_ascension_mode":false,"campfire_choices":[{"data":"construct:MetalShell","floor":6.0,"key":"SMITH"},{"data":"construct:Versatility","floor":8.0,"key":"SMITH"},{"floor":15,"key":"REST"}],"circlet_count":0,"master_deck":["construct:Strike_Gold","construct:Strike_Gold","construct:Strike_Gold","construct:Strike_Gold","construct:Strike_Gold","construct:Defend_Gold","construct:Defend_Gold","construct:Defend_Gold","construct:Defend_Gold","construct:AttackMode","construct:DefenseMode","construct:Versatility+1","construct:MetalShell+1","construct:Autoturret","construct:Reinforce","construct:Autoturret","construct:LongRangeLance"],"relics":["construct:Cogwheel","NeowsBlessing","Replay:Accelerometer","Mirror"],"acts_visited":["Exordium"],"potions_floor_usage":[13],"damage_taken":[{"damage":0.0,"enemies":"Small Slimes","floor":1.0,"turns":1.0},{"damage":0.0,"enemies":"Jaw Worm","floor":3.0,"turns":1.0},{"damage":0.0,"enemies":"Cultist","floor":4.0,"turns":1.0},{"damage":1.0,"enemies":"Looter","floor":5.0,"turns":3.0},{"damage":42.0,"enemies":"Gremlin Nob","floor":7.0,"turns":6.0},{"damage":4,"enemies":"Exordium Thugs","floor":10,"turns":8},{"damage":10,"enemies":"3 Louse","floor":11,"turns":6},{"damage":8,"enemies":"2 Fungi Beasts","floor":12,"turns":6},{"damage":11,"enemies":"Lots of Slimes","floor":13,"turns":7},{"damage":62,"enemies":"Slime Boss","floor":16,"turns":7}],"seed_played":"-3560645838345297769","potions_obtained":[{"floor":3.0,"key":"Explosive Potion"},{"floor":5.0,"key":"SneckoOil"},{"floor":7.0,"key":"FearPotion"},{"floor":12,"key":"SkillPotion"},{"floor":13,"key":"Weak Potion"}],"is_trial":false,"path_per_floor":["M","$","M","M","M","R","E","R","T","M","M","M","M","?","R_BF","B"],"character_chosen":"THE_CONSTRUCT_MOD","items_purchased":[],"campfire_rested":1,"item_purchase_floors":[],"current_hp_per_floor":[85,85,85,85,84,84,42,42,42,38,28,20,9,37,62,0,0],"gold":162,"neow_bonus":"THREE_ENEMY_KILL","is_daily":false,"chose_seed":false,"campfire_upgraded":2,"win_rate":0.0,"timestamp":1611287858,"path_taken":["M","$","M","M","M","R","E","R","T","M","M","M","M","?","R_BF","BOSS"],"items_purchased_type":[],"build_version":"2020-12-22","purchased_purges":1,"victory":false,"max_hp_per_floor":[85,85,85,85,85,85,85,85,85,85,85,85,85,85,85,85,85],"card_choices":[{"not_picked":["construct:FierceBash","construct:Anticipate"],"picked":"construct:Versatility","floor":1.0},{"not_picked":["construct:HeavyBolt","construct:Backfire"],"picked":"construct:MetalShell","floor":3.0},{"not_picked":["construct:Accumulate","construct:ScrapCannon","construct:SyphonStrike"],"picked":"SKIP","floor":4.0},{"not_picked":["construct:FierceBash","construct:Construct_Overclock","construct:SpinDrive"],"picked":"SKIP","floor":5.0},{"not_picked":["construct:FierceBash","construct:ShiftStrike"],"picked":"construct:Autoturret","floor":7.0},{"not_picked":["construct:OmegaCannon","construct:HeavyBolt"],"picked":"construct:Reinforce","floor":10},{"not_picked":["construct:UnbalancingBlast","construct:PointDefense"],"picked":"construct:Autoturret","floor":11},{"not_picked":["construct:Accumulate","construct:Backfire","construct:Versatility"],"picked":"SKIP","floor":12},{"not_picked":["construct:SuppressiveFire","construct:OmegaCannon"],"picked":"construct:LongRangeLance","floor":13}],"player_experience":231530,"relics_obtained":[{"floor":7.0,"key":"Replay:Accelerometer"},{"floor":9.0,"key":"Mirror"}],"event_choices":[{"damage_healed":28,"gold_gain":0,"player_choice":"Banana","damage_taken":0,"max_hp_gain":0,"max_hp_loss":0,"event_name":"Big Fish","floor":14,"gold_loss":0}],"is_beta":false,"boss_relics":[],"items_purged_floors":[2],"is_endless":false,"potions_floor_spawned":[3,5,7,12,13],"killed_by":"Slime Boss","ascension_level":0}}