{"host":"0c22z74nxhh6l98a","time":1611343094,"event":{"mods":["BaseMod","BetterRewards","Card Forge","GungeonMod","Hubris","Infinite Spire","Minty Spire (QoL Compilation)","Potionbrewer","Shop Mod","StSLib"],"gold_per_floor":[118,268,137,152,349,500,573,573,573,607,934,954,1249,1385,1385,1786,1836,1996,2366,2506,2017,2017,2017,2047,2092,2119,2427,2497,2574,2574,2654,2654,2979,2979,2993,3307,3307,2801,3130,3433,3433,3761,3761,4072,4072,4072,4096,4415,4415,4599,4599,4599,3760,4075,4185],"floor_reached":56,"language":"ENG","playtime":5466,"items_purged":[],"score":3076,"play_id":"ed3bb0c3-3405-4f07-a288-4eb15bfb6df8","local_time":"20210122131814","is_ascension_mode":true,"campfire_choices":[{"floor":8,"key":"RECALL"},{"floor":15,"key":"DIG"},{"floor":23,"key":"DIG"},{"floor":32,"key":"DIG"},{"floor":41,"key":"DIG"},{"floor":49,"key":"DIG"},{"floor":52,"key":"DIG"}],"circlet_count":0,"master_deck":["AscendersBane","After Image","Adrenaline+1","Venomology+1","Blade Dance+1","Calculated Gamble+1","Escape Plan","infinitespire:Neurotoxin+1","Prepared","Reflex","hubris:Sniper","Tactician","DemoMod:Deposit+1","After Image","Adrenaline+1","Venomology+1","Calculated Gamble+1","Prepared","Reflex","hubris:Sniper","Tactician","DemoMod:Deposit+1","After Image","Adrenaline+1","Venomology+1","Calculated Gamble+1","Escape Plan","Prepared","Reflex","Tactician","hubris:Sniper","DemoMod:Deposit+1","DemoMod:Deposit+1","DemoMod:Deposit+1","DemoMod:Deposit+1","DemoMod:Deposit+1","DemoMod:Deposit+1","DemoMod:Deposit+1","DemoMod:Deposit+1","Prepared","Prepared","infinitespire:Neurotoxin","Calculated Gamble","Prepared","infinitespire:Collect","hubris:Insight"],"relics":["Ring of the Snake","Hammer of Thor","Seething Fire","Anvil of the Gods","MerchantsRug","Sundial","Toy Ornithopter","Sling","Lizard Tail","Tiny Chest","Tingsha","DemoMod:PoisonVial","Shovel","Toolbox","hubris:CuriousFeather","Bag of Preparation","Omamori","DemoMod:WeirdEgg","Lantern","DemoMod:PinkGuonStone","Akabeko","infinitespire:Midas Blood","Ancient Tea Set","Tiny House","Bag of Marbles","Prayer Wheel","PreservedInsect","MealTicket","potionbrewer:Torch","infinitespire:PuzzleCube","hubris:MysteriousPyramids","Oddly Smooth Stone","Black Star","hubris:Icosahedron","DemoMod:MonsterBlood","PrismaticShard","Happy Flower","potionbrewer:AlchemistFlask","hubris:Reverence","Anchor","DemoMod:Metronome","Pear","White Beast Statue","Pen Nib","hubris:DisguiseKit","SlaversCollar","DemoMod:Relodestone","Smiling Mask","Ornamental Fan","infinitespire:ShieldingShard","Bronze Scales","hubris:PeanutButter","TwistedFunnel","hubris:SphereOfDissonance","hubris:TenFootPole"],"acts_visited":["Exordium","TheCity","TheBeyond","TheEnding"],"potions_floor_usage":[5,6,6,6,7,7,7,10,10,11,11,12,12,12,13,13,13,13,14,14,14,14,16,16,18,18,18,20,20,25,25,25,25,25,27,27,28,28,28,29,31,33,33,33,33,36,36,36,39,39,39,39,39,40,40,40,42,42,42,44,44,44,44,48,48,48,48,50,50,50,50,54,54,54,54,55,55,55,55,55,55],"damage_taken":[{"damage":0,"enemies":"Small Slimes","floor":1,"turns":1},{"damage":0,"enemies":"Cultist","floor":4,"turns":1},{"damage":0,"enemies":"Jaw Worm","floor":5,"turns":5},{"damage":5,"enemies":"Gremlin Nob","floor":6,"turns":3},{"damage":0,"enemies":"2 Fungi Beasts","floor":7,"turns":3},{"damage":0,"enemies":"Blue Slaver","floor":10,"turns":1},{"damage":12,"enemies":"3 Sentries","floor":11,"turns":9},{"damage":0,"enemies":"Looter","floor":12,"turns":1},{"damage":30,"enemies":"Gremlin Nob","floor":13,"turns":4},{"damage":0,"enemies":"2 Fungi Beasts","floor":14,"turns":4},{"damage":0,"enemies":"The Guardian","floor":16,"turns":6},{"damage":0,"enemies":"Shell Parasite","floor":18,"turns":3},{"damage":0,"enemies":"Spheric Guardian","floor":20,"turns":3},{"damage":0,"enemies":"Gremlin Leader","floor":24,"turns":3},{"damage":0,"enemies":"Snecko","floor":25,"turns":3},{"damage":4,"enemies":"Slavers","floor":27,"turns":3},{"damage":0,"enemies":"Snake Plant","floor":28,"turns":2},{"damage":0,"enemies":"Shelled Parasite and Fungi","floor":29,"turns":2},{"damage":0,"enemies":"Cultist and Chosen","floor":31,"turns":2},{"damage":11,"enemies":"hubris:MusketHawk","floor":33,"turns":5},{"damage":6,"enemies":"Orb Walker","floor":35,"turns":3},{"damage":0,"enemies":"3 Shapes","floor":36,"turns":4},{"damage":14,"enemies":"Mind Bloom Boss Battle","floor":39,"turns":6},{"damage":13,"enemies":"Nemesis","floor":40,"turns":5},{"damage":0,"enemies":"Reptomancer","floor":42,"turns":3},{"damage":0,"enemies":"Sphere and 2 Shapes","floor":44,"turns":4},{"damage":3,"enemies":"Jaw Worm Horde","floor":48,"turns":4},{"damage":7,"enemies":"Time Eater","floor":50,"turns":4},{"damage":0,"enemies":"Shield and Spear","floor":54,"turns":3},{"damage":39,"enemies":"The Heart","floor":55,"turns":4}],"seed_played":"4407020408456967397","potions_obtained":[{"floor":13,"key":"SteroidPotion"},{"floor":16,"key":"potionbrewer:FreezingPotion"},{"floor":17,"key":"GhostInAJar"},{"floor":25,"key":"Regen Potion"},{"floor":27,"key":"FearPotion"},{"floor":31,"key":"PowerPotion"},{"floor":39,"key":"Poison Potion"},{"floor":42,"key":"DemoMod:LeadSkinPotion"},{"floor":44,"key":"Strength Potion"},{"floor":48,"key":"potionbrewer:NoxiousPotion"},{"floor":54,"key":"LiquidBronze"}],"is_trial":false,"path_per_floor":["M","?","$","M","M","E","M","R","T","M","E","M","E","M","R","B",null,"M","?","M","$","T","R","E","M","T","E","M","M","T","M","R","B",null,"M","M","?","$","?","E","R","E","T","M","T","AVR","T","M","R","B",null,"R","$","E","B",null],"character_chosen":"THE_SILENT","items_purchased":["MerchantsRug","Sundial","Toy Ornithopter","Sling","Tiny Chest","DemoMod:PoisonVial","Strawberry","Toolbox","Bag of Preparation","Omamori","DemoMod:WeirdEgg","Bag of Marbles","Prayer Wheel","DemoMod:MonsterBlood","PrismaticShard","Happy Flower","Bronze Scales","hubris:PeanutButter","TwistedFunnel","DemoMod:BlankPotion","hubris:Insight"],"campfire_rested":0,"item_purchase_floors":[0,0,0,0,0,0,0,0,0,0,3,21,21,38,38,38,53,53,53,53,53],"current_hp_per_floor":[66,66,66,66,71,68,73,73,80,80,72,80,50,70,70,80,85,85,49,59,59,59,59,59,84,84,85,85,85,85,85,85,74,82,76,85,85,92,88,89,89,102,102,102,102,102,102,102,102,95,100,100,102,102,63],"gold":4185,"neow_bonus":"","is_daily":false,"chose_seed":false,"campfire_upgraded":0,"win_rate":0.0,"timestamp":1611343094,"path_taken":["M","?","$","M","M","E","M","R","T","M","E","M","E","M","R","BOSS","M","?","?","$","?","R","E","M","T","E","M","M","?","M","R","BOSS","M","M","?","$","?","E","R","E","T","M","?","AVR","?","?","R","BOSS","R","$","E","BOSS"],"items_purchased_type":["Relic","Relic","Relic","Relic","Relic","Relic","Relic","Relic","Relic","Relic","Relic","Relic","Relic","Relic","Relic","Relic","Relic","Relic","Relic","Potion","Card"],"build_version":"2020-12-22","purchased_purges":0,"victory":true,"max_hp_per_floor":[73,73,73,73,73,73,73,73,80,80,80,80,80,80,80,80,85,85,85,85,85,85,85,85,85,85,85,85,85,85,85,85,85,85,85,85,85,92,92,92,92,102,102,102,102,102,102,102,102,102,102,102,102,102,102],"card_choices":[{"not_picked":["Deflect","Outmaneuver","Sucker Punch"],"picked":"SKIP","floor":1},{"not_picked":["Blade Dance","Finisher","Outmaneuver"],"picked":"SKIP","floor":4},{"not_picked":["hubris:TrickCloak","Burst","Footwork"],"picked":"SKIP","floor":5},{"not_picked":["Poisoned Stab","Endless Agony","hubris:TrickCloak"],"picked":"SKIP","floor":6},{"not_picked":["Expertise","Endless Agony","Terror"],"picked":"SKIP","floor":7},{"not_picked":["Setup","Riddle With Holes","Backstab"],"picked":"SKIP","floor":10},{"not_picked":["Acrobatics","All Out Attack","Heel Hook"],"picked":"SKIP","floor":11},{"not_picked":["hubris:SlightOfHand","Concentrate","Riddle With Holes"],"picked":"SKIP","floor":12},{"not_picked":["Underhanded Strike","Leg Sweep","Blade Dance"],"picked":"SKIP","floor":13},{"not_picked":["Acrobatics","Dodge and Roll","Sucker Punch"],"picked":"SKIP","floor":14},{"not_picked":["Cloak And Dagger","hubris:SlightOfHand","Poisoned Stab"],"picked":"SKIP","floor":18},{"not_picked":["Acrobatics","Bane","Catalyst"],"picked":"SKIP","floor":20},{"not_picked":["Dagger Throw","Cloak And Dagger","Predator"],"picked":"SKIP","floor":24},{"not_picked":["Deadly Poison","Choke","Underhanded Strike"],"picked":"SKIP","floor":25},{"not_picked":["Dagger Throw","Finisher","Dash"],"picked":"SKIP","floor":25},{"not_picked":["Caltrops","Deflect","Choke"],"picked":"SKIP","floor":27},{"not_picked":["hubris:SlightOfHand","Blade Dance","Sucker Punch"],"picked":"SKIP","floor":28},{"not_picked":["Riddle With Holes","Underhanded Strike","Bane"],"picked":"SKIP","floor":28},{"not_picked":["Underhanded Strike","Reflex"],"picked":"Prepared","floor":29},{"not_picked":["Caltrops","Deadly Poison","Underhanded Strike+1"],"picked":"SKIP","floor":29},{"not_picked":["hubris:Sniper","Backstab"],"picked":"Prepared","floor":31},{"not_picked":["Predator","Underhanded Strike","Outmaneuver"],"picked":"SKIP","floor":31},{"not_picked":["Die Die Die","Wraith Form v2"],"picked":"infinitespire:Neurotoxin","floor":33},{"not_picked":["hubris:TrickCloak","Dodge and Roll","Deflect+1"],"picked":"SKIP","floor":35},{"not_picked":["Dodge and Roll+1","Flying Knee","Noxious Fumes"],"picked":"SKIP","floor":35},{"not_picked":["Backflip+1","hubris:TrickCloak"],"picked":"Calculated Gamble","floor":36},{"not_picked":["Storm of Steel","PiercingWail"],"picked":"Prepared","floor":36},{"not_picked":["potionbrewer:Experimentation+1","potionbrewer:FortifiedSerum","Halt+1"],"picked":"SKIP","floor":40},{"not_picked":["DemoMod:Unity","Loop","Disarm"],"picked":"SKIP","floor":42},{"not_picked":["SignatureMove+1","True Grit","potionbrewer:TimeBomb"],"picked":"SKIP","floor":44},{"not_picked":["FlurryOfBlows","Bouncing Flask+1","DemoMod:CursedBullets"],"picked":"SKIP","floor":44},{"not_picked":["Crescendo","SashWhip","Go for the Eyes+1","potionbrewer:AnotherRound"],"picked":"SKIP","floor":48},{"not_picked":["DemoMod:Unmoved+1","Heatsinks+1","potionbrewer:Fuel","potionbrewer:PortableLab"],"picked":"SKIP","floor":48},{"not_picked":["potionbrewer:BlindingSpray","potionbrewer:FlareUp","Consume","potionbrewer:VolatileSolution"],"picked":"SKIP","floor":54}],"player_experience":952056,"relics_obtained":[{"floor":6,"key":"Lantern"},{"floor":9,"key":"DemoMod:PinkGuonStone"},{"floor":11,"key":"Akabeko"},{"floor":13,"key":"infinitespire:Midas Blood"},{"floor":15,"key":"Ancient Tea Set"},{"floor":23,"key":"PreservedInsect"},{"floor":24,"key":"MealTicket"},{"floor":26,"key":"potionbrewer:Torch"},{"floor":27,"key":"infinitespire:PuzzleCube"},{"floor":30,"key":"hubris:MysteriousPyramids"},{"floor":32,"key":"Oddly Smooth Stone"},{"floor":39,"key":"potionbrewer:AlchemistFlask"},{"floor":40,"key":"hubris:Reverence"},{"floor":40,"key":"Anchor"},{"floor":41,"key":"DemoMod:Metronome"},{"floor":42,"key":"Pear"},{"floor":42,"key":"White Beast Statue"},{"floor":43,"key":"Pen Nib"},{"floor":45,"key":"hubris:DisguiseKit"},{"floor":47,"key":"Smiling Mask"},{"floor":49,"key":"Ornamental Fan"},{"floor":52,"key":"infinitespire:ShieldingShard"},{"floor":54,"key":"hubris:SphereOfDissonance"},{"floor":54,"key":"hubris:TenFootPole"}],"event_choices":[{"damage_healed":0,"gold_gain":150,"player_choice":"AGREE","damage_taken":0,"max_hp_gain":0,"max_hp_loss":0,"event_name":"Liars Game","floor":2,"gold_loss":0,"cards_obtained":["Doubt"]},{"damage_healed":0,"gold_gain":360,"player_choice":"GOLD GOLD GOLD GOLD ","damage_taken":36,"max_hp_gain":0,"max_hp_loss":0,"event_name":"Knowing Skull","floor":19,"potions_obtained":[],"gold_loss":0,"cards_obtained":[]},{"damage_healed":0,"gold_gain":0,"player_choice":"Fight","damage_taken":0,"max_hp_gain":0,"max_hp_loss":0,"event_name":"MindBloom","floor":39,"gold_loss":0}],"is_beta":false,"boss_relics":[{"not_picked":["Pandora\u0027s Box","infinitespire:Cupcake"],"picked":"Tiny House"},{"not_picked":["potionbrewer:BhaskarasWheel","Runic Dome"],"picked":"Black Star"}],"items_purged_floors":[],"is_endless":false,"potions_floor_spawned":[5,7,11,13,16,24,25,27,31,35,39,42,44,48,54],"ascension_level":18}}