{"host":"f0gpob8hq9vgebej","time":1611303019,"event":{"mods":["AchievementEnabler","BaseMod","Minty Spire (QoL Compilation)","Quick Restart","SuperFastMode"],"gold_per_floor":[360,374,392,412,77,77,77,77,129,129,146,160,170,70,70,173,223,234,254,272,98,132,132,132,162,162,162,12,12,25,43,43,142,142,161,175,175,189,10,23,23,23,23],"floor_reached":42,"language":"KOR","playtime":1784,"items_purged":["Strike_G","Strike_G","Strike_G","Strike_G"],"score":670,"play_id":"1c08dc01-1d03-447d-8b72-59db96bd235b","local_time":"20210122171019","is_ascension_mode":true,"campfire_choices":[{"data":"Bouncing Flask","floor":7.0,"key":"SMITH"},{"data":"Sadistic Nature","floor":10.0,"key":"SMITH"},{"floor":15.0,"key":"REST"},{"data":"Malaise","floor":23.0,"key":"SMITH"},{"data":"Prepared","floor":29.0,"key":"SMITH"},{"data":"Deadly Poison","floor":32.0,"key":"SMITH"}],"circlet_count":0,"master_deck":["Defend_G","Defend_G+1","Survivor","Neutralize","Backflip","Deadly Poison+1","Poisoned Stab","PiercingWail+1","Sadistic Nature+1","Bouncing Flask+1","Blur+1","Malaise+1","Prepared+1","Acrobatics","Crippling Poison+1","Backflip","Burst+1","Well Laid Plans+1","Doppelganger+1","Prepared","Sadistic Nature"],"relics":["Ring of the Snake","Blood Vial","Tiny House","Red Mask","War Paint","Ninja Scroll","Astrolabe"],"acts_visited":["Exordium","TheCity","TheBeyond"],"potions_floor_usage":[33,35,38],"damage_taken":[{"damage":0.0,"enemies":"2 Louse","floor":1.0,"turns":2.0},{"damage":0.0,"enemies":"Cultist","floor":2.0,"turns":5.0},{"damage":0.0,"enemies":"Small Slimes","floor":3.0,"turns":4.0},{"damage":21.0,"enemies":"Exordium Thugs","floor":4.0,"turns":8.0},{"damage":4.0,"enemies":"Red Slaver","floor":11.0,"turns":4.0},{"damage":0.0,"enemies":"3 Louse","floor":12.0,"turns":5.0},{"damage":8.0,"enemies":"2 Fungi Beasts","floor":13.0,"turns":4.0},{"damage":0.0,"enemies":"Hexaghost","floor":16.0,"turns":7.0},{"damage":2.0,"enemies":"Chosen","floor":18.0,"turns":5.0},{"damage":10.0,"enemies":"Shell Parasite","floor":19.0,"turns":4.0},{"damage":37.0,"enemies":"Shelled Parasite and Fungi","floor":20.0,"turns":5.0},{"damage":4.0,"enemies":"Masked Bandits","floor":22.0,"turns":4.0},{"damage":11.0,"enemies":"Gremlin Leader","floor":25.0,"turns":6.0},{"damage":1.0,"enemies":"Snecko","floor":30.0,"turns":4.0},{"damage":0.0,"enemies":"Sentry and Sphere","floor":31.0,"turns":2.0},{"damage":50,"enemies":"Champ","floor":33,"turns":9},{"damage":19,"enemies":"3 Darklings","floor":35,"turns":5},{"damage":14,"enemies":"Orb Walker","floor":36,"turns":4},{"damage":16,"enemies":"4 Shapes","floor":38,"turns":4},{"damage":12,"enemies":"Sphere and 2 Shapes","floor":40,"turns":4},{"damage":0,"enemies":"3 Darklings","floor":42,"turns":2}],"seed_played":"5112372949629521055","potions_obtained":[{"floor":2.0,"key":"Weak Potion"},{"floor":4.0,"key":"BlessingOfTheForge"},{"floor":12.0,"key":"FairyPotion"},{"floor":17.0,"key":"SpeedPotion"},{"floor":20.0,"key":"DistilledChaos"},{"floor":25.0,"key":"Explosive Potion"},{"floor":31.0,"key":"PowerPotion"},{"floor":33,"key":"CunningPotion"},{"floor":35,"key":"SteroidPotion"},{"floor":40,"key":"Strength Potion"}],"is_trial":false,"path_per_floor":["M","M","M","M","$","?","R","$","T","R","M","M","M","$","R","B",null,"M","M","M","$","?","R","?","E","T","?","$","R","M","M","R","B",null,"M","M","?","M","$","M","?","M"],"character_chosen":"THE_SILENT","items_purchased":["Sadistic Nature","Bouncing Flask","Acrobatics","Sadistic Nature"],"campfire_rested":1,"item_purchase_floors":[5,5,21,39],"current_hp_per_floor":[45,45,45,24,24,24,24,24,24,24,22,24,18,18,39,41,68,68,60,25,25,23,23,48,39,39,39,39,39,40,42,42,22,62,45,33,33,19,19,9,9,11,11],"gold":23,"neow_bonus":"TWO_FIFTY_GOLD","is_daily":false,"chose_seed":false,"campfire_upgraded":5,"win_rate":0.0,"timestamp":1611303019,"path_taken":["M","M","M","M","$","?","R","?","T","R","M","M","M","$","R","BOSS","M","M","M","$","?","R","?","E","T","?","$","R","M","M","R","BOSS","M","M","?","M","$","M","?","?"],"items_purchased_type":["Card","Card","Card","Card"],"build_version":"2020-12-22","purchased_purges":4,"victory":false,"max_hp_per_floor":[70,70,70,70,70,70,70,70,70,70,70,70,70,70,70,70,75,75,75,75,75,75,75,75,75,75,75,75,75,75,75,75,75,75,75,75,75,75,75,75,75,75,75],"card_choices":[{"not_picked":["Bane","Riddle With Holes"],"picked":"Backflip","floor":1.0},{"not_picked":["Deflect","Setup"],"picked":"Deadly Poison","floor":2.0},{"not_picked":["Dagger Throw","Finisher"],"picked":"Poisoned Stab","floor":3.0},{"not_picked":["Predator","Bane"],"picked":"PiercingWail","floor":4.0},{"not_picked":["Dodge and Roll","Cloak And Dagger"],"picked":"Blur","floor":11.0},{"not_picked":["Dagger Spray","Dagger Throw"],"picked":"Malaise","floor":12.0},{"not_picked":["Dagger Spray","Deflect","Well Laid Plans"],"picked":"SKIP","floor":13.0},{"not_picked":["Quick Slash","PiercingWail"],"picked":"Prepared","floor":17.0},{"not_picked":["Slice","Quick Slash+1","All Out Attack"],"picked":"SKIP","floor":18.0},{"not_picked":["Slice","Blade Dance","Concentrate"],"picked":"SKIP","floor":19.0},{"not_picked":["Quick Slash","Accuracy","Tools of the Trade"],"picked":"SKIP","floor":20.0},{"not_picked":["Dagger Spray","Poisoned Stab+1"],"picked":"Crippling Poison+1","floor":22.0},{"not_picked":["Underhanded Strike","Crippling Poison","Slice"],"picked":"SKIP","floor":25.0},{"not_picked":["Endless Agony","Infinite Blades"],"picked":"Backflip","floor":30.0},{"not_picked":["Poisoned Stab","Caltrops","Sucker Punch+1"],"picked":"SKIP","floor":31.0},{"not_picked":["Envenom","Tools of the Trade"],"picked":"Burst","floor":33},{"not_picked":["Terror","Poisoned Stab","Sucker Punch"],"picked":"SKIP","floor":35},{"not_picked":["Predator","Terror+1","Heel Hook+1"],"picked":"SKIP","floor":36},{"not_picked":["Underhanded Strike+1","Distraction+1"],"picked":"Prepared","floor":38},{"not_picked":["Crippling Poison","Dodge and Roll","Masterful Stab+1"],"picked":"SKIP","floor":40}],"player_experience":208081,"relics_obtained":[{"floor":9.0,"key":"Blood Vial"},{"floor":22.0,"key":"Red Mask"},{"floor":25.0,"key":"War Paint"},{"floor":26.0,"key":"Ninja Scroll"}],"event_choices":[{"cards_removed":["Strike_G"],"damage_healed":0.0,"max_hp_gain":0.0,"max_hp_loss":0.0,"gold_gain":0.0,"event_name":"Purifier","player_choice":"Purged","floor":6.0,"gold_loss":0.0,"damage_taken":0.0},{"damage_healed":0.0,"max_hp_gain":0.0,"max_hp_loss":0.0,"gold_gain":0.0,"event_name":"Masked Bandits","player_choice":"Fought Bandits","floor":22.0,"gold_loss":0.0,"damage_taken":0.0},{"damage_healed":25.0,"max_hp_gain":0.0,"max_hp_loss":0.0,"gold_gain":0.0,"event_name":"The Library","player_choice":"Heal","floor":24.0,"gold_loss":0.0,"damage_taken":0.0},{"damage_healed":0.0,"max_hp_gain":0.0,"max_hp_loss":0.0,"gold_gain":0.0,"event_name":"Cursed Tome","player_choice":"Ignored","floor":27.0,"gold_loss":0.0,"damage_taken":0.0},{"cards_removed":["Caltrops"],"damage_healed":0,"gold_gain":0,"player_choice":"Removed Power","damage_taken":0,"max_hp_gain":0,"max_hp_loss":0,"event_name":"Falling","floor":37,"gold_loss":0},{"damage_healed":0,"gold_gain":0,"player_choice":"Upgraded","damage_taken":0,"max_hp_gain":0,"max_hp_loss":0,"event_name":"Upgrade Shrine","floor":41,"gold_loss":0,"cards_upgraded":["Burst"]}],"is_beta":false,"boss_relics":[{"not_picked":["Cursed Key","Busted Crown"],"picked":"Tiny House"},{"not_picked":["Sozu","Runic Dome"],"picked":"Astrolabe"}],"items_purged_floors":[5,14,21,28],"is_endless":false,"potions_floor_spawned":[2,4,12,20,25,31,33,35,40],"killed_by":"3 Darklings","ascension_level":9}}