{"host":"gg","time":1611293260,"event":{"mods":["BaseMod","Colored Map","Googly Eyes","Minty Spire (QoL Compilation)","Permanent Neow","Relic Stats","The IronCluck"],"gold_per_floor":[113,133,147,147,147,187,187,207,207,243,243,281,206,240,240,333,333,347,347,347,362,45,76,76,110,133,149,190,209,209,253,253,351,351,371,159,159,173,186,186,186,200,223,276,295,295,628,661,661,661,661,661],"floor_reached":51,"language":"ENG","playtime":2610,"items_purged":["Writhe"],"score":1787,"play_id":"0675bca0-2215-4f13-806a-624db117a0f0","local_time":"20210121212740","is_ascension_mode":true,"campfire_choices":[{"data":"TalkToTheHand","floor":7.0,"key":"SMITH"},{"data":"CrushJoints","floor":15.0,"key":"SMITH"},{"floor":24.0,"key":"REST"},{"floor":30.0,"key":"REST"},{"floor":32.0,"key":"RECALL"},{"floor":40.0,"key":"REST"},{"floor":46.0,"key":"REST"},{"floor":49.0,"key":"REST"}],"circlet_count":0,"master_deck":["AscendersBane","Strike_P","Strike_P+1","Defend_P","Defend_P+1","Eruption","Vigilance","EmptyFist+1","TalkToTheHand+1","FlyingSleeves","DevaForm","Wallop","Conclude+1","CrushJoints+1","Brilliance","Tantrum+1","Blasphemy","Fasting2","SashWhip","EmptyMind","Brilliance","WaveOfTheHand","Ragnarok","Ragnarok","Wallop","FearNoEvil","Tantrum","Omniscience"],"relics":["Snecko Eye","Potion Belt","Whetstone","Darkstone Periapt","Damaru","CloakClasp","Fusion Hammer","Happy Flower","Gambling Chip","Mummified Hand","Akabeko","Smiling Mask","PreservedInsect","Strawberry","Philosopher\u0027s Stone","Vajra","Regal Pillow","Oddly Smooth Stone"],"acts_visited":["Exordium","TheCity","TheBeyond"],"potions_floor_usage":[51,51,51],"damage_taken":[{"damage":4.0,"enemies":"Jaw Worm","floor":1.0,"turns":5.0},{"damage":3.0,"enemies":"2 Louse","floor":2.0,"turns":3.0},{"damage":0.0,"enemies":"Small Slimes","floor":3.0,"turns":2.0},{"damage":18.0,"enemies":"3 Sentries","floor":6.0,"turns":6.0},{"damage":4.0,"enemies":"3 Louse","floor":8.0,"turns":3.0},{"damage":0.0,"enemies":"Gremlin Nob","floor":10.0,"turns":3.0},{"damage":0.0,"enemies":"Lagavulin","floor":12.0,"turns":3.0},{"damage":10.0,"enemies":"Gremlin Nob","floor":14.0,"turns":4.0},{"damage":0.0,"enemies":"Hexaghost","floor":16.0,"turns":7.0},{"damage":17.0,"enemies":"Shell Parasite","floor":18.0,"turns":3.0},{"damage":3.0,"enemies":"2 Thieves","floor":21.0,"turns":3.0},{"damage":3.0,"enemies":"Book of Stabbing","floor":23.0,"turns":3.0},{"damage":0.0,"enemies":"Slavers","floor":25.0,"turns":3.0},{"damage":0.0,"enemies":"Snecko","floor":27.0,"turns":2.0},{"damage":0.0,"enemies":"Gremlin Leader","floor":28.0,"turns":3.0},{"damage":10.0,"enemies":"Cultist and Chosen","floor":29.0,"turns":4.0},{"damage":5.0,"enemies":"Book of Stabbing","floor":31.0,"turns":3.0},{"damage":35.0,"enemies":"Automaton","floor":33.0,"turns":7.0},{"damage":0.0,"enemies":"Orb Walker","floor":35.0,"turns":1.0},{"damage":0.0,"enemies":"3 Shapes","floor":38.0,"turns":1.0},{"damage":0.0,"enemies":"Spire Growth","floor":39.0,"turns":1.0},{"damage":32.0,"enemies":"4 Shapes","floor":42.0,"turns":3.0},{"damage":0.0,"enemies":"Maw","floor":45.0,"turns":4.0},{"damage":5.0,"enemies":"Nemesis","floor":48.0,"turns":3.0},{"damage":42,"enemies":"Donu and Deca","floor":50,"turns":5},{"damage":54,"enemies":"Awakened One","floor":51,"turns":6}],"seed_played":"-7807515466389399305","potions_obtained":[{"floor":1.0,"key":"Fire Potion"},{"floor":2.0,"key":"Dexterity Potion"},{"floor":8.0,"key":"BottledMiracle"},{"floor":10.0,"key":"SteroidPotion"},{"floor":12.0,"key":"EssenceOfSteel"},{"floor":14.0,"key":"SteroidPotion"},{"floor":18.0,"key":"Regen Potion"},{"floor":21.0,"key":"SkillPotion"},{"floor":29.0,"key":"Regen Potion"},{"floor":35.0,"key":"PowerPotion"},{"floor":38.0,"key":"Swift Potion"},{"floor":45.0,"key":"Weak Potion"}],"is_trial":false,"path_per_floor":["M","M","M","?","?","E","R","M","T","E","?","E","?","E","R","B",null,"M","?","?","M","$","E","R","E","T","M","E","M","R","E","R","B",null,"M","$","?","M","M","R","?","M","T","T","M","R","?","E","R","B","B"],"character_chosen":"WATCHER","items_purchased":["Gambling Chip","Vajra"],"campfire_rested":5,"item_purchase_floors":[22,36],"current_hp_per_floor":[57,54,54,54,59,41,41,37,37,37,17,17,17,7,7,7,52,35,41,41,38,38,35,56,56,56,56,56,46,67,69,69,34,69,69,69,69,69,69,80,80,48,48,48,48,80,80,75,80,38,0,0],"gold":661,"neow_bonus":"BOSS_RELIC","is_daily":false,"chose_seed":false,"campfire_upgraded":2,"win_rate":0.0,"timestamp":1611293260,"path_taken":["M","M","M","?","?","E","R","M","T","E","?","E","?","E","R","BOSS","M","?","?","M","?","E","R","E","T","M","E","?","R","E","R","BOSS","M","$","?","M","?","R","?","M","T","?","?","R","?","E","R","BOSS","BOSS"],"items_purchased_type":["Relic","Relic"],"build_version":"2020-12-18","purchased_purges":1,"victory":false,"max_hp_per_floor":[68,68,68,62,67,67,67,67,67,67,67,67,67,67,67,67,67,67,73,73,73,73,73,73,73,73,73,73,73,73,80,80,80,80,80,80,80,80,80,80,80,80,80,80,80,80,80,80,80,80,80,80],"relic_stats":{"Darkstone Periapt":6,"Regal Pillow":8,"Happy Flower":[17],"counters":[26,91],"Mummified Hand":[27],"Gambling Chip":[48],"Snecko Eye":[140,168,160,177],"PreservedInsect":93,"CloakClasp":[125],"Whetstone":["Strike_P","EmptyFist"],"Smiling Mask":25,"obtain_stats":[{"Potion Belt":6,"Darkstone Periapt":10,"Regal Pillow":44,"Happy Flower":19,"Golden Idol":4,"Damaru":12,"Vajra":36,"Oddly Smooth Stone":48,"PreservedInsect":28,"CloakClasp":14,"Whetstone":9,"Smiling Mask":26,"Akabeko":25,"Mummified Hand":23,"Gambling Chip":22,"Strawberry":31,"Snecko Eye":0,"Philosopher\u0027s Stone":34,"Fusion Hammer":17,"PureWater":0},{"Potion Belt":4,"Darkstone Periapt":6,"Regal Pillow":22,"Happy Flower":10,"Golden Idol":3,"Damaru":7,"Vajra":19,"Oddly Smooth Stone":24,"PreservedInsect":15,"CloakClasp":8,"Whetstone":5,"Smiling Mask":13,"Akabeko":13,"Mummified Hand":12,"Gambling Chip":11,"Strawberry":17,"Snecko Eye":0,"Philosopher\u0027s Stone":18,"Fusion Hammer":9,"PureWater":0},{"Potion Belt":16,"Darkstone Periapt":22,"Regal Pillow":73,"Happy Flower":39,"Golden Idol":10,"Damaru":25,"Vajra":68,"Oddly Smooth Stone":80,"PreservedInsect":53,"CloakClasp":29,"Whetstone":19,"Smiling Mask":48,"Akabeko":48,"Mummified Hand":45,"Gambling Chip":42,"Strawberry":60,"Snecko Eye":0,"Philosopher\u0027s Stone":67,"Fusion Hammer":36,"PureWater":0}]},"card_choices":[{"not_picked":["ThirdEye","WaveOfTheHand"],"picked":"EmptyFist","floor":1.0},{"not_picked":["DeceiveReality","BattleHymn"],"picked":"TalkToTheHand","floor":2.0},{"not_picked":["Halt","MentalFortress"],"picked":"FlyingSleeves","floor":3.0},{"not_picked":["Sanctity","ThirdEye"],"picked":"DevaForm","floor":6.0},{"not_picked":["WaveOfTheHand","Fasting2"],"picked":"Wallop","floor":8.0},{"not_picked":["EmptyBody","BowlingBash"],"picked":"Conclude","floor":10.0},{"not_picked":["FlyingSleeves","BattleHymn"],"picked":"CrushJoints","floor":12.0},{"not_picked":["MasterReality","ThirdEye","Halt"],"picked":"SKIP","floor":14.0},{"not_picked":["Vault","Blasphemy"],"picked":"Brilliance","floor":16.0},{"not_picked":["SashWhip","EmptyFist"],"picked":"Tantrum+1","floor":18.0},{"not_picked":["BowlingBash","CarveReality","Halt"],"picked":"SKIP","floor":21.0},{"not_picked":["Fasting2+1","Weave","PathToVictory"],"picked":"SKIP","floor":23.0},{"not_picked":["FollowUp","ThirdEye","Sanctity"],"picked":"SKIP","floor":25.0},{"not_picked":["WindmillStrike","Halt"],"picked":"SashWhip","floor":27.0},{"not_picked":["Evaluate+1","ClearTheMind"],"picked":"EmptyMind","floor":28.0},{"not_picked":["Fasting2","JustLucky"],"picked":"Brilliance","floor":29.0},{"not_picked":["LikeWater","ConjureBlade"],"picked":"WaveOfTheHand","floor":31.0},{"not_picked":["Brilliance","MasterReality"],"picked":"Ragnarok","floor":33.0},{"not_picked":["EmptyBody+1","Halt+1","Prostrate+1"],"picked":"SKIP","floor":35.0},{"not_picked":["SashWhip","BowlingBash"],"picked":"Wallop","floor":38.0},{"not_picked":["DeceiveReality","JustLucky"],"picked":"FearNoEvil","floor":39.0},{"not_picked":["JustLucky+1","Consecrate","FearNoEvil+1"],"picked":"SKIP","floor":42.0},{"not_picked":["WindmillStrike","JustLucky"],"picked":"Tantrum","floor":45.0},{"not_picked":["JustLucky","FlyingSleeves"],"picked":"Omniscience","floor":48.0}],"player_experience":1250200,"relics_obtained":[{"floor":6.0,"key":"Potion Belt"},{"floor":9.0,"key":"Whetstone"},{"floor":10.0,"key":"Darkstone Periapt"},{"floor":12.0,"key":"Damaru"},{"floor":14.0,"key":"CloakClasp"},{"floor":23.0,"key":"Mummified Hand"},{"floor":25.0,"key":"Akabeko"},{"floor":26.0,"key":"Smiling Mask"},{"floor":28.0,"key":"PreservedInsect"},{"floor":31.0,"key":"Strawberry"},{"floor":44.0,"key":"Regal Pillow"},{"floor":48.0,"key":"Oddly Smooth Stone"}],"event_choices":[{"damage_healed":0.0,"max_hp_gain":0.0,"max_hp_loss":6.0,"gold_gain":0.0,"event_name":"Golden Idol","player_choice":"Lose Max HP","floor":4.0,"gold_loss":0.0,"damage_taken":0.0,"relics_obtained":["Golden Idol"]},{"damage_healed":0.0,"max_hp_gain":5.0,"max_hp_loss":0.0,"gold_gain":0.0,"event_name":"Big Fish","player_choice":"Donut","floor":5.0,"gold_loss":0.0,"damage_taken":0.0},{"damage_healed":0.0,"max_hp_gain":0.0,"max_hp_loss":0.0,"gold_gain":0.0,"event_name":"Shining Light","player_choice":"Entered Light","floor":11.0,"gold_loss":0.0,"damage_taken":20.0,"cards_upgraded":["Conclude","Defend_P"]},{"cards_removed":["Defend_P"],"damage_healed":0.0,"max_hp_gain":0.0,"max_hp_loss":0.0,"gold_gain":0.0,"event_name":"The Cleric","player_choice":"Card Removal","floor":13.0,"gold_loss":75.0,"damage_taken":0.0},{"damage_healed":0.0,"max_hp_gain":0.0,"max_hp_loss":0.0,"gold_gain":0.0,"event_name":"The Mausoleum","player_choice":"Opened","floor":19.0,"gold_loss":0.0,"damage_taken":0.0,"relics_obtained":["Happy Flower"],"cards_obtained":["Writhe"]},{"damage_healed":0.0,"max_hp_gain":0.0,"max_hp_loss":0.0,"gold_gain":0.0,"cards_transformed":["Defend_P","Strike_P"],"event_name":"Drug Dealer","player_choice":"Became Test Subject","floor":20.0,"gold_loss":0.0,"damage_taken":0.0,"cards_obtained":["Blasphemy","Fasting2"]},{"damage_healed":0.0,"max_hp_gain":0.0,"max_hp_loss":0.0,"gold_gain":0.0,"cards_transformed":["Strike_P"],"event_name":"Transmorgrifier","player_choice":"Transformed","floor":37.0,"gold_loss":0.0,"damage_taken":0.0,"cards_obtained":["Ragnarok"]},{"damage_healed":0.0,"max_hp_gain":0.0,"max_hp_loss":0.0,"gold_gain":0.0,"event_name":"Tomb of Lord Red Mask","player_choice":"Ignored","floor":41.0,"gold_loss":0.0,"damage_taken":0.0},{"damage_healed":0.0,"max_hp_gain":0.0,"max_hp_loss":0.0,"gold_gain":333.0,"event_name":"The Moai Head","player_choice":"Gave Idol","floor":47.0,"relics_lost":["Golden Idol"],"gold_loss":0.0,"damage_taken":0.0}],"is_beta":true,"boss_relics":[{"not_picked":["Runic Pyramid","Astrolabe"],"picked":"Fusion Hammer"},{"not_picked":["VioletLotus","Black Star"],"picked":"Philosopher\u0027s Stone"}],"items_purged_floors":[36],"is_endless":false,"potions_floor_spawned":[1,2,8,10,12,14,18,21,29,35,38,45],"killed_by":"Awakened One","ascension_level":20}}