{"host":"3pcjltfiofc9y6qs","time":1611319693,"event":{"mods":["BaseMod","Colored Map","Downfall","Minty Spire (QoL Compilation)","Permanent Neow","Relic Stats","StSLib"],"gold_per_floor":[99,112,130,142,156,186,237,237,247,264,284,13,13,41,55,156,156,156,176,195,195,195,195,195,195],"floor_reached":23,"language":"ENG","playtime":2027,"items_purged":[],"score":205,"play_id":"c0af8739-06f0-4150-8674-b3379b138d88","local_time":"20210122134813","is_ascension_mode":false,"campfire_choices":[{"data":"Slimebound:Split","floor":1.0,"key":"SMITH"},{"data":"Slimebound:RollThrough","floor":8.0,"key":"SMITH"},{"data":"Slimebound:SelfFormingGoo","floor":13,"key":"SMITH"},{"data":"Slimebound:WasteNot","floor":18,"key":"SMITH"}],"circlet_count":0,"master_deck":["Slimebound:Strike_Slimebound","Slimebound:Strike_Slimebound","Slimebound:Strike_Slimebound","Slimebound:Tackle","Slimebound:Defend_Slimebound","Slimebound:Defend_Slimebound","Slimebound:Defend_Slimebound","Slimebound:Defend_Slimebound","Slimebound:Split+1","Slimebound:CorrosiveSpit","Slimebound:SlimeTap","Slimebound:SplitLeeching","Slimebound:Repurpose","Slimebound:RollThrough+1","Slimebound:BestDefense","Slimebound:SelfFormingGoo+1","Slimebound:ViciousTackle","Slimebound:ComboTackle","Slimebound:SamplingLick","Slimebound:FinishingTackle+1","Slimebound:WasteNot+1","Slimebound:MegaLick","Slimebound:FlameTackle+1","Slimebound:LivingWall"],"relics":["Slimebound:AbsorbEndCombat","Pantograph","Molten Egg 2","Anchor","SacredBark","downfall:RedIOU"],"acts_visited":["Exordium","TheCity"],"potions_floor_usage":[],"damage_taken":[{"damage":0.0,"enemies":"Cultist","floor":2.0,"turns":3.0},{"damage":11.0,"enemies":"Jaw Worm","floor":3.0,"turns":4.0},{"damage":0.0,"enemies":"2 Louse","floor":4.0,"turns":2.0},{"damage":0.0,"enemies":"Large Slime","floor":5.0,"turns":4.0},{"damage":8.0,"enemies":"3 Sentries","floor":6.0,"turns":6.0},{"damage":9.0,"enemies":"Exordium Wildlife","floor":9.0,"turns":3.0},{"damage":16.0,"enemies":"Lots of Slimes","floor":10.0,"turns":5.0},{"damage":1,"enemies":"Blue Slaver","floor":11,"turns":3},{"damage":0,"enemies":"downfall:FleeingMerchant","floor":12,"turns":4},{"damage":35,"enemies":"Gremlin Nob","floor":14,"turns":5},{"damage":0,"enemies":"Exordium Thugs","floor":15,"turns":3},{"damage":43,"enemies":"DF_ARCHETYPE_STREAMLINE","floor":16,"turns":9},{"damage":16,"enemies":"Chosen","floor":19,"turns":5},{"damage":42,"enemies":"3 Byrds","floor":20,"turns":5},{"damage":24,"enemies":"Gremlin Leader","floor":23,"turns":2}],"seed_played":"7595319721156769992","potions_obtained":[{"floor":0.0,"key":"SpeedPotion"},{"floor":0.0,"key":"CultistPotion"},{"floor":0.0,"key":"Slimebound:SlimedPotion"},{"floor":2.0,"key":"Energy Potion"},{"floor":10.0,"key":"Ancient Potion"},{"floor":11,"key":"champ:CounterPotion"},{"floor":15,"key":"Slimebound:SlimedPotion"}],"is_trial":false,"path_per_floor":["R","M","M","M","M","E","T","R","M","M","M","$","R","E","M","B",null,"R","M","M","?","?","E"],"character_chosen":"SLIMEBOUND","items_purchased":["Molten Egg 2"],"campfire_rested":0,"item_purchase_floors":[12],"current_hp_per_floor":[65,65,56,58,62,54,54,54,51,41,44,54,54,25,29,21,65,65,53,21,21,21,0,0,0],"gold":195,"neow_bonus":"THREE_SMALL_POTIONS","is_daily":false,"chose_seed":false,"campfire_upgraded":4,"win_rate":0.0,"timestamp":1611319693,"path_taken":["R","M","?","M","M","E","T","R","M","M","M","$","R","E","M","BOSS","R","M","M","?","?","E"],"items_purchased_type":["Relic"],"build_version":"2020-12-22","purchased_purges":0,"victory":false,"max_hp_per_floor":[65,65,65,65,65,65,65,65,65,65,65,65,65,65,65,65,65,65,65,65,65,65,65,65,65],"relic_stats":{"counters":[15,61],"Pantograph":25,"obtain_stats":[{"Blood Vial":7,"Anchor":14,"Pantograph":6,"SacredBark":17,"Molten Egg 2":12,"downfall:RedIOU":22,"Slimebound:AbsorbEndCombat":0},{"Blood Vial":5,"Anchor":10,"Pantograph":5,"SacredBark":12,"Molten Egg 2":9,"downfall:RedIOU":14,"Slimebound:AbsorbEndCombat":0},{"Blood Vial":19,"Anchor":39,"Pantograph":19,"SacredBark":50,"Molten Egg 2":34,"downfall:RedIOU":59,"Slimebound:AbsorbEndCombat":0}]},"card_choices":[{"not_picked":["Slimebound:SplitMire","Slimebound:FinishingTackle"],"picked":"Slimebound:SlimeTap","floor":2.0},{"not_picked":["Slimebound:LeechingTouch","Slimebound:SplitBruiser"],"picked":"Slimebound:SplitLeeching","floor":3.0},{"not_picked":["Slimebound:Schlurp","Slimebound:SplitBruiser"],"picked":"Slimebound:Repurpose","floor":4.0},{"not_picked":["Slimebound:LeechingTouch","Slimebound:Chomp"],"picked":"Slimebound:RollThrough","floor":5.0},{"not_picked":["Slimebound:Schlurp","Slimebound:Nibble"],"picked":"Slimebound:BestDefense","floor":6.0},{"not_picked":["Slimebound:GrowthPunch","Slimebound:SlimeBrawl"],"picked":"Slimebound:SelfFormingGoo","floor":9.0},{"not_picked":["Slimebound:SplitLeeching","Slimebound:SplitMire"],"picked":"Slimebound:ViciousTackle","floor":10.0},{"not_picked":["Slimebound:TongueLash","Slimebound:LeechingTouch"],"picked":"Slimebound:ComboTackle","floor":11},{"not_picked":["Slimebound:SlimeSpikes","Slimebound:FlameTackle"],"picked":"Slimebound:SamplingLick","floor":12},{"not_picked":["Slimebound:BestDefense","Slimebound:RollThrough+1"],"picked":"Slimebound:FinishingTackle+1","floor":14},{"not_picked":["Slimebound:SplitLeeching","Slimebound:Schlurp","Slimebound:LeechingTouch+1"],"picked":"SKIP","floor":15},{"not_picked":["Slimebound:SlimeSlap+1","Slimebound:DuplicatedForm"],"picked":"Slimebound:WasteNot","floor":16},{"not_picked":["Slimebound:FinishingTackle+1","Slimebound:SamplingLick"],"picked":"Slimebound:MegaLick","floor":19},{"not_picked":["Slimebound:LevelUp","Slimebound:SplitAcid"],"picked":"Slimebound:FlameTackle+1","floor":20}],"player_experience":434391,"relics_obtained":[{"floor":6.0,"key":"Pantograph"},{"floor":7.0,"key":"Blood Vial"},{"floor":14,"key":"Anchor"}],"event_choices":[{"damage_healed":0,"gold_gain":0,"player_choice":"Read","damage_taken":0,"max_hp_gain":0,"max_hp_loss":0,"event_name":"The Library","floor":21,"gold_loss":0,"cards_obtained":["Slimebound:LivingWall"]}],"is_beta":false,"boss_relics":[{"not_picked":["Fusion Hammer","Runic Dome"],"picked":"SacredBark"}],"items_purged_floors":[],"is_endless":false,"potions_floor_spawned":[2,6,10,11,15,20],"killed_by":"Gremlin Leader","ascension_level":0}}