{"host":"1z4hbl9vfqrhg136","time":1611338053,"event":{"mods":["BaseMod","Minty Spire (QoL Compilation)"],"gold_per_floor":[110,129,149,159,175,175,205,205,228,241,241,241,266,156,156,232,232,244,263,263,263,223,256,256,283,283,283,302,318,164,181,181,181,181],"floor_reached":33,"language":"ENG","playtime":2050,"items_purged":["Strike_R"],"score":669,"play_id":"eeb53526-454b-4e4a-bcd7-b68238e27d39","local_time":"20210122175413","is_ascension_mode":true,"campfire_choices":[{"data":"Hemokinesis","floor":6.0,"key":"SMITH"},{"data":"Uppercut","floor":11.0,"key":"SMITH"},{"data":"Flame Barrier","floor":15.0,"key":"SMITH"},{"data":"Thunderclap","floor":24.0,"key":"SMITH"},{"floor":27,"key":"REST"},{"floor":32,"key":"REST"}],"circlet_count":0,"master_deck":["AscendersBane","Strike_R","Strike_R","Strike_R","Strike_R","Defend_R","Defend_R+1","Defend_R","Defend_R","Bash","Uppercut+1","Iron Wave","Power Through+1","Flame Barrier+1","Hemokinesis+1","Bludgeon","Armaments","Seeing Red","Feed","Thunderclap+1","Fire Breathing","Flame Barrier+1","Offering","Havoc+1","Metallicize"],"relics":["Burning Blood","PreservedInsect","Shuriken","War Paint","Oddly Smooth Stone","Lantern","Mark of Pain","Gambling Chip","Pantograph","Regal Pillow","Self Forming Clay"],"acts_visited":["Exordium","TheCity"],"potions_floor_usage":[25,33,33],"damage_taken":[{"damage":23.0,"enemies":"Jaw Worm","floor":1.0,"turns":6.0},{"damage":4.0,"enemies":"Small Slimes","floor":2.0,"turns":4.0},{"damage":0.0,"enemies":"Cultist","floor":3.0,"turns":3.0},{"damage":4.0,"enemies":"Blue Slaver","floor":4.0,"turns":4.0},{"damage":25.0,"enemies":"Exordium Wildlife","floor":5.0,"turns":8.0},{"damage":8.0,"enemies":"Gremlin Nob","floor":7.0,"turns":3.0},{"damage":11.0,"enemies":"Lots of Slimes","floor":10.0,"turns":4.0},{"damage":11.0,"enemies":"Lagavulin","floor":13.0,"turns":7.0},{"damage":35.0,"enemies":"The Guardian","floor":16.0,"turns":12.0},{"damage":10.0,"enemies":"Shell Parasite","floor":18.0,"turns":3.0},{"damage":20.0,"enemies":"2 Thieves","floor":19.0,"turns":4.0},{"damage":2.0,"enemies":"Book of Stabbing","floor":23.0,"turns":3.0},{"damage":18,"enemies":"Slavers","floor":25,"turns":4},{"damage":18,"enemies":"Cultist and Chosen","floor":28,"turns":6},{"damage":8,"enemies":"Centurion and Healer","floor":29,"turns":4},{"damage":27,"enemies":"Sentry and Sphere","floor":31,"turns":8},{"damage":130,"enemies":"Automaton","floor":33,"turns":14}],"seed_played":"-2359594838723986060","potions_obtained":[{"floor":1.0,"key":"BlessingOfTheForge"},{"floor":5.0,"key":"DuplicationPotion"},{"floor":10.0,"key":"SteroidPotion"},{"floor":16.0,"key":"Dexterity Potion"},{"floor":23.0,"key":"Strength Potion"},{"floor":28,"key":"BloodPotion"}],"is_trial":false,"path_per_floor":["M","M","M","M","M","R","E","?","T","M","R","?","E","?","R","B",null,"M","M","T","?","$","E","R","E","T","R","M","M","$","M","R","B"],"character_chosen":"IRONCLAD","items_purchased":["Fire Breathing","Metallicize"],"campfire_rested":2,"item_purchase_floors":[22,30],"current_hp_per_floor":[51,53,59,61,42,42,40,40,40,35,35,60,55,55,55,26,63,62,51,51,28,28,32,32,23,23,64,55,53,53,35,78,0,0],"gold":181,"neow_bonus":"RANDOM_COMMON_RELIC","is_daily":false,"chose_seed":false,"campfire_upgraded":4,"win_rate":0.0,"timestamp":1611338053,"path_taken":["M","M","M","M","M","R","E","?","T","M","R","?","E","?","R","BOSS","M","M","?","?","$","E","R","E","T","R","M","M","?","?","R","BOSS"],"items_purchased_type":["Card","Card"],"build_version":"2020-12-22","purchased_purges":1,"victory":false,"max_hp_per_floor":[75,75,75,75,75,75,75,75,75,75,75,75,75,75,75,75,75,78,81,81,86,86,86,86,89,89,89,92,92,92,95,95,95,95],"card_choices":[{"not_picked":["Bloodletting","Havoc"],"picked":"Uppercut","floor":1.0},{"not_picked":["Havoc","Sword Boomerang"],"picked":"Iron Wave","floor":2.0},{"not_picked":["Anger","Flex"],"picked":"Power Through","floor":3.0},{"not_picked":["Shrug It Off","Burning Pact"],"picked":"Flame Barrier","floor":4.0},{"not_picked":["Blood for Blood","Iron Wave"],"picked":"Hemokinesis","floor":5.0},{"not_picked":["Entrench","Sword Boomerang"],"picked":"Bludgeon","floor":7.0},{"not_picked":["Shrug It Off","Rupture"],"picked":"Armaments","floor":10.0},{"not_picked":["Pommel Strike","Headbutt"],"picked":"Seeing Red","floor":13.0},{"not_picked":["Bludgeon","Reaper"],"picked":"Feed","floor":16.0},{"not_picked":["Armaments","Clash","Pommel Strike"],"picked":"SKIP","floor":18.0},{"not_picked":["Sentinel","Perfected Strike"],"picked":"Thunderclap","floor":19.0},{"not_picked":["Shrug It Off","Disarm"],"picked":"Flame Barrier+1","floor":23.0},{"not_picked":["Uppercut","Power Through"],"picked":"Offering","floor":25},{"not_picked":["Pommel Strike","Second Wind","Warcry"],"picked":"SKIP","floor":28},{"not_picked":["Pommel Strike","Second Wind","Warcry"],"picked":"SKIP","floor":28},{"not_picked":["Twin Strike","Seeing Red+1"],"picked":"Havoc+1","floor":29},{"not_picked":["Clothesline+1","Armaments","Pummel"],"picked":"SKIP","floor":31}],"player_experience":1909257,"relics_obtained":[{"floor":7.0,"key":"Shuriken"},{"floor":9.0,"key":"War Paint"},{"floor":13.0,"key":"Oddly Smooth Stone"},{"floor":20.0,"key":"Gambling Chip"},{"floor":23.0,"key":"Pantograph"},{"floor":25,"key":"Regal Pillow"},{"floor":26,"key":"Self Forming Clay"}],"event_choices":[{"damage_healed":0.0,"max_hp_gain":0.0,"max_hp_loss":0.0,"gold_gain":0.0,"event_name":"Shining Light","player_choice":"Ignored","floor":8.0,"gold_loss":0.0,"damage_taken":0.0},{"damage_healed":25.0,"max_hp_gain":0.0,"max_hp_loss":0.0,"gold_gain":0.0,"event_name":"Big Fish","player_choice":"Banana","floor":12.0,"gold_loss":0.0,"damage_taken":0.0},{"damage_healed":0.0,"max_hp_gain":0.0,"max_hp_loss":0.0,"gold_gain":0.0,"event_name":"WeMeetAgain","player_choice":"Paid Gold","floor":14.0,"gold_loss":110.0,"damage_taken":0.0,"relics_obtained":["Lantern"]},{"damage_healed":0.0,"max_hp_gain":5.0,"max_hp_loss":0.0,"gold_gain":0.0,"event_name":"Forgotten Altar","player_choice":"Shed Blood","floor":21.0,"gold_loss":0.0,"damage_taken":28.0}],"is_beta":false,"boss_relics":[{"not_picked":["Astrolabe","Busted Crown"],"picked":"Mark of Pain"}],"items_purged_floors":[30],"is_endless":false,"potions_floor_spawned":[1,5,10,16,23,28],"killed_by":"Automaton","ascension_level":20}}