{"host":"nsz9w3nbq5dzmcfk","time":1611275111,"event":{"mods":["AchievementEnabler","Bard","Bartender","BaseMod","Beaked The Cultist","Better Skull","Better Third Choice","Block Reminder","Card Forge","Challenge The Spire","Colored Map","DeckTracker","Downfall","Gremlin Mod","Gremlin Skip","Hermit","Magitek Elite","Marked Mod","Minty Spire (QoL Compilation)","Quick Restart","Robot Space Explorer","Shade Mod","StSLib","Td1madao Mod","The Bladedancer","The Bug Knight","The Clintock","The Construct","The Dragon Tamer","The Edgeheg","The Exalted","The Florist","The Hayseed","The Hierophant","The IronCluck","The Judge","The Jungle","The Marked","The Necromancer","The Spell Scribe"],"gold_per_floor":[111,111,122,297,308,308,308],"floor_reached":6,"language":"ENG","playtime":137,"items_purged":[],"score":38,"play_id":"312966a3-ea16-4622-8547-0f80b50d89b3","local_time":"20210121192511","is_ascension_mode":true,"campfire_choices":[],"circlet_count":0,"master_deck":["Strike_P+1","Strike_P+1","Strike_P+1","Strike_P+1","Defend_P+1","Defend_P+1","Defend_P+1","Defend_P+1","Eruption+1","Vigilance+1","MarkedMod:GracefulMovements+1","MarkedMod:FirstStrike+1"],"relics":["PureWater","Hammer of Thor","Seething Fire","Anvil of the Gods"],"acts_visited":["Exordium"],"potions_floor_usage":[],"damage_taken":[{"damage":2.0,"enemies":"2 Louse","floor":1.0,"turns":2.0},{"damage":0.0,"enemies":"Small Slimes","floor":3.0,"turns":2.0},{"damage":0.0,"enemies":"Cultist","floor":5.0,"turns":3.0},{"damage":0,"enemies":"3 Sentries","floor":6,"turns":1}],"seed_played":"-8874823986955628607","potions_obtained":[{"floor":5.0,"key":"SpeedPotion"}],"is_trial":false,"path_per_floor":["M","?","M","?","M","E"],"character_chosen":"WATCHER","items_purchased":[],"campfire_rested":0,"item_purchase_floors":[],"current_hp_per_floor":[77,77,77,77,77,77,77],"gold":308,"neow_bonus":"TEN_PERCENT_HP_BONUS","is_daily":false,"chose_seed":false,"campfire_upgraded":0,"win_rate":0.0,"timestamp":1611275111,"path_taken":["M","?","M","?","M","E"],"items_purchased_type":[],"build_version":"2020-12-22","purchased_purges":0,"victory":false,"max_hp_per_floor":[79,79,79,79,79,79,79],"card_choices":[{"not_picked":["FlurryOfBlows","EmptyMind","CrushJoints"],"picked":"SKIP","floor":1.0},{"not_picked":["Protect","SandsOfTime"],"picked":"MarkedMod:GracefulMovements","floor":3.0},{"not_picked":["Prostrate","Consecrate"],"picked":"MarkedMod:FirstStrike","floor":5.0}],"player_experience":474331,"relics_obtained":[],"event_choices":[{"damage_healed":0.0,"max_hp_gain":0.0,"max_hp_loss":0.0,"gold_gain":0.0,"event_name":"The Cleric","player_choice":"Leave","floor":2.0,"gold_loss":0.0,"damage_taken":0.0},{"damage_healed":0.0,"max_hp_gain":0.0,"max_hp_loss":0.0,"gold_gain":175.0,"event_name":"betterThird:BetterSerpent","player_choice":"AGREE","floor":4.0,"gold_loss":0.0,"damage_taken":122.0}],"is_beta":false,"boss_relics":[],"items_purged_floors":[],"is_endless":false,"potions_floor_spawned":[5],"killed_by":"3 Sentries","ascension_level":1}}