{"host":"mal0jdk4f6ubgyb8","time":1611344614,"event":{"mods":["100% Spire Juice","Act Like it!","Arknights The Spire","Aspiration","BaseMod","Gensokyo","Hallownest","Koishi","Luminous","Marisa£®ÏF”Í°°ƒß¿Ì…≥£©","Minty Spire (QoL Compilation)","Quick Restart","Reimu£®≤©¿ˆ¡È√Œ£©","Relic Stats","Remilia£®¿Ÿ√◊¿Ú—«£©","StSLib","The Bug Knight","WarShipGirlsR/’ΩΩ¢…Ÿ≈ÆR mod","Yakumo Yukari mod","Youmu£®ªÍ∆«—˝√Œ£©","Yuri Mod","Yuyuko"],"gold_per_floor":[113,113,113,123,19,19,47,57,57,86,86,11,42,42,42,147,147,166,178,178,189,231,258,258,293,293,5,36,6,6,26,26,128,128,138,129,141,141,141,170,85,85,85,110,122,139,151,176,176,176,176,176,116,149,149],"floor_reached":56,"language":"ZHS","playtime":1862,"items_purged":["RedMoon","Defend_RM"],"score":1712,"play_id":"2ccf7323-dfc9-40cc-bc59-b1a207d333c5","local_time":"20210123034333","is_ascension_mode":true,"campfire_choices":[{"data":"ScarletShoot","floor":6.0,"key":"SMITH"},{"data":"BombardNight","floor":11.0,"key":"SMITH"},{"data":"BombardNight","floor":15.0,"key":"SMITH"},{"floor":24.0,"key":"RECALL"},{"data":"BloodAndWine","floor":32.0,"key":"SMITH"},{"floor":42.0,"key":"DIG"},{"floor":49,"key":"DIG"},{"floor":52,"key":"DIG"}],"circlet_count":0,"master_deck":["Strike_RM","Strike_RM+1","Strike_RM+1","Defend_RM","Defend_RM","ScarletShoot+1","BombardNight+1","ScarletDevil","BombardNight+1","NightDance+1","ScarletDevil+1","HeartBreak+1","CurseOfTheBell","RedRainbow+1","NightDance+1","ScarletImprint+1","NightDance+1","RedMagic","ScarletImprint+1","BloodAndWine+1","TricksterDevil","RedRainbow+1","Defend_RM","Defend_RM","Stigmanizer+1","Hallownest:skillKingdomsEdgeMap","NightDance+1","HunterOfTheNight+1","UnstableMagic+1","TricksterDevil","ScarletDevilSign+1","ScarletImprint+1"],"relics":["ScarletHat","aspiration:Nostalgia","Cracked Core","aspiration:FrozenJewel","Molten Egg 2","Ornamental Fan","Hallownest:BankAccountRelic","PureWhite:ReiMu","Hallownest:DreamNailRelic","Calling Bell","Tiny Chest","White Beast Statue","Shovel","Matryoshka","StrikeDummy","CrazyTorch:ReiMu","RedBat","Shuriken","Kunai","Bag of Marbles","Coffee Dripper","aspiration:HiddenCompartment","aspiration:HummingbirdHeart","Art of War","ScarletDevilRocket","CaptainsWheel","Sundial","Blue Candle","Nunchaku"],"acts_visited":["Exordium","Hallownest:Greenpath","Hallownest:CityofTears","TheEnding"],"potions_floor_usage":[48,48,50,50,55],"damage_taken":[{"damage":0.0,"enemies":"2_ Uuma","floor":1.0,"turns":6.0},{"damage":2.0,"enemies":"Hallownest:2_Tiktiks_and_1_Crawlid","floor":4.0,"turns":5.0},{"damage":1.0,"enemies":"Hallownest:eliteCrystalGuardian","floor":7.0,"turns":4.0},{"damage":0.0,"enemies":"Hallownest:2_MossCreeps","floor":8.0,"turns":4.0},{"damage":0.0,"enemies":"Hallownest:eliteVengeflyKing","floor":10.0,"turns":4.0},{"damage":17.0,"enemies":"Hallownest:eliteCrystalGuardian","floor":13.0,"turns":6.0},{"damage":0.0,"enemies":"Hallownest:BossBrokenVessel","floor":16.0,"turns":6.0},{"damage":2.0,"enemies":"Hallownest:Guard_and_Sentry","floor":18.0,"turns":5.0},{"damage":0.0,"enemies":"Hallownest:3_Youths","floor":19.0,"turns":1.0},{"damage":0.0,"enemies":"Hallownest:2_Flukemon","floor":21.0,"turns":2.0},{"damage":0.0,"enemies":"Hallownest:Glutton_and_Coward","floor":22.0,"turns":1.0},{"damage":3.0,"enemies":"Hallownest:Nosk","floor":23.0,"turns":5.0},{"damage":7.0,"enemies":"Hallownest:eliteWatcherKnight","floor":25.0,"turns":11.0},{"damage":0.0,"enemies":"Hallownest:eliteSoulWarrior","floor":28.0,"turns":3.0},{"damage":0.0,"enemies":"Hallownest:2_Husk_Sentries","floor":31.0,"turns":1.0},{"damage":13.0,"enemies":"Hallownest:BossSoulMaster","floor":33.0,"turns":7.0},{"damage":0.0,"enemies":"Hallownest:Shield_Heavy","floor":35.0,"turns":2.0},{"damage":0.0,"enemies":"Hallownest:3_Siblings","floor":37.0,"turns":1.0},{"damage":26.0,"enemies":"Hallownest:eliteCollector","floor":40.0,"turns":8.0},{"damage":0.0,"enemies":"Hallownest:StalkingDevout","floor":44.0,"turns":3.0},{"damage":6.0,"enemies":"Hallownest:2_Great","floor":45.0,"turns":4.0},{"damage":3.0,"enemies":"Hallownest:2_Soldiers_and_1_Guardian","floor":46.0,"turns":3.0},{"damage":0,"enemies":"Hallownest:2_Wandering_and_1_Horned","floor":47,"turns":2},{"damage":0,"enemies":"Hallownest:eliteCollector","floor":48,"turns":2},{"damage":117,"enemies":"Hallownest:BossHollowKnight","floor":50,"turns":6},{"damage":0,"enemies":"Shield and Spear","floor":54,"turns":2},{"damage":74,"enemies":"The Heart","floor":55,"turns":8}],"seed_played":"923410482222936886","potions_obtained":[{"floor":7.0,"key":"Regen Potion"},{"floor":13.0,"key":"Explosive Potion"},{"floor":16.0,"key":"Dexterity Potion"},{"floor":18.0,"key":"Explosive Potion"},{"floor":19.0,"key":"FearPotion"},{"floor":21.0,"key":"Energy Potion"},{"floor":22.0,"key":"DistilledChaos"},{"floor":23.0,"key":"Explosive Potion"},{"floor":25.0,"key":"Ancient Potion"},{"floor":28.0,"key":"LiquidBronze"},{"floor":31.0,"key":"Dexterity Potion"},{"floor":33.0,"key":"ColorlessPotion"},{"floor":35.0,"key":"Ancient Potion"},{"floor":37.0,"key":"Regen Potion"},{"floor":40.0,"key":"SteroidPotion"},{"floor":44.0,"key":"SkillPotion"},{"floor":45.0,"key":"Swift Potion"},{"floor":46.0,"key":"GrandPatriotsElixir:ReiMu"},{"floor":47,"key":"SkillPotion"},{"floor":48,"key":"Swift Potion"},{"floor":54,"key":"Ancient Potion"}],"is_trial":false,"path_per_floor":["M","?","?","M","$","R","E","M","T","E","R","?","E","?","R","B",null,"M","M","?","M","M","E","R","E","T","$","E","?","T","M","R","B",null,"M","$","M","?","?","E","?","R","T","E","M","M","M","E","R","B",null,"R","$","E","B",null],"character_chosen":"REMILIA","items_purchased":["Fruit Juice","Shuriken","RedRainbow+1"],"campfire_rested":0,"item_purchase_floors":[5,27,36],"current_hp_per_floor":[75,75,75,75,80,80,80,80,80,80,80,80,65,65,65,75,80,80,80,80,80,80,79,79,73,73,73,80,80,80,80,80,80,80,80,80,80,80,75,65,65,65,65,75,69,75,75,75,75,20,75,75,75,75,47],"gold":149,"neow_bonus":"NOSTALGIA","is_daily":false,"chose_seed":false,"campfire_upgraded":4,"win_rate":0.0,"timestamp":1611344613,"path_taken":["M","?","?","M","$","R","E","?","T","E","R","?","E","?","R","BOSS","M","M","?","?","M","E","R","E","T","$","E","?","?","M","R","BOSS","M","$","M","?","?","E","?","R","T","E","M","M","M","E","R","BOSS","R","$","E","BOSS"],"items_purchased_type":["Potion","Relic","Card"],"build_version":"2020-12-22","purchased_purges":2,"victory":true,"max_hp_per_floor":[75,75,75,75,80,80,80,80,80,80,80,80,80,80,80,80,80,80,80,80,80,80,80,80,80,80,80,80,80,80,80,80,80,80,80,80,80,80,75,75,75,75,75,75,75,75,75,75,75,75,75,75,75,75,75],"relic_stats":{"Nunchaku":[3],"Shovel":3,"counters":[27,112],"Ornamental Fan":[268],"Shuriken":[49],"Sundial":[2],"Blue Candle":[0],"Tiny Chest":1,"Art of War":[0],"Kunai":[47],"obtain_stats":[{"ScarletDevilRocket":44,"Hallownest:DreamNailRelic":14,"ScarletHat":0,"RedBat":26,"Nunchaku":54,"Shovel":17,"Matryoshka":23,"Sundial":49,"Tiny Chest":17,"Kunai":28,"Cracked Core":0,"aspiration:Nostalgia":0,"Blue Candle":52,"aspiration:HummingbirdHeart":42,"aspiration:HiddenCompartment":40,"aspiration:FrozenJewel":7,"White Beast Statue":17,"Calling Bell":17,"PureWhite:ReiMu":13,"CaptainsWheel":48,"Ornamental Fan":10,"Hallownest:BankAccountRelic":12,"Shuriken":27,"CrazyTorch:ReiMu":26,"Molten Egg 2":9,"Bag of Marbles":30,"Coffee Dripper":34,"Art of War":43,"StrikeDummy":25},{"ScarletDevilRocket":20,"Hallownest:DreamNailRelic":6,"ScarletHat":0,"RedBat":13,"Nunchaku":26,"Shovel":7,"Matryoshka":12,"Sundial":24,"Tiny Chest":7,"Kunai":14,"Cracked Core":0,"aspiration:Nostalgia":0,"Blue Candle":25,"aspiration:HummingbirdHeart":19,"aspiration:HiddenCompartment":19,"aspiration:FrozenJewel":3,"White Beast Statue":7,"Calling Bell":7,"PureWhite:ReiMu":6,"CaptainsWheel":24,"Ornamental Fan":5,"Hallownest:BankAccountRelic":5,"Shuriken":13,"CrazyTorch:ReiMu":13,"Molten Egg 2":4,"Bag of Marbles":14,"Coffee Dripper":16,"Art of War":19,"StrikeDummy":13},{"ScarletDevilRocket":85,"Hallownest:DreamNailRelic":29,"ScarletHat":0,"RedBat":60,"Nunchaku":104,"Shovel":35,"Matryoshka":49,"Sundial":96,"Tiny Chest":35,"Kunai":63,"Cracked Core":0,"aspiration:Nostalgia":0,"Blue Candle":102,"aspiration:HummingbirdHeart":82,"aspiration:HiddenCompartment":82,"aspiration:FrozenJewel":15,"White Beast Statue":35,"Calling Bell":35,"PureWhite:ReiMu":29,"CaptainsWheel":96,"Ornamental Fan":23,"Hallownest:BankAccountRelic":23,"Shuriken":60,"CrazyTorch:ReiMu":60,"Molten Egg 2":19,"Bag of Marbles":63,"Coffee Dripper":71,"Art of War":82,"StrikeDummy":60}]},"card_choices":[{"not_picked":["EndlessAdversity","UnstableMagic"],"picked":"BombardNight","floor":1.0},{"not_picked":["RedRainbow","BloodHunter"],"picked":"ScarletDevil","floor":4.0},{"not_picked":["BloodRain","Maim","EndlessAdversity"],"picked":"SKIP","floor":7.0},{"not_picked":["ScarletImprint","BlasphemousPunishment"],"picked":"BombardNight","floor":8.0},{"not_picked":["FavorOfDestiny","ScarletDream"],"picked":"NightDance+1","floor":10.0},{"not_picked":["MastersStateliness","UltimateOffering+1"],"picked":"ScarletDevil+1","floor":13.0},{"not_picked":["ChaoticDestiny","BloodyHallows"],"picked":"HeartBreak+1","floor":16.0},{"not_picked":["ScarletDream","UltimateOffering+1","ForbiddenFruit"],"picked":"SKIP","floor":18.0},{"not_picked":["BloodyMagicSquare","BlasphemousPunishment"],"picked":"RedRainbow+1","floor":19.0},{"not_picked":["BloodHunter","UltimateOffering+1"],"picked":"NightDance+1","floor":21.0},{"not_picked":["BloodHunter","ScarletDevil+1"],"picked":"ScarletImprint+1","floor":22.0},{"not_picked":["VampirishNight","ScarletSymphony"],"picked":"NightDance+1","floor":23.0},{"not_picked":["DevilSight+1","BadLadyScramble","UnstableMagic"],"picked":"SKIP","floor":25.0},{"not_picked":["VampireSweep+1","BlasphemousPunishment","DevilSight"],"picked":"SKIP","floor":28.0},{"not_picked":[],"picked":"RedMagic","floor":29.0},{"not_picked":[],"picked":"ScarletImprint","floor":29.0},{"not_picked":["RedRainbow+1","Stigmanizer+1"],"picked":"BloodAndWine","floor":31.0},{"not_picked":["HeartBreak+1","KillingBlow+1"],"picked":"TricksterDevil","floor":33.0},{"not_picked":["ForbiddenFruit","MastersStateliness","BadLadyScramble"],"picked":"SKIP","floor":35.0},{"not_picked":["BlasphemousPunishment+1","ScarletSymphony","Maim"],"picked":"SKIP","floor":37.0},{"not_picked":["AfternoonTea","BloodHunter"],"picked":"Stigmanizer+1","floor":40.0},{"not_picked":["ChainGang+1","Maim+1"],"picked":"NightDance+1","floor":44.0},{"not_picked":["ScarletSymphony","ScarletDevilSign+1"],"picked":"HunterOfTheNight+1","floor":45.0},{"not_picked":["Septette","MastersStateliness+1"],"picked":"UnstableMagic+1","floor":46.0},{"not_picked":["DiffusionOfMisfortune+1","ScarletDevil+1"],"picked":"TricksterDevil","floor":47},{"not_picked":["StarOfDavid+1","EndlessAdversity+1"],"picked":"ScarletDevilSign+1","floor":48},{"not_picked":["BloodHunter","SuperhumanBloodyKnife+1"],"picked":"ScarletImprint+1","floor":54}],"player_experience":333555,"relics_obtained":[{"floor":7.0,"key":"aspiration:FrozenJewel"},{"floor":9.0,"key":"Molten Egg 2"},{"floor":10.0,"key":"Ornamental Fan"},{"floor":13.0,"key":"PureWhite:ReiMu"},{"floor":17.0,"key":"Tiny Chest"},{"floor":17.0,"key":"White Beast Statue"},{"floor":17.0,"key":"Shovel"},{"floor":23.0,"key":"Matryoshka"},{"floor":25.0,"key":"StrikeDummy"},{"floor":26.0,"key":"CrazyTorch:ReiMu"},{"floor":26.0,"key":"RedBat"},{"floor":28.0,"key":"Kunai"},{"floor":30.0,"key":"Bag of Marbles"},{"floor":40.0,"key":"aspiration:HiddenCompartment"},{"floor":42.0,"key":"aspiration:HummingbirdHeart"},{"floor":43.0,"key":"Art of War"},{"floor":44.0,"key":"ScarletDevilRocket"},{"floor":48,"key":"CaptainsWheel"},{"floor":49,"key":"Sundial"},{"floor":52,"key":"Blue Candle"},{"floor":54,"key":"Nunchaku"}],"event_choices":[],"is_beta":false,"boss_relics":[{"not_picked":["Tiny House","aspiration:RitualDagger"],"picked":"Calling Bell"},{"not_picked":["aspiration:RunicSpoon","aspiration:PoetsPen_weak"],"picked":"Coffee Dripper"}],"items_purged_floors":[27,53],"is_endless":false,"potions_floor_spawned":[7,13,16,18,19,21,22,23,25,28,31,33,35,37,40,44,45,46,47,48,54],"ascension_level":3}}