{"host":"mi0eibewekhugwl1","time":1611294659,"event":{"mods":["AchievementEnabler","BaseMod","Colored Map","Colored Powertips","DeckTracker","Keyboard Shortcuts","Minty Spire (QoL Compilation)","Quick Restart","Rare Cards Sparkle","Relic Stats","StSLib","SuperFastMode","everything is the same but u backflip on backflip"],"gold_per_floor":[359,359,97,114,124,124,47,47,47,47,96,115,135,156,156,231,231,251,176,192,207,227,227,16,47,95,42,42,77,77,102,102,102,102],"floor_reached":33,"language":"KOR","playtime":644,"items_purged":["Parasite"],"score":546,"play_id":"7c894560-01a1-4d32-a844-ee737d719fe5","local_time":"20210122145059","is_ascension_mode":true,"campfire_choices":[{"data":"Neutralize","floor":6,"key":"SMITH"},{"data":"Well Laid Plans","floor":8,"key":"SMITH"},{"data":"Deadly Poison","floor":10,"key":"SMITH"},{"data":"Backflip","floor":15,"key":"SMITH"},{"floor":23,"key":"REST"},{"floor":28,"key":"REST"},{"floor":32,"key":"REST"}],"circlet_count":0,"master_deck":["AscendersBane","Strike_G","Strike_G","Strike_G","Strike_G","Defend_G","Defend_G","Defend_G","Defend_G","Defend_G","Survivor","Neutralize+1","Dagger Throw+1","Deadly Poison+1","Poisoned Stab","Well Laid Plans+1","Backflip+1","Escape Plan","Corpse Explosion","Noxious Fumes","Footwork","Leg Sweep","Catalyst","Deflect+1"],"relics":["Ring of the Snake","TwistedFunnel","Ornamental Fan","Art of War","Odd Mushroom","SlaversCollar","Letter Opener","PreservedInsect","Dream Catcher"],"acts_visited":["Exordium","TheCity"],"potions_floor_usage":[21,25,25,29,33],"damage_taken":[{"damage":1,"enemies":"Jaw Worm","floor":1,"turns":5},{"damage":1,"enemies":"Cultist","floor":4,"turns":3},{"damage":0,"enemies":"Small Slimes","floor":5,"turns":2},{"damage":9,"enemies":"Blue Slaver","floor":12,"turns":4},{"damage":3,"enemies":"3 Louse","floor":13,"turns":2},{"damage":15,"enemies":"The Mushroom Lair","floor":14,"turns":4},{"damage":4,"enemies":"Hexaghost","floor":16,"turns":9},{"damage":20,"enemies":"2 Thieves","floor":18,"turns":3},{"damage":10,"enemies":"3 Byrds","floor":20,"turns":3},{"damage":4,"enemies":"Centurion and Healer","floor":21,"turns":4},{"damage":17,"enemies":"Chosen and Byrds","floor":22,"turns":5},{"damage":12,"enemies":"Book of Stabbing","floor":25,"turns":6},{"damage":17,"enemies":"Slavers","floor":29,"turns":6},{"damage":32,"enemies":"Collector","floor":33,"turns":3}],"seed_played":"3503054723398833291","potions_obtained":[{"floor":1,"key":"BlessingOfTheForge"},{"floor":13,"key":"FearPotion"},{"floor":21,"key":"Strength Potion"},{"floor":29,"key":"LiquidBronze"}],"is_trial":false,"path_per_floor":["M","?","$","M","M","R","$","R","T","R","T","M","M","?","R","B",null,"M","?","M","M","M","R","$","E","T","$","R","E","?","T","R","B"],"character_chosen":"THE_SILENT","items_purchased":["TwistedFunnel","Deadly Poison","Well Laid Plans","Footwork","Leg Sweep","SkillPotion","Fire Potion"],"campfire_rested":3,"item_purchase_floors":[3,3,7,24,24,24,27],"current_hp_per_floor":[58,58,58,57,57,57,57,57,57,57,57,48,45,30,30,26,54,34,34,24,20,3,21,21,9,9,9,27,10,10,10,28,0,0],"gold":102,"neow_bonus":"TWO_FIFTY_GOLD","is_daily":false,"chose_seed":false,"campfire_upgraded":4,"win_rate":0.0,"timestamp":1611294659,"path_taken":["M","?","$","M","M","R","?","R","T","R","?","?","M","?","R","BOSS","M","?","M","M","M","R","$","E","T","$","R","E","?","?","R","BOSS"],"items_purchased_type":["Relic","Card","Card","Card","Card","Potion","Potion"],"build_version":"2020-12-22","purchased_purges":1,"victory":false,"max_hp_per_floor":[66,66,63,63,63,63,63,63,63,63,63,63,63,63,63,63,63,63,63,63,63,63,63,63,63,63,63,63,63,63,63,63,63,63],"relic_stats":{"Dream Catcher":1,"counters":[14,59],"Ornamental Fan":[36],"PreservedInsect":42,"Art of War":[9],"Letter Opener":[35],"obtain_stats":[{"TwistedFunnel":3,"SlaversCollar":17,"Dream Catcher":29,"Ornamental Fan":9,"PreservedInsect":26,"Art of War":11,"Letter Opener":25,"Odd Mushroom":14,"Ring of the Snake":0},{"TwistedFunnel":1,"SlaversCollar":7,"Dream Catcher":13,"Ornamental Fan":3,"PreservedInsect":12,"Art of War":3,"Letter Opener":12,"Odd Mushroom":6,"Ring of the Snake":0},{"TwistedFunnel":5,"SlaversCollar":29,"Dream Catcher":56,"Ornamental Fan":10,"PreservedInsect":50,"Art of War":10,"Letter Opener":50,"Odd Mushroom":20,"Ring of the Snake":0}],"Ring of the Snake":[28]},"card_choices":[{"not_picked":["Slice","Sucker Punch"],"picked":"Dagger Throw","floor":1},{"not_picked":["Skewer","Prepared"],"picked":"Poisoned Stab","floor":4},{"not_picked":["Dodge and Roll","Acrobatics","Blade Dance"],"picked":"SKIP","floor":5},{"not_picked":["Sucker Punch","Dagger Throw"],"picked":"Backflip","floor":12},{"not_picked":["Poisoned Stab","Distraction"],"picked":"Escape Plan","floor":13},{"not_picked":["Die Die Die","Tools of the Trade"],"picked":"Corpse Explosion","floor":16},{"not_picked":["Slice","Acrobatics","Dagger Spray"],"picked":"SKIP","floor":18},{"not_picked":["Accuracy","Underhanded Strike","Expertise"],"picked":"SKIP","floor":20},{"not_picked":["Deadly Poison+1","Masterful Stab"],"picked":"Noxious Fumes","floor":21},{"not_picked":["Slice","Prepared","Deflect"],"picked":"SKIP","floor":22},{"not_picked":["Backflip","Doppelganger","Dash"],"picked":"SKIP","floor":25},{"not_picked":["Terror","Skewer"],"picked":"Catalyst","floor":29},{"not_picked":["PiercingWail","Cloak And Dagger"],"picked":"Deflect+1","floor":32}],"player_experience":1749392,"relics_obtained":[{"floor":9,"key":"Ornamental Fan"},{"floor":11,"key":"Art of War"},{"floor":14,"key":"Odd Mushroom"},{"floor":25,"key":"Letter Opener"},{"floor":26,"key":"PreservedInsect"},{"floor":29,"key":"Dream Catcher"}],"event_choices":[{"damage_healed":0,"gold_gain":0,"player_choice":"Upgraded","damage_taken":0,"max_hp_gain":0,"max_hp_loss":0,"event_name":"Upgrade Shrine","floor":2,"gold_loss":0,"cards_upgraded":["Dagger Throw"]},{"damage_healed":0,"gold_gain":0,"player_choice":"Fought Mushrooms","damage_taken":0,"max_hp_gain":0,"max_hp_loss":0,"event_name":"Mushrooms","floor":14,"gold_loss":0},{"cards_removed":["Strike_G"],"damage_healed":0,"gold_gain":0,"player_choice":"Gave Gold","damage_taken":0,"max_hp_gain":0,"max_hp_loss":0,"event_name":"Beggar","floor":19,"gold_loss":75},{"damage_healed":0,"gold_gain":0,"player_choice":"Ignored","damage_taken":0,"max_hp_gain":0,"max_hp_loss":0,"event_name":"Ghosts","floor":30,"gold_loss":0}],"is_beta":false,"boss_relics":[{"not_picked":["Runic Pyramid","Black Star"],"picked":"SlaversCollar"}],"items_purged_floors":[3],"is_endless":false,"potions_floor_spawned":[1,13,16,21,29],"killed_by":"Collector","ascension_level":20}}