{"host":"qm4rv4rkpk76sbxu","time":1611345031,"event":{"mods":["BaseMod","Bestiary","Block Reminder","DeckTracker","Filter the Spire","Keyboard Shortcuts","Minty Spire (QoL Compilation)","MonsterHotkey","Quick Restart","Random Character Button","Relic Stats","Slay-I","StSLib","Unceasing Turn Reminder","ojb\u0027s Better Paths Mod","ojb\u0027s Info Mod"],"gold_per_floor":[111,61,61,76,86,105,131,142,168,168,168,168],"floor_reached":11,"language":"ENG","playtime":325,"items_purged":[],"score":79,"play_id":"5efbef28-40e2-4af2-b88a-d5c2ecab7103","local_time":"20210122205031","is_ascension_mode":true,"campfire_choices":[{"data":"Bash","floor":10,"key":"SMITH"}],"circlet_count":0,"master_deck":["Strike_R","Strike_R","Strike_R","Strike_R","Strike_R","Defend_R","Defend_R","Defend_R","Bash+1","Double Tap","Shrug It Off","Dropkick","Flame Barrier","Battle Trance","Body Slam"],"relics":["Burning Blood","Dream Catcher","Bag of Marbles"],"acts_visited":["Exordium"],"potions_floor_usage":[],"damage_taken":[{"damage":2,"enemies":"2 Louse","floor":1,"turns":4},{"damage":5,"enemies":"Small Slimes","floor":4,"turns":4},{"damage":6,"enemies":"Cultist","floor":5,"turns":3},{"damage":2,"enemies":"2 Fungi Beasts","floor":6,"turns":5},{"damage":35,"enemies":"Lagavulin","floor":7,"turns":7},{"damage":8,"enemies":"Large Slime","floor":8,"turns":7},{"damage":37,"enemies":"3 Sentries","floor":11,"turns":7}],"seed_played":"-4323643062996863828","potions_obtained":[{"floor":8,"key":"PowerPotion"}],"is_trial":false,"path_per_floor":["M","?","?","M","M","M","E","M","T","R","E"],"character_chosen":"IRONCLAD","items_purchased":[],"campfire_rested":0,"item_purchase_floors":[],"current_hp_per_floor":[80,80,72,73,73,77,48,46,46,46,9,9],"gold":168,"neow_bonus":"ONE_RANDOM_RARE_CARD","is_daily":false,"chose_seed":false,"campfire_upgraded":1,"win_rate":0.0,"timestamp":1611345031,"path_taken":["M","?","?","M","M","?","E","M","T","R","E"],"items_purchased_type":[],"build_version":"2020-12-22","purchased_purges":0,"victory":false,"max_hp_per_floor":[80,80,80,80,80,80,80,80,80,80,80,80],"relic_stats":{"Dream Catcher":0,"counters":[7,37],"obtain_stats":[{"Dream Catcher":7,"Bag of Marbles":9,"Burning Blood":0},{"Dream Catcher":5,"Bag of Marbles":6,"Burning Blood":0},{"Dream Catcher":23,"Bag of Marbles":30,"Burning Blood":0}],"Burning Blood":32},"card_choices":[{"not_picked":["Heavy Blade","Havoc"],"picked":"Shrug It Off","floor":1},{"not_picked":["Flame Barrier","Evolve"],"picked":"Dropkick","floor":4},{"not_picked":["Heavy Blade","Clash"],"picked":"Flame Barrier","floor":5},{"not_picked":["Headbutt","Burning Pact"],"picked":"Battle Trance","floor":6},{"not_picked":["True Grit","Clothesline"],"picked":"Body Slam","floor":7},{"not_picked":["Clash","Rampage","Warcry"],"picked":"SKIP","floor":8}],"player_experience":1378443,"relics_obtained":[{"floor":7,"key":"Dream Catcher"},{"floor":9,"key":"Bag of Marbles"}],"event_choices":[{"cards_removed":["Defend_R"],"damage_healed":0,"gold_gain":0,"player_choice":"Card Removal","damage_taken":0,"max_hp_gain":0,"max_hp_loss":0,"event_name":"The Cleric","floor":2,"gold_loss":50},{"damage_healed":0,"gold_gain":0,"player_choice":"Damaged","damage_taken":8,"max_hp_gain":0,"max_hp_loss":0,"event_name":"Wheel of Change","floor":3,"gold_loss":0}],"is_beta":false,"boss_relics":[],"items_purged_floors":[],"is_endless":false,"potions_floor_spawned":[8],"killed_by":"3 Sentries","ascension_level":1}}