{"host":"foq4mrde4mssg7vt","time":1611327985,"event":{"mods":["AchievementEnabler","BaseMod","Colored Map","Colored Powertips","Highlight Path","Minty Spire (QoL Compilation)","Relic Stats","everything is the same but u backflip on backflip"],"gold_per_floor":[112,123,19,30,44,44,94,94,120,131,150,166,196,212,212,288,288,302,302,317,77,77,77,109,56,107,107,117,133,133,145,145,223,223,238,238,238,238],"floor_reached":37,"language":"ENG","playtime":1248,"items_purged":["Strike_B"],"score":786,"play_id":"2d43d3d2-870c-44cd-8c56-0bbb1f45c7ba","local_time":"20210122230625","is_ascension_mode":true,"campfire_choices":[{"data":"Electrodynamics","floor":6.0,"key":"SMITH"},{"data":"Streamline","floor":8.0,"key":"SMITH"},{"floor":15.0,"key":"REST"},{"data":"Coolheaded","floor":23.0,"key":"SMITH"},{"floor":32,"key":"REST"}],"circlet_count":0,"master_deck":["AscendersBane","Strike_B+1","Strike_B+1","Defend_B+1","Defend_B+1","Defend_B+1","Defend_B+1","Dualcast","Streamline+1","Cold Snap","Cold Snap","Electrodynamics+1","Ball Lightning","Coolheaded+1","Chill","Glacier","Barrage","Core Surge","Go for the Eyes","Doom and Gloom","Hologram","Thunder Strike","Normality","Compile Driver+1","Reprogram+1"],"relics":["Inserter","Anchor","Bronze Scales","Busted Crown","Runic Capacitor","Sundial","Juzu Bracelet","WarpedTongs","Astrolabe"],"acts_visited":["Exordium","TheCity","TheBeyond"],"potions_floor_usage":[33],"damage_taken":[{"damage":11.0,"enemies":"Jaw Worm","floor":1.0,"turns":5.0},{"damage":1.0,"enemies":"Cultist","floor":2.0,"turns":3.0},{"damage":0.0,"enemies":"2 Louse","floor":4.0,"turns":3.0},{"damage":7.0,"enemies":"Looter","floor":5.0,"turns":4.0},{"damage":7.0,"enemies":"Red Slaver","floor":10.0,"turns":3.0},{"damage":0.0,"enemies":"Large Slime","floor":11.0,"turns":4.0},{"damage":0.0,"enemies":"Lots of Slimes","floor":12.0,"turns":1.0},{"damage":28.0,"enemies":"Gremlin Nob","floor":13.0,"turns":4.0},{"damage":1.0,"enemies":"2 Fungi Beasts","floor":14.0,"turns":3.0},{"damage":8.0,"enemies":"Hexaghost","floor":16.0,"turns":9.0},{"damage":8.0,"enemies":"Shell Parasite","floor":18.0,"turns":4.0},{"damage":0.0,"enemies":"Chosen","floor":20.0,"turns":3.0},{"damage":19.0,"enemies":"Gremlin Leader","floor":24.0,"turns":5.0},{"damage":8,"enemies":"Shelled Parasite and Fungi","floor":28,"turns":3},{"damage":3,"enemies":"Centurion and Healer","floor":29,"turns":6},{"damage":6,"enemies":"Sentry and Sphere","floor":31,"turns":4},{"damage":34,"enemies":"Champ","floor":33,"turns":10},{"damage":40,"enemies":"3 Darklings","floor":35,"turns":4},{"damage":20,"enemies":"Orb Walker","floor":37,"turns":3}],"seed_played":"4867980277248580408","potions_obtained":[{"floor":5.0,"key":"DuplicationPotion"},{"floor":14.0,"key":"CultistPotion"},{"floor":16.0,"key":"Swift Potion"},{"floor":31,"key":"PowerPotion"},{"floor":33,"key":"Explosive Potion"}],"is_trial":false,"path_per_floor":["M","M","$","M","M","R","?","R","T","M","M","M","E","M","R","B",null,"M","?","M","$","?","R","E","$","T","?","M","M","?","M","R","B",null,"M","?","M"],"character_chosen":"DEFECT","items_purchased":["Cold Snap","SteroidPotion","Runic Capacitor","FocusPotion"],"campfire_rested":2,"item_purchase_floors":[3,3,21,25],"current_hp_per_floor":[53,52,52,52,45,45,45,45,45,38,38,38,10,9,30,22,59,51,51,51,51,51,51,32,32,32,32,24,21,21,15,36,2,54,14,14,0,0],"gold":238,"neow_bonus":"BOSS_RELIC","is_daily":false,"chose_seed":false,"campfire_upgraded":3,"win_rate":0.0,"timestamp":1611327985,"path_taken":["M","M","$","M","M","R","?","R","T","M","M","?","E","M","R","BOSS","M","?","M","$","?","R","E","$","T","?","M","M","?","M","R","BOSS","M","?","M"],"items_purchased_type":["Card","Potion","Relic","Potion"],"build_version":"2020-12-22","purchased_purges":1,"victory":false,"max_hp_per_floor":[71,71,71,71,71,71,71,71,71,71,71,71,71,71,71,71,71,71,71,71,71,71,71,71,71,71,71,71,71,71,71,71,71,71,71,71,71,71],"relic_stats":{"Inserter":[39],"Busted Crown":16,"counters":[19,81],"Sundial":[2],"Bronze Scales":[156],"Astrolabe":["Normality","Compile Driver","Reprogram"],"Juzu Bracelet":1,"obtain_stats":[{"Anchor":9,"Inserter":0,"Busted Crown":17,"Sundial":24,"Bronze Scales":13,"Astrolabe":34,"Runic Capacitor":21,"Juzu Bracelet":26,"Cracked Core":0,"WarpedTongs":27},{"Anchor":4,"Inserter":0,"Busted Crown":10,"Sundial":13,"Bronze Scales":8,"Astrolabe":17,"Runic Capacitor":12,"Juzu Bracelet":13,"Cracked Core":0,"WarpedTongs":13},{"Anchor":15,"Inserter":0,"Busted Crown":39,"Sundial":51,"Bronze Scales":27,"Astrolabe":74,"Runic Capacitor":46,"Juzu Bracelet":51,"Cracked Core":0,"WarpedTongs":51}],"WarpedTongs":[29]},"card_choices":[{"not_picked":["Go for the Eyes","Sunder"],"picked":"Streamline","floor":1.0},{"not_picked":["Streamline","Barrage"],"picked":"Cold Snap","floor":2.0},{"not_picked":["White Noise","Leap","Lockon"],"picked":"SKIP","floor":4.0},{"not_picked":["Skim","Ball Lightning"],"picked":"Electrodynamics","floor":5.0},{"not_picked":["Undo","FTL"],"picked":"Ball Lightning","floor":10.0},{"not_picked":["Rebound","Lockon"],"picked":"Coolheaded","floor":11.0},{"not_picked":["Capacitor","Reprogram"],"picked":"Chill","floor":12.0},{"not_picked":["Beam Cell","Steam"],"picked":"Glacier","floor":13.0},{"not_picked":["Go for the Eyes","Conserve Battery"],"picked":"Barrage","floor":14.0},{"not_picked":["Meteor Strike","Fission"],"picked":"Core Surge","floor":16.0},{"not_picked":[],"picked":"Go for the Eyes","floor":18.0},{"not_picked":["Chill+1"],"picked":"SKIP","floor":20.0},{"not_picked":[],"picked":"Hologram","floor":24.0},{"not_picked":["Steam Power"],"picked":"SKIP","floor":28},{"not_picked":["Lockon"],"picked":"SKIP","floor":29},{"not_picked":["Hologram"],"picked":"SKIP","floor":31},{"not_picked":[],"picked":"Thunder Strike","floor":33},{"not_picked":["BootSequence"],"picked":"SKIP","floor":35}],"player_experience":553050,"relics_obtained":[{"floor":9.0,"key":"Anchor"},{"floor":13.0,"key":"Bronze Scales"},{"floor":24.0,"key":"Sundial"},{"floor":26,"key":"Juzu Bracelet"}],"event_choices":[{"damage_healed":0.0,"max_hp_gain":0.0,"max_hp_loss":0.0,"gold_gain":50.0,"event_name":"Golden Shrine","player_choice":"Pray","floor":7.0,"gold_loss":0.0,"damage_taken":0.0},{"damage_healed":0.0,"max_hp_gain":0.0,"max_hp_loss":0.0,"gold_gain":0.0,"event_name":"The Mausoleum","player_choice":"Ignored","floor":19.0,"gold_loss":0.0,"damage_taken":0.0},{"damage_healed":0.0,"max_hp_gain":0.0,"max_hp_loss":0.0,"gold_gain":0.0,"event_name":"The Library","player_choice":"Read","floor":22.0,"gold_loss":0.0,"damage_taken":0.0,"cards_obtained":["Doom and Gloom"]},{"damage_healed":0,"gold_gain":0,"player_choice":"Rummage","damage_taken":0,"relics_obtained":["WarpedTongs"],"max_hp_gain":0,"max_hp_loss":0,"event_name":"Accursed Blacksmith","floor":27,"gold_loss":0,"cards_obtained":["Pain"]},{"damage_healed":0,"gold_gain":0,"player_choice":"Simplicity","damage_taken":0,"max_hp_gain":0,"max_hp_loss":0,"event_name":"Back to Basics","floor":30,"gold_loss":0,"cards_upgraded":["Strike_B","Strike_B","Strike_B","Defend_B","Defend_B","Defend_B","Defend_B"]},{"damage_healed":0,"gold_gain":0,"player_choice":"Ignored","damage_taken":0,"max_hp_gain":0,"max_hp_loss":0,"event_name":"Mysterious Sphere","floor":36,"gold_loss":0}],"is_beta":false,"boss_relics":[{"not_picked":["Snecko Eye","Runic Dome"],"picked":"Busted Crown"},{"not_picked":["Cursed Key","SacredBark"],"picked":"Astrolabe"}],"items_purged_floors":[21],"is_endless":false,"potions_floor_spawned":[5,11,14,16,29,31,33],"killed_by":"Orb Walker","ascension_level":20}}