{"host":"344lv32hnei0mdhu","time":1611276446,"event":{"mods":["Act Like it!","BaseMod","Better Match","Better Sensory Stone","Better Skull","Better Third Choice","Better Vampires","Colored Powertips","Highlight Path","Minty Spire (QoL Compilation)","Quick Restart","Random Character Button","Rare Cards Sparkle","StSLib"],"gold_per_floor":[111,125,125,125,50,78,78,94,121,121,152,165,180,192,192,295,295,285,295,305,321,161,161,171,171,171,171,171],"floor_reached":27,"language":"ENG","playtime":1142,"items_purged":[],"score":378,"play_id":"a25ca916-b1ff-400f-a246-f32f451f9129","local_time":"20210121184726","is_ascension_mode":true,"campfire_choices":[{"data":"Envenom","floor":10,"key":"SMITH"},{"floor":15,"key":"REST"},{"floor":23,"key":"REST"}],"circlet_count":0,"master_deck":["AscendersBane","Strike_G","Strike_G","Strike_G","Strike_G","Defend_G","Defend_G","Defend_G","Defend_G","Defend_G","Survivor","Neutralize","Flying Knee","Blade Dance","Envenom+1","A Thousand Cuts","Crippling Poison","Terror","Dash","Crippling Poison","Catalyst","Adrenaline","Deadly Poison+1","Accuracy","Setup+1","Malaise","Noxious Fumes+1"],"relics":["Ring of the Snake","NeowsBlessing","Toy Ornithopter","PreservedInsect","Strawberry","HoveringKite","Tough Bandages"],"acts_visited":["Exordium","TheCity"],"potions_floor_usage":[11,11,12,16,16,20],"damage_taken":[{"damage":0,"enemies":"Small Slimes","floor":1,"turns":1},{"damage":0,"enemies":"Cultist","floor":2,"turns":1},{"damage":0,"enemies":"Gremlin Nob","floor":6,"turns":1},{"damage":1,"enemies":"2 Louse","floor":8,"turns":2},{"damage":9,"enemies":"3 Sentries","floor":11,"turns":5},{"damage":21,"enemies":"Lots of Slimes","floor":12,"turns":4},{"damage":11,"enemies":"3 Louse","floor":13,"turns":4},{"damage":11,"enemies":"Gremlin Gang","floor":14,"turns":4},{"damage":36,"enemies":"Slime Boss","floor":16,"turns":9},{"damage":17,"enemies":"2 Thieves","floor":18,"turns":4},{"damage":0,"enemies":"3 Byrds","floor":19,"turns":5},{"damage":30,"enemies":"Snake Plant","floor":20,"turns":5},{"damage":18,"enemies":"Centurion and Healer","floor":21,"turns":7},{"damage":24,"enemies":"Chosen and Byrds","floor":24,"turns":6},{"damage":7,"enemies":"Snake Plant","floor":27,"turns":1}],"seed_played":"6716021122126586550","potions_obtained":[{"floor":3,"key":"Block Potion"},{"floor":3,"key":"SpeedPotion"},{"floor":3,"key":"Block Potion"},{"floor":13,"key":"GamblersBrew"},{"floor":14,"key":"ColorlessPotion"},{"floor":18,"key":"Energy Potion"},{"floor":19,"key":"FearPotion"}],"is_trial":false,"path_per_floor":["M","M","?","$","?","E","?","M","T","R","E","M","M","M","R","B",null,"M","M","M","M","$","R","M","?","T","M"],"character_chosen":"THE_SILENT","items_purchased":["Malaise"],"campfire_rested":2,"item_purchase_floors":[22],"current_hp_per_floor":[63,63,63,63,63,63,63,62,62,62,68,52,41,30,53,27,65,48,48,23,5,5,28,4,4,4,0,0],"gold":171,"neow_bonus":"THREE_ENEMY_KILL","is_daily":false,"chose_seed":false,"campfire_upgraded":1,"win_rate":0.0,"timestamp":1611276446,"path_taken":["M","M","?","?","?","E","?","M","T","R","E","M","M","M","R","BOSS","M","M","?","M","$","R","M","?","T","M"],"items_purchased_type":["Card"],"build_version":"2020-12-22","purchased_purges":0,"victory":false,"max_hp_per_floor":[70,70,70,70,70,70,70,70,70,70,77,77,77,77,77,77,77,77,77,77,77,77,77,77,77,77,77,77],"card_choices":[{"not_picked":["Quick Slash","Leg Sweep"],"picked":"Flying Knee","floor":1},{"not_picked":["Prepared","Deadly Poison"],"picked":"Blade Dance","floor":2},{"not_picked":["Unload","Venomology"],"picked":"Envenom","floor":5},{"not_picked":["Infinite Blades","Bane"],"picked":"A Thousand Cuts","floor":6},{"not_picked":["Poisoned Stab","Blade Dance"],"picked":"Crippling Poison","floor":8},{"not_picked":["Flechettes","Acrobatics"],"picked":"Terror","floor":11},{"not_picked":["Eviscerate","Deflect"],"picked":"Dash","floor":12},{"not_picked":["Well Laid Plans","Dagger Spray"],"picked":"Crippling Poison","floor":13},{"not_picked":["Bane","Dagger Spray"],"picked":"Catalyst","floor":14},{"not_picked":["Glass Knife","Night Terror"],"picked":"Adrenaline","floor":16},{"not_picked":["Underhanded Strike","Bane"],"picked":"Deadly Poison+1","floor":18},{"not_picked":["Backflip","Dodge and Roll+1","Slice"],"picked":"SKIP","floor":19},{"not_picked":["PiercingWail","Crippling Poison"],"picked":"Accuracy","floor":20},{"not_picked":["Backflip","Deflect"],"picked":"Setup+1","floor":21},{"not_picked":["Bullet Time","Tactician+1"],"picked":"Noxious Fumes+1","floor":24}],"player_experience":371461,"relics_obtained":[{"floor":6,"key":"Toy Ornithopter"},{"floor":9,"key":"PreservedInsect"},{"floor":11,"key":"Strawberry"},{"floor":26,"key":"Tough Bandages"}],"event_choices":[{"damage_healed":0,"gold_gain":0,"player_choice":"Got Potions","damage_taken":0,"max_hp_gain":0,"max_hp_loss":0,"event_name":"Lab","floor":3,"gold_loss":0},{"damage_healed":0,"gold_gain":0,"player_choice":"1","damage_taken":0,"max_hp_gain":0,"max_hp_loss":0,"event_name":"betterMatch:BetterMatch","floor":5,"gold_loss":0,"cards_obtained":["betterMatch:RareCard"]},{"cards_removed":["Strike_G"],"damage_healed":0,"gold_gain":0,"player_choice":"Purged","damage_taken":0,"max_hp_gain":0,"max_hp_loss":0,"event_name":"Purifier","floor":7,"gold_loss":0},{"damage_healed":0,"gold_gain":2,"player_choice":"1","damage_taken":0,"max_hp_gain":0,"max_hp_loss":0,"event_name":"betterStone:BetterStone","floor":25,"gold_loss":0}],"is_beta":false,"boss_relics":[{"not_picked":["Runic Dome","Ring of the Serpent"],"picked":"HoveringKite"}],"items_purged_floors":[],"is_endless":false,"potions_floor_spawned":[13,14,18,19],"killed_by":"Snake Plant","ascension_level":10}}