{"host":"¿à÷økuyou","time":1611323862,"event":{"mods":["ATMod(°¢èªMod)","Act Like it!","BaseMod","BetterRewards","Minty Spire (QoL Compilation)","Quick Restart","StSLib"],"gold_per_floor":[114,64,64,74,249,282,294,326,353,353,379,395,174,206,206,320,320,339,339,370,270,270,270,298,223,248,274,292,334,334,376,376,488,488,511,511,529,588,643,643,681,340,367,367,379,379,392,424,424,424,424,424,115,142,142],"floor_reached":56,"language":"ZHS","playtime":1462,"items_purged":["Doubt","Defend_P","Conclude","Conclude+1"],"score":1871,"play_id":"31b7a849-6bfe-4e93-ac86-545907138d6a","local_time":"20210122215742","is_ascension_mode":true,"campfire_choices":[{"data":"AT_ChampionStep","floor":10.0,"key":"SMITH"},{"data":"Adaptation","floor":15.0,"key":"SMITH"},{"data":"Conclude","floor":23.0,"key":"SMITH"},{"data":"Scrawl","floor":30.0,"key":"SMITH"},{"data":"AT_IrregularMenstruation","floor":32.0,"key":"SMITH"},{"data":"1","floor":40,"key":"LIFT"},{"data":"TalkToTheHand","floor":46,"key":"SMITH"},{"floor":49,"key":"RECALL"},{"data":"2","floor":52,"key":"LIFT"}],"circlet_count":0,"master_deck":["Defend_P","Vigilance","AT_ChampionStep+1","Sanctity","AT_ChampionStep+1","InnerPeace","Adaptation+1","AT_IrregularMenstruation+1","MentalFortress+1","JustLucky+1","Scrawl+1","Study+1","DevaForm","Tantrum+1","Madness","Madness","AT_ChampionStep+1","Fasting2+1","TalkToTheHand+1","MentalFortress"],"relics":["PureWater","AT_ATBox","NeowsBlessing","Nunchaku","AT_SunfireAegis","AT_ArcaneBoots","Juzu Bracelet","Bag of Marbles","CeramicFish","Sozu","Red Mask","Happy Flower","AT_ArchangelStaff","Lantern","InkBottle","AT_TrinityForce","Bird Faced Urn","Girya","Damaru","Membership Card","Mummified Hand","AT_ChloranthyRing","Anchor","TheAbacus","AT_EbonyIvory","Whetstone","Strawberry"],"acts_visited":["Exordium","TheCity","TheBeyond","TheEnding"],"potions_floor_usage":[55,55],"damage_taken":[{"damage":0.0,"enemies":"2 Louse","floor":1.0,"turns":1.0},{"damage":0.0,"enemies":"Small Slimes","floor":4.0,"turns":1.0},{"damage":0.0,"enemies":"Gremlin Nob","floor":6.0,"turns":1.0},{"damage":2.0,"enemies":"Jaw Worm","floor":7.0,"turns":3.0},{"damage":22.0,"enemies":"3 Sentries","floor":8.0,"turns":7.0},{"damage":8.0,"enemies":"Gremlin Nob","floor":11.0,"turns":3.0},{"damage":8.0,"enemies":"Blue Slaver","floor":12.0,"turns":3.0},{"damage":29.0,"enemies":"Lagavulin","floor":14.0,"turns":6.0},{"damage":7.0,"enemies":"The Guardian","floor":16.0,"turns":6.0},{"damage":3.0,"enemies":"Spheric Guardian","floor":18.0,"turns":3.0},{"damage":0.0,"enemies":"Masked Bandits","floor":20.0,"turns":2.0},{"damage":0.0,"enemies":"Gremlin Leader","floor":24.0,"turns":1.0},{"damage":10.0,"enemies":"Book of Stabbing","floor":27.0,"turns":3.0},{"damage":0.0,"enemies":"Slavers","floor":29.0,"turns":1.0},{"damage":0.0,"enemies":"Book of Stabbing","floor":31.0,"turns":1.0},{"damage":0.0,"enemies":"Automaton","floor":33.0,"turns":1.0},{"damage":0.0,"enemies":"3 Darklings","floor":35.0,"turns":1.0},{"damage":0,"enemies":"Mind Bloom Boss Battle","floor":38,"turns":1},{"damage":0,"enemies":"2 Orb Walkers","floor":39,"turns":1},{"damage":0,"enemies":"Nemesis","floor":41,"turns":1},{"damage":0,"enemies":"Orb Walker","floor":45,"turns":1},{"damage":0,"enemies":"Maw","floor":47,"turns":1},{"damage":0,"enemies":"Giant Head","floor":48,"turns":1},{"damage":0,"enemies":"Donu and Deca","floor":50,"turns":1},{"damage":0,"enemies":"Shield and Spear","floor":54,"turns":1},{"damage":4,"enemies":"The Heart","floor":55,"turns":4}],"seed_played":"7720048297492410685","potions_obtained":[{"floor":1.0,"key":"Regen Potion"},{"floor":7.0,"key":"Weak Potion"},{"floor":8.0,"key":"BottledMiracle"},{"floor":12.0,"key":"Strength Potion"},{"floor":16.0,"key":"BlessingOfTheForge"}],"is_trial":false,"path_per_floor":["M","?","?","M","?","E","M","E","T","R","E","M","$","E","R","B",null,"M","?","?","$","?","R","E","?","T","E","?","E","R","E","R","B",null,"M","?","?","?","?","R","E","$","T","?","M","R","M","E","R","B",null,"R","$","E","B",null],"character_chosen":"WATCHER","items_purchased":["Bag of Marbles","Membership Card","Mummified Hand","TalkToTheHand","TheAbacus","MentalFortress","AT_EbonyIvory","Whetstone"],"campfire_rested":0,"item_purchase_floors":[13,42,42,42,53,53,53,53],"current_hp_per_floor":[72,72,72,72,72,72,70,60,60,60,52,44,44,15,15,8,72,69,69,69,69,69,69,69,69,69,59,59,59,59,59,59,59,72,72,72,63,63,72,72,72,72,72,72,72,72,72,72,72,72,72,72,72,79,79],"gold":142,"neow_bonus":"THREE_ENEMY_KILL","is_daily":false,"chose_seed":false,"campfire_upgraded":6,"win_rate":0.0,"timestamp":1611323862,"path_taken":["M","?","?","M","?","E","M","E","T","R","E","M","?","E","R","BOSS","M","?","?","$","?","R","E","?","T","E","?","E","R","E","R","BOSS","M","?","?","?","?","R","E","$","T","?","M","R","M","E","R","BOSS","R","$","E","BOSS"],"items_purchased_type":["Relic","Relic","Relic","Card","Relic","Card","Relic","Relic"],"build_version":"2020-12-18","purchased_purges":4,"victory":true,"max_hp_per_floor":[72,72,72,72,72,72,72,72,72,72,72,72,72,72,72,72,72,72,72,72,72,72,72,72,72,72,72,72,72,72,72,72,72,72,72,72,72,72,72,72,72,72,72,72,72,72,72,72,72,72,72,72,72,79,79],"card_choices":[{"not_picked":["WaveOfTheHand","EmptyFist","ClearTheMind"],"picked":"SKIP","floor":1.0},{"not_picked":["ThirdEye","MentalFortress"],"picked":"Sanctity","floor":4.0},{"not_picked":["WaveOfTheHand","Nirvana"],"picked":"Conclude","floor":6.0},{"not_picked":["AT_RealFormLess","FlyingSleeves"],"picked":"AT_ChampionStep","floor":7.0},{"not_picked":["CrushJoints","FollowUp","WindmillStrike"],"picked":"SKIP","floor":8.0},{"not_picked":["Perseverance","Halt"],"picked":"InnerPeace","floor":11.0},{"not_picked":["Crescendo","Vault"],"picked":"Adaptation","floor":12.0},{"not_picked":["Vengeance","Protect","PathToVictory"],"picked":"SKIP","floor":14.0},{"not_picked":["Establishment","Wish"],"picked":"AT_IrregularMenstruation","floor":16.0},{"not_picked":["FlurryOfBlows","CrushJoints"],"picked":"MentalFortress+1","floor":18.0},{"not_picked":["Evaluate+1","FollowUp","SashWhip"],"picked":"SKIP","floor":24.0},{"not_picked":["AT_DivineConfetti","PathToVictory","FlurryOfBlows"],"picked":"SKIP","floor":27.0},{"not_picked":["Consecrate","ThirdEye+1"],"picked":"Scrawl","floor":29.0},{"not_picked":["SandsOfTime","Halt+1"],"picked":"Study+1","floor":31.0},{"not_picked":["Wish","AT_MachinaRedman"],"picked":"DevaForm","floor":33.0},{"not_picked":["Crescendo","Pray"],"picked":"Tantrum","floor":35.0},{"not_picked":["WheelKick+1","FearNoEvil"],"picked":"AT_ChampionStep+1","floor":38},{"not_picked":["Perseverance","Consecrate+1"],"picked":"Fasting2+1","floor":41},{"not_picked":["Prostrate","ClearTheMind+1","JustLucky+1"],"picked":"SKIP","floor":45},{"not_picked":["FollowUp","CrushJoints","Tantrum"],"picked":"SKIP","floor":47},{"not_picked":["FlyingSleeves","BattleHymn+1","Protect"],"picked":"SKIP","floor":48},{"not_picked":["WreathOfFlame","ClearTheMind","Crescendo"],"picked":"SKIP","floor":54}],"player_experience":179265,"relics_obtained":[{"floor":6.0,"key":"Nunchaku"},{"floor":8.0,"key":"AT_SunfireAegis"},{"floor":9.0,"key":"AT_SpeedBoots"},{"floor":11.0,"key":"Juzu Bracelet"},{"floor":14.0,"key":"CeramicFish"},{"floor":20.0,"key":"Red Mask"},{"floor":24.0,"key":"Happy Flower"},{"floor":27.0,"key":"AT_ArchangelStaff"},{"floor":29.0,"key":"Lantern"},{"floor":31.0,"key":"InkBottle"},{"floor":38,"key":"Bird Faced Urn"},{"floor":39,"key":"Girya"},{"floor":41,"key":"Damaru"},{"floor":43,"key":"AT_ChloranthyRing"},{"floor":48,"key":"Anchor"},{"floor":54,"key":"Strawberry"}],"event_choices":[{"cards_removed":["Defend_P"],"damage_healed":0.0,"max_hp_gain":0.0,"max_hp_loss":0.0,"gold_gain":0.0,"event_name":"The Cleric","player_choice":"Card Removal","floor":2.0,"gold_loss":50.0,"damage_taken":0.0},{"damage_healed":0.0,"max_hp_gain":0.0,"max_hp_loss":0.0,"gold_gain":0.0,"event_name":"Living Wall","player_choice":"Grow","floor":3.0,"gold_loss":0.0,"damage_taken":0.0,"cards_upgraded":["AT_ChampionStep"]},{"damage_healed":0.0,"max_hp_gain":0.0,"max_hp_loss":0.0,"gold_gain":175.0,"event_name":"Liars Game","player_choice":"AGREE","floor":5.0,"gold_loss":0.0,"damage_taken":0.0,"cards_obtained":["Doubt"]},{"cards_removed":["Strike_P"],"damage_healed":0.0,"max_hp_gain":0.0,"max_hp_loss":0.0,"gold_gain":0.0,"event_name":"Purifier","player_choice":"Purged","floor":19.0,"gold_loss":0.0,"damage_taken":0.0},{"damage_healed":0.0,"max_hp_gain":0.0,"max_hp_loss":0.0,"gold_gain":0.0,"event_name":"Masked Bandits","player_choice":"Fought Bandits","floor":20.0,"gold_loss":0.0,"damage_taken":0.0},{"cards_removed":["Strike_P"],"damage_healed":0.0,"max_hp_gain":0.0,"max_hp_loss":0.0,"gold_gain":0.0,"event_name":"Back to Basics","player_choice":"Elegance","floor":22.0,"gold_loss":0.0,"damage_taken":0.0},{"cards_removed":["Defend_P"],"damage_healed":0.0,"max_hp_gain":0.0,"max_hp_loss":0.0,"gold_gain":0.0,"event_name":"Beggar","player_choice":"Gave Gold","floor":25.0,"gold_loss":75.0,"damage_taken":0.0},{"damage_healed":0.0,"max_hp_gain":0.0,"max_hp_loss":0.0,"gold_gain":0.0,"cards_transformed":["Strike_P","Strike_P"],"event_name":"Drug Dealer","player_choice":"Became Test Subject","floor":28.0,"gold_loss":0.0,"damage_taken":0.0,"cards_obtained":["Conclude","JustLucky"]},{"damage_healed":0,"gold_gain":0,"player_choice":"Memory 1","damage_taken":0,"max_hp_gain":0,"max_hp_loss":0,"event_name":"SensoryStone","floor":36,"gold_loss":0},{"damage_healed":0,"gold_gain":0,"player_choice":"Embrace Madness","damage_taken":9,"max_hp_gain":0,"max_hp_loss":0,"event_name":"Winding Halls","floor":37,"gold_loss":0,"cards_obtained":["Madness","Madness"]},{"damage_healed":0,"gold_gain":0,"player_choice":"Fight","damage_taken":0,"max_hp_gain":0,"max_hp_loss":0,"event_name":"MindBloom","floor":38,"gold_loss":0},{"damage_healed":0,"gold_gain":0,"player_choice":"Fight","damage_taken":0,"max_hp_gain":0,"max_hp_loss":0,"event_name":"Mysterious Sphere","floor":39,"gold_loss":0},{"cards_removed":["Eruption"],"damage_healed":0,"gold_gain":0,"player_choice":"Removed Attack","damage_taken":0,"max_hp_gain":0,"max_hp_loss":0,"event_name":"Falling","floor":44,"gold_loss":0}],"is_beta":true,"boss_relics":[{"not_picked":["Astrolabe","Philosopher\u0027s Stone"],"picked":"Sozu"},{"not_picked":["Snecko Eye","SacredBark"],"picked":"AT_TrinityForce"}],"items_purged_floors":[13,21,42,53],"is_endless":false,"potions_floor_spawned":[1,7,8,12,16,24,31,33,41,47],"ascension_level":3}}