{"host":"3jjxuhjpio8e4zkv","time":1611283164,"event":{"mods":["BaseMod","Colored Map","Highlight Path","Minty Spire (QoL Compilation)","Permanent Neow","Relic Stats","StSLib"],"gold_per_floor":[111,124,136,148,167,198,217,217,243,260,260,277,277,4,4,77,77,97,112,112,123,136,136,169,169,169,169,169],"floor_reached":27,"language":"ENG","playtime":968,"items_purged":[],"score":478,"play_id":"0c27409f-9020-4f89-8fbc-24415441ced8","local_time":"20210121213924","is_ascension_mode":true,"campfire_choices":[{"data":"Doom and Gloom","floor":8,"key":"SMITH"},{"data":"Defragment","floor":11,"key":"SMITH"},{"floor":15,"key":"REST"},{"floor":23,"key":"REST"},{"data":"Streamline","floor":25,"key":"SMITH"}],"circlet_count":0,"master_deck":["AscendersBane","Strike_B","Strike_B","Strike_B","Strike_B","Defend_B","Defend_B","Defend_B","Defend_B","Zap","Dualcast+1","Doom and Gloom+1","Streamline+1","Cold Snap","Reinforced Body","Static Discharge","Cold Snap","Auto Shields","Defragment+1","Core Surge","Sweeping Beam","Self Repair","Coolheaded","Beam Cell+1"],"relics":["Cracked Core","Blood Vial","Lantern","Omamori","Nuclear Battery","Toxic Egg 2","Kunai"],"acts_visited":["Exordium","TheCity"],"potions_floor_usage":[4,6,24],"damage_taken":[{"damage":2,"enemies":"2 Louse","floor":1,"turns":2},{"damage":2,"enemies":"Jaw Worm","floor":2,"turns":2},{"damage":5,"enemies":"Small Slimes","floor":3,"turns":2},{"damage":3,"enemies":"Gremlin Gang","floor":4,"turns":2},{"damage":2,"enemies":"Exordium Thugs","floor":5,"turns":5},{"damage":24,"enemies":"3 Sentries","floor":6,"turns":11},{"damage":19,"enemies":"Lots of Slimes","floor":7,"turns":4},{"damage":2,"enemies":"Large Slime","floor":10,"turns":7},{"damage":3,"enemies":"3 Louse","floor":12,"turns":2},{"damage":28,"enemies":"The Guardian","floor":16,"turns":12},{"damage":23,"enemies":"Shell Parasite","floor":18,"turns":6},{"damage":6,"enemies":"Spheric Guardian","floor":19,"turns":3},{"damage":21,"enemies":"Centurion and Healer","floor":21,"turns":6},{"damage":10,"enemies":"Snake Plant","floor":22,"turns":3},{"damage":33,"enemies":"Slavers","floor":24,"turns":6},{"damage":24,"enemies":"Book of Stabbing","floor":27,"turns":4}],"seed_played":"-5927130492167533104","potions_obtained":[{"floor":1,"key":"Explosive Potion"},{"floor":4,"key":"BlessingOfTheForge"},{"floor":10,"key":"Fire Potion"},{"floor":12,"key":"Explosive Potion"}],"is_trial":false,"path_per_floor":["M","M","M","M","M","E","M","R","T","M","R","M","?","$","R","B",null,"M","M","?","M","M","R","E","R","T","E"],"character_chosen":"DEFECT","items_purchased":["FairyPotion","Omamori"],"campfire_rested":2,"item_purchase_floors":[14,14],"current_hp_per_floor":[62,60,55,52,50,26,9,9,9,9,9,8,8,8,29,3,54,33,29,29,17,9,30,21,21,21,0,0],"gold":169,"neow_bonus":"UPGRADE_CARD","is_daily":false,"chose_seed":false,"campfire_upgraded":3,"win_rate":0.0,"timestamp":1611283164,"path_taken":["M","M","M","M","M","E","M","R","T","M","R","M","?","$","R","BOSS","M","M","?","M","M","R","E","R","T","E"],"items_purchased_type":["Potion","Relic"],"build_version":"2020-12-22","purchased_purges":0,"victory":false,"max_hp_per_floor":[71,71,71,71,71,71,71,71,71,71,71,71,71,71,71,71,71,71,71,71,71,71,71,71,71,71,71,71],"relic_stats":{"Blood Vial":20,"counters":[16,77],"Kunai":[2],"obtain_stats":[{"Blood Vial":6,"Lantern":9,"Omamori":14,"Kunai":26,"Toxic Egg 2":24,"Cracked Core":0,"Nuclear Battery":17},{"Blood Vial":6,"Lantern":7,"Omamori":9,"Kunai":15,"Toxic Egg 2":15,"Cracked Core":0,"Nuclear Battery":10},{"Blood Vial":24,"Lantern":28,"Omamori":37,"Kunai":73,"Toxic Egg 2":73,"Cracked Core":0,"Nuclear Battery":49}]},"card_choices":[{"not_picked":["Reprogram","Blizzard"],"picked":"Doom and Gloom","floor":1},{"not_picked":["Tempest","Rebound"],"picked":"Streamline","floor":2},{"not_picked":["Leap","Redo"],"picked":"Cold Snap","floor":3},{"not_picked":["Streamline","Rebound"],"picked":"Reinforced Body","floor":4},{"not_picked":["Stack","Capacitor"],"picked":"Static Discharge","floor":5},{"not_picked":["Skim","Beam Cell"],"picked":"Cold Snap","floor":6},{"not_picked":["Ball Lightning","Storm"],"picked":"Auto Shields","floor":7},{"not_picked":["Redo","White Noise"],"picked":"Defragment","floor":10},{"not_picked":["Ball Lightning","Beam Cell","Stack"],"picked":"SKIP","floor":12},{"not_picked":["Buffer","All For One"],"picked":"Core Surge","floor":16},{"not_picked":["Hello World","Stack"],"picked":"Sweeping Beam","floor":18},{"not_picked":["Streamline+1","Hologram"],"picked":"Self Repair","floor":19},{"not_picked":["Cold Snap","Leap","Turbo"],"picked":"SKIP","floor":21},{"not_picked":["Barrage","Redo"],"picked":"Coolheaded","floor":22},{"not_picked":["Thunder Strike","Rip and Tear"],"picked":"Beam Cell+1","floor":24}],"player_experience":1222826,"relics_obtained":[{"floor":6,"key":"Blood Vial"},{"floor":9,"key":"Lantern"},{"floor":24,"key":"Toxic Egg 2"},{"floor":26,"key":"Kunai"}],"event_choices":[{"damage_healed":0,"gold_gain":0,"player_choice":"Searched \u00270\u0027 times","damage_taken":0,"max_hp_gain":0,"max_hp_loss":0,"event_name":"Dead Adventurer","floor":13,"gold_loss":0},{"damage_healed":0,"gold_gain":0,"player_choice":"Ignored","damage_taken":0,"max_hp_gain":0,"max_hp_loss":0,"event_name":"Cursed Tome","floor":20,"gold_loss":0}],"is_beta":false,"boss_relics":[{"not_picked":["Coffee Dripper","Snecko Eye"],"picked":"Nuclear Battery"}],"items_purged_floors":[],"is_endless":false,"potions_floor_spawned":[1,4,10,12,19,21],"killed_by":"Book of Stabbing","ascension_level":20}}