{"host":"51mqhfpmwwd4kxyt","time":1611288468,"event":{"mods":["BaseMod","Downfall","Hermit","Highlight Path","Minty Spire (QoL Compilation)","READ ME - Guardian Mod","Remilia??????","StSLib","The Animator","The Bug Knight","The Cursed","The Jungle","The Servant 0.9.4"],"gold_per_floor":[114,289,25,38,113,144,161,161,240,240,250,250,267,267,267,369,369,388,388,403,419,439,473,505,517,555,567,134,134,148,183,183,286,286,301,301,314,314,173,173,199,199,199,213,248,263,275,309,309,329,329,329,18,64,84],"floor_reached":56,"language":"ENG","playtime":3890,"items_purged":["Doubt","Strike_RM","BloodyMagicSquare+1","Defend_RM"],"score":1406,"play_id":"9af3d2d4-4e96-4689-923a-841c7fe62e21","local_time":"20210121230748","is_ascension_mode":false,"campfire_choices":[{"floor":10.0,"key":"REST"},{"data":"ScarletSymphony","floor":12.0,"key":"SMITH"},{"data":"RedMoon","floor":15.0,"key":"SMITH"},{"floor":25.0,"key":"REST"},{"floor":27.0,"key":"RECALL"},{"data":"CurseOfVladTepes","floor":32.0,"key":"SMITH"},{"data":"BatForm","floor":40.0,"key":"SMITH"},{"data":"Magnetism","floor":42.0,"key":"SMITH"},{"floor":49.0,"key":"REST"},{"data":"TricksterDevil","floor":52.0,"key":"SMITH"}],"circlet_count":0,"master_deck":["Defend_RM","Defend_RM+1","Defend_RM","RedMoon+1","ScarletShoot","RedNightlessCastle","ScarletDevilSign+1","ScarletDevilSign","TransientEternity","ScarletSymphony+1","LeisurelyOfLord","EternalNight","BloodyHallows","AfternoonTea+1","TwelveNightmare+1","NightLord+1","FavorOfDestiny+1","CurseOfVladTepes+1","Magnetism+1","DemonKingCradle","MiserableFate","BatForm+1","MiserableFate","ScarletNetherworld","ScarletDevilSign","TricksterDevil+1","ScarletDevil+1","DemonKingCradle","Metamorphosis"],"relics":["ScarletHat","NeowsBlessing","Membership Card","Dream Catcher","MealTicket","Bag of Marbles","InkBottle","Astrolabe","MawBank","Omamori","Bronze Scales","Sling","Runic Dome","Ornamental Fan","Nunchaku","HollowMod:LifeEnderRelic","Potion Belt","FossilizedHelix","Pocketwatch"],"acts_visited":["Exordium","Exordium","TheBeyond","TheEnding"],"potions_floor_usage":[55,55,55],"damage_taken":[{"damage":0.0,"enemies":"Jaw Worm","floor":1.0,"turns":1.0},{"damage":0.0,"enemies":"2 Louse","floor":4.0,"turns":2.0},{"damage":0.0,"enemies":"HollowMod:MossKnight","floor":6.0,"turns":1.0},{"damage":4.0,"enemies":"Small Slimes","floor":7.0,"turns":2.0},{"damage":2.0,"enemies":"Looter","floor":11.0,"turns":3.0},{"damage":0.0,"enemies":"Red Slaver","floor":13.0,"turns":3.0},{"damage":0.0,"enemies":"Hexaghost","floor":16.0,"turns":2.0},{"damage":15.0,"enemies":"theJungle:MUSHROOMGANG","floor":18.0,"turns":3.0},{"damage":0.0,"enemies":"theJungle:5_Spyders","floor":20.0,"turns":5.0},{"damage":25.0,"enemies":"theJungle:Lyon","floor":21.0,"turns":4.0},{"damage":5.0,"enemies":"theJungle:2_Flameangoes","floor":22.0,"turns":2.0},{"damage":12.0,"enemies":"theJungle:MamaSnecko","floor":23.0,"turns":2.0},{"damage":3.0,"enemies":"theJungle:Snecko_Cultist_And_Trap","floor":24.0,"turns":6.0},{"damage":15.0,"enemies":"theJungle:2_Snecko_Cultists","floor":30.0,"turns":3.0},{"damage":8.0,"enemies":"theJungle:JungleHuntersEncounter","floor":31.0,"turns":2.0},{"damage":8.0,"enemies":"theJungle:QueenSpyder","floor":33.0,"turns":3.0},{"damage":9.0,"enemies":"Orb Walker","floor":35.0,"turns":5.0},{"damage":31.0,"enemies":"3 Shapes","floor":37.0,"turns":4.0},{"damage":0.0,"enemies":"Nemesis","floor":41.0,"turns":1.0},{"damage":3.0,"enemies":"3 Darklings","floor":44.0,"turns":3.0},{"damage":42.0,"enemies":"Reptomancer","floor":45.0,"turns":4.0},{"damage":10.0,"enemies":"Writhing Mass","floor":46.0,"turns":3.0},{"damage":7.0,"enemies":"4 Shapes","floor":47.0,"turns":3.0},{"damage":7.0,"enemies":"Maw","floor":48.0,"turns":5.0},{"damage":9.0,"enemies":"Donu and Deca","floor":50.0,"turns":4.0},{"damage":38,"enemies":"Shield and Spear","floor":54,"turns":4},{"damage":82,"enemies":"The Heart","floor":55,"turns":4}],"seed_played":"-8023551305559950456","potions_obtained":[{"floor":1.0,"key":"hexamod:SoulburnPotion"},{"floor":11.0,"key":"Weak Potion"},{"floor":16.0,"key":"SteroidPotion"},{"floor":19.0,"key":"Slimebound:ThreeZeroPotion"},{"floor":19.0,"key":"PowerPotion"},{"floor":22.0,"key":"DuplicationPotion"},{"floor":33.0,"key":"Strength Potion"},{"floor":45.0,"key":"hexamod:SoulburnPotion"},{"floor":46.0,"key":"Regen Potion"},{"floor":47.0,"key":"GamblersBrew"},{"floor":48.0,"key":"DuplicationPotion"}],"is_trial":false,"path_per_floor":["M","?","$","M","?","E","M","?","T","R","M","R","M","?","R","B",null,"M","?","M","M","M","E","M","R","T","R","$","?","M","M","R","B",null,"M","?","M","T","$","R","E","R","T","M","E","M","M","M","R","B",null,"R","$","E","B",null],"character_chosen":"REMILIA","items_purchased":["Membership Card","Dream Catcher","CurseOfVladTepes","Magnetism","Omamori","Bronze Scales","Sling","ScarletNetherworld","ScarletDevilSign","FossilizedHelix","Metamorphosis"],"campfire_rested":3,"item_purchase_floors":[3,3,28,28,28,28,28,39,39,53,53],"current_hp_per_floor":[75,75,75,75,64,64,60,42,42,64,62,62,62,47,47,65,75,62,62,64,49,49,43,41,63,63,63,75,75,63,56,56,60,75,70,70,41,41,56,56,70,70,70,70,35,31,24,40,62,53,75,75,75,75,37],"gold":84,"neow_bonus":"THREE_ENEMY_KILL","is_daily":false,"chose_seed":false,"campfire_upgraded":6,"win_rate":0.0,"timestamp":1611288468,"path_taken":["M","?","$","M","?","E","M","?","T","R","M","R","M","?","R","BOSS","M","?","M","M","M","E","M","R","T","R","?","?","M","M","R","BOSS","M","?","M","?","$","R","E","R","T","M","E","M","M","M","R","BOSS","R","$","E","BOSS"],"items_purchased_type":["Relic","Relic","Card","Card","Relic","Relic","Relic","Card","Card","Relic","Card"],"build_version":"2020-12-22","purchased_purges":4,"victory":true,"max_hp_per_floor":[75,75,75,75,75,75,75,75,75,75,75,75,75,75,75,75,75,75,75,75,75,75,75,75,75,75,75,75,75,75,75,75,75,75,75,75,75,75,75,75,75,75,75,75,75,75,75,75,75,75,75,75,75,75,75],"card_choices":[{"not_picked":["BloodHunter","Stigmanizer"],"picked":"RedNightlessCastle","floor":1.0},{"not_picked":["MastersStateliness","CharismaGuard"],"picked":"ScarletDevilSign","floor":4.0},{"not_picked":["RedRainbow","StarOfDavid"],"picked":"ScarletDevilSign","floor":6.0},{"not_picked":["VampireSweep","BadLadyScramble"],"picked":"TransientEternity","floor":7.0},{"not_picked":["Stigmanizer","ScarletDevilSign"],"picked":"ScarletSymphony","floor":10.0},{"not_picked":["RedRainbow","Stigmanizer"],"picked":"LeisurelyOfLord","floor":11.0},{"not_picked":["SuperhumanBloodyKnife","DiffusionOfMisfortune"],"picked":"EternalNight","floor":13.0},{"not_picked":["BloodySeventeenLaser","TransientEternity"],"picked":"BloodyHallows","floor":16.0},{"not_picked":["RedRainbow+1","EndlessAdversity+1","StarOfDavid"],"picked":"SKIP","floor":18.0},{"not_picked":["Maim","RedRainbow","ScarletImprint"],"picked":"SKIP","floor":20.0},{"not_picked":["ScarletDevilSign","FavorOfDestiny"],"picked":"NightLord+1","floor":21.0},{"not_picked":["ForbiddenFruit","FavorOfDestiny+1","ScarletDevilSign"],"picked":"SKIP","floor":22.0},{"not_picked":["NightLord","VampireSweep","VampireKiss"],"picked":"SKIP","floor":23.0},{"not_picked":["NightDance","BloodyTrap","VampirishNight"],"picked":"SKIP","floor":24.0},{"not_picked":["MastersStateliness","DiffusionOfMisfortune+1"],"picked":"FavorOfDestiny+1","floor":25.0},{"not_picked":["DevilSight","MastersStateliness"],"picked":"DemonKingCradle","floor":30.0},{"not_picked":["EmergencyRegeneration","MillenniumVampire"],"picked":"MiserableFate","floor":31.0},{"not_picked":["ScarletMeister","BloodySeventeenLaser"],"picked":"BatForm","floor":33.0},{"not_picked":["ScarletDevil","RedRainbow"],"picked":"MiserableFate","floor":35.0},{"not_picked":["Stigmanizer","ChainGang","ScarletImprint+1"],"picked":"SKIP","floor":37.0},{"not_picked":["UnstableMagic","NightDance+1","Maim"],"picked":"SKIP","floor":41.0},{"not_picked":["BadLadyScramble","ScarletDevil"],"picked":"TricksterDevil","floor":44.0},{"not_picked":["AfternoonTea","BlasphemousPunishment"],"picked":"ScarletDevil+1","floor":45.0},{"not_picked":["VampireFantasy","DevilSight","EndlessAdversity"],"picked":"SKIP","floor":46.0},{"not_picked":["BadLadyScramble+1","BloodHunter+1"],"picked":"DemonKingCradle","floor":47.0},{"not_picked":["RedRainbow+1","StarOfDavid+1","MastersStateliness+1"],"picked":"SKIP","floor":48.0},{"not_picked":["DiffusionOfMisfortune","VampireKiss","EndlessAdversity+1"],"picked":"SKIP","floor":54}],"player_experience":415694,"relics_obtained":[{"floor":6.0,"key":"MealTicket"},{"floor":9.0,"key":"InkBottle"},{"floor":23.0,"key":"MawBank"},{"floor":38.0,"key":"Ornamental Fan"},{"floor":41.0,"key":"Nunchaku"},{"floor":43.0,"key":"HollowMod:LifeEnderRelic"},{"floor":45.0,"key":"Potion Belt"},{"floor":54,"key":"Pocketwatch"}],"event_choices":[{"damage_healed":0.0,"max_hp_gain":0.0,"max_hp_loss":0.0,"gold_gain":175.0,"event_name":"Liars Game","player_choice":"AGREE","floor":2.0,"gold_loss":0.0,"damage_taken":0.0,"cards_obtained":["Doubt"]},{"damage_healed":0.0,"max_hp_gain":0.0,"max_hp_loss":0.0,"gold_gain":75.0,"event_name":"World of Goop","player_choice":"Gather Gold","floor":5.0,"gold_loss":0.0,"damage_taken":11.0},{"damage_healed":0.0,"max_hp_gain":0.0,"max_hp_loss":0.0,"gold_gain":0.0,"event_name":"Scrap Ooze","player_choice":"Success","floor":8.0,"gold_loss":0.0,"damage_taken":18.0,"relics_obtained":["Bag of Marbles"]},{"damage_healed":0.0,"max_hp_gain":0.0,"max_hp_loss":0.0,"gold_gain":0.0,"event_name":"Shining Light","player_choice":"Entered Light","floor":14.0,"gold_loss":0.0,"damage_taken":15.0,"cards_upgraded":["ScarletDevilSign","Defend_RM"]},{"damage_healed":0.0,"max_hp_gain":0.0,"max_hp_loss":0.0,"gold_gain":0.0,"event_name":"Lab","player_choice":"Got Potions","floor":19.0,"gold_loss":0.0,"damage_taken":0.0},{"damage_healed":0.0,"max_hp_gain":0.0,"max_hp_loss":0.0,"gold_gain":0.0,"event_name":"Tomb of Lord Red Mask","player_choice":"Ignored","floor":36.0,"gold_loss":0.0,"damage_taken":0.0}],"is_beta":false,"boss_relics":[{"not_picked":["bronze:MakeshiftBattery","Ectoplasm"],"picked":"Astrolabe"},{"not_picked":["Runic Pyramid","Empty Cage"],"picked":"Runic Dome"}],"items_purged_floors":[3,28,39,53],"is_endless":false,"potions_floor_spawned":[1,11,16,20,22,23,33,44,45,46,47,48],"ascension_level":0}}