{"host":"sboty77psj7t2cnn","time":1611353680,"event":{"mods":["Aspiration","BaseMod","Better Match","Better Vampires","Colored Map","Conspire","Downfall","Hubris","Infinite Spire","Minty Spire (QoL Compilation)","StSLib","The Problem Sleuth"],"gold_per_floor":[99,114,114,24,199,14,68,96,113,136,147,182,182,24,43,143,143,143,159,159,177,62,62,111,11,25,39,53,84,84,95,106,208,208,8,26,26,41,59,59,59,59,78,93,103,103,103,138,156,156,156,188,63,63,63,63,63,63],"floor_reached":56,"language":"SPA","playtime":3097,"items_purged":["Guardian:Defend_Guardian","Doubt","Guardian:ShieldSpikes"],"score":731,"play_id":"dca77748-ad55-4f0c-987e-fbfda2a6a72a","local_time":"20210122161440","is_ascension_mode":false,"campfire_choices":[{"data":"Guardian:CurlUp","floor":1,"key":"SMITH"},{"data":"expansioncontent:QuickStudy","floor":13,"key":"SMITH"},{"floor":18,"key":"RECALL"},{"data":"Guardian:RefractedBeam","floor":23,"key":"SMITH"},{"data":"Guardian:RefractedBeam+1","floor":25,"key":"SMITH"},{"data":"Guardian:RefractedBeam+2","floor":30,"key":"SMITH"},{"data":"Guardian:RefractedBeam+3","floor":35,"key":"SMITH"},{"data":"Guardian:RefractedBeam+5","floor":40,"key":"SMITH"},{"data":"Guardian:RefractedBeam+6","floor":42,"key":"SMITH"},{"floor":47,"key":"REST"},{"data":"Guardian:RefractedBeam+7","floor":54,"key":"SMITH"}],"circlet_count":0,"master_deck":["infinitespire:OneForAll+1","Guardian:CurlUp+1","Guardian:TwinSlam","Guardian:MultiBeam","Guardian:RefractedBeam+8","expansioncontent:QuickStudy+1","Guardian:PiercingHide","Guardian:PiercingHide","Guardian:PrismaticBeam","Guardian:HyperBeam_Guardian","Guardian:PolyBeam","Guardian:BaubleBeam","Guardian:PrimingBeam","Guardian:ChargeCore","Guardian:RevengeProtocol+1","Guardian:PiercingHide","Guardian:ConstructionForm+1","Guardian:ShieldSpikes","Guardian:CrystalBeam+1","Guardian:GuardianWhirl"],"relics":["Gremlin Horn","hubris:BottledRain","Brimstone","Frozen Egg 2","CloakClasp","infinitespire:Chaos","Sozu","downfall:HeartBlessingRed","Pandora\u0027s Box","downfall:HeartBlessingGreen","downfall:HeartBlessingBlue","aspiration:FetidBarrel","PreservedInsect","infinitespire:PuzzleCube"],"acts_visited":["Exordium","TheCity","TheBeyond","TheEnding"],"potions_floor_usage":[36,36,36],"damage_taken":[{"damage":1,"enemies":"Jaw Worm","floor":2,"turns":4},{"damage":0,"enemies":"downfall:FleeingMerchant","floor":4,"turns":4},{"damage":5,"enemies":"downfall:FleeingMerchant","floor":6,"turns":4},{"damage":16,"enemies":"Gremlin Nob","floor":8,"turns":4},{"damage":0,"enemies":"Small Slimes","floor":9,"turns":1},{"damage":7,"enemies":"The Mushroom Lair","floor":10,"turns":3},{"damage":0,"enemies":"2 Louse","floor":11,"turns":1},{"damage":9,"enemies":"3 Sentries","floor":12,"turns":6},{"damage":3,"enemies":"downfall:FleeingMerchant","floor":14,"turns":4},{"damage":4,"enemies":"Exordium Thugs","floor":15,"turns":2},{"damage":8,"enemies":"IC_STATUS_ARCHETYPE","floor":16,"turns":5},{"damage":1,"enemies":"Chosen","floor":19,"turns":3},{"damage":0,"enemies":"3 Byrds","floor":21,"turns":3},{"damage":14,"enemies":"downfall:FleeingMerchant","floor":22,"turns":4},{"damage":0,"enemies":"Snecko","floor":26,"turns":2},{"damage":0,"enemies":"Chosen and Byrds","floor":27,"turns":2},{"damage":0,"enemies":"Shelled Parasite and Fungi","floor":28,"turns":2},{"damage":0,"enemies":"Gremlin Leader","floor":29,"turns":3},{"damage":0,"enemies":"3 Cultists","floor":31,"turns":2},{"damage":0,"enemies":"Snake Plant","floor":32,"turns":1},{"damage":12,"enemies":"SI_MIRROR_ARCHETYPE","floor":33,"turns":3},{"damage":28,"enemies":"3 Darklings","floor":36,"turns":3},{"damage":4,"enemies":"Orb Walker","floor":38,"turns":3},{"damage":25,"enemies":"Maw","floor":39,"turns":4},{"damage":5,"enemies":"Spire Growth","floor":43,"turns":3},{"damage":0,"enemies":"Transient","floor":44,"turns":5},{"damage":9,"enemies":"Writhing Mass","floor":45,"turns":3},{"damage":0,"enemies":"conspire:MimicChest","floor":48,"turns":2},{"damage":2,"enemies":"Sphere and 2 Shapes","floor":49,"turns":2},{"damage":40,"enemies":"DF_ARCHETYPE_ORBS","floor":50,"turns":6},{"damage":18,"enemies":"downfall:CharBossMerchant","floor":52,"turns":5},{"damage":62,"enemies":"downfall:NeowBoss","floor":55,"turns":12},{"damage":103,"enemies":"downfall:NeowBossFinal","floor":56,"turns":5}],"seed_played":"4257592063929386520","potions_obtained":[{"floor":2,"key":"EssenceOfSteel"},{"floor":8,"key":"sneckomod:MuddlingPotion"},{"floor":9,"key":"Guardian:BlockOnCardUsePotion"},{"floor":10,"key":"conspire:TimeTravelPotion"}],"is_trial":false,"path_per_floor":["R","M","?","$","?","$","T","E","M","?","M","E","R","$","M","B",null,"R","M","?","M","$","R","T","R","M","M","M","E","R","M","M","B",null,"R","M","?","M","M","R","T","R","M","M","M","?","R","?","M","B",null,"E","$","R","B","B"],"character_chosen":"GUARDIAN","items_purchased":["expansioncontent:QuickStudy","infinitespire:Chaos"],"campfire_rested":1,"item_purchase_floors":[6,14],"current_hp_per_floor":[88,87,87,87,87,82,82,66,66,59,59,50,50,47,43,35,88,88,87,87,87,73,73,73,73,73,73,73,73,73,73,73,61,88,98,70,70,66,41,41,41,41,36,36,27,27,56,56,54,14,98,80,80,80,18,0,0,0],"gold":63,"neow_bonus":"TEN_PERCENT_HP_BONUS","is_daily":false,"chose_seed":false,"campfire_upgraded":9,"win_rate":0.0,"timestamp":1611353680,"path_taken":["R","M","?","$","?","?","T","E","M","?","M","E","R","$","M","BOSS","R","M","?","M","?","R","T","R","M","M","M","E","R","M","M","BOSS","R","M","?","?","M","R","T","R","M","M","M","?","R","?","M","BOSS","E","$","R","BOSS","BOSS"],"items_purchased_type":["Card","Relic"],"build_version":"2020-12-22","purchased_purges":3,"victory":false,"max_hp_per_floor":[88,88,88,88,88,88,88,88,88,88,88,88,88,88,88,88,88,88,88,88,88,88,88,88,88,88,88,88,88,88,88,88,88,88,98,98,98,98,98,98,98,98,98,98,98,98,98,98,98,98,98,98,98,98,98,98,98,98],"card_choices":[{"not_picked":["Guardian:PrimingBeam","Guardian:TemporalStrike"],"picked":"Guardian:Gem_Lightblue","floor":2},{"not_picked":["Guardian:Gem_Green","Guardian:Reroute"],"picked":"Guardian:MultiBeam","floor":4},{"not_picked":["Guardian:ArmoredProtocol","Guardian:Suspension"],"picked":"Guardian:RefractedBeam","floor":6},{"not_picked":["Guardian:Gem_Crimson","Guardian:TemporalShield"],"picked":"Guardian:Gem_Orange","floor":8},{"not_picked":["Guardian:TemporalStrike","Guardian:Incinerate","Guardian:SpikerProtocol"],"picked":"SKIP","floor":9},{"not_picked":["Guardian:Gem_Lightblue","Guardian:TemporalStrike"],"picked":"Guardian:PiercingHide","floor":11},{"not_picked":["Guardian:Reroute","Guardian:Recover"],"picked":"Guardian:PiercingHide","floor":12},{"not_picked":["Guardian:TemporalShield","Guardian:VentSteam","Guardian:ChargeCore"],"picked":"SKIP","floor":14},{"not_picked":["Guardian:PrimingBeam","Guardian:PolyBeam"],"picked":"Guardian:PrismaticBeam","floor":15},{"not_picked":["Guardian:SphericShield","Guardian:AncientConstruct+1"],"picked":"Guardian:HyperBeam_Guardian","floor":16},{"not_picked":["Guardian:VentSteam","Guardian:Suspension"],"picked":"Guardian:Gem_White","floor":19},{"not_picked":["Guardian:Suspension+1","Guardian:VentSteam+1"],"picked":"Guardian:PolyBeam","floor":21},{"not_picked":["Guardian:Clone+1","Guardian:Reroute+1"],"picked":"Guardian:Gem_Lightblue","floor":22},{"not_picked":["Guardian:StasisField","Guardian:Recover","Guardian:Harden"],"picked":"SKIP","floor":26},{"not_picked":["Guardian:RefractedBeam","Guardian:ChargeCore"],"picked":"Guardian:Gem_Green","floor":27},{"not_picked":["Guardian:ShieldCharger","Guardian:FloatingOrbs+1","Guardian:DonusPower+1"],"picked":"SKIP","floor":28},{"not_picked":["Guardian:DecasProtection+1","Guardian:TemporalShield+1"],"picked":"Guardian:Gem_Fragmented","floor":29},{"not_picked":["Guardian:ShieldCharger","Guardian:Gem_Lightblue"],"picked":"Guardian:Gem_White","floor":31},{"not_picked":["Guardian:EvasiveProtocol+1","Guardian:FloatingOrbs+1"],"picked":"Guardian:Gem_Blue","floor":32},{"not_picked":["Guardian:FastForward","Guardian:StasisField"],"picked":"Guardian:BaubleBeam","floor":33},{"not_picked":["Guardian:BronzeArmor+1","Guardian:TemporalShield+1"],"picked":"Guardian:CrystalBeam+1","floor":36},{"not_picked":["Guardian:PrimingBeam","Guardian:Emergency+1"],"picked":"Guardian:Gem_Cyan","floor":38},{"not_picked":["Guardian:ChargeCore","Guardian:TemporalShield","Guardian:StasisField"],"picked":"SKIP","floor":39},{"not_picked":["Guardian:DonusPower+1","Guardian:Recover","Guardian:TemporalStrike"],"picked":"SKIP","floor":43},{"not_picked":["Guardian:PiercingHide","Guardian:TemporalShield+1"],"picked":"Guardian:GuardianWhirl","floor":44},{"not_picked":["Guardian:Planning+1","Guardian:WalkerClaw"],"picked":"Guardian:Gem_Green","floor":45},{"not_picked":["Guardian:Planning","Guardian:WalkerClaw+1","Guardian:Incinerate+1"],"picked":"SKIP","floor":49},{"not_picked":["Guardian:FastForward","Guardian:PrismaticBeam+1","Guardian:Gem_Red"],"picked":"SKIP","floor":52}],"player_experience":347771,"relics_obtained":[{"floor":3,"key":"Bag of Preparation"},{"floor":7,"key":"Anchor"},{"floor":10,"key":"Odd Mushroom"},{"floor":12,"key":"infinitespire:Beetle Shell"},{"floor":41,"key":"aspiration:FetidBarrel"},{"floor":48,"key":"PreservedInsect"},{"floor":52,"key":"infinitespire:PuzzleCube"}],"event_choices":[{"damage_healed":0,"gold_gain":0,"player_choice":"Fought Mushrooms","damage_taken":0,"max_hp_gain":0,"max_hp_loss":0,"event_name":"Mushrooms","floor":10,"gold_loss":0},{"damage_healed":0,"gold_gain":0,"player_choice":"Got Potions","damage_taken":0,"max_hp_gain":0,"max_hp_loss":0,"event_name":"Lab","floor":20,"gold_loss":0},{"damage_healed":0,"gold_gain":0,"player_choice":"Leave","damage_taken":0,"max_hp_gain":0,"max_hp_loss":0,"event_name":"conspire:Investor","floor":46,"gold_loss":0}],"is_beta":false,"boss_relics":[{"not_picked":["Velvet Choker","conspire:SeveredTorchhead"],"picked":"Sozu"},{"not_picked":["Calling Bell","Tiny House"],"picked":"Pandora\u0027s Box"}],"items_purged_floors":[4,22,53],"is_endless":false,"potions_floor_spawned":[2,8,9,10,19,27,28,29,31,33,38,39,43,48,49],"killed_by":"downfall:NeowBossFinal","ascension_level":0}}