{"host":"cw25u8qal1h0d7ia","time":1611275863,"event":{"mods":["BaseMod","Downfall","Minty Spire (QoL Compilation)","StSLib"],"gold_per_floor":[99,113,113,113,130,130,130,130,147,147,52,70,70,95,107,107,107,107],"floor_reached":16,"language":"ENG","playtime":1234,"items_purged":[],"score":100,"play_id":"149da97d-86f2-4e12-abbf-c5185110eb70","local_time":"20210122013743","is_ascension_mode":false,"campfire_choices":[{"data":"champ:GladiatorForm","floor":1.0,"key":"SMITH"},{"data":"champ:Taunt","floor":6.0,"key":"SMITH"},{"floor":13.0,"key":"RECALL"}],"circlet_count":0,"master_deck":["champ:Strike","champ:Strike","champ:Strike","champ:Strike","champ:Defend","champ:Defend","champ:Defend","champ:Defend","champ:Execute","champ:Taunt+1","champ:GladiatorForm+1","champ:AdrenalArmor","champ:Taunt","champ:BringItOn","champ:ShieldSlam","champ:ShieldWall","champ:Encircle","champ:StrikeOfGenius"],"relics":["champ:ChampionCrown","Mercury Hourglass","downfall:ShatteredFragment","Singing Bowl","Girya"],"acts_visited":["Exordium"],"potions_floor_usage":[],"damage_taken":[{"damage":33.0,"enemies":"Jaw Worm","floor":2.0,"turns":5.0},{"damage":18.0,"enemies":"Small Slimes","floor":5.0,"turns":5.0},{"damage":19.0,"enemies":"Cultist","floor":9.0,"turns":3.0},{"damage":30.0,"enemies":"downfall:FleeingMerchant","floor":11.0,"turns":4.0},{"damage":17.0,"enemies":"Exordium Wildlife","floor":12.0,"turns":5.0},{"damage":18.0,"enemies":"Gremlin Nob","floor":14.0,"turns":4.0},{"damage":37,"enemies":"Exordium Thugs","floor":15,"turns":4},{"damage":38,"enemies":"SI_SHIV_ARCHETYPE","floor":16,"turns":4}],"seed_played":"1564806356952007973","potions_obtained":[{"floor":12.0,"key":"FearPotion"},{"floor":15,"key":"GamblersBrew"}],"is_trial":false,"path_per_floor":["R","M","?","?","M","R","T","?","M","T","$","M","R","E","M","B"],"character_chosen":"THE_CHAMP","items_purchased":["champ:ShieldWall"],"campfire_rested":0,"item_purchase_floors":[11],"current_hp_per_floor":[90,87,92,92,89,89,89,62,58,58,58,58,58,50,28,0,0,0],"gold":107,"neow_bonus":"ONE_RANDOM_RARE_CARD","is_daily":false,"chose_seed":false,"campfire_upgraded":2,"win_rate":0.0,"timestamp":1611275863,"path_taken":["R","M","?","?","?","R","T","?","M","?","$","?","R","E","M","BOSS"],"items_purchased_type":["Card"],"build_version":"2020-12-22","purchased_purges":0,"victory":false,"max_hp_per_floor":[90,90,95,95,95,95,95,95,95,95,95,97,97,97,97,97,97,97],"card_choices":[{"not_picked":["champ:PreciseThrust","champ:CalledShot"],"picked":"champ:AdrenalArmor","floor":2.0},{"not_picked":["champ:Shatter","champ:EnGarde","champ:Backstep"],"picked":"SKIP","floor":5.0},{"not_picked":["champ:HeavySlash","champ:StanceDance"],"picked":"champ:BringItOn","floor":9.0},{"not_picked":["champ:PerfectedStrike","champ:BladeFlurry"],"picked":"champ:ShieldSlam","floor":11.0},{"not_picked":["champ:FanOfKnives","champ:Encircle","champ:ShieldSlam"],"picked":"Singing Bowl","floor":12.0},{"not_picked":["champ:BringItOn","champ:PerfectedStrike"],"picked":"champ:Encircle","floor":14},{"not_picked":["champ:BerserkersShout","champ:BringItOn"],"picked":"champ:StrikeOfGenius","floor":15}],"player_experience":650777,"relics_obtained":[{"floor":7.0,"key":"Mercury Hourglass"},{"floor":10.0,"key":"Singing Bowl"},{"floor":14,"key":"Girya"}],"event_choices":[{"damage_healed":0.0,"max_hp_gain":5.0,"max_hp_loss":0.0,"gold_gain":0.0,"event_name":"Big Fish","player_choice":"Donut","floor":3.0,"gold_loss":0.0,"damage_taken":0.0}],"is_beta":false,"boss_relics":[],"items_purged_floors":[],"is_endless":false,"potions_floor_spawned":[12,15],"killed_by":"SI_SHIV_ARCHETYPE","ascension_level":0}}