{"host":"v4tuy5ykrbdcm9o9","time":1611352883,"event":{"mods":["BaseMod","Duelist Mod","Minty Spire (QoL Compilation)","Replay The Spire","StSLib"],"gold_per_floor":[112,125,125,142,154,186,186,14,69,69,99,110,126,145,145,249,249,260,288,299,7,7,39,39,65,65,81,41,51,82,92,92,196,196,210,226,259,259,274,301,311,311,311],"floor_reached":42,"language":"ENG","playtime":5651,"items_purged":[],"score":743,"play_id":"e6e4ba24-2af7-42a8-b4d7-dfffd1b7d5a9","local_time":"20210122170123","is_ascension_mode":true,"campfire_choices":[{"floor":7,"key":"REST"},{"floor":10,"key":"RECALL"},{"floor":15,"key":"REST"},{"floor":24,"key":"REST"},{"floor":32,"key":"REST"}],"circlet_count":0,"master_deck":["Strike_G","Strike_G","Strike_G","Strike_G","Strike_G","Defend_G","Defend_G","Defend_G","Defend_G","Defend_G","Survivor","Neutralize","Blade Dance","Poisoned Stab+1","Hidden Blade","Unload","Infinite Blades","Distraction","Accuracy","Toxin Wave","Blade Dance","Blur","Burst","Acrobatics+1","Accuracy+1","Acrobatics","Acrobatics","Prepared+1","Escape Plan+1","Cloak And Dagger","Backstab","Blur+1","Storm of Steel","Flying Knee+1","Cloak And Dagger+1","Finisher+1","Regret","Endless Agony","ReplayTheSpireMod:Tripwire+1","Tools of the Trade"],"relics":["Ring of the Serpent","Pet Ghost","Singing Bowl","PreservedInsect","HoveringKite","Red Mask","Ornamental Fan","Replay:Baseball","Question Card","Turnip","Blue Candle","Bag of Marbles","ReplayFunnel"],"acts_visited":["Exordium","TheCity","TheBeyond"],"potions_floor_usage":[5,6,6,11,11,14,14,16,18,20,25,33,35,37,39,39,41],"damage_taken":[{"damage":1,"enemies":"Jaw Worm","floor":1,"turns":4},{"damage":0,"enemies":"2 Louse","floor":2,"turns":2},{"damage":0,"enemies":"Small Slimes","floor":4,"turns":3},{"damage":0,"enemies":"2 Fungi Beasts","floor":5,"turns":2},{"damage":15,"enemies":"Lagavulin","floor":6,"turns":7},{"damage":21,"enemies":"3 Sentries","floor":11,"turns":6},{"damage":7,"enemies":"Lots of Slimes","floor":12,"turns":4},{"damage":0,"enemies":"Looter","floor":13,"turns":2},{"damage":2,"enemies":"Exordium Thugs","floor":14,"turns":4},{"damage":17,"enemies":"The Guardian","floor":16,"turns":11},{"damage":14,"enemies":"Chosen","floor":18,"turns":4},{"damage":21,"enemies":"Masked Bandits","floor":19,"turns":3},{"damage":0,"enemies":"3 Byrds","floor":20,"turns":5},{"damage":18,"enemies":"theDuelist:KaibaA2","floor":23,"turns":4},{"damage":18,"enemies":"Slavers","floor":25,"turns":3},{"damage":5,"enemies":"Snake Plant","floor":27,"turns":3},{"damage":0,"enemies":"Snecko","floor":29,"turns":3},{"damage":0,"enemies":"Gremlin Leader","floor":30,"turns":6},{"damage":10,"enemies":"Cultist and Chosen","floor":31,"turns":5},{"damage":24,"enemies":"Automaton","floor":33,"turns":9},{"damage":7,"enemies":"3 Darklings","floor":35,"turns":3},{"damage":0,"enemies":"3 Shapes","floor":36,"turns":4},{"damage":20,"enemies":"Spire Growth","floor":39,"turns":4},{"damage":27,"enemies":"Nemesis","floor":40,"turns":5},{"damage":8,"enemies":"Writhing Mass","floor":41,"turns":5},{"damage":1,"enemies":"Giant Head","floor":42,"turns":3}],"seed_played":"-5392178579676096643","potions_obtained":[{"floor":1,"key":"CunningPotion"},{"floor":2,"key":"SteroidPotion"},{"floor":4,"key":"EssenceOfSteel"},{"floor":13,"key":"Adrenaline Potion"},{"floor":16,"key":"Explosive Potion"},{"floor":19,"key":"Swift Potion"},{"floor":20,"key":"FearPotion"},{"floor":31,"key":"BlessingOfTheForge"},{"floor":33,"key":"AttackPotion"},{"floor":37,"key":"Milkshake"},{"floor":37,"key":"Fruit Juice"},{"floor":37,"key":"SneckoOil"},{"floor":39,"key":"SmokeBomb"},{"floor":40,"key":"PowerPotion"}],"is_trial":false,"path_per_floor":["M","M","?","M","M","E","R","$","T","R","E","M","M","M","R","B",null,"M","?","M","$","?","E","R","E","T","M","$","M","E","M","R","B",null,"M","M","?","?","M","E","M","E"],"character_chosen":"THE_SILENT","items_purchased":["EntropicBrew","Distraction","Ornamental Fan","Acrobatics","Backstab"],"campfire_rested":4,"item_purchase_floors":[8,8,21,21,28],"current_hp_per_floor":[62,62,62,62,62,47,68,68,68,68,47,40,40,38,59,42,63,49,28,30,30,30,12,33,15,15,10,10,10,12,4,26,2,58,51,51,56,56,36,9,1,0,0],"gold":311,"neow_bonus":"RANDOM_COMMON_RELIC","is_daily":false,"chose_seed":false,"campfire_upgraded":0,"win_rate":0.0,"timestamp":1611352883,"path_taken":["M","M","?","M","M","E","R","$","T","R","E","M","M","M","R","BOSS","M","?","M","$","?","E","R","E","T","M","$","M","E","M","R","BOSS","M","M","?","?","M","E","M","E"],"items_purchased_type":["Potion","Card","Relic","Card","Card"],"build_version":"2020-12-22","purchased_purges":0,"victory":false,"max_hp_per_floor":[70,70,70,70,70,70,70,70,70,70,70,70,70,70,70,70,70,70,70,72,72,72,72,72,72,72,72,72,72,74,76,76,76,76,76,76,81,81,81,81,81,81,81],"card_choices":[{"not_picked":["Slice","Outmaneuver"],"picked":"Blade Dance","floor":1},{"not_picked":["Skewer","Underhanded Strike"],"picked":"Poisoned Stab","floor":2},{"not_picked":["Backflip","Outmaneuver"],"picked":"Hidden Blade","floor":4},{"not_picked":["Cloak And Dagger","Blade Dance"],"picked":"Unload","floor":5},{"not_picked":["Quick Slash","Dodge and Roll"],"picked":"Infinite Blades","floor":6},{"not_picked":["Skewer","Caltrops"],"picked":"Accuracy","floor":11},{"not_picked":["Dagger Spray","Bane"],"picked":"Toxin Wave","floor":12},{"not_picked":["Expertise","Leg Sweep"],"picked":"Blade Dance","floor":13},{"not_picked":["Backflip","Concentrate"],"picked":"Blur","floor":14},{"not_picked":["Atom Bomb","Doppelganger"],"picked":"Burst","floor":16},{"not_picked":["ReplayTheSpireMod:Tripwire","Underhanded Strike"],"picked":"Acrobatics+1","floor":18},{"not_picked":["Slice","Blade Dance"],"picked":"Accuracy+1","floor":19},{"not_picked":["ReplayTheSpireMod:The Works","Predator","Poisoned Stab"],"picked":"Singing Bowl","floor":20},{"not_picked":["Slice","All Out Attack"],"picked":"Prepared+1","floor":23},{"not_picked":["Bouncing Flask+1","Wraith Form v2","Fluid Movement"],"picked":"Escape Plan+1","floor":25},{"not_picked":["Toxin Wave","Sucker Punch","Bouncing Flask+1"],"picked":"Cloak And Dagger","floor":27},{"not_picked":["Prepared","Hidden Blade","Noxious Fumes"],"picked":"Blur+1","floor":29},{"not_picked":["Quick Slash","Bane","Backflip","Sucker Punch"],"picked":"Singing Bowl","floor":30},{"not_picked":["Sucker Punch","Quick Slash","Backflip","Flying Knee"],"picked":"Singing Bowl","floor":31},{"not_picked":["ReplayTheSpireMod:Necrosis","Night Terror","Atom Bomb"],"picked":"Storm of Steel","floor":33},{"not_picked":["Replay:Poison Smokescreen","Slice+1","Dodge and Roll"],"picked":"Flying Knee+1","floor":35},{"not_picked":["Slice","Outmaneuver+1","Crippling Poison+1"],"picked":"Cloak And Dagger+1","floor":36},{"not_picked":["Caltrops+1","Outmaneuver+1","Cloak And Dagger"],"picked":"Finisher+1","floor":37},{"not_picked":["Prepared","Dagger Throw","Sucker Punch+1"],"picked":"Endless Agony","floor":39},{"not_picked":["Hidden Blade+1","Sucker Punch+1","ReplayTheSpireMod:The Works"],"picked":"ReplayTheSpireMod:Tripwire+1","floor":40},{"not_picked":["Dagger Spray","Skewer","Sucker Punch+1"],"picked":"Tools of the Trade","floor":41}],"player_experience":643725,"relics_obtained":[{"floor":6,"key":"Singing Bowl"},{"floor":11,"key":"PreservedInsect"},{"floor":19,"key":"Red Mask"},{"floor":23,"key":"Question Card"},{"floor":25,"key":"Turnip"},{"floor":26,"key":"Blue Candle"},{"floor":30,"key":"Bag of Marbles"},{"floor":40,"key":"ReplayFunnel"}],"event_choices":[{"damage_healed":0,"gold_gain":0,"player_choice":"Fought Bandits","damage_taken":0,"max_hp_gain":0,"max_hp_loss":0,"event_name":"Masked Bandits","floor":19,"gold_loss":0},{"damage_healed":0,"gold_gain":0,"cards_transformed":["ReplayTheSpireMod:Splinters"],"player_choice":"Transformed","damage_taken":0,"max_hp_gain":0,"max_hp_loss":0,"event_name":"Transmorgrifier","floor":38,"gold_loss":0,"cards_obtained":["Regret"]}],"is_beta":false,"boss_relics":[{"not_picked":["Kintsugi","Pandora\u0027s Box"],"picked":"HoveringKite"},{"not_picked":["Fusion Hammer","ReplayTheSpireMod:DimensionalGlitch"],"picked":"Ring of the Serpent"}],"items_purged_floors":[],"is_endless":false,"potions_floor_spawned":[1,2,4,13,16,19,20,31,33,39,40],"killed_by":"Giant Head","ascension_level":6}}