{"host":"kvq1t47bkvtg8ho9","time":1611276822,"event":{"mods":["Aspiration","Bard","BaseMod","Beaked The Cultist","Better Sensory Stone","Better Third Choice","BetterRewards","Clockwork Mod","Colored Map","Conspire","Downfall","Energized Spire","Friendly Minions","Hermit","HexUI Lib","Highlight Path","Hubris","Infinite Spire","JesterMod","Minty Spire (QoL Compilation)","READ ME - Guardian Mod","Relic Stats","Shade Mod","Somnambulant","StSLib","The Bladedancer","The Bug Knight","The Cursed","The Death Knight","The Disciple","The Forsaken","The Jungle","The Marked","The Necromancer","The Runesmith"],"gold_per_floor":[113,126,126,142,19,44,63,63,63,9,9,25,37,37,37,139,139,153,169,169,187,197,197,197,213,213,247,247,282,301,315,315,410,410,423,171,205,223,223,223],"floor_reached":39,"language":"ENG","playtime":3929,"items_purged":[],"score":655,"play_id":"0b01ed12-1797-4636-9ac0-82bb633505b5","local_time":"20210121195342","is_ascension_mode":true,"campfire_choices":[{"data":"Apotheosis","floor":8,"key":"SMITH"},{"data":"DeathKnight:Hysteria","floor":11,"key":"SMITH"},{"floor":15,"key":"REST"},{"floor":23,"key":"REST"},{"floor":32,"key":"REST"}],"circlet_count":0,"master_deck":["DeathKnight:Strike_DeathKnight","DeathKnight:Strike_DeathKnight","DeathKnight:Strike_DeathKnight","DeathKnight:Strike_DeathKnight","DeathKnight:Strike_DeathKnight","DeathKnight:Defend_DeathKnight","DeathKnight:Defend_DeathKnight","DeathKnight:Defend_DeathKnight","DeathKnight:Defend_DeathKnight","DeathKnight:Defend_DeathKnight","DeathKnight:RuneTap","DeathKnight:RuneStrike","Apotheosis+1","DeathKnight:FoulBulwark","DeathKnight:FoulBulwark","DeathKnight:DeathCoil","DeathKnight:UnholyPresence","DeathKnight:DeathAndDecay","DeathKnight:DeathCoil","DeathKnight:UnholyFrenzy","DeathKnight:ReapingStrike","DeathKnight:Hysteria+1","DeathKnight:Pestilence","DeathKnight:WraithWalk","DeathKnight:DeathAndDecay","DeathKnight:ReapingStrike","DeathKnight:MutagenicPlague","DeathKnight:BloodBoil","infinitespire:FinalStrike","DeathKnight:DancingRuneblade","DeathKnight:IcyTouch","DeathKnight:Rot","DeathKnight:Contagion","DeathKnight:Runesurge","DeathKnight:DeathGrip","DeathKnight:GargoyleSkin","DeathKnight:Defile","DeathKnight:DeathAndDecay","DeathKnight:Pestilence+1","DeathKnight:BloodStrike+1"],"relics":["DeathKnight:BrokenRuneblade","Gremlin Horn","infinitespire:PuzzleCube","HollowMod:LifeEnderRelic","Omamori","hubris:ScarierMask","Ginger","theForsaken:PaleLantern","hubris:Towel","DeathKnight:SindragosasSkull","StoneCalendar","conspire:BottledYoYo","DeathKnight:Shadowmourne","conspire:Dentures","Pocketwatch"],"acts_visited":["Exordium","TheCity","TheBeyond"],"potions_floor_usage":[16,29,30,33],"damage_taken":[{"damage":3,"enemies":"Jaw Worm","floor":1,"turns":4},{"damage":0,"enemies":"Small Slimes","floor":2,"turns":4},{"damage":8,"enemies":"infinitespire:Voidling","floor":4,"turns":5},{"damage":9,"enemies":"3 Sentries","floor":6,"turns":4},{"damage":0,"enemies":"2 Fungi Beasts","floor":7,"turns":2},{"damage":11,"enemies":"Large Slime","floor":12,"turns":4},{"damage":6,"enemies":"3 Louse","floor":13,"turns":3},{"damage":19,"enemies":"The Guardian","floor":16,"turns":8},{"damage":0,"enemies":"conspire:FuzzyDice","floor":18,"turns":4},{"damage":13,"enemies":"3 Byrds","floor":19,"turns":5},{"damage":11,"enemies":"Snake Plant","floor":21,"turns":4},{"damage":0,"enemies":"Cultist and Chosen","floor":22,"turns":3},{"damage":1,"enemies":"Chosen and Byrds","floor":25,"turns":4},{"damage":11,"enemies":"HollowMod:Nosk","floor":27,"turns":6},{"damage":7,"enemies":"conspire:Head Lice","floor":29,"turns":5},{"damage":6,"enemies":"Snecko","floor":30,"turns":5},{"damage":18,"enemies":"Shelled Parasite and Fungi","floor":31,"turns":3},{"damage":47,"enemies":"Champ","floor":33,"turns":8},{"damage":19,"enemies":"3 Shapes","floor":35,"turns":4},{"damage":45,"enemies":"conspire:MimicChest","floor":37,"turns":6},{"damage":0,"enemies":"Orb Walker","floor":38,"turns":3},{"damage":13,"enemies":"Maw","floor":39,"turns":4}],"seed_played":"-2702506492688325139","potions_obtained":[{"floor":6,"key":"SkillPotion"},{"floor":7,"key":"PowerPotion"},{"floor":13,"key":"Energy Potion"},{"floor":16,"key":"SmokeBomb"},{"floor":19,"key":"GamblersBrew"},{"floor":25,"key":"Regen Potion"},{"floor":33,"key":"Strength Potion"}],"is_trial":false,"path_per_floor":["M","M","?","M","$","E","M","R","T","$","R","M","M","?","R","B",null,"M","M","AVR","M","M","R","?","M","T","E","?","E","M","M","R","B",null,"M","$","?","M","M"],"character_chosen":"DEATH_KNIGHT","items_purchased":["Apotheosis","Gremlin Horn","DeathKnight:DeathAndDecay","DeathKnight:DeathCoil","DeathKnight:UnholyFrenzy","DeathKnight:Pestilence","conspire:Dentures"],"campfire_rested":3,"item_purchase_floors":[0,0,5,5,5,10,36],"current_hp_per_floor":[72,72,72,64,64,55,55,55,55,55,55,44,38,38,60,41,75,75,62,62,51,51,73,73,72,72,61,61,54,48,30,52,20,75,56,56,11,11,0,0],"gold":223,"neow_bonus":"","is_daily":false,"chose_seed":false,"campfire_upgraded":2,"win_rate":0.0,"timestamp":1611276822,"path_taken":["M","M","?","M","$","E","M","R","T","$","R","M","M","?","R","BOSS","M","M","AVR","M","?","R","?","M","T","E","?","E","M","M","R","BOSS","M","$","?","M","M"],"items_purchased_type":["Card","Relic","Card","Card","Card","Card","Relic"],"build_version":"2020-12-22","purchased_purges":0,"victory":false,"max_hp_per_floor":[75,75,75,75,75,75,75,75,75,75,75,75,75,75,75,75,75,75,75,75,75,75,75,75,75,75,75,75,75,75,75,75,75,75,75,75,75,75,75,75],"relic_stats":{"Gremlin Horn":[13,13],"counters":[57,257],"StoneCalendar":[52],"Ginger":[11],"obtain_stats":[{"bronze:BronzeCore":0,"Gremlin Horn":0,"SacredBark":34,"DeathKnight:Shadowmourne":34,"hubris:VirtuousBlindfold":17,"theForsaken:Lifeblossom":25,"StoneCalendar":27,"Ginger":20,"Nunchaku":29,"hubris:ScarierMask":17,"Tiny Chest":26,"Red Mask":37,"Kunai":7,"conspire:Dentures":36,"Pear":10,"HollowMod:LifeEnderRelic":9,"Guardian:GemstoneGun":6,"Pen Nib":44,"theForsaken:PaleLantern":20,"Omamori":14,"Frozen Egg 2":36,"hubris:Towel":24,"conspire:GiftBox":43,"aspiration:EmptySkull":0,"infinitespire:WardingShard":23,"MutagenicStrength":19,"infinitespire:Satchel":9,"conspire:BottledYoYo":29,"Membership Card":0,"Runesmith:AutoHammer":14,"conspire:DeflatedDodgeball":12,"infinitespire:PuzzleCube":6,"DeathKnight:SindragosasSkull":26,"Pocketwatch":37},{"bronze:BronzeCore":0,"Gremlin Horn":35,"SacredBark":27,"DeathKnight:Shadowmourne":53,"hubris:VirtuousBlindfold":18,"theForsaken:Lifeblossom":23,"StoneCalendar":49,"Ginger":45,"Nunchaku":24,"hubris:ScarierMask":43,"Tiny Chest":23,"Red Mask":28,"Kunai":3,"conspire:Dentures":54,"Pear":5,"HollowMod:LifeEnderRelic":40,"Guardian:GemstoneGun":14,"Pen Nib":31,"theForsaken:PaleLantern":45,"Omamori":42,"Frozen Egg 2":28,"hubris:Towel":47,"conspire:GiftBox":31,"aspiration:EmptySkull":9,"infinitespire:WardingShard":22,"MutagenicStrength":19,"infinitespire:Satchel":14,"conspire:BottledYoYo":50,"Membership Card":9,"Runesmith:AutoHammer":17,"conspire:DeflatedDodgeball":15,"infinitespire:PuzzleCube":39,"DeathKnight:SindragosasSkull":48,"Pocketwatch":55},{"bronze:BronzeCore":0,"Gremlin Horn":159,"SacredBark":122,"DeathKnight:Shadowmourne":240,"hubris:VirtuousBlindfold":88,"theForsaken:Lifeblossom":105,"StoneCalendar":219,"Ginger":202,"Nunchaku":108,"hubris:ScarierMask":193,"Tiny Chest":105,"Red Mask":126,"Kunai":10,"conspire:Dentures":244,"Pear":18,"HollowMod:LifeEnderRelic":178,"Guardian:GemstoneGun":65,"Pen Nib":138,"theForsaken:PaleLantern":202,"Omamori":185,"Frozen Egg 2":126,"hubris:Towel":209,"conspire:GiftBox":138,"aspiration:EmptySkull":39,"infinitespire:WardingShard":102,"MutagenicStrength":92,"infinitespire:Satchel":65,"conspire:BottledYoYo":224,"Membership Card":39,"Runesmith:AutoHammer":79,"conspire:DeflatedDodgeball":69,"infinitespire:PuzzleCube":176,"DeathKnight:SindragosasSkull":213,"Pocketwatch":250}],"Pocketwatch":[0]},"card_choices":[{"not_picked":["DeathKnight:DeathCoil","DeathKnight:ScourgeStrike"],"picked":"DeathKnight:FoulBulwark","floor":1},{"not_picked":["DeathKnight:BloodTap","DeathKnight:DarkSuccor"],"picked":"DeathKnight:FoulBulwark","floor":2},{"not_picked":["DeathKnight:BloodStrike","DeathKnight:RuneShock"],"picked":"DeathKnight:UnholyPresence","floor":4},{"not_picked":["DeathKnight:Hemostasis","DeathKnight:Culling"],"picked":"DeathKnight:ReapingStrike","floor":6},{"not_picked":["DeathKnight:ShatteringStrikes","DeathKnight:UnholyPresence"],"picked":"DeathKnight:Hysteria","floor":7},{"not_picked":["DeathKnight:ScourgeStrike","DeathKnight:DeathRune"],"picked":"DeathKnight:WraithWalk","floor":12},{"not_picked":["DeathKnight:RunicCorruption","DeathKnight:GargoyleSkin"],"picked":"DeathKnight:DeathAndDecay","floor":13},{"not_picked":["DeathKnight:Frostscythe","DeathKnight:SindragosasBreath"],"picked":"DeathKnight:ReapingStrike","floor":16},{"not_picked":["DeathKnight:Hysteria","DeathKnight:GargoyleSkin"],"picked":"DeathKnight:MutagenicPlague","floor":18},{"not_picked":["DeathKnight:HowlingBlast","DeathKnight:Ossuary"],"picked":"DeathKnight:BloodBoil","floor":19},{"not_picked":["DeathKnight:BloodBoil","DeathKnight:RuneShock"],"picked":"DeathKnight:DancingRuneblade","floor":21},{"not_picked":["DeathKnight:DeathRune","DeathKnight:FrosPresence+1"],"picked":"DeathKnight:IcyTouch","floor":22},{"not_picked":["DeathKnight:DeathCoil+1","DeathKnight:BloodEchoes+1"],"picked":"DeathKnight:Rot","floor":25},{"not_picked":["DeathKnight:BloodBoil","DeathKnight:RuneShock"],"picked":"DeathKnight:Contagion","floor":27},{"not_picked":["DeathKnight:PathOfFrost","DeathKnight:DeathRune"],"picked":"DeathKnight:Runesurge","floor":29},{"not_picked":["DeathKnight:RaiseAlly","DeathKnight:IceboundArmor"],"picked":"DeathKnight:DeathGrip","floor":30},{"not_picked":["DeathKnight:BloodTap","DeathKnight:ChainsOfIce"],"picked":"DeathKnight:GargoyleSkin","floor":31},{"not_picked":["DeathKnight:VampiricBlood","DeathKnight:MarkOfBlood"],"picked":"DeathKnight:Defile","floor":33},{"not_picked":["DeathKnight:Culling+1","DeathKnight:FrosPresence"],"picked":"DeathKnight:DeathAndDecay","floor":35},{"not_picked":["DeathKnight:BloodTap","DeathKnight:BoneShield"],"picked":"DeathKnight:Pestilence+1","floor":37},{"not_picked":["DeathKnight:FrosPresence","DeathKnight:Pestilence"],"picked":"DeathKnight:BloodStrike+1","floor":38}],"player_experience":811004,"relics_obtained":[{"floor":6,"key":"infinitespire:PuzzleCube"},{"floor":9,"key":"HollowMod:LifeEnderRelic"},{"floor":26,"key":"DeathKnight:SindragosasSkull"},{"floor":27,"key":"StoneCalendar"},{"floor":29,"key":"conspire:BottledYoYo"},{"floor":37,"key":"Pocketwatch"}],"event_choices":[{"damage_healed":0,"gold_gain":0,"player_choice":"Gave Potion","damage_taken":0,"relics_obtained":["Omamori"],"max_hp_gain":0,"max_hp_loss":0,"event_name":"WeMeetAgain","floor":14,"gold_loss":0}],"is_beta":false,"boss_relics":[{"not_picked":["aspiration:DefectSkillbook","Ectoplasm"],"picked":"hubris:ScarierMask"},{"not_picked":["hubris:CrackedHourglass","energizedSpire:OgreHead"],"picked":"DeathKnight:Shadowmourne"}],"items_purged_floors":[],"is_endless":false,"potions_floor_spawned":[6,7,13,16,19,25,27,33],"killed_by":"Maw","ascension_level":1}}