{"host":"vb9tx51ayxprrw9u","time":1611300261,"event":{"mods":["AchievementEnabler","BaseMod","Colored Map","Colored Powertips","Highlight Path","Minty Spire (QoL Compilation)","StSLib"],"gold_per_floor":[114,17,33,33,33,33,65,79,79,93,93,108,134,146,146,251,251,265,285,297,310,210,245,259,259,259,259,278,85,85,105,105,105,105],"floor_reached":33,"language":"ENG","playtime":2100,"items_purged":["Defend_G","Strike_G","Defend_G"],"score":306,"play_id":"d3c42bd4-4507-4495-9ef0-88464e1eefc6","local_time":"20210122012421","is_ascension_mode":false,"campfire_choices":[{"data":"Neutralize","floor":6,"key":"SMITH"},{"floor":11,"key":"REST"},{"floor":15,"key":"REST"},{"floor":25,"key":"REST"},{"data":"Adrenaline","floor":27,"key":"SMITH"},{"data":"Burst","floor":32,"key":"SMITH"}],"circlet_count":0,"master_deck":["Strike_G","Strike_G","Strike_G","Defend_G","Defend_G","Survivor","Neutralize+1","Burst+1","Quick Slash","PiercingWail","Deadly Poison","Dagger Throw","Poisoned Stab","Bane","Corpse Explosion","Footwork","Adrenaline+1","Distraction+1","Well Laid Plans","Noxious Fumes"],"relics":["Ring of the Snake","PreservedInsect","Singing Bowl","Tiny Chest","Black Star","Strawberry","StrikeDummy","Bronze Scales","HornCleat"],"acts_visited":["Exordium","TheCity"],"potions_floor_usage":[13,18,19,21,24,24,33,33],"damage_taken":[{"damage":2,"enemies":"Small Slimes","floor":1,"turns":6},{"damage":0,"enemies":"Cultist","floor":3,"turns":4},{"damage":13,"enemies":"Gremlin Nob","floor":7,"turns":4},{"damage":3,"enemies":"Jaw Worm","floor":8,"turns":2},{"damage":2,"enemies":"Looter","floor":10,"turns":3},{"damage":10,"enemies":"Lots of Slimes","floor":12,"turns":4},{"damage":21,"enemies":"3 Sentries","floor":13,"turns":7},{"damage":5,"enemies":"2 Fungi Beasts","floor":14,"turns":5},{"damage":11,"enemies":"Hexaghost","floor":16,"turns":10},{"damage":3,"enemies":"2 Thieves","floor":18,"turns":3},{"damage":0,"enemies":"3 Byrds","floor":19,"turns":3},{"damage":26,"enemies":"Shelled Parasite and Fungi","floor":20,"turns":7},{"damage":17,"enemies":"Cultist and Chosen","floor":21,"turns":6},{"damage":19,"enemies":"Slavers","floor":23,"turns":2},{"damage":5,"enemies":"Snake Plant","floor":24,"turns":7},{"damage":0,"enemies":"3 Cultists","floor":28,"turns":2},{"damage":0,"enemies":"Centurion and Healer","floor":31,"turns":4},{"damage":48,"enemies":"Automaton","floor":33,"turns":6}],"seed_played":"3736771525094319662","potions_obtained":[{"floor":7,"key":"LiquidMemories"},{"floor":8,"key":"Swift Potion"},{"floor":10,"key":"GhostInAJar"},{"floor":14,"key":"SneckoOil"},{"floor":18,"key":"Swift Potion"},{"floor":20,"key":"PowerPotion"},{"floor":23,"key":"SpeedPotion"},{"floor":24,"key":"Explosive Potion"},{"floor":28,"key":"LiquidBronze"}],"is_trial":false,"path_per_floor":["M","$","M","?","?","R","E","M","T","M","R","M","E","M","R","B",null,"M","M","M","M","$","E","M","R","T","R","M","$","T","M","R","B"],"character_chosen":"THE_SILENT","items_purchased":["PiercingWail","Noxious Fumes"],"campfire_rested":3,"item_purchase_floors":[2,29],"current_hp_per_floor":[68,68,68,61,61,61,48,45,45,43,64,56,35,30,51,40,72,71,71,47,30,30,20,17,43,43,43,45,45,45,47,47,0,0],"gold":105,"neow_bonus":"ONE_RANDOM_RARE_CARD","is_daily":false,"chose_seed":false,"campfire_upgraded":3,"win_rate":0.0,"timestamp":1611300261,"path_taken":["M","$","M","?","?","R","E","M","T","M","R","M","E","M","R","BOSS","M","M","?","?","?","E","M","R","T","R","M","$","?","M","R","BOSS"],"items_purchased_type":["Card","Card"],"build_version":"2020-12-22","purchased_purges":3,"victory":false,"max_hp_per_floor":[70,70,70,70,70,70,70,70,70,70,70,72,72,72,72,72,72,74,74,76,76,76,85,87,87,87,87,89,89,89,91,91,91,91],"card_choices":[{"not_picked":["Bane","Flechettes"],"picked":"Quick Slash","floor":1},{"not_picked":["Infinite Blades","Outmaneuver","Expertise"],"picked":"SKIP","floor":3},{"not_picked":["A Thousand Cuts","Blur"],"picked":"Dagger Throw","floor":7},{"not_picked":["Backflip","Underhanded Strike"],"picked":"Poisoned Stab","floor":8},{"not_picked":["Sucker Punch","Cloak And Dagger"],"picked":"Bane","floor":10},{"not_picked":["Acrobatics","PiercingWail","Backflip"],"picked":"Singing Bowl","floor":12},{"not_picked":["Backflip","Footwork"],"picked":"Corpse Explosion","floor":13},{"not_picked":["Prepared","Flechettes"],"picked":"Footwork","floor":14},{"not_picked":["Unload","Grand Finale"],"picked":"Adrenaline","floor":16},{"not_picked":["Dagger Spray","Flying Knee+1","Terror"],"picked":"Singing Bowl","floor":18},{"not_picked":["Quick Slash","Bouncing Flask+1"],"picked":"Distraction+1","floor":19},{"not_picked":["Dagger Throw","Underhanded Strike+1","Tactician"],"picked":"Singing Bowl","floor":20},{"not_picked":["Backflip","Slice"],"picked":"Well Laid Plans","floor":21},{"not_picked":["Prepared","Deadly Poison","Slice"],"picked":"Singing Bowl","floor":23},{"not_picked":["Caltrops","Flechettes","Unload"],"picked":"Singing Bowl","floor":24},{"not_picked":["Footwork","Blade Dance","Quick Slash"],"picked":"Singing Bowl","floor":28},{"not_picked":["Distraction","Footwork","Expertise"],"picked":"Singing Bowl","floor":31}],"player_experience":170989,"relics_obtained":[{"floor":7,"key":"PreservedInsect"},{"floor":9,"key":"Singing Bowl"},{"floor":13,"key":"Tiny Chest"},{"floor":23,"key":"Strawberry"},{"floor":23,"key":"StrikeDummy"},{"floor":26,"key":"Bronze Scales"},{"floor":30,"key":"HornCleat"}],"event_choices":[{"cards_removed":["Strike_G"],"damage_healed":0,"gold_gain":0,"player_choice":"Card Removal","damage_taken":7,"max_hp_gain":0,"max_hp_loss":0,"event_name":"Golden Wing","floor":4,"gold_loss":0},{"damage_healed":0,"gold_gain":0,"cards_transformed":["Defend_G"],"player_choice":"Transformed","damage_taken":0,"max_hp_gain":0,"max_hp_loss":0,"event_name":"Transmorgrifier","floor":5,"gold_loss":0,"cards_obtained":["Deadly Poison"]}],"is_beta":false,"boss_relics":[{"not_picked":["Runic Dome","Pandora\u0027s Box"],"picked":"Black Star"}],"items_purged_floors":[2,22,29],"is_endless":false,"potions_floor_spawned":[7,8,10,14,16,18,20,23,24,28],"killed_by":"Automaton","ascension_level":0}}