{"host":"mq3ujo75gqb6jwby","time":1611349760,"event":{"mods":["BaseMod","BetterRewards","Colored Map","Downfall","Minty Spire (QoL Compilation)","Permanent Neow","Quick Restart","Relic Stats","StSLib","everything is the same but u backflip on backflip"],"gold_per_floor":[99,116,131,306,317,317,368,393,413,446,9,21,21,35,50,152,152,152,168,78,178,189,224,224,234,234,246,46,64,49,80,92,187,187,187,200,200,300,320,320,366,266,266,279,154,154,154,164,177,177,177,211,8,8,8,8,8,8],"floor_reached":56,"language":"ENG","playtime":4829,"items_purged":["Doubt","Slimebound:Overexert","Slimebound:SplitAcid+1"],"score":801,"play_id":"8099c106-18fa-414a-ab85-e985c25b4e69","local_time":"20210122220920","is_ascension_mode":false,"campfire_choices":[{"data":"Slimebound:CorrosiveSpit","floor":1,"key":"SMITH"},{"data":"Slimebound:Grow","floor":6,"key":"SMITH"},{"data":"Slimebound:Split","floor":13,"key":"SMITH"},{"data":"Slimebound:MassFeed","floor":18,"key":"SMITH"},{"floor":26,"key":"RECALL"},{"data":"Slimebound:RollThrough","floor":28,"key":"SMITH"},{"data":"Slimebound:SlimeSlap","floor":35,"key":"SMITH"},{"data":"Slimebound:DouseInSlime","floor":40,"key":"SMITH"},{"data":"Slimebound:GoopSpray","floor":42,"key":"SMITH"},{"data":"Slimebound:SamplingLick","floor":47,"key":"SMITH"},{"data":"Slimebound:GoopSpray","floor":54,"key":"SMITH"}],"circlet_count":0,"master_deck":["Slimebound:Tackle","Slimebound:CorrosiveSpit+1","Slimebound:LeechEnergy","Slimebound:GoopTackle","Slimebound:Grow+1","Slimebound:SlimeSpikes","Slimebound:GoopSpray+1","Slimebound:MassFeed+1","Slimebound:Prepare","Slimebound:MegaLick","Slimebound:LivingWall","Slimebound:RollThrough+1","Slimebound:Nibble","Slimebound:DouseInSlime+1","Slimebound:ComboTackle","Slimebound:OozeBath","Slimebound:SlimeSlap+1","Slimebound:SplitLeeching","Slimebound:SamplingLick+1","Slimebound:ViciousTackle","Slimebound:FinishingTackle","Slimebound:Nibble+1","Slimebound:LivingWall+1","Slimebound:SpikyOuterGoop+1","Slimebound:LeechEnergy+1","Slimebound:GoopSpray+1","Slimebound:Gluttony+1","Slimebound:DuplicatedForm+1","Slimebound:GrowthPunch","Slimebound:SlimeSpikes+1","Slimebound:RollThrough+1","Slimebound:HauntingLick+1","Slimebound:BestDefense+1","Slimebound:GoopSpray+1"],"relics":["Slimebound:AbsorbEndCombat","Bag of Marbles","Boot","Bottled Lightning","Happy Flower","ClockworkSouvenir","Pandora\u0027s Box","Potion Belt","Strawberry","Frozen Egg 2","downfall:HeartBlessingRed","downfall:HeartBlessingGreen","Tiny Chest","Slimebound:TarBlob","OrangePellets","downfall:HeartBlessingBlue","Anchor","Oddly Smooth Stone"],"acts_visited":["TheCity","TheBeyond","TheEnding"],"potions_floor_usage":[8,10,16,16,21,21,21,23,23,23,30,31,49,50,50,55],"damage_taken":[{"damage":3,"enemies":"Cultist","floor":2,"turns":4},{"damage":4,"enemies":"Jaw Worm","floor":3,"turns":4},{"damage":3,"enemies":"2 Louse","floor":5,"turns":3},{"damage":17,"enemies":"Gremlin Nob","floor":8,"turns":3},{"damage":40,"enemies":"Gremlin Gang","floor":9,"turns":4},{"damage":14,"enemies":"3 Sentries","floor":10,"turns":9},{"damage":0,"enemies":"downfall:FleeingMerchant","floor":11,"turns":4},{"damage":2,"enemies":"Blue Slaver","floor":12,"turns":4},{"damage":0,"enemies":"3 Louse","floor":14,"turns":3},{"damage":7,"enemies":"Exordium Wildlife","floor":15,"turns":3},{"damage":23,"enemies":"IC_STATUS_ARCHETYPE","floor":16,"turns":8},{"damage":0,"enemies":"Spheric Guardian","floor":19,"turns":3},{"damage":0,"enemies":"downfall:FleeingMerchant","floor":20,"turns":4},{"damage":4,"enemies":"downfall:LadyInBlue","floor":21,"turns":5},{"damage":0,"enemies":"Shell Parasite","floor":22,"turns":2},{"damage":1,"enemies":"Slavers","floor":23,"turns":4},{"damage":21,"enemies":"Snecko","floor":25,"turns":4},{"damage":14,"enemies":"Shelled Parasite and Fungi","floor":27,"turns":4},{"damage":11,"enemies":"Snake Plant","floor":29,"turns":2},{"damage":6,"enemies":"downfall:FleeingMerchant","floor":30,"turns":4},{"damage":0,"enemies":"Book of Stabbing","floor":31,"turns":5},{"damage":13,"enemies":"Chosen and Byrds","floor":32,"turns":6},{"damage":16,"enemies":"WA_ARCHETYPE_CALM","floor":33,"turns":11},{"damage":6,"enemies":"Orb Walker","floor":36,"turns":3},{"damage":9,"enemies":"Orb Walker","floor":37,"turns":5},{"damage":0,"enemies":"downfall:FleeingMerchant","floor":38,"turns":1},{"damage":0,"enemies":"3 Shapes","floor":39,"turns":6},{"damage":30,"enemies":"Jaw Worm Horde","floor":44,"turns":8},{"damage":7,"enemies":"Transient","floor":48,"turns":5},{"damage":11,"enemies":"3 Darklings","floor":49,"turns":2},{"damage":136,"enemies":"DF_ARCHETYPE_ORBS","floor":50,"turns":13},{"damage":61,"enemies":"downfall:CharBossMerchant","floor":52,"turns":8},{"damage":46,"enemies":"downfall:NeowBoss","floor":55,"turns":22},{"damage":111,"enemies":"downfall:NeowBossFinal","floor":56,"turns":5}],"seed_played":"880161903039012247","potions_obtained":[{"floor":3,"key":"Slimebound:SlimedPotion"},{"floor":5,"key":"sneckomod:MuddlingPotion"},{"floor":9,"key":"SpeedPotion"},{"floor":14,"key":"DuplicationPotion"},{"floor":15,"key":"LiquidBronze"},{"floor":16,"key":"SkillPotion"},{"floor":19,"key":"Swift Potion"},{"floor":21,"key":"SneckoOil"},{"floor":21,"key":"DuplicationPotion"},{"floor":21,"key":"Energy Potion"},{"floor":25,"key":"Slimebound:SlimyTonguePotion"},{"floor":29,"key":"Block Potion"},{"floor":32,"key":"champ:CounterPotion"},{"floor":33,"key":"champ:CounterPotion"},{"floor":48,"key":"DistilledChaos"},{"floor":49,"key":"Strength Potion"},{"floor":52,"key":"hexamod:SoulburnPotion"}],"is_trial":false,"path_per_floor":["R","M","M","?","M","R","T","E","M","E","$","M","R","M","M","B",null,"R","M","$","?","M","E","T","M","R","M","R","M","$","E","M","B",null,"R","M","?","$","M","R","T","R","?","M","$","?","R","M","M","B",null,"E","$","R","B","B"],"character_chosen":"SLIMEBOUND","items_purchased":["Slimebound:MegaLick","Slimebound:LivingWall","Happy Flower","ClockworkSouvenir","OrangePellets","Oddly Smooth Stone","SpeedPotion"],"campfire_rested":0,"item_purchase_floors":[11,11,11,11,38,53,53],"current_hp_per_floor":[71,70,70,70,69,69,69,58,20,14,20,24,24,33,38,26,83,83,87,87,87,87,98,98,85,85,77,77,74,76,88,83,79,114,114,116,115,117,126,126,126,136,136,118,118,118,118,119,116,3,140,94,94,94,71,0,0,0],"gold":8,"neow_bonus":"TEN_PERCENT_HP_BONUS","is_daily":false,"chose_seed":false,"campfire_upgraded":10,"win_rate":0.0,"timestamp":1611349760,"path_taken":["R","M","?","?","M","R","T","E","M","E","$","M","R","M","M","BOSS","R","M","$","?","M","E","T","M","R","M","R","?","$","E","M","BOSS","R","M","?","$","M","R","T","R","?","M","$","?","R","M","M","BOSS","E","$","R","BOSS","BOSS"],"items_purchased_type":["Card","Card","Relic","Relic","Relic","Relic","Potion"],"build_version":"2020-12-22","purchased_purges":3,"victory":false,"max_hp_per_floor":[71,71,71,71,71,71,71,71,71,71,71,71,71,74,80,83,83,83,87,87,87,87,98,98,102,102,102,102,106,106,110,110,114,114,114,118,122,122,126,126,126,136,136,140,140,140,140,140,140,140,140,140,140,140,140,140,140,140],"relic_stats":{"OrangePellets":[15],"Happy Flower":[50],"counters":[34,179],"Pandora\u0027s Box":["Slimebound:ComboTackle","Slimebound:OozeBath","Slimebound:SlimeSlap","Slimebound:SplitLeeching","Slimebound:SamplingLick","Slimebound:ViciousTackle","Slimebound:Overexert"],"Tiny Chest":0,"Boot":[18],"obtain_stats":[{"Potion Belt":21,"Happy Flower":11,"downfall:HeartBlessingRed":28,"Oddly Smooth Stone":53,"downfall:HeartBlessingGreen":28,"Frozen Egg 2":24,"Boot":8,"ClockworkSouvenir":11,"Slimebound:TarBlob":34,"OrangePellets":38,"Anchor":52,"downfall:HeartBlessingBlue":42,"Strawberry":23,"Pandora\u0027s Box":17,"Tiny Chest":31,"Slimebound:AbsorbEndCombat":0,"Bag of Marbles":7,"Bottled Lightning":10},{"Potion Belt":14,"Happy Flower":7,"downfall:HeartBlessingRed":18,"Oddly Smooth Stone":32,"downfall:HeartBlessingGreen":18,"Frozen Egg 2":16,"Boot":4,"ClockworkSouvenir":7,"Slimebound:TarBlob":23,"OrangePellets":26,"Anchor":32,"downfall:HeartBlessingBlue":27,"Strawberry":16,"Pandora\u0027s Box":11,"Tiny Chest":21,"Slimebound:AbsorbEndCombat":0,"Bag of Marbles":3,"Bottled Lightning":6},{"Potion Belt":60,"Happy Flower":31,"downfall:HeartBlessingRed":73,"Oddly Smooth Stone":152,"downfall:HeartBlessingGreen":73,"Frozen Egg 2":66,"Boot":14,"ClockworkSouvenir":31,"Slimebound:TarBlob":101,"OrangePellets":110,"Anchor":152,"downfall:HeartBlessingBlue":116,"Strawberry":66,"Pandora\u0027s Box":49,"Tiny Chest":84,"Slimebound:AbsorbEndCombat":0,"Bag of Marbles":11,"Bottled Lightning":27}]},"card_choices":[{"not_picked":["Slimebound:SlimeBarrage","Slimebound:AcidTongue"],"picked":"Slimebound:LeechEnergy","floor":2},{"not_picked":["Slimebound:Replication","Slimebound:SplitLeeching"],"picked":"Slimebound:GoopTackle","floor":3},{"not_picked":["Slimebound:SplitAcid","Slimebound:SplitBruiser"],"picked":"Slimebound:Grow","floor":5},{"not_picked":["Slimebound:AcidTongue","Slimebound:LeadByExample"],"picked":"Slimebound:SlimeSpikes","floor":8},{"not_picked":["Slimebound:FinishingTackle","Slimebound:SpikyOuterGoop"],"picked":"Slimebound:GoopSpray","floor":9},{"not_picked":["Slimebound:ProtectTheBoss","Slimebound:SplitLeeching"],"picked":"Slimebound:MassFeed","floor":10},{"not_picked":["Slimebound:SplitAcid","Slimebound:ProtectTheBoss"],"picked":"Slimebound:Prepare","floor":11},{"not_picked":["Slimebound:RejuvenatingLick","Slimebound:SpikyOuterGoop"],"picked":"Slimebound:RollThrough","floor":12},{"not_picked":["Slimebound:MassRepurpose","Slimebound:PressTheAttack","Slimebound:Prepare"],"picked":"SKIP","floor":14},{"not_picked":["Slimebound:ViciousTackle","Slimebound:SamplingLick"],"picked":"Slimebound:Nibble","floor":15},{"not_picked":["Slimebound:RallyTheTroops","Slimebound:WasteNot"],"picked":"Slimebound:DouseInSlime","floor":16},{"not_picked":["Slimebound:ComboTackle","Slimebound:GoopTackle"],"picked":"Slimebound:FinishingTackle","floor":19},{"not_picked":["Slimebound:HauntingLick","Slimebound:PressTheAttack"],"picked":"Slimebound:Nibble+1","floor":20},{"not_picked":["Slimebound:GoopTackle+1","Slimebound:FinishingTackle"],"picked":"Slimebound:LivingWall+1","floor":21},{"not_picked":["Slimebound:SplitLeeching+1","Slimebound:ComboTackle+1","Slimebound:Replication"],"picked":"SKIP","floor":22},{"not_picked":["Slimebound:OozeBath","Slimebound:ProtectTheBoss","Slimebound:TongueLash"],"picked":"SKIP","floor":23},{"not_picked":["Slimebound:SplitMire+1","Slimebound:GoopTackle"],"picked":"Slimebound:SpikyOuterGoop+1","floor":25},{"not_picked":["Slimebound:Dissolve+1","Slimebound:GoopSpray"],"picked":"Slimebound:LeechEnergy+1","floor":27},{"not_picked":["Slimebound:LeechingTouch","Slimebound:SplitMire"],"picked":"Slimebound:SplitAcid+1","floor":29},{"not_picked":["Slimebound:SplitBruiser","Slimebound:LevelUp+1"],"picked":"Slimebound:GoopSpray","floor":30},{"not_picked":["Slimebound:SplitAcid","Slimebound:Equalize"],"picked":"Slimebound:Gluttony+1","floor":31},{"not_picked":["Slimebound:GoopSpray","Slimebound:GoopTackle","Slimebound:FirmFortitude"],"picked":"SKIP","floor":32},{"not_picked":["Slimebound:MinionMaster+1","Slimebound:Teamwork"],"picked":"Slimebound:DuplicatedForm+1","floor":33},{"not_picked":["Slimebound:FinishingTackle","Slimebound:ComboTackle"],"picked":"Slimebound:GrowthPunch","floor":36},{"not_picked":["Slimebound:PressTheAttack","Slimebound:LeechEnergy"],"picked":"Slimebound:SlimeSpikes+1","floor":37},{"not_picked":["Slimebound:RejuvenatingLick","Slimebound:FinishingTackle","Slimebound:RainOfGoop+1"],"picked":"SKIP","floor":38},{"not_picked":["Slimebound:ProtectTheBoss+1","Slimebound:GrowthPunch"],"picked":"Slimebound:RollThrough+1","floor":39},{"not_picked":["Slimebound:Replication+1","Slimebound:LeechEnergy"],"picked":"Slimebound:HauntingLick+1","floor":44},{"not_picked":["Slimebound:ItLooksTasty+1","Slimebound:LeechEnergy","Slimebound:Replication+1"],"picked":"SKIP","floor":48},{"not_picked":["Slimebound:SamplingLick","Slimebound:WasteNot"],"picked":"Slimebound:BestDefense+1","floor":49},{"not_picked":["Slimebound:LeechEnergy","Slimebound:MegaLick"],"picked":"Slimebound:GoopSpray+1","floor":52}],"player_experience":743057,"relics_obtained":[{"floor":7,"key":"Bag of Marbles"},{"floor":8,"key":"Boot"},{"floor":10,"key":"Bottled Lightning"},{"floor":21,"key":"Potion Belt"},{"floor":23,"key":"Strawberry"},{"floor":24,"key":"Frozen Egg 2"},{"floor":31,"key":"Tiny Chest"},{"floor":52,"key":"Anchor"}],"event_choices":[{"cards_removed":["Slimebound:Split"],"damage_healed":0,"gold_gain":0,"player_choice":"Removed Skill","damage_taken":0,"max_hp_gain":0,"max_hp_loss":0,"event_name":"Falling","floor":43,"gold_loss":0}],"is_beta":false,"boss_relics":[{"not_picked":["Empty Cage","Runic Dome"],"picked":"Pandora\u0027s Box"},{"not_picked":["Cursed Key","bronze:MakeshiftBattery"],"picked":"Slimebound:TarBlob"}],"items_purged_floors":[20,38,45],"is_endless":false,"potions_floor_spawned":[3,5,9,14,15,16,19,25,29,32,33,48,49,52],"killed_by":"downfall:NeowBossFinal","ascension_level":0}}