{"host":"7zdktqb5xjtif29d","time":1611356025,"event":{"mods":["AchievementEnabler","BaseMod","Colored Map","Colored Powertips","Dark Map","Highlight Path","Minty Spire (QoL Compilation)","Rare Cards Sparkle","SuperFastMode","Waifu the Spire","everything is the same but u backflip on backflip"],"gold_per_floor":[114,114,114,114,134,134,146,174,256,271,271,285,285,305,305,402,402,413,15,33,53,66,66,101,200,251,251,166,184,210,225,225,326,376,386,400,418,214,234,234,264,264,288,304,339,0,0,19,19,19,19],"floor_reached":50,"language":"ENG","playtime":2688,"items_purged":["Defend_G","Defend_G"],"score":653,"play_id":"74621763-3843-44c6-8f8c-c6b1f93acf46","local_time":"20210122225345","is_ascension_mode":true,"campfire_choices":[{"data":"1","floor":6.0,"key":"LIFT"},{"data":"2","floor":11.0,"key":"LIFT"},{"data":"3","floor":15.0,"key":"LIFT"},{"data":"Choke","floor":23.0,"key":"SMITH"},{"floor":27.0,"key":"REST"},{"floor":32.0,"key":"REST"},{"floor":40,"key":"REST"},{"data":"Blade Dance","floor":47,"key":"SMITH"},{"data":"Blade Dance","floor":49,"key":"SMITH"}],"circlet_count":0,"master_deck":["Strike_G","Strike_G","Strike_G","Strike_G","Defend_G","Defend_G","Defend_G","Survivor+1","Neutralize+1","CurseOfTheBell","Backflip","Infinite Blades","Accuracy","Blade Dance+1","Regret","Backflip","Phantasmal Killer","Choke+1","Accuracy","Accuracy","Accuracy","Finisher+1","Phantasmal Killer","Prepared","Accuracy+1","After Image","Cloak And Dagger","Writhe","Blade Dance+1"],"relics":["Calling Bell","Anchor","Question Card","Girya","Orichalcum","Turnip","Ornamental Fan","Strawberry","Sozu","Ninja Scroll","Meat on the Bone","Juzu Bracelet","Smiling Mask","Du-Vu Doll","Tiny House","Nunchaku","Oddly Smooth Stone","Blood Vial","Regal Pillow","Red Mask"],"acts_visited":["Exordium","TheCity","TheBeyond"],"potions_floor_usage":[33],"damage_taken":[{"damage":0.0,"enemies":"2 Louse","floor":1.0,"turns":2.0},{"damage":0.0,"enemies":"Jaw Worm","floor":5.0,"turns":6.0},{"damage":0.0,"enemies":"Small Slimes","floor":7.0,"turns":3.0},{"damage":8.0,"enemies":"Gremlin Nob","floor":8.0,"turns":5.0},{"damage":3.0,"enemies":"Exordium Wildlife","floor":10.0,"turns":6.0},{"damage":0.0,"enemies":"Large Slime","floor":12.0,"turns":4.0},{"damage":0.0,"enemies":"2 Fungi Beasts","floor":14.0,"turns":2.0},{"damage":20.0,"enemies":"The Guardian","floor":16.0,"turns":11.0},{"damage":10.0,"enemies":"Spheric Guardian","floor":18.0,"turns":4.0},{"damage":0.0,"enemies":"Shell Parasite","floor":20.0,"turns":1.0},{"damage":0.0,"enemies":"Snecko","floor":21.0,"turns":3.0},{"damage":9.0,"enemies":"3 Cultists","floor":22.0,"turns":4.0},{"damage":32.0,"enemies":"Slavers","floor":24.0,"turns":6.0},{"damage":0.0,"enemies":"Centurion and Healer","floor":29.0,"turns":3.0},{"damage":42.0,"enemies":"Gremlin Leader","floor":30.0,"turns":5.0},{"damage":0.0,"enemies":"Snake Plant","floor":31.0,"turns":1.0},{"damage":11,"enemies":"Collector","floor":33,"turns":5},{"damage":0,"enemies":"Orb Walker","floor":35,"turns":1},{"damage":23,"enemies":"3 Darklings","floor":36,"turns":7},{"damage":27,"enemies":"Sphere and 2 Shapes","floor":37,"turns":4},{"damage":26,"enemies":"Maw","floor":39,"turns":7},{"damage":11,"enemies":"Giant Head","floor":41,"turns":5},{"damage":24,"enemies":"4 Shapes","floor":44,"turns":5},{"damage":4,"enemies":"Nemesis","floor":45,"turns":3},{"damage":1,"enemies":"Transient","floor":48,"turns":5},{"damage":59,"enemies":"Awakened One","floor":50,"turns":7}],"seed_played":"6240007430663021869","potions_obtained":[{"floor":1.0,"key":"DuplicationPotion"},{"floor":5.0,"key":"EntropicBrew"},{"floor":8.0,"key":"Swift Potion"}],"is_trial":false,"path_per_floor":["M","?","?","?","M","R","M","E","T","M","R","M","?","M","R","B",null,"M","$","M","M","M","R","E","?","T","R","?","M","E","M","R","B",null,"M","M","M","$","M","R","E","?","T","M","E","?","R","M","R","B"],"character_chosen":"THE_SILENT","items_purchased":["Accuracy","Ninja Scroll","Nunchaku"],"campfire_rested":3,"item_purchase_floors":[19,19,38],"current_hp_per_floor":[70,70,63,51,51,51,51,43,43,40,40,40,47,47,47,27,77,67,67,67,67,58,58,26,26,26,49,49,49,19,31,54,43,82,82,59,44,44,30,54,43,64,64,42,52,52,52,53,53,0,0],"gold":19,"neow_bonus":"BOSS_RELIC","is_daily":false,"chose_seed":false,"campfire_upgraded":3,"win_rate":0.0,"timestamp":1611356025,"path_taken":["M","?","?","?","M","R","M","E","T","M","R","M","?","?","R","BOSS","M","$","M","M","M","R","E","?","T","R","?","M","E","M","R","BOSS","M","M","M","$","M","R","E","?","T","M","E","?","R","M","R","BOSS"],"items_purchased_type":["Card","Relic","Relic"],"build_version":"2020-12-22","purchased_purges":2,"victory":false,"max_hp_per_floor":[70,70,70,70,70,70,70,70,70,70,70,70,77,77,77,77,77,77,77,77,77,77,77,77,77,77,77,77,77,77,77,77,77,82,82,82,82,82,82,82,82,82,82,82,82,82,82,82,82,82,82],"card_choices":[{"not_picked":["Backstab","Predator","Eviscerate"],"picked":"Backflip","floor":1.0},{"not_picked":["Sucker Punch","Eviscerate","Catalyst"],"picked":"Infinite Blades","floor":5.0},{"not_picked":["Bane","Concentrate","Catalyst"],"picked":"Accuracy","floor":7.0},{"not_picked":["Cloak And Dagger","Outmaneuver","Bane"],"picked":"Blade Dance","floor":8.0},{"not_picked":["Tactician","Blur","Underhanded Strike","Outmaneuver"],"picked":"SKIP","floor":10.0},{"not_picked":["Crippling Poison","Quick Slash","Dagger Throw","Heel Hook"],"picked":"SKIP","floor":12.0},{"not_picked":["Dagger Spray","Heel Hook","Leg Sweep"],"picked":"Backflip","floor":14.0},{"not_picked":["Doppelganger","After Image","Bullet Time"],"picked":"Phantasmal Killer","floor":16.0},{"not_picked":["PiercingWail+1","Calculated Gamble","Bane"],"picked":"Choke","floor":18.0},{"not_picked":["Cloak And Dagger+1","Quick Slash+1","Dodge and Roll+1"],"picked":"Accuracy","floor":20.0},{"not_picked":["Cloak And Dagger+1","Escape Plan","Slice"],"picked":"Accuracy","floor":21.0},{"not_picked":["Slice+1","Predator","Dash","Reflex"],"picked":"SKIP","floor":22.0},{"not_picked":["Wraith Form v2","Setup","Deadly Poison","Choke"],"picked":"SKIP","floor":24.0},{"not_picked":["Outmaneuver","Expertise","Reflex"],"picked":"Finisher+1","floor":29.0},{"not_picked":["Poisoned Stab+1","Deadly Poison","Predator","Well Laid Plans"],"picked":"SKIP","floor":30.0},{"not_picked":["Terror","Distraction","Eviscerate","Skewer"],"picked":"SKIP","floor":31.0},{"not_picked":["Bullet Time","Die Die Die","Malaise"],"picked":"Phantasmal Killer","floor":33},{"not_picked":["Dagger Throw","Outmaneuver+1","Slice"],"picked":"Prepared","floor":34},{"not_picked":["Choke+1","Prepared","Masterful Stab"],"picked":"Accuracy+1","floor":35},{"not_picked":["Deflect+1","All Out Attack+1","Outmaneuver+1","Dodge and Roll+1"],"picked":"SKIP","floor":36},{"not_picked":["Deflect","Skewer","Bane","Blur"],"picked":"SKIP","floor":37},{"not_picked":["Poisoned Stab","Expertise","Predator+1"],"picked":"After Image","floor":39},{"not_picked":["Prepared+1","PiercingWail","Dodge and Roll+1"],"picked":"Cloak And Dagger","floor":41},{"not_picked":["Footwork","Slice","Deadly Poison+1","Heel Hook+1"],"picked":"SKIP","floor":44},{"not_picked":["Footwork+1","Backflip+1","Underhanded Strike+1"],"picked":"Blade Dance","floor":45},{"not_picked":["Acrobatics+1","Prepared","Dash","PiercingWail"],"picked":"SKIP","floor":48}],"player_experience":252075,"relics_obtained":[{"floor":0.0,"key":"Anchor"},{"floor":0.0,"key":"Question Card"},{"floor":0.0,"key":"Girya"},{"floor":8.0,"key":"Turnip"},{"floor":9.0,"key":"Ornamental Fan"},{"floor":24.0,"key":"Meat on the Bone"},{"floor":26.0,"key":"Juzu Bracelet"},{"floor":30.0,"key":"Du-Vu Doll"},{"floor":41,"key":"Oddly Smooth Stone"},{"floor":43,"key":"Blood Vial"},{"floor":45,"key":"Regal Pillow"}],"event_choices":[{"damage_healed":0.0,"max_hp_gain":0.0,"max_hp_loss":0.0,"gold_gain":0.0,"event_name":"Living Wall","player_choice":"Grow","floor":2.0,"gold_loss":0.0,"damage_taken":0.0,"cards_upgraded":["Neutralize"]},{"cards_removed":["Strike_G"],"damage_healed":0.0,"max_hp_gain":0.0,"max_hp_loss":0.0,"gold_gain":0.0,"event_name":"Golden Wing","player_choice":"Card Removal","floor":3.0,"gold_loss":0.0,"damage_taken":7.0},{"damage_healed":0.0,"max_hp_gain":0.0,"max_hp_loss":0.0,"gold_gain":0.0,"event_name":"Scrap Ooze","player_choice":"Success","floor":4.0,"gold_loss":0.0,"damage_taken":12.0,"relics_obtained":["Orichalcum"]},{"damage_healed":0.0,"max_hp_gain":0.0,"max_hp_loss":0.0,"gold_gain":0.0,"event_name":"Big Fish","player_choice":"Box","floor":13.0,"gold_loss":0.0,"damage_taken":0.0,"relics_obtained":["Strawberry"],"cards_obtained":["Regret"]},{"damage_healed":0.0,"max_hp_gain":0.0,"max_hp_loss":0.0,"gold_gain":99.0,"event_name":"Nest","player_choice":"Stole From Cult","floor":25.0,"gold_loss":0.0,"damage_taken":0.0},{"damage_healed":0.0,"max_hp_gain":0.0,"max_hp_loss":0.0,"gold_gain":0.0,"event_name":"Addict","player_choice":"Obtained Relic","floor":28.0,"gold_loss":85.0,"damage_taken":0.0,"relics_obtained":["Smiling Mask"]},{"damage_healed":21,"gold_gain":0,"player_choice":"Writhe","damage_taken":0,"max_hp_gain":0,"max_hp_loss":0,"event_name":"Winding Halls","floor":42,"gold_loss":0,"cards_obtained":["Writhe"]},{"damage_healed":0,"gold_gain":0,"player_choice":"Paid","damage_taken":0,"relics_obtained":["Red Mask"],"max_hp_gain":0,"max_hp_loss":0,"event_name":"Tomb of Lord Red Mask","floor":46,"gold_loss":339}],"is_beta":false,"boss_relics":[{"not_picked":["Coffee Dripper","Runic Pyramid"],"picked":"Sozu"},{"not_picked":["Black Star","Runic Dome"],"picked":"Tiny House"}],"items_purged_floors":[19,38],"is_endless":false,"potions_floor_spawned":[1,5,8,10,14,22,29,30,31,36,41,44,45,48],"killed_by":"Awakened One","ascension_level":3}}