{"host":"2rrpre490qd0wxf6","time":1611358902,"event":{"mods":["BaseMod","BetterRewards","Colored Powertips","Downfall","Googly Eyes","Highlight Path","Minty Spire (QoL Compilation)","Quick Restart","Rare Cards Sparkle","StSLib"],"gold_per_floor":[111,111,111,111,111,137,137,148,172,192,35,35,35],"floor_reached":12,"language":"ENG","playtime":325,"items_purged":[],"score":151,"play_id":"01a86468-46a8-40e1-bfcc-78557973ee07","local_time":"20210122184142","daily_mods":["downfall:Lament"],"is_ascension_mode":false,"campfire_choices":[{"data":"Outmaneuver","floor":7,"key":"SMITH"}],"circlet_count":0,"master_deck":["Strike_G","Strike_G","Strike_G","Strike_G","Strike_G","Defend_G","Defend_G","Defend_G","Defend_G","Defend_G","Survivor","Neutralize+1","Outmaneuver+1","Terror","Prepared","Acrobatics","Concentrate","Wraith Form v2","Calculated Gamble","Outmaneuver"],"relics":["Ring of the Snake","NeowsBlessing","StoneCalendar","Guardian:PocketSentry","bronze:BronzeIdol","Orrery"],"acts_visited":["Exordium"],"potions_floor_usage":[],"damage_taken":[{"damage":0,"enemies":"Cultist","floor":1,"turns":1},{"damage":0,"enemies":"Lagavulin","floor":6,"turns":1},{"damage":0,"enemies":"2 Louse","floor":8,"turns":1},{"damage":0,"enemies":"Small Slimes","floor":10,"turns":3},{"damage":2,"enemies":"Gremlin Nob","floor":12,"turns":4}],"seed_played":"5606730257280218323","potions_obtained":[{"floor":6,"key":"champ:CounterPotion"}],"is_trial":true,"path_per_floor":["M","?","?","?","?","E","R","M","T","M","$","E"],"character_chosen":"THE_SILENT","items_purchased":["Orrery"],"campfire_rested":0,"item_purchase_floors":[11],"current_hp_per_floor":[70,70,58,70,70,70,70,70,70,70,70,68,68],"gold":35,"neow_bonus":"","is_daily":false,"chose_seed":false,"campfire_upgraded":1,"win_rate":0.0,"timestamp":1611358902,"path_taken":["M","?","?","?","?","E","R","?","T","M","$","E"],"items_purchased_type":["Relic"],"build_version":"2020-12-22","purchased_purges":0,"victory":false,"max_hp_per_floor":[70,70,70,70,70,70,70,70,70,70,70,70,70],"card_choices":[{"not_picked":["Prepared","Distraction","Backflip"],"picked":"SKIP","floor":1},{"not_picked":["Deflect","Dagger Spray"],"picked":"Outmaneuver","floor":6},{"not_picked":["PiercingWail","Prepared"],"picked":"Terror","floor":8},{"not_picked":["Backflip","Skewer"],"picked":"Prepared","floor":10},{"not_picked":["Dash","Crippling Poison"],"picked":"Acrobatics","floor":11},{"not_picked":["Eviscerate","Caltrops"],"picked":"Concentrate","floor":11},{"not_picked":["Bane","Quick Slash"],"picked":"Wraith Form v2","floor":11},{"not_picked":["Corpse Explosion","Crippling Poison"],"picked":"Calculated Gamble","floor":11},{"not_picked":["Dagger Spray","Flying Knee"],"picked":"Outmaneuver","floor":11}],"player_experience":133155,"relics_obtained":[{"floor":6,"key":"Guardian:PocketSentry"},{"floor":9,"key":"bronze:BronzeIdol"}],"event_choices":[{"damage_healed":0,"gold_gain":0,"player_choice":"Ignored","damage_taken":0,"max_hp_gain":0,"max_hp_loss":0,"event_name":"Golden Wing","floor":2,"gold_loss":0},{"damage_healed":0,"gold_gain":0,"player_choice":"Success","damage_taken":12,"relics_obtained":["StoneCalendar"],"max_hp_gain":0,"max_hp_loss":0,"event_name":"Scrap Ooze","floor":3,"gold_loss":0},{"damage_healed":23,"gold_gain":0,"player_choice":"Banana","damage_taken":0,"max_hp_gain":0,"max_hp_loss":0,"event_name":"Big Fish","floor":4,"gold_loss":0},{"damage_healed":0,"gold_gain":0,"player_choice":"Upgraded","damage_taken":0,"max_hp_gain":0,"max_hp_loss":0,"event_name":"Upgrade Shrine","floor":5,"gold_loss":0,"cards_upgraded":["Neutralize"]}],"is_beta":false,"boss_relics":[],"items_purged_floors":[],"is_endless":true,"potions_floor_spawned":[6],"killed_by":"Gremlin Nob","ascension_level":0}}