{"host":"kw4o7b3ro2ktmmbe","time":1611357293,"event":{"mods":["100% Spire Juice","BaseMod","Evolution","Minty Spire (QoL Compilation)","StSLib"],"gold_per_floor":[118,129,129,149,29,29,69,69,69,69,88,88,113,131,131,251,11,25,49,74,74,97,97,97,97,97,122,165,165,199,219,219,349,349,374,707,707,25,75,75,107,107,107,117,151,200,210,210,210],"floor_reached":48,"language":"ENG","playtime":3960,"items_purged":["Writhe"],"score":889,"play_id":"dc672d95-e232-4042-a41f-c1358f75d153","local_time":"20210123121453","is_ascension_mode":true,"campfire_choices":[{"data":"Moonworks:FullSpeedAlicianrone","floor":6.0,"key":"SMITH"},{"data":"Moonworks:RedAndBlue","floor":10.0,"key":"SMITH"},{"data":"Moonworks:Flamethrower","floor":15.0,"key":"SMITH"},{"data":"Moonworks:CloudOfSeagulls","floor":23.0,"key":"SMITH"},{"data":"Moonworks:CloudOfSeagulls","floor":29.0,"key":"SMITH"},{"data":"Moonworks:UnluckyCharm","floor":32.0,"key":"SMITH"},{"data":"1","floor":40.0,"key":"LIFT"},{"data":"2","floor":42.0,"key":"LIFT"}],"circlet_count":0,"master_deck":["Moonworks:Assault","Moonworks:Defend+1","Moonworks:Defend+1","Moonworks:Defend+1","Moonworks:Defend+1","Moonworks:LongDistanceShot","Moonworks:NicePresent","Moonworks:FullSpeedAlicianrone+1","Moonworks:RedAndBlue+1","Moonworks:ReflectiveShell","Moonworks:CookingTime+1","Moonworks:Flamethrower+1","Moonworks:ShieldCounter","Moonworks:CloudOfSeagulls+1","Moonworks:MiracleRedBeanIceCream","Moonworks:CloudOfSeagulls+1","Bite","Bite","Bite","Bite","Bite","Moonworks:Dinner","Moonworks:RedAndBlue+1","Moonworks:UnluckyCharm+1","Moonworks:JonathanRush+1","Moonworks:Encore","Moonworks:IndiscriminateFireSupport+1","Moonworks:CloudOfSeagulls+1","Moonworks:JonathanRush+1","Moonworks:RocketCannon","Moonworks:CloudOfSeagulls+1","Moonworks:Dinner+1","Moonworks:EvilSpyWorkPreparation+1"],"relics":["Moonworks:Homemark","EVO:Axolotl","Cursed Key","Shuriken","Coffee Dripper","Juzu Bracelet","Torii","Regal Pillow","Philosopher\u0027s Stone","Ginger","Nunchaku","Toolbox","Girya","Blood Vial","Omamori","Shovel"],"acts_visited":["Exordium","TheCity","TheBeyond"],"potions_floor_usage":[46],"damage_taken":[{"damage":1.0,"enemies":"Cultist","floor":1.0,"turns":3.0},{"damage":7.0,"enemies":"Jaw Worm","floor":2.0,"turns":3.0},{"damage":5.0,"enemies":"2 Louse","floor":4.0,"turns":3.0},{"damage":0.0,"enemies":"Lagavulin","floor":7.0,"turns":5.0},{"damage":4.0,"enemies":"Lots of Slimes","floor":11.0,"turns":3.0},{"damage":0.0,"enemies":"Blue Slaver","floor":13.0,"turns":3.0},{"damage":0.0,"enemies":"Exordium Wildlife","floor":14.0,"turns":4.0},{"damage":19.0,"enemies":"The Guardian","floor":16.0,"turns":7.0},{"damage":0.0,"enemies":"Spheric Guardian","floor":18.0,"turns":3.0},{"damage":0.0,"enemies":"Chosen","floor":19.0,"turns":3.0},{"damage":0.0,"enemies":"Snake Plant","floor":20.0,"turns":2.0},{"damage":2.0,"enemies":"Snecko","floor":27.0,"turns":4.0},{"damage":0.0,"enemies":"Slavers","floor":28.0,"turns":2.0},{"damage":0.0,"enemies":"Book of Stabbing","floor":30.0,"turns":3.0},{"damage":0.0,"enemies":"Chosen and Byrds","floor":31.0,"turns":5.0},{"damage":23.0,"enemies":"Collector","floor":33.0,"turns":10.0},{"damage":0.0,"enemies":"3 Shapes","floor":35.0,"turns":3.0},{"damage":0.0,"enemies":"Mind Bloom Boss Battle","floor":39.0,"turns":4.0},{"damage":16.0,"enemies":"Nemesis","floor":41.0,"turns":5.0},{"damage":0,"enemies":"Orb Walker","floor":44,"turns":3},{"damage":1,"enemies":"Reptomancer","floor":45,"turns":4},{"damage":16,"enemies":"2 Orb Walkers","floor":46,"turns":2},{"damage":0,"enemies":"Maw","floor":47,"turns":5},{"damage":55,"enemies":"Giant Head","floor":48,"turns":5}],"seed_played":"-4855519641160576027","potions_obtained":[{"floor":7.0,"key":"LiquidBronze"},{"floor":11.0,"key":"Swift Potion"},{"floor":14.0,"key":"SpeedPotion"},{"floor":16.0,"key":"SteroidPotion"},{"floor":18.0,"key":"Fire Potion"},{"floor":27.0,"key":"DistilledChaos"},{"floor":28.0,"key":"BlessingOfTheForge"},{"floor":31.0,"key":"EssenceOfSteel"},{"floor":35.0,"key":"Fire Potion"},{"floor":44,"key":"Explosive Potion"}],"is_trial":false,"path_per_floor":["M","M","?","M","$","R","E","$","T","R","M","?","M","M","R","B",null,"M","M","M","?","T","R","?","T","T","M","E","R","E","M","R","B",null,"M","?","?","$","?","R","E","R","T","M","E","?","M","E"],"character_chosen":"THE_STARBREAKER","items_purchased":["Ginger","Nunchaku","Toolbox"],"campfire_rested":0,"item_purchase_floors":[38,38,38],"current_hp_per_floor":[53,46,31,26,26,26,26,26,26,26,22,22,27,32,32,18,50,58,60,60,42,42,42,42,42,42,40,42,42,42,42,42,25,38,42,42,42,42,42,42,40,40,40,42,42,26,42,0,0],"gold":210,"neow_bonus":"BOSS_RELIC","is_daily":false,"chose_seed":false,"campfire_upgraded":6,"win_rate":0.0,"timestamp":1611357293,"path_taken":["M","M","?","M","$","R","E","?","T","R","?","?","M","M","R","BOSS","M","?","M","?","?","R","?","?","T","M","E","R","E","M","R","BOSS","M","?","?","$","?","R","E","R","T","M","E","?","M","E"],"items_purchased_type":["Relic","Relic","Relic"],"build_version":"2020-12-22","purchased_purges":1,"victory":false,"max_hp_per_floor":[60,60,60,60,60,60,60,60,60,60,60,60,60,60,60,60,60,60,60,60,42,42,42,42,42,42,42,42,42,42,42,42,42,42,42,42,42,42,42,42,42,42,42,42,42,42,42,42,42],"card_choices":[{"not_picked":["Moonworks:ImOnFire","Moonworks:ScrambledEve"],"picked":"Moonworks:NicePresent","floor":1.0},{"not_picked":["Moonworks:LuckyCharm","Moonworks:NicePresent"],"picked":"Moonworks:FullSpeedAlicianrone","floor":2.0},{"not_picked":["Moonworks:StiffCrystal","Moonworks:EvilSpyWorkPreparation"],"picked":"Moonworks:RedAndBlue","floor":4.0},{"not_picked":["Moonworks:BackdoorTrade","Moonworks:ImOnFire"],"picked":"Moonworks:ReflectiveShell","floor":7.0},{"not_picked":["Moonworks:StiffCrystal","Moonworks:TacticalRetreat"],"picked":"Moonworks:CookingTime","floor":11.0},{"not_picked":["Moonworks:SakisCookie","Moonworks:EvilSpyWorkPreparation","Moonworks:Heat300Percent"],"picked":"SKIP","floor":13.0},{"not_picked":["Moonworks:ScrambledEve","Moonworks:CastOff"],"picked":"Moonworks:Flamethrower","floor":14.0},{"not_picked":["Moonworks:AccelHyper","Moonworks:ReflectiveShell"],"picked":"Moonworks:ShieldCounter","floor":16.0},{"not_picked":["Moonworks:EvilSpyWorkPreparation","Moonworks:DeployBits+1"],"picked":"Moonworks:CloudOfSeagulls","floor":18.0},{"not_picked":["Moonworks:LulusLuckyEgg","Moonworks:CookingTime"],"picked":"Moonworks:MiracleRedBeanIceCream","floor":19.0},{"not_picked":["Moonworks:NicePresent","Moonworks:StiffCrystal"],"picked":"Moonworks:CloudOfSeagulls","floor":20.0},{"not_picked":["Moonworks:LulusLuckyEgg","Moonworks:SakisCookie+1"],"picked":"Moonworks:Dinner","floor":27.0},{"not_picked":["Moonworks:ImOnFire+1","Moonworks:EvilMastermind"],"picked":"Moonworks:RedAndBlue+1","floor":28.0},{"not_picked":["Moonworks:FullSpeedAlicianrone","Moonworks:ImOnFire"],"picked":"Moonworks:UnluckyCharm","floor":30.0},{"not_picked":["Moonworks:CloudOfSeagulls","Moonworks:ImmovableObject"],"picked":"Moonworks:JonathanRush+1","floor":31.0},{"not_picked":["Moonworks:SinkOrSwim","Moonworks:MetallicMonocoque"],"picked":"Moonworks:Encore","floor":33.0},{"not_picked":["Moonworks:LulusLuckyEgg+1","Moonworks:CloudOfSeagulls"],"picked":"Moonworks:IndiscriminateFireSupport+1","floor":35.0},{"not_picked":["Moonworks:DevilHand","Moonworks:JonathanRush+1"],"picked":"Moonworks:CloudOfSeagulls+1","floor":39.0},{"not_picked":["Moonworks:SakisCookie+1","Moonworks:IndiscriminateFireSupport+1"],"picked":"Moonworks:JonathanRush+1","floor":41.0},{"not_picked":["Moonworks:Dinner","Moonworks:SakisCookie+1"],"picked":"Moonworks:RocketCannon","floor":44},{"not_picked":["Moonworks:BackdoorTrade","Moonworks:EvilSpyWorkPreparation+1"],"picked":"Moonworks:CloudOfSeagulls+1","floor":45},{"not_picked":["Moonworks:SakisCookie+1","Moonworks:Assault+1"],"picked":"Moonworks:Dinner+1","floor":46},{"not_picked":["Moonworks:ForcedRevival+1","Moonworks:Assault"],"picked":"Moonworks:EvilSpyWorkPreparation+1","floor":47}],"player_experience":1878500,"relics_obtained":[{"floor":7.0,"key":"Shuriken"},{"floor":22.0,"key":"Juzu Bracelet"},{"floor":28.0,"key":"Torii"},{"floor":30.0,"key":"Regal Pillow"},{"floor":39.0,"key":"Girya"},{"floor":41.0,"key":"Blood Vial"},{"floor":45,"key":"Omamori"},{"floor":46,"key":"Shovel"}],"event_choices":[{"damage_healed":0.0,"max_hp_gain":0.0,"max_hp_loss":0.0,"gold_gain":0.0,"event_name":"Golden Idol","player_choice":"Take Damage","floor":3.0,"gold_loss":0.0,"damage_taken":15.0,"relics_obtained":["Golden Idol"]},{"damage_healed":0.0,"max_hp_gain":0.0,"max_hp_loss":0.0,"gold_gain":0.0,"event_name":"Upgrade Shrine","player_choice":"Upgraded","floor":12.0,"gold_loss":0.0,"damage_taken":0.0,"cards_upgraded":["Moonworks:CookingTime"]},{"damage_healed":0.0,"max_hp_gain":0.0,"max_hp_loss":18.0,"gold_gain":0.0,"event_name":"Vampires","player_choice":"Became a vampire","floor":21.0,"gold_loss":0.0,"damage_taken":0.0,"cards_obtained":["Bite","Bite","Bite","Bite","Bite"]},{"damage_healed":0.0,"max_hp_gain":0.0,"max_hp_loss":0.0,"gold_gain":0.0,"event_name":"Back to Basics","player_choice":"Simplicity","floor":24.0,"gold_loss":0.0,"damage_taken":0.0,"cards_upgraded":["Moonworks:Defend","Moonworks:Defend","Moonworks:Defend","Moonworks:Defend"]},{"damage_healed":0.0,"max_hp_gain":0.0,"max_hp_loss":0.0,"gold_gain":333.0,"event_name":"The Moai Head","player_choice":"Gave Idol","floor":36.0,"relics_lost":["Golden Idol"],"gold_loss":0.0,"damage_taken":0.0},{"cards_removed":["Moonworks:Ambush"],"damage_healed":0.0,"max_hp_gain":0.0,"max_hp_loss":0.0,"gold_gain":0.0,"event_name":"Falling","player_choice":"Removed Attack","floor":37.0,"gold_loss":0.0,"damage_taken":0.0},{"damage_healed":0.0,"max_hp_gain":0.0,"max_hp_loss":0.0,"gold_gain":0.0,"event_name":"MindBloom","player_choice":"Fight","floor":39.0,"gold_loss":0.0,"damage_taken":0.0},{"damage_healed":0,"gold_gain":0,"player_choice":"Fight","damage_taken":0,"max_hp_gain":0,"max_hp_loss":0,"event_name":"Mysterious Sphere","floor":46,"gold_loss":0}],"is_beta":false,"boss_relics":[{"not_picked":["Pandora\u0027s Box","Fusion Hammer"],"picked":"Coffee Dripper"},{"not_picked":["SacredBark","Runic Dome"],"picked":"Philosopher\u0027s Stone"}],"items_purged_floors":[38],"is_endless":false,"potions_floor_spawned":[7,11,14,16,18,27,28,31,35,44],"killed_by":"Giant Head","ascension_level":7}}