{"host":"vc42n08di9czm3e7","time":1611284120,"event":{"mods":["AchievementEnabler","Act Like it!","BaseMod","Colored Powertips","Downfall","Friendly Minions","GifTheSpireLib","Minty Spire (QoL Compilation)","Quick Restart","Rare Cards Sparkle","StSLib"],"gold_per_floor":[115,126,126,56,74,105,116,134,157,167,186,186,203,214,214,313,313,331,431,446,75,75,109,109,122,122,136,136,136,57,92,92,190,190,206,206,221,121,167,167,195,195,245,245,258,258,288,367,367,367],"floor_reached":51,"language":"ENG","playtime":2506,"items_purged":["Zap","Blizzard"],"score":797,"play_id":"2db49026-cb95-4826-aa57-3528d3803bed","local_time":"20210121215520","is_ascension_mode":false,"campfire_choices":[{"data":"Defragment","floor":12,"key":"SMITH"},{"floor":15,"key":"REST"},{"data":"Seek","floor":24,"key":"SMITH"},{"data":"Defragment","floor":28,"key":"SMITH"},{"data":"Defragment","floor":32,"key":"SMITH"},{"data":"Seek","floor":40,"key":"SMITH"},{"data":"Turbo","floor":42,"key":"SMITH"},{"data":"Consume","floor":44,"key":"SMITH"},{"data":"Aggregate","floor":49,"key":"SMITH"}],"circlet_count":0,"master_deck":["Zap","Dualcast","Hologram","Ball Lightning","Ball Lightning","Defragment+1","Turbo+1","Cold Snap","Doom and Gloom","BootSequence","Coolheaded","Coolheaded","Capacitor","Core Surge","Seek+1","Rip and Tear","Melter","Steam","Sunder","Heatsinks","Consume+1","Defragment+1","BootSequence","Glacier","Loop","Lockon","Deep Breath","Seek+1","Defragment+1","Echo Form","Go for the Eyes+1","Amplify","Self Repair","Steam Power+1","Aggregate+1","Tempest","Coolheaded+1"],"relics":["Cracked Core","NeowsBlessing","Ginger","Pandora\u0027s Box","Cables","Ice Cream","Boot","Bottled Lightning","Bag of Preparation","Inserter","TungstenRod","Happy Flower","Nunchaku","Frozen Egg 2","HornCleat"],"acts_visited":["Exordium","TheCity","TheBeyond"],"potions_floor_usage":[16,20,31,31,50],"damage_taken":[{"damage":0,"enemies":"Small Slimes","floor":1,"turns":1},{"damage":0,"enemies":"Cultist","floor":2,"turns":1},{"damage":0,"enemies":"Jaw Worm","floor":5,"turns":1},{"damage":20,"enemies":"Gremlin Nob","floor":6,"turns":4},{"damage":3,"enemies":"Blue Slaver","floor":7,"turns":4},{"damage":13,"enemies":"Exordium Wildlife","floor":8,"turns":4},{"damage":7,"enemies":"Exordium Thugs","floor":10,"turns":3},{"damage":0,"enemies":"Large Slime","floor":11,"turns":3},{"damage":15,"enemies":"2 Fungi Beasts","floor":13,"turns":3},{"damage":8,"enemies":"Blue Slaver","floor":14,"turns":4},{"damage":18,"enemies":"The Guardian","floor":16,"turns":11},{"damage":3,"enemies":"Chosen","floor":18,"turns":5},{"damage":3,"enemies":"3 Byrds","floor":20,"turns":4},{"damage":22,"enemies":"Gremlin Leader","floor":23,"turns":8},{"damage":0,"enemies":"Sentry and Sphere","floor":25,"turns":2},{"damage":2,"enemies":"Snake Plant","floor":27,"turns":5},{"damage":7,"enemies":"Slavers","floor":31,"turns":3},{"damage":8,"enemies":"Champ","floor":33,"turns":11},{"damage":20,"enemies":"3 Shapes","floor":35,"turns":4},{"damage":0,"enemies":"Orb Walker","floor":37,"turns":3},{"damage":10,"enemies":"2 Orb Walkers","floor":39,"turns":8},{"damage":9,"enemies":"Giant Head","floor":41,"turns":8},{"damage":0,"enemies":"Maw","floor":45,"turns":6},{"damage":0,"enemies":"Nemesis","floor":47,"turns":5},{"damage":9,"enemies":"Time Eater","floor":50,"turns":5}],"seed_played":"5551478606376196437","potions_obtained":[{"floor":5,"key":"LiquidMemories"},{"floor":6,"key":"bronze:BurnAndBuffPotion"},{"floor":13,"key":"Dexterity Potion"},{"floor":16,"key":"Slimebound:ThreeZeroPotion"},{"floor":20,"key":"Fire Potion"},{"floor":27,"key":"EssenceOfDarkness"},{"floor":31,"key":"LiquidMemories"},{"floor":39,"key":"Dexterity Potion"}],"is_trial":false,"path_per_floor":["M","M","?","$","M","E","M","M","T","M","M","R","M","M","R","B",null,"M","?","M","$","T","E","R","M","T","M","R","?","$","E","R","B",null,"M","?","M","$","?","R","E","R","T","R","M","?","E","T","R","B",null],"character_chosen":"DEFECT","items_purchased":["Defragment","Cables","Glacier","Seek"],"campfire_rested":1,"item_purchase_floors":[4,21,21,30],"current_hp_per_floor":[75,75,75,75,75,55,52,39,39,32,32,32,17,9,31,13,75,72,72,69,69,69,47,47,47,47,45,45,45,45,38,38,30,75,55,55,55,55,52,52,50,50,50,50,64,64,71,71,71,62],"gold":367,"neow_bonus":"THREE_ENEMY_KILL","is_daily":false,"chose_seed":false,"campfire_upgraded":8,"win_rate":0.0,"timestamp":1611284120,"path_taken":["M","M","?","?","M","E","M","M","T","M","M","R","M","?","R","BOSS","M","?","M","$","?","E","R","M","T","M","R","?","$","E","R","BOSS","M","?","?","$","?","R","E","R","T","R","M","?","E","?","R","BOSS"],"items_purchased_type":["Card","Relic","Card","Card"],"build_version":"2020-12-22","purchased_purges":2,"victory":true,"max_hp_per_floor":[75,75,75,75,75,75,75,75,75,75,75,75,75,75,75,75,75,75,75,75,75,75,75,75,75,75,75,75,75,75,75,75,75,75,75,75,75,75,75,75,75,75,75,75,75,75,75,75,75,75],"card_choices":[{"not_picked":["Scrape","Aggregate"],"picked":"Hologram","floor":1},{"not_picked":["Redo","Sweeping Beam"],"picked":"Ball Lightning","floor":2},{"not_picked":["Scrape","Doom and Gloom"],"picked":"Turbo","floor":5},{"not_picked":["Compile Driver","Sunder"],"picked":"Cold Snap","floor":6},{"not_picked":["Beam Cell","Hologram"],"picked":"Doom and Gloom","floor":7},{"not_picked":["Compile Driver","Conserve Battery"],"picked":"BootSequence","floor":8},{"not_picked":["Leap","Cold Snap"],"picked":"Coolheaded","floor":10},{"not_picked":["Leap","Conserve Battery"],"picked":"Coolheaded","floor":11},{"not_picked":["Gash","Barrage"],"picked":"Capacitor","floor":13},{"not_picked":["Beam Cell","Cold Snap"],"picked":"Core Surge","floor":14},{"not_picked":["Thunder Strike","Buffer"],"picked":"Seek","floor":16},{"not_picked":["Tempest","Barrage"],"picked":"BootSequence","floor":18},{"not_picked":["Loop","Ball Lightning"],"picked":"Conserve Battery","floor":20},{"not_picked":["Redo","Hologram"],"picked":"Loop","floor":23},{"not_picked":["Tempest","Cold Snap"],"picked":"Lockon","floor":25},{"not_picked":["Lockon","Hologram","Turbo"],"picked":"SKIP","floor":27},{"not_picked":["Core Surge","Coolheaded"],"picked":"Defragment","floor":31},{"not_picked":["Multi-Cast","Amplify"],"picked":"Echo Form","floor":33},{"not_picked":["Barrage","Loop"],"picked":"Go for the Eyes+1","floor":35},{"not_picked":["Rip and Tear+1","Barrage"],"picked":"Self Repair","floor":37},{"not_picked":["Streamline","Ball Lightning"],"picked":"Steam Power+1","floor":39},{"not_picked":["Meteor Strike","FTL"],"picked":"Aggregate","floor":41},{"not_picked":["Rebound+1","Hologram+1"],"picked":"Tempest","floor":45},{"not_picked":["Streamline","Beam Cell+1"],"picked":"Coolheaded+1","floor":47}],"player_experience":286933,"relics_obtained":[{"floor":6,"key":"Ginger"},{"floor":22,"key":"Ice Cream"},{"floor":23,"key":"Boot"},{"floor":26,"key":"Bottled Lightning"},{"floor":31,"key":"Bag of Preparation"},{"floor":39,"key":"TungstenRod"},{"floor":41,"key":"Happy Flower"},{"floor":43,"key":"Nunchaku"},{"floor":47,"key":"Frozen Egg 2"},{"floor":48,"key":"HornCleat"}],"event_choices":[{"damage_healed":0,"gold_gain":0,"player_choice":"3 cards matched","damage_taken":0,"max_hp_gain":0,"max_hp_loss":0,"event_name":"Match and Keep!","floor":3,"gold_loss":0,"cards_obtained":["Zap","Madness","Ball Lightning"]},{"damage_healed":0,"gold_gain":100,"player_choice":"Pray","damage_taken":0,"max_hp_gain":0,"max_hp_loss":0,"event_name":"Golden Shrine","floor":19,"gold_loss":0},{"damage_healed":0,"gold_gain":0,"cards_transformed":["Madness","Conserve Battery"],"player_choice":"Became Test Subject","damage_taken":0,"max_hp_gain":0,"max_hp_loss":0,"event_name":"Drug Dealer","floor":29,"gold_loss":0,"cards_obtained":["Deep Breath","Blizzard"]},{"damage_healed":0,"gold_gain":0,"cards_transformed":["Steam"],"player_choice":"Transformed","damage_taken":0,"max_hp_gain":0,"max_hp_loss":0,"event_name":"Transmorgrifier","floor":36,"gold_loss":0,"cards_obtained":["Amplify"]},{"damage_healed":0,"gold_gain":0,"player_choice":"Fight","damage_taken":0,"max_hp_gain":0,"max_hp_loss":0,"event_name":"Mysterious Sphere","floor":39,"gold_loss":0},{"damage_healed":0,"gold_gain":0,"player_choice":"Ignored","damage_taken":0,"max_hp_gain":0,"max_hp_loss":0,"event_name":"Tomb of Lord Red Mask","floor":46,"gold_loss":0}],"is_beta":false,"boss_relics":[{"not_picked":["Sozu","Empty Cage"],"picked":"Pandora\u0027s Box"},{"not_picked":["bronze:MakeshiftBattery","expansioncontent:StudyCardRelic"],"picked":"Inserter"}],"items_purged_floors":[21,38],"is_endless":false,"potions_floor_spawned":[5,6,13,14,16,20,25,27,31,39,45,47],"ascension_level":0}}