{"host":"f7rb14kzcw8hx1r1","time":1611306659,"event":{"mods":["BaseMod","Better Note","Better Third Choice","Colored Map","Highlight Path","Hubris","Minty Spire (QoL Compilation)","Replay The Spire","StSLib","The Forsaken"],"gold_per_floor":[10,30,30,50,25,60,60,79,127,127,127,127,137,162,162,264,264,279,279,279,293,101,101,133,144,195,221,221,238,84,101,101,205,205,222,234,281,299,299,299],"floor_reached":39,"language":"ENG","playtime":1912,"items_purged":["Strike_R"],"score":456,"play_id":"bc8d3518-de89-4d00-af16-6aa4985728ae","local_time":"20210122101059","is_ascension_mode":false,"campfire_choices":[{"data":"Bash","floor":7.0,"key":"SMITH"},{"data":"True Grit","floor":12.0,"key":"SMITH"},{"data":"Body Slam","floor":15.0,"key":"SMITH"},{"data":"Malaise","floor":23.0,"key":"SMITH"},{"data":"Berserk","floor":32.0,"key":"SMITH"}],"circlet_count":0,"master_deck":["Strike_R","Strike_R","Defend_R+1","Defend_R","Defend_R","Bash+1","Pommel Strike","Body Slam+1","Clash","True Grit+1","ReplayTheSpireMod:Muscle Training+1","Battle Trance","Reaper","Malaise+1","Insight","Spot Weakness","Heavy Blade+1","Cleave","Sword Boomerang","Berserk+1","Exhume","Ghostly Armor+1"],"relics":["Burning Blood","Bronze Scales","ReplayTheSpireMod:Spearhead","hubris:Towel","Dream Catcher","Black Star","BargainBundle","Replay:Wax Seal","Art of War","Pen Nib","Singing Bowl","War Paint","ClockworkSouvenir","Durian"],"acts_visited":["Exordium","TheCity","TheBeyond"],"potions_floor_usage":[],"damage_taken":[{"damage":0.0,"enemies":"2 Louse","floor":1.0,"turns":3.0},{"damage":0.0,"enemies":"Small Slimes","floor":2.0,"turns":3.0},{"damage":3.0,"enemies":"Jaw Worm","floor":4.0,"turns":3.0},{"damage":22.0,"enemies":"Replay:BlueRogue","floor":6.0,"turns":8.0},{"damage":5.0,"enemies":"Looter","floor":8.0,"turns":3.0},{"damage":2.0,"enemies":"Blue Slaver","floor":13.0,"turns":2.0},{"damage":14.0,"enemies":"Lagavulin","floor":14.0,"turns":5.0},{"damage":43.0,"enemies":"The Guardian","floor":16.0,"turns":9.0},{"damage":14.0,"enemies":"Shell Parasite","floor":18.0,"turns":5.0},{"damage":14.0,"enemies":"Chosen","floor":21.0,"turns":6.0},{"damage":12.0,"enemies":"Replay:Snechameleon","floor":24.0,"turns":5.0},{"damage":22.0,"enemies":"3 Cultists","floor":25.0,"turns":5.0},{"damage":27.0,"enemies":"Gremlin Leader","floor":27.0,"turns":6.0},{"damage":16.0,"enemies":"Cultist and Chosen","floor":29.0,"turns":5.0},{"damage":2.0,"enemies":"Snake Plant","floor":31.0,"turns":4.0},{"damage":58.0,"enemies":"Champ","floor":33.0,"turns":12.0},{"damage":24.0,"enemies":"3 Shapes","floor":35.0,"turns":5.0},{"damage":65.0,"enemies":"3 Darklings","floor":36.0,"turns":8.0},{"damage":42.0,"enemies":"2 Orb Walkers","floor":37.0,"turns":4.0},{"damage":13.0,"enemies":"Writhing Mass","floor":38.0,"turns":11.0},{"damage":56,"enemies":"Transient","floor":39,"turns":4}],"seed_played":"-3947660194273962057","potions_obtained":[{"floor":1.0,"key":"Doom Potion"},{"floor":6.0,"key":"Strength Potion"},{"floor":8.0,"key":"ColorlessPotion"},{"floor":16.0,"key":"EssenceOfSteel"},{"floor":18.0,"key":"PowerPotion"},{"floor":24.0,"key":"SkillPotion"},{"floor":31.0,"key":"Fire Potion"},{"floor":35.0,"key":"Strength Potion"},{"floor":38.0,"key":"SteroidPotion"}],"is_trial":false,"path_per_floor":["M","M","?","M","$","E","R","M","T","?","?","R","M","E","R","B",null,"M","?","?","M","$","R","E","M","T","E","?","M","$","M","R","B",null,"M","M","?","M","M"],"character_chosen":"IRONCLAD","items_purchased":["Clash","BargainBundle","Spot Weakness","ClockworkSouvenir"],"campfire_rested":0,"item_purchase_floors":[5,22,22,30],"current_hp_per_floor":[80,80,80,80,80,64,64,65,65,65,65,65,69,61,61,24,80,77,77,77,74,74,74,68,70,70,60,60,70,70,76,76,31,84,68,51,20,25,0,0],"gold":299,"neow_bonus":"REMOVE_TWO","is_daily":false,"chose_seed":false,"campfire_upgraded":5,"win_rate":0.0,"timestamp":1611306659,"path_taken":["M","M","?","M","$","E","R","M","T","?","?","R","M","E","R","BOSS","M","?","?","M","$","R","E","M","T","E","?","?","$","M","R","BOSS","M","M","?","M","M"],"items_purchased_type":["Card","Relic","Card","Relic"],"build_version":"2020-12-22","purchased_purges":1,"victory":false,"max_hp_per_floor":[80,80,80,80,80,80,80,80,80,80,80,80,80,80,80,80,80,80,80,80,80,80,80,80,80,80,80,80,82,82,84,84,84,84,86,88,93,95,95,95],"card_choices":[{"not_picked":["Wild Strike","Heavy Blade"],"picked":"Pommel Strike","floor":1.0},{"not_picked":["ReplayTheSpireMod:Corrosion Curse","Clothesline","Twin Strike"],"picked":"SKIP","floor":2.0},{"not_picked":["hubris:ReadiedAction","Life Link"],"picked":"Body Slam","floor":4.0},{"not_picked":["Clash","Flex","ReplayTheSpireMod:Strike From Hell"],"picked":"SKIP","floor":6.0},{"not_picked":["Massacre","hubris:SharpeningStone"],"picked":"True Grit","floor":8.0},{"not_picked":["Flex","Fire Breathing"],"picked":"ReplayTheSpireMod:Muscle Training","floor":13.0},{"not_picked":["Dark Embrace","Replay:Undeath\u0027s Touch"],"picked":"Battle Trance","floor":14.0},{"not_picked":["Fiend Fire","Immolate"],"picked":"Reaper","floor":16.0},{"not_picked":["Defy Death","Heavy Blade","Shockwave"],"picked":"SKIP","floor":18.0},{"not_picked":["Massacre","Armaments+1","Intimidate"],"picked":"SKIP","floor":21.0},{"not_picked":["Life Link+1","Feel No Pain"],"picked":"Heavy Blade+1","floor":24.0},{"not_picked":["Headbutt+1","Second Wind"],"picked":"Cleave","floor":25.0},{"not_picked":["Run Through","Anger+1"],"picked":"Sword Boomerang","floor":27.0},{"not_picked":["Pommel Strike","Anger","Cleave"],"picked":"Singing Bowl","floor":29.0},{"not_picked":["Sword Boomerang+1","Berserk","Thunderclap+1"],"picked":"Singing Bowl","floor":31.0},{"not_picked":["Brutality","hubris:StunningStrike"],"picked":"Exhume","floor":33.0},{"not_picked":["Seeing Red","Clash+1","Havoc"],"picked":"Singing Bowl","floor":35.0},{"not_picked":["Twin Strike","Wild Strike","ReplayReversal+1"],"picked":"Singing Bowl","floor":36.0},{"not_picked":["Anger+1","True Grit+1"],"picked":"Ghostly Armor+1","floor":37.0},{"not_picked":["Abandon+1","ReplayTheSpireMod:Muscle Training+1","Run Through"],"picked":"Singing Bowl","floor":38.0}],"player_experience":929021,"relics_obtained":[{"floor":6.0,"key":"Bronze Scales"},{"floor":9.0,"key":"ReplayTheSpireMod:Spearhead"},{"floor":14.0,"key":"Dream Catcher"},{"floor":24.0,"key":"Replay:Wax Seal"},{"floor":24.0,"key":"Art of War"},{"floor":26.0,"key":"Pen Nib"},{"floor":27.0,"key":"Singing Bowl"},{"floor":27.0,"key":"War Paint"},{"floor":37.0,"key":"Durian"}],"event_choices":[{"cards_removed":["Strike_R"],"damage_healed":0.0,"max_hp_gain":0.0,"max_hp_loss":0.0,"gold_gain":0.0,"event_name":"Living Wall","player_choice":"Forget","floor":10.0,"gold_loss":0.0,"damage_taken":0.0},{"cards_removed":["Reaper"],"damage_healed":0.0,"max_hp_gain":0.0,"max_hp_loss":0.0,"gold_gain":0.0,"event_name":"betterNote:BetterNote","player_choice":"Take \u0026 Give","floor":19.0,"gold_loss":0.0,"damage_taken":0.0,"cards_obtained":["Malaise"]},{"damage_healed":0.0,"max_hp_gain":0.0,"max_hp_loss":0.0,"gold_gain":0.0,"event_name":"betterThird:BetterWriting","player_choice":"Insight","floor":20.0,"gold_loss":0.0,"damage_taken":0.0,"cards_obtained":["Insight"]},{"damage_healed":0.0,"max_hp_gain":0.0,"max_hp_loss":0.0,"gold_gain":0.0,"event_name":"The Library","player_choice":"Read","floor":28.0,"gold_loss":0.0,"damage_taken":0.0,"cards_obtained":["Berserk"]},{"damage_healed":0.0,"max_hp_gain":0.0,"max_hp_loss":0.0,"gold_gain":0.0,"event_name":"Mysterious Sphere","player_choice":"Fight","floor":37.0,"gold_loss":0.0,"damage_taken":0.0}],"is_beta":false,"boss_relics":[{"not_picked":["Astrolabe","hubris:VirtuousBlindfold"],"picked":"Black Star"},{"not_picked":["Replay:Drink Me","Runic Dome","Honey Jar"]}],"items_purged_floors":[22],"is_endless":false,"potions_floor_spawned":[1,6,8,16,18,21,24,31,35,38],"killed_by":"Transient","ascension_level":0}}