{"host":"88eug9pqmt5m979n","time":1611335610,"event":{"mods":["Arknights The Spire","BaseMod","Downfall","Minty Spire (QoL Compilation)","MostiFishMod","StSLib"],"gold_per_floor":[119,69,69,89,105,134,134,134,216,216,232,232,258,288,288,385,385,395,415,415,340,340,340,351,368,391,391,9,43,59,77,77,172,172,182,195,211,55,55,90,0,15,41,41,54,66,66,86,86,86],"floor_reached":51,"language":"ZHS","playtime":2518,"items_purged":["Strike_P"],"score":1084,"play_id":"148839ae-e5b5-47f5-9b47-05119da6776a","local_time":"20210123011330","is_ascension_mode":false,"campfire_choices":[{"data":"MostiFishMod:SparklingWater","floor":7,"key":"SMITH"},{"data":"MasterReality","floor":15,"key":"SMITH"},{"data":"Evaluate","floor":23,"key":"SMITH"},{"data":"ConjureBlade","floor":27,"key":"SMITH"},{"data":"Nirvana","floor":32,"key":"SMITH"},{"floor":44,"key":"DIG"},{"floor":47,"key":"DIG"},{"floor":49,"key":"DIG"}],"circlet_count":0,"master_deck":["Strike_P","Strike_P","Defend_P","Defend_P","Defend_P","Eruption+1","Vigilance","MostiFishMod:TheEndOfMoonlight","MostiFishMod:SparklingWater+1","MostiFishMod:FantasySummer","MostiFishMod:NightSea","ClearTheMind","Nirvana+1","PathToVictory","MasterReality+1","MostiFishMod:StarWish","CutThroughFate+1","Evaluate+1","ConjureBlade+1","PathToVictory","MostiFishMod:Unraveling","InnerPeace+1","MostiFishMod:Minus","MostiFishMod:Speedup+1","Consecrate+1","MostiFishMod:StarOceanP"],"relics":["PureWater","DaveBox","PreservedInsect","MoonlightInvasionPlan","SynthV:TestCard","Oddly Smooth Stone","Blue Candle","Bag of Preparation","MealTicket","ThornShield","FeatherPendant","Juzu Bracelet","Shovel","Pear","Transparent","Chemical X","Sundial","Red Mask","Strawberry","Molten Egg 2","Slimebound:PreparedRelic","Vajra"],"acts_visited":["Exordium","TheCity","TheBeyond"],"potions_floor_usage":[32],"damage_taken":[{"damage":0,"enemies":"2 Louse","floor":1,"turns":3},{"damage":6,"enemies":"Jaw Worm","floor":4,"turns":2},{"damage":0,"enemies":"Cultist","floor":5,"turns":2},{"damage":0,"enemies":"Gremlin Nob","floor":6,"turns":1},{"damage":0,"enemies":"Looter","floor":11,"turns":1},{"damage":0,"enemies":"Lagavulin","floor":13,"turns":2},{"damage":0,"enemies":"Slime Boss","floor":16,"turns":2},{"damage":0,"enemies":"Shell Parasite","floor":18,"turns":1},{"damage":8,"enemies":"Chosen","floor":19,"turns":2},{"damage":5,"enemies":"Snake Plant","floor":24,"turns":3},{"damage":0,"enemies":"3 Cultists","floor":25,"turns":2},{"damage":0,"enemies":"Gremlin Leader","floor":29,"turns":2},{"damage":0,"enemies":"Centurion and Healer","floor":30,"turns":3},{"damage":7,"enemies":"Snecko","floor":31,"turns":4},{"damage":0,"enemies":"Champ","floor":33,"turns":1},{"damage":15,"enemies":"3 Shapes","floor":35,"turns":2},{"damage":8,"enemies":"3 Darklings","floor":36,"turns":1},{"damage":8,"enemies":"Jaw Worm Horde","floor":37,"turns":1},{"damage":14,"enemies":"Giant Head","floor":40,"turns":1},{"damage":16,"enemies":"Sphere and 2 Shapes","floor":42,"turns":2},{"damage":9,"enemies":"Writhing Mass","floor":45,"turns":1},{"damage":18,"enemies":"Spire Growth","floor":46,"turns":2},{"damage":27,"enemies":"Transient","floor":48,"turns":3},{"damage":18,"enemies":"Time Eater","floor":50,"turns":2}],"seed_played":"-9019350085405721053","potions_obtained":[{"floor":4,"key":"bronze:BurnAndBuffPotion"},{"floor":5,"key":"champ:CounterPotion"},{"floor":6,"key":"Explosive Potion"},{"floor":18,"key":"Ambrosia"},{"floor":31,"key":"Fruit Juice"},{"floor":36,"key":"Energy Potion"}],"is_trial":false,"path_per_floor":["M","?","?","M","M","E","R","?","T","?","M","?","E","?","R","B",null,"M","M","?","?","?","R","M","M","T","R","$","E","M","M","R","B",null,"M","M","M","$","?","E","?","M","T","R","M","M","R","M","R","B",null],"character_chosen":"WATCHER","items_purchased":["Shovel","Chemical X"],"campfire_rested":0,"item_purchase_floors":[28,38],"current_hp_per_floor":[72,72,72,66,66,66,66,66,66,59,59,59,59,59,59,59,72,72,64,64,64,64,64,59,59,59,59,72,82,82,75,80,80,87,87,87,87,87,83,83,83,83,90,90,90,90,90,90,90,90],"gold":86,"neow_bonus":"RANDOM_COMMON_RELIC","is_daily":false,"chose_seed":false,"campfire_upgraded":5,"win_rate":0.0,"timestamp":1611335610,"path_taken":["M","?","?","M","?","E","R","?","T","?","?","?","E","?","R","BOSS","M","M","?","?","?","R","M","M","T","R","$","E","M","M","R","BOSS","M","M","M","?","?","E","?","M","T","R","M","M","R","M","R","BOSS"],"items_purchased_type":["Relic","Relic"],"build_version":"2020-12-22","purchased_purges":1,"victory":true,"max_hp_per_floor":[72,72,72,72,72,72,72,72,72,72,72,72,72,72,72,72,72,72,72,72,72,72,72,72,72,72,72,72,82,82,82,87,87,87,87,87,87,87,83,83,83,83,90,90,90,90,90,90,90,90],"card_choices":[{"not_picked":["Protect","EmptyBody"],"picked":"ClearTheMind","floor":1},{"not_picked":["Consecrate","CutThroughFate","FlurryOfBlows","Worship"],"picked":"Nirvana","floor":4},{"not_picked":["Indignation","BowlingBash","Evaluate","CutThroughFate"],"picked":"PathToVictory","floor":5},{"not_picked":["Worship","DeceiveReality","ClearTheMind","TalkToTheHand"],"picked":"MasterReality","floor":6},{"not_picked":["MostiFishMod:FlowState","PathToVictory","EmptyFist","FearNoEvil","Sanctity"],"picked":"SKIP","floor":11},{"not_picked":["EmptyFist","Crescendo","Evaluate","LikeWater","Worship"],"picked":"SKIP","floor":13},{"not_picked":["MostiFishMod:KamiSmash","Brilliance","MostiFishMod:StarLaLaLa","MostiFishMod:StarHerder"],"picked":"MostiFishMod:StarWish","floor":16},{"not_picked":["Crescendo","BowlingBash+1","ThirdEye","Tantrum"],"picked":"CutThroughFate+1","floor":18},{"not_picked":["ClearTheMind","EmptyFist","Weave","Consecrate"],"picked":"Evaluate","floor":19},{"not_picked":["CarveReality","FollowUp","ClearTheMind","Crescendo","MostiFishMod:FlowState"],"picked":"SKIP","floor":24},{"not_picked":["Fasting2","Evaluate","Perseverance","EmptyBody","MostiFishMod:PathToVictory"],"picked":"SKIP","floor":25},{"not_picked":["MostiFishMod:Disappear","BowlingBash","EmptyBody","BattleHymn"],"picked":"PathToVictory","floor":29},{"not_picked":["Halt","Crescendo","CutThroughFate","Conclude"],"picked":"MostiFishMod:Unraveling","floor":30},{"not_picked":["WreathOfFlame","ClearTheMind","Prostrate","CutThroughFate+1"],"picked":"InnerPeace+1","floor":31},{"not_picked":["MostiFishMod:ScryFuture","MostiFishMod:CyberBuddha","ConjureBlade","Brilliance"],"picked":"MostiFishMod:Minus","floor":33},{"not_picked":["TalkToTheHand+1","Prostrate+1","CrushJoints+1","JustLucky+1"],"picked":"MostiFishMod:Speedup+1","floor":35},{"not_picked":["SandsOfTime+1","CutThroughFate+1","FlyingSleeves","Vengeance"],"picked":"Consecrate+1","floor":36},{"not_picked":["Prostrate","JustLucky","CutThroughFate","Perseverance","BowlingBash"],"picked":"SKIP","floor":37},{"not_picked":["Vengeance","MostiFishMod:PathToVictory","Prostrate","ThirdEye","BowlingBash"],"picked":"SKIP","floor":40},{"not_picked":["BattleHymn","Consecrate+1","CrushJoints","BowlingBash","FlurryOfBlows+1"],"picked":"SKIP","floor":42},{"not_picked":["Collect","Evaluate","FearNoEvil+1","Crescendo+1"],"picked":"MostiFishMod:StarOceanP","floor":45},{"not_picked":["Swivel","FlyingSleeves+1","FollowUp+1","Halt","Evaluate"],"picked":"SKIP","floor":46},{"not_picked":["Consecrate+1","EmptyFist+1","Crescendo+1","CutThroughFate+1","Fasting2+1"],"picked":"SKIP","floor":48}],"player_experience":297030,"relics_obtained":[{"floor":1,"key":"SynthV:TestCard"},{"floor":6,"key":"Oddly Smooth Stone"},{"floor":9,"key":"Blue Candle"},{"floor":13,"key":"MealTicket"},{"floor":26,"key":"Juzu Bracelet"},{"floor":29,"key":"Pear"},{"floor":40,"key":"Sundial"},{"floor":43,"key":"Strawberry"},{"floor":44,"key":"Molten Egg 2"},{"floor":47,"key":"Slimebound:PreparedRelic"},{"floor":49,"key":"Vajra"}],"event_choices":[{"cards_removed":["MostiFishMod:Neptune"],"damage_healed":0,"gold_gain":0,"player_choice":"Card Removal","damage_taken":0,"max_hp_gain":0,"max_hp_loss":0,"event_name":"The Cleric","floor":2,"gold_loss":50},{"damage_healed":0,"gold_gain":0,"player_choice":"Forge","damage_taken":0,"max_hp_gain":0,"max_hp_loss":0,"event_name":"Accursed Blacksmith","floor":3,"gold_loss":0,"cards_upgraded":["Eruption"]},{"cards_removed":["Strike_P"],"damage_healed":0,"gold_gain":0,"player_choice":"Forget","damage_taken":0,"max_hp_gain":0,"max_hp_loss":0,"event_name":"Living Wall","floor":8,"gold_loss":0},{"damage_healed":0,"gold_gain":0,"player_choice":"Success","damage_taken":7,"relics_obtained":["Bag of Preparation"],"max_hp_gain":0,"max_hp_loss":0,"event_name":"Scrap Ooze","floor":10,"gold_loss":0},{"damage_healed":0,"gold_gain":0,"player_choice":"Ignored","damage_taken":0,"max_hp_gain":0,"max_hp_loss":0,"event_name":"Liars Game","floor":12,"gold_loss":0},{"damage_healed":0,"gold_gain":30,"player_choice":"Searched \u00273\u0027 times","damage_taken":0,"relics_obtained":["ThornShield"],"max_hp_gain":0,"max_hp_loss":0,"event_name":"Dead Adventurer","floor":14,"gold_loss":0},{"damage_healed":0,"gold_gain":0,"player_choice":"Ignored","damage_taken":0,"max_hp_gain":0,"max_hp_loss":0,"event_name":"Ghosts","floor":20,"gold_loss":0},{"cards_removed":["Defend_P"],"damage_healed":0,"gold_gain":0,"player_choice":"Gave Gold","damage_taken":0,"max_hp_gain":0,"max_hp_loss":0,"event_name":"Beggar","floor":21,"gold_loss":75},{"damage_healed":0,"gold_gain":0,"player_choice":"1 cards matched","damage_taken":0,"max_hp_gain":0,"max_hp_loss":0,"event_name":"Match and Keep!","floor":22,"gold_loss":0,"cards_obtained":["ConjureBlade"]},{"damage_healed":0,"gold_gain":0,"player_choice":"Max HP","damage_taken":0,"max_hp_gain":0,"max_hp_loss":4,"event_name":"Winding Halls","floor":39,"gold_loss":0},{"damage_healed":0,"gold_gain":0,"player_choice":"Paid","damage_taken":0,"relics_obtained":["Red Mask"],"max_hp_gain":0,"max_hp_loss":0,"event_name":"Tomb of Lord Red Mask","floor":41,"gold_loss":90}],"is_beta":false,"boss_relics":[{"not_picked":["JellyFishMachine","FixedStarFall"],"picked":"FeatherPendant"},{"not_picked":["Calling Bell","GreenFoldingFan"],"picked":"Transparent"}],"items_purged_floors":[28],"is_endless":false,"potions_floor_spawned":[4,5,6,16,18,30,31,36,37,46,48],"ascension_level":0}}