{"host":"kerxro2ytzukjey9","time":1611355459,"event":{"mods":["BaseMod","Colored Map","Downfall","Minty Spire (QoL Compilation)","Permanent Neow","StSLib"],"gold_per_floor":[99,118,134,134,43,76,101,119,140,40,69,93,93,120,143,248,248,148,175,187,227,227,265,265,305,325,325,99,113,142,185,204,317,317,217,229,240,268,290,410,410,454,479,543,652,680,680,722,735,735,735,773,107,107,107,107],"floor_reached":57,"language":"ENG","playtime":7132,"items_purged":["Shame","Injury"],"score":1432,"play_id":"56530623-2e55-4347-8d4e-af98166eb2e3","local_time":"20210122174418","is_ascension_mode":false,"campfire_choices":[{"data":"bronze:Replicate","floor":1,"key":"SMITH"},{"data":"bronze:MaxOutput","floor":10,"key":"SMITH"},{"floor":13,"key":"RECALL"},{"data":"bronze:Iterate","floor":18,"key":"SMITH"},{"data":"bronze:BuggyMess","floor":27,"key":"SMITH"},{"data":"bronze:BuggyMess","floor":35,"key":"SMITH"},{"data":"bronze:Iterate","floor":47,"key":"SMITH"},{"floor":54,"key":"REST"}],"circlet_count":0,"master_deck":["bronze:Strike","bronze:Strike","bronze:Strike","bronze:Strike","bronze:Defend","bronze:Defend","bronze:Defend+1","bronze:Defend","bronze:Replicate+1","bronze:Goto+1","bronze:Branch","bronze:ChosenStrike+1","bronze:Repulsor","bronze:MaxOutput+1","bronze:Overload","bronze:Shield+1","bronze:Iterate+1","bronze:BuggyMess+1","bronze:Terminator","bronze:ThunderWave","bronze:Format","bronze:Shield","bronze:CloningBeam+1","bronze:BuggyMess+1","bronze:FineTuning+1","bronze:Iterate+1","bronze:HardenedForm","bronze:BitShift+1","bronze:Format","bronze:Mutator","bronze:Turbo+1","bronze:BuggyMess+1","bronze:Repulsor+1","bronze:Return+1","bronze:BuggyMess+1","bronze:Mutator","bronze:ClassDefault","bronze:Deprecate+1","bronze:FindAndReplace","expansioncontent:StudyTheSpire","bronze:Frontload"],"relics":["bronze:BronzeCore","Bird Faced Urn","hexamod:BolsterEngine","CeramicFish","downfall:HeartBlessingGreen","bronze:MakeshiftBattery","downfall:HeartBlessingRed","Red Mask","InkBottle","Ice Cream","War Paint","Lantern","Runic Pyramid","downfall:HeartBlessingBlue","Vajra","Anchor","Blood Vial","hexamod:Sixitude","downfall:ExtraCursedKey","Akabeko","Happy Flower","Oddly Smooth Stone","Art of War"],"acts_visited":["Exordium","TheCity","TheBeyond","TheEnding"],"potions_floor_usage":[16,19,21,23,50,50,56,56,56],"damage_taken":[{"damage":5,"enemies":"Small Slimes","floor":2,"turns":4},{"damage":0,"enemies":"Cultist","floor":3,"turns":3},{"damage":4,"enemies":"downfall:FleeingMerchant","floor":5,"turns":4},{"damage":23,"enemies":"Lagavulin","floor":6,"turns":5},{"damage":5,"enemies":"Jaw Worm","floor":8,"turns":3},{"damage":0,"enemies":"Blue Slaver","floor":9,"turns":3},{"damage":0,"enemies":"2 Fungi Beasts","floor":11,"turns":3},{"damage":0,"enemies":"Large Slime","floor":12,"turns":2},{"damage":0,"enemies":"Blue Slaver","floor":14,"turns":2},{"damage":3,"enemies":"2 Fungi Beasts","floor":15,"turns":4},{"damage":45,"enemies":"SI_SHIV_ARCHETYPE","floor":16,"turns":11},{"damage":0,"enemies":"Shell Parasite","floor":19,"turns":4},{"damage":0,"enemies":"Chosen","floor":20,"turns":2},{"damage":4,"enemies":"Masked Bandits","floor":21,"turns":2},{"damage":4,"enemies":"Book of Stabbing","floor":23,"turns":4},{"damage":0,"enemies":"Gremlin Leader","floor":25,"turns":4},{"damage":8,"enemies":"Snake Plant","floor":26,"turns":2},{"damage":2,"enemies":"downfall:FleeingMerchant","floor":28,"turns":4},{"damage":0,"enemies":"3 Cultists","floor":29,"turns":4},{"damage":0,"enemies":"Snecko","floor":30,"turns":5},{"damage":0,"enemies":"Book of Stabbing","floor":31,"turns":4},{"damage":0,"enemies":"Chosen and Byrds","floor":32,"turns":2},{"damage":0,"enemies":"WA_ARCHETYPE_CALM","floor":33,"turns":4},{"damage":0,"enemies":"3 Darklings","floor":36,"turns":5},{"damage":0,"enemies":"3 Shapes","floor":37,"turns":2},{"damage":0,"enemies":"Maw","floor":38,"turns":5},{"damage":0,"enemies":"Transient","floor":39,"turns":5},{"damage":0,"enemies":"downfall:FleeingMerchant","floor":40,"turns":3},{"damage":0,"enemies":"Giant Head","floor":42,"turns":5},{"damage":0,"enemies":"3 Darklings","floor":43,"turns":5},{"damage":0,"enemies":"2 Orb Walkers","floor":44,"turns":2},{"damage":0,"enemies":"4 Shapes","floor":46,"turns":4},{"damage":0,"enemies":"Reptomancer","floor":48,"turns":4},{"damage":0,"enemies":"Spire Growth","floor":49,"turns":3},{"damage":22,"enemies":"IC_BLOCK_ARCHETYPE","floor":50,"turns":7},{"damage":61,"enemies":"downfall:CharBossMerchant","floor":52,"turns":7},{"damage":0,"enemies":"downfall:NeowBoss","floor":55,"turns":10},{"damage":84,"enemies":"downfall:NeowBossFinal","floor":56,"turns":9}],"seed_played":"387157100658880758","potions_obtained":[{"floor":3,"key":"Fire Potion"},{"floor":6,"key":"Guardian:BlockOnCardUsePotion"},{"floor":8,"key":"ColorlessPotion"},{"floor":19,"key":"Energy Potion"},{"floor":23,"key":"Energy Potion"},{"floor":26,"key":"PowerPotion"},{"floor":29,"key":"ColorlessPotion"},{"floor":31,"key":"BlessingOfTheForge"},{"floor":39,"key":"Weak Potion"},{"floor":43,"key":"SkillPotion"},{"floor":46,"key":"bronze:FreeFunctionsPotion"},{"floor":52,"key":"bronze:FreeFunctionsPotion"}],"is_trial":false,"path_per_floor":["R","M","M","?","$","E","T","M","M","R","M","M","R","M","M","B",null,"R","M","M","?","?","E","T","E","M","R","$","M","M","E","M","B",null,"R","M","M","M","M","$","T","E","M","?","?","M","R","E","M","B",null,"E","$","R","B","B",null],"character_chosen":"THE_AUTOMATON","items_purchased":["bronze:MaxOutput","bronze:HardenedForm","War Paint","Vajra","Oddly Smooth Stone","Art of War","bronze:FreeFunctionsPotion","expansioncontent:StudyTheSpire","bronze:Frontload"],"campfire_rested":1,"item_purchase_floors":[5,28,28,40,53,53,53,53,53],"current_hp_per_floor":[70,65,65,65,61,38,38,35,37,37,41,45,45,47,46,5,70,70,70,70,66,66,66,66,70,62,62,62,66,70,70,70,70,70,80,80,80,80,80,80,80,80,80,80,80,80,80,80,80,66,80,19,19,43,73,12],"gold":107,"neow_bonus":"ONE_RARE_RELIC","is_daily":false,"chose_seed":false,"campfire_upgraded":6,"win_rate":0.0,"timestamp":1611355458,"path_taken":["R","M","M","?","$","E","T","M","M","R","M","M","R","?","M","BOSS","R","M","M","?","?","E","T","E","M","R","$","M","M","E","M","BOSS","R","M","M","M","M","$","T","E","M","?","?","M","R","E","M","BOSS","E","$","R","BOSS","BOSS"],"items_purchased_type":["Card","Card","Relic","Relic","Relic","Relic","Potion","Card","Card"],"build_version":"2020-12-22","purchased_purges":2,"victory":true,"max_hp_per_floor":[70,70,70,70,70,70,70,70,70,70,70,70,70,70,70,70,70,70,70,70,70,70,70,70,70,70,70,70,70,70,70,70,70,70,80,80,80,80,80,80,80,80,80,80,80,80,80,80,80,80,80,80,80,80,80,80],"card_choices":[{"not_picked":["bronze:WhirlingStrike","bronze:Frontload"],"picked":"bronze:Branch","floor":2},{"not_picked":["bronze:Boost","bronze:BugBarrage"],"picked":"bronze:ChosenStrike","floor":3},{"not_picked":["bronze:Iterate","bronze:HyperBeam"],"picked":"bronze:Repulsor","floor":5},{"not_picked":["bronze:DigitalCarnage","bronze:BitShift"],"picked":"bronze:Overload","floor":6},{"not_picked":["bronze:DarkDash","bronze:DelayedGuard","bronze:WhirlingStrike"],"picked":"SKIP","floor":8},{"not_picked":["bronze:DigitalCarnage","bronze:DelayedSlice"],"picked":"bronze:Shield","floor":9},{"not_picked":["bronze:Boost","bronze:ChosenStrike"],"picked":"bronze:Iterate","floor":11},{"not_picked":["bronze:Allocate","bronze:FollowUp"],"picked":"bronze:BuggyMess","floor":12},{"not_picked":["bronze:Deprecate","bronze:Shield"],"picked":"bronze:Terminator","floor":14},{"not_picked":["bronze:Separator","bronze:ClassDefault"],"picked":"bronze:ThunderWave","floor":15},{"not_picked":["bronze:AlphaBuild","bronze:Verify"],"picked":"bronze:Format","floor":16},{"not_picked":["bronze:DelayedGuard","bronze:Shell"],"picked":"bronze:Shield","floor":19},{"not_picked":["bronze:Constructor","bronze:DelayedSlice+1","bronze:BuggyMess"],"picked":"SKIP","floor":20},{"not_picked":["bronze:DelayedGuard+1","bronze:Overheat"],"picked":"bronze:CloningBeam+1","floor":21},{"not_picked":["bronze:Overheat+1","bronze:WhirlingStrike"],"picked":"bronze:BuggyMess","floor":23},{"not_picked":["bronze:HyperBeam","bronze:Shield+1"],"picked":"bronze:FineTuning+1","floor":25},{"not_picked":["bronze:WhirlingStrike","bronze:OilSpill"],"picked":"bronze:Iterate","floor":26},{"not_picked":["bronze:Branch+1","bronze:BronzeOrb","bronze:DelayedGuard"],"picked":"SKIP","floor":28},{"not_picked":["bronze:Constructor","bronze:DelayedGuard","bronze:Invalidate"],"picked":"SKIP","floor":29},{"not_picked":["bronze:Invalidate","bronze:DelayedGuard"],"picked":"bronze:BitShift+1","floor":30},{"not_picked":["bronze:Constructor","bronze:CutThrough"],"picked":"bronze:Format","floor":31},{"not_picked":["bronze:Repair","bronze:Invalidate","bronze:DarkDash"],"picked":"SKIP","floor":32},{"not_picked":["bronze:Repair","bronze:Invalidate","bronze:DarkDash"],"picked":"SKIP","floor":32},{"not_picked":["bronze:Format","bronze:HyperBeam"],"picked":"bronze:Mutator","floor":33},{"not_picked":["bronze:BugBarrage","bronze:Overload","bronze:BronzeOrb"],"picked":"SKIP","floor":36},{"not_picked":["bronze:WildBeam+1","bronze:DigitalCarnage+1","bronze:BitShift"],"picked":"SKIP","floor":37},{"not_picked":["bronze:Shell+1","bronze:Flail"],"picked":"bronze:Turbo+1","floor":38},{"not_picked":["bronze:Constructor","bronze:DelayedGuard+1"],"picked":"bronze:BuggyMess+1","floor":39},{"not_picked":["bronze:ForceShield","bronze:Branch"],"picked":"bronze:Repulsor+1","floor":40},{"not_picked":["bronze:Repulsor+1","bronze:Boost"],"picked":"bronze:Return+1","floor":42},{"not_picked":["bronze:Constructor+1","bronze:DelayedGuard"],"picked":"bronze:BuggyMess+1","floor":43},{"not_picked":["bronze:Shield","bronze:Separator"],"picked":"bronze:Mutator","floor":44},{"not_picked":["bronze:Turbo+1","bronze:Branch+1"],"picked":"bronze:ClassDefault","floor":46},{"not_picked":["bronze:Return+1","bronze:RecursiveStrike"],"picked":"bronze:Deprecate+1","floor":48},{"not_picked":["bronze:Repulsor","bronze:Turbo+1","bronze:Overheat"],"picked":"SKIP","floor":49},{"not_picked":["bronze:CutThrough","bronze:ForLoop"],"picked":"bronze:FindAndReplace","floor":52}],"player_experience":768506,"relics_obtained":[{"floor":6,"key":"hexamod:BolsterEngine"},{"floor":7,"key":"CeramicFish"},{"floor":21,"key":"Red Mask"},{"floor":23,"key":"InkBottle"},{"floor":25,"key":"Ice Cream"},{"floor":31,"key":"Lantern"},{"floor":41,"key":"Anchor"},{"floor":42,"key":"Blood Vial"},{"floor":44,"key":"hexamod:Sixitude"},{"floor":48,"key":"Akabeko"},{"floor":52,"key":"Happy Flower"}],"event_choices":[{"damage_healed":0,"gold_gain":0,"player_choice":"Fought Bandits","damage_taken":0,"max_hp_gain":0,"max_hp_loss":0,"event_name":"Masked Bandits","floor":21,"gold_loss":0},{"damage_healed":0,"gold_gain":0,"player_choice":"Fight","damage_taken":0,"max_hp_gain":0,"max_hp_loss":0,"event_name":"Mysterious Sphere","floor":44,"gold_loss":0}],"is_beta":false,"boss_relics":[{"not_picked":["Empty Cage","Pandora\u0027s Box"],"picked":"bronze:MakeshiftBattery"},{"not_picked":["sneckomod:SneckoTalon","Tiny House"],"picked":"Runic Pyramid"}],"items_purged_floors":[40,53],"is_endless":false,"potions_floor_spawned":[3,6,8,15,19,23,26,29,30,31,37,38,39,43,46,48,49,52],"ascension_level":0}}