{"host":"469irindqmhbk5qw","time":1611277736,"event":{"mods":["BaseMod","Colored Map","Downfall","Hermit","Highlight Path","Hubris","Infinite Spire","Marisa????????","Minty Spire (QoL Compilation)","StSLib","Synergy Search","The Cursed","The Disciple","The Jungle"],"gold_per_floor":[99,113,132,92,92,102,151,167,167,187,17,17,17,30,45,45,45,45],"floor_reached":16,"language":"ENG","playtime":1203,"items_purged":[],"score":94,"play_id":"cd9e40d0-8cee-44b2-b60e-b01e5257a67e","local_time":"20210121200856","is_ascension_mode":false,"campfire_choices":[{"data":"Slimebound:Split","floor":1,"key":"SMITH"},{"data":"Slimebound:WasteNot","floor":12,"key":"SMITH"}],"circlet_count":0,"master_deck":["Slimebound:Strike_Slimebound","Slimebound:Strike_Slimebound","Slimebound:Strike_Slimebound","Slimebound:Tackle","Slimebound:Defend_Slimebound","Slimebound:Defend_Slimebound","Slimebound:Defend_Slimebound","Slimebound:Defend_Slimebound","Slimebound:Split+1","Slimebound:CorrosiveSpit","Slimebound:GoopSpray","Slimebound:Repurpose","Slimebound:MinionMaster","Slimebound:ItLooksTasty","Slimebound:Replication","Slimebound:Dissolve","Slimebound:LeechEnergy","Slimebound:LivingWall","Slimebound:WasteNot+1","Slimebound:SpikyOuterGoop","Slimebound:ItLooksTasty"],"relics":["Slimebound:AbsorbEndCombat","Pen Nib","Lantern","Du-Vu Doll"],"acts_visited":["Exordium"],"potions_floor_usage":[16,16],"damage_taken":[{"damage":4,"enemies":"Cultist","floor":2,"turns":3},{"damage":11,"enemies":"Jaw Worm","floor":3,"turns":4},{"damage":8,"enemies":"downfall:FleeingMerchant","floor":4,"turns":4},{"damage":21,"enemies":"infinitespire:Voidling","floor":6,"turns":4},{"damage":5,"enemies":"3 Louse","floor":8,"turns":2},{"damage":1,"enemies":"2 Fungi Beasts","floor":10,"turns":3},{"damage":6,"enemies":"downfall:FleeingMerchant","floor":11,"turns":4},{"damage":10,"enemies":"Blue Slaver","floor":14,"turns":4},{"damage":10,"enemies":"Exordium Wildlife","floor":15,"turns":4},{"damage":44,"enemies":"SI_SHIV_ARCHETYPE","floor":16,"turns":8}],"seed_played":"5407829839482155059","potions_obtained":[{"floor":6,"key":"Slimebound:SpawnSlimePotion"},{"floor":8,"key":"champ:CounterPotion"},{"floor":14,"key":"PowerPotion"},{"floor":15,"key":"hexamod:SoulburnPotion"}],"is_trial":false,"path_per_floor":["R","M","M","$","?","M","T","M","?","M","$","R","?","M","M","B"],"character_chosen":"SLIMEBOUND","items_purchased":["Slimebound:ItLooksTasty","Slimebound:WasteNot"],"campfire_rested":0,"item_purchase_floors":[4,11],"current_hp_per_floor":[65,63,58,56,56,48,48,43,43,48,48,48,48,42,34,0,0,0],"gold":45,"neow_bonus":"RANDOM_COMMON_RELIC","is_daily":false,"chose_seed":false,"campfire_upgraded":2,"win_rate":0.0,"timestamp":1611277736,"path_taken":["R","M","?","$","?","M","T","?","?","M","$","R","?","M","M","BOSS"],"items_purchased_type":["Card","Card"],"build_version":"2020-12-22","purchased_purges":0,"victory":false,"max_hp_per_floor":[65,65,65,65,65,65,65,65,65,65,65,65,65,65,65,65,65,65],"card_choices":[{"not_picked":["Slimebound:PressTheAttack","Slimebound:HauntingLick"],"picked":"Slimebound:GoopSpray","floor":2},{"not_picked":["Slimebound:SplitLeeching","Slimebound:MegaLick"],"picked":"Slimebound:Repurpose","floor":3},{"not_picked":["Slimebound:FinishingTackle","Slimebound:SamplingLick"],"picked":"Slimebound:MinionMaster","floor":4},{"not_picked":["Slimebound:ComboTackle","Slimebound:Grow"],"picked":"Slimebound:Replication","floor":6},{"not_picked":["Slimebound:SplitLeeching","Slimebound:RollThrough"],"picked":"Slimebound:Dissolve","floor":8},{"not_picked":["Slimebound:GoopTackle","Slimebound:FinishingTackle"],"picked":"Slimebound:LeechEnergy","floor":10},{"not_picked":["Slimebound:GoopSpray","Slimebound:HauntingLick"],"picked":"Slimebound:LivingWall","floor":11},{"not_picked":["Slimebound:LeechingTouch","Slimebound:Replication"],"picked":"Slimebound:SpikyOuterGoop","floor":14},{"not_picked":["Slimebound:RollThrough","Slimebound:Grow"],"picked":"Slimebound:ItLooksTasty","floor":15}],"player_experience":187765,"relics_obtained":[{"floor":7,"key":"Lantern"},{"floor":13,"key":"Du-Vu Doll"}],"event_choices":[{"damage_healed":0,"gold_gain":0,"player_choice":"Ignored","damage_taken":0,"max_hp_gain":0,"max_hp_loss":0,"event_name":"NoteForYourself","floor":5,"gold_loss":0}],"is_beta":false,"boss_relics":[],"items_purged_floors":[],"is_endless":false,"potions_floor_spawned":[6,8,14,15],"killed_by":"SI_SHIV_ARCHETYPE","ascension_level":0}}