{"host":"359hz4210ybch7ku","time":1611290575,"event":{"mods":["BaseMod","Block Reminder","Colored Map","Colored Powertips","Highlight Path","Minty Spire (QoL Compilation)","Slay the Relics Exporter","StSLib"],"gold_per_floor":[366,377,220,230,243,243,276,295,322,341,355,355,370,370,370,370,370],"floor_reached":16,"language":"ENG","playtime":1761,"items_purged":[],"score":106,"play_id":"11f8fb67-6a99-4701-a0fc-a4c08cb0d3e6","local_time":"20210121204255","is_ascension_mode":false,"campfire_choices":[{"data":"Armaments","floor":6,"key":"SMITH"},{"data":"Warcry","floor":12,"key":"SMITH"},{"data":"Bash","floor":15,"key":"SMITH"}],"circlet_count":0,"master_deck":["Strike_R","Strike_R","Strike_R","Strike_R","Strike_R","Defend_R","Defend_R","Defend_R","Defend_R","Bash+1","Clumsy","Armaments+1","Body Slam","Cleave","Searing Blow","Iron Wave","Fire Breathing","Warcry+1","Clash"],"relics":["Burning Blood","Happy Flower","Nunchaku","Bag of Marbles","Golden Idol"],"acts_visited":["Exordium"],"potions_floor_usage":[16,16],"damage_taken":[{"damage":5,"enemies":"Cultist","floor":1,"turns":4},{"damage":7,"enemies":"Jaw Worm","floor":2,"turns":5},{"damage":0,"enemies":"Small Slimes","floor":4,"turns":3},{"damage":8,"enemies":"Gremlin Gang","floor":5,"turns":4},{"damage":38,"enemies":"Lagavulin","floor":7,"turns":9},{"damage":14,"enemies":"Large Slime","floor":8,"turns":6},{"damage":0,"enemies":"Looter","floor":10,"turns":2},{"damage":2,"enemies":"3 Louse","floor":11,"turns":4},{"damage":10,"enemies":"2 Fungi Beasts","floor":13,"turns":3},{"damage":45,"enemies":"The Guardian","floor":16,"turns":13}],"seed_played":"3879092209650810820","potions_obtained":[{"floor":7,"key":"Ancient Potion"},{"floor":8,"key":"Swift Potion"},{"floor":11,"key":"GamblersBrew"},{"floor":13,"key":"LiquidMemories"}],"is_trial":false,"path_per_floor":["M","M","$","M","M","R","E","M","T","M","M","R","M","?","R","B"],"character_chosen":"IRONCLAD","items_purchased":["Happy Flower"],"campfire_rested":0,"item_purchase_floors":[3],"current_hp_per_floor":[80,79,79,80,78,78,46,38,38,44,48,48,44,44,44,0,0],"gold":370,"neow_bonus":"TWO_FIFTY_GOLD","is_daily":false,"chose_seed":false,"campfire_upgraded":3,"win_rate":0.0,"timestamp":1611290575,"path_taken":["M","M","$","M","M","R","E","M","T","?","M","R","M","?","R","BOSS"],"items_purchased_type":["Relic"],"build_version":"2020-12-22","purchased_purges":0,"victory":false,"max_hp_per_floor":[80,80,80,80,80,80,80,80,80,80,80,80,80,74,74,74,74],"card_choices":[{"not_picked":["Pommel Strike","Clash"],"picked":"Armaments","floor":1},{"not_picked":["Headbutt","Anger"],"picked":"Body Slam","floor":2},{"not_picked":["Demon Form","Twin Strike"],"picked":"Cleave","floor":4},{"not_picked":["Reckless Charge","Sever Soul"],"picked":"Searing Blow","floor":5},{"not_picked":["Feed","Heavy Blade"],"picked":"Iron Wave","floor":7},{"not_picked":["Flame Barrier","Flex","Disarm"],"picked":"SKIP","floor":8},{"not_picked":["Spot Weakness","Flex"],"picked":"Fire Breathing","floor":10},{"not_picked":["Body Slam","Perfected Strike"],"picked":"Warcry","floor":11},{"not_picked":["Bloodletting","Flex"],"picked":"Clash","floor":13}],"player_experience":249469,"relics_obtained":[{"floor":7,"key":"Nunchaku"},{"floor":9,"key":"Bag of Marbles"}],"event_choices":[{"damage_healed":0,"gold_gain":0,"player_choice":"Lose Max HP","damage_taken":0,"relics_obtained":["Golden Idol"],"max_hp_gain":0,"max_hp_loss":6,"event_name":"Golden Idol","floor":14,"gold_loss":0}],"is_beta":false,"boss_relics":[],"items_purged_floors":[],"is_endless":false,"potions_floor_spawned":[7,8,11,13],"killed_by":"The Guardian","ascension_level":0}}