{"host":"kvo7eymyd21g9abd","time":1611275247,"event":{"mods":["AchievementEnabler","BaseMod","Bestiary","Colored Map","Minty Spire (QoL Compilation)","StSLib"],"gold_per_floor":[110,13,23,198,198,198,216,216,216,250,250,265,300,300,300,401,401,418,428,353,370,370,370],"floor_reached":22,"language":"ENG","playtime":1027,"items_purged":[],"score":243,"play_id":"d57e9e63-e857-4233-9525-53c01dd6cc44","local_time":"20210121192727","is_ascension_mode":true,"campfire_choices":[{"floor":6.0,"key":"RECALL"},{"floor":15.0,"key":"REST"}],"circlet_count":0,"master_deck":["Strike_B","Strike_B","Strike_B","Defend_B","Defend_B","Defend_B","Defend_B","Zap","Dualcast","Bandage Up","Beam Cell","Go for the Eyes","Steam","Undo","Beam Cell","Conserve Battery+1","Hologram","Scrape","Parasite","Echo Form","Go for the Eyes","FTL","Steam"],"relics":["Cracked Core","Blue Candle","Blood Vial","Black Star"],"acts_visited":["Exordium","TheCity"],"potions_floor_usage":[21,22],"damage_taken":[{"damage":0.0,"enemies":"2 Louse","floor":1.0,"turns":2.0},{"damage":4.0,"enemies":"Cultist","floor":3.0,"turns":3.0},{"damage":0.0,"enemies":"Small Slimes","floor":7.0,"turns":3.0},{"damage":38.0,"enemies":"3 Sentries","floor":10.0,"turns":11.0},{"damage":8.0,"enemies":"3 Louse","floor":12.0,"turns":6.0},{"damage":28.0,"enemies":"Lagavulin","floor":13.0,"turns":9.0},{"damage":61.0,"enemies":"Slime Boss","floor":16.0,"turns":12.0},{"damage":33,"enemies":"Spheric Guardian","floor":18,"turns":8},{"damage":22,"enemies":"Shell Parasite","floor":19,"turns":8},{"damage":21,"enemies":"3 Cultists","floor":21,"turns":6},{"damage":16,"enemies":"Snake Plant","floor":22,"turns":2}],"seed_played":"9192609390896069735","potions_obtained":[{"floor":1.0,"key":"Ancient Potion"},{"floor":10.0,"key":"SpeedPotion"},{"floor":13.0,"key":"Fire Potion"},{"floor":16.0,"key":"FocusPotion"},{"floor":18,"key":"Strength Potion"},{"floor":19,"key":"AttackPotion"}],"is_trial":false,"path_per_floor":["M","$","M","?","?","R","M","?","T","E","?","M","E","?","R","B",null,"M","M","?","M","M"],"character_chosen":"DEFECT","items_purchased":["Go for the Eyes","Steam"],"campfire_rested":1,"item_purchase_floors":[2,2],"current_hp_per_floor":[75,75,75,75,75,75,75,80,80,46,46,42,18,38,62,7,62,35,23,23,8,0,0],"gold":370,"neow_bonus":"RANDOM_COLORLESS","is_daily":false,"chose_seed":false,"campfire_upgraded":0,"win_rate":0.0,"timestamp":1611275247,"path_taken":["M","$","M","?","?","R","?","?","T","E","?","M","E","?","R","BOSS","M","M","?","M","M"],"items_purchased_type":["Card","Card"],"build_version":"2020-12-22","purchased_purges":0,"victory":false,"max_hp_per_floor":[75,75,75,75,75,75,75,80,80,80,80,80,80,80,80,80,80,80,80,80,80,80,80],"card_choices":[{"not_picked":["Madness","Discovery"],"picked":"Bandage Up","floor":0.0},{"not_picked":["Blizzard","Auto Shields"],"picked":"Beam Cell","floor":1.0},{"not_picked":["Skim","Cold Snap"],"picked":"Undo","floor":3.0},{"not_picked":["Skim","Tempest"],"picked":"Beam Cell","floor":7.0},{"not_picked":["Go for the Eyes","Turbo"],"picked":"Conserve Battery","floor":10.0},{"not_picked":["Leap","Biased Cognition"],"picked":"Hologram","floor":12.0},{"not_picked":["Chill","Barrage"],"picked":"Scrape","floor":13.0},{"not_picked":["Multi-Cast","Core Surge"],"picked":"Echo Form","floor":16.0},{"not_picked":["Steam Power+1","Static Discharge+1"],"picked":"Go for the Eyes","floor":18},{"not_picked":["Hello World","Go for the Eyes"],"picked":"FTL","floor":19},{"not_picked":["Storm","Undo"],"picked":"Steam","floor":21}],"player_experience":408956,"relics_obtained":[{"floor":10.0,"key":"Blue Candle"},{"floor":13.0,"key":"Blood Vial"}],"event_choices":[{"damage_healed":0.0,"max_hp_gain":0.0,"max_hp_loss":0.0,"gold_gain":175.0,"event_name":"Liars Game","player_choice":"AGREE","floor":4.0,"gold_loss":0.0,"damage_taken":0.0,"cards_obtained":["Doubt"]},{"cards_removed":["Strike_B"],"damage_healed":0.0,"max_hp_gain":0.0,"max_hp_loss":0.0,"gold_gain":0.0,"event_name":"Bonfire Elementals","player_choice":"Offered Basic","floor":5.0,"gold_loss":0.0,"damage_taken":0.0},{"damage_healed":0.0,"max_hp_gain":5.0,"max_hp_loss":0.0,"gold_gain":0.0,"event_name":"Big Fish","player_choice":"Donut","floor":8.0,"gold_loss":0.0,"damage_taken":0.0},{"damage_healed":0.0,"max_hp_gain":0.0,"max_hp_loss":0.0,"gold_gain":0.0,"event_name":"Living Wall","player_choice":"Grow","floor":11.0,"gold_loss":0.0,"damage_taken":0.0,"cards_upgraded":["Conserve Battery"]},{"damage_healed":20.0,"max_hp_gain":0.0,"max_hp_loss":0.0,"gold_gain":0.0,"event_name":"Mushrooms","player_choice":"Healed and dodged fight","floor":14.0,"gold_loss":0.0,"damage_taken":0.0,"cards_obtained":["Parasite"]},{"cards_removed":["Doubt"],"damage_healed":0,"gold_gain":0,"player_choice":"Gave Gold","damage_taken":0,"max_hp_gain":0,"max_hp_loss":0,"event_name":"Beggar","floor":20,"gold_loss":75}],"is_beta":false,"boss_relics":[{"not_picked":["Snecko Eye","Sozu"],"picked":"Black Star"}],"items_purged_floors":[],"is_endless":false,"potions_floor_spawned":[1,10,13,16,18,19],"killed_by":"Snake Plant","ascension_level":5}}