{"host":"80x1ozqd5wpd4nvo","time":1611345657,"event":{"mods":["2.2 Compatiblity","Aspiration","BaseMod","Better Altar","Better Match","Better Note","Better Sensory Stone","Better Skull","Better Third Choice","BetterRewards","Card Forge","Custom Start","DNKmod","Defuse TimeMaze Blight","Dota2Spire","Energized Spire","Friendly Minions","GifTheSpireLib","Hubris","Infinite Spire","Minty Spire (QoL Compilation)","Permanent Neow","Poor People Problems","Shop Mod","Spicy Shops","StS++","StSLib","The Blue Laboratory","??????REMEMod"],"gold_per_floor":[1216,672,692,692,705,734,422,451,475,500,517,529,529,565,565,689,689,709,709,669,688,688,688,722,722,749,764,286,310,353,303,303,427,427,446,467,467,487,506,839,869,869,869,894,894,894,920,939,939,939,939,939,636,636,636],"floor_reached":54,"language":"ENG","playtime":9106,"items_purged":["Strike_G","Strike_G","Strike_G"],"score":1194,"play_id":"1f67885d-484e-4837-9547-c5d4a76f52e3","local_time":"20210122210057","is_ascension_mode":true,"campfire_choices":[{"floor":15,"key":"REST"},{"data":"Infinite Blades","floor":15,"key":"SMITH"},{"data":"infinitespire:Execution","floor":23,"key":"SMITH"},{"data":"After Image","floor":32,"key":"SMITH"},{"floor":46,"key":"REST"},{"data":"Madness","floor":46,"key":"SMITH"},{"floor":49,"key":"RECALL"},{"data":"Madness","floor":52,"key":"SMITH"}],"circlet_count":0,"master_deck":["Strike_G","Strike_G","Defend_G","Defend_G","Defend_G+1","Defend_G","Defend_G","Survivor","Neutralize","Bullet Time","Prepared","Reflex","Infinite Blades+1","infinitespire:Execution+1","Dagger Throw","Heel Hook","Accuracy","Backstab","Cloak And Dagger","Sucker Punch","Eviscerate+1","Backflip","After Image+1","Acrobatics","StSpp:Succumb","REME_FearOfPain+1","Accuracy","Underhanded Strike","Inflame","Barricade+1","hubris:Sniper+1","Prepared","REME_MawOfCthun","REME_Flogging","Madness+1","Madness+1","Tactician+1","REME_Cut","PiercingWail"],"relics":["Ring of the Snake","Hammer of Thor","Seething Fire","Anvil of the Gods","REME_ComplimentaryCards","aspiration:Lifesprig","White Beast Statue","infinitespire:WardingShard","aspiration:Nostalgia","PureWater","REME_PuzzleBoxRelic","infinitespire:Magic Flask","hubris:AncientText","Dota2Spire:LotusOrb","aspiration:IroncladSkillbook","Dota2Spire:OctarineCore","REME_LowDesire","Bag of Preparation","infinitespire:PuzzleCube","Dota2Spire:PhaseBoots","Membership Card","Dota2Spire:AssaultCuirass","Strange Spoon","aspiration:FetidBarrel","Turnip","energizedSpire:MagnifyingGlass","Paper Crane","Bird Faced Urn","infinitespire:Joker Card","Torii","Dota2Spire:Vanguard","hubris:EmptyBottle"],"acts_visited":["Exordium","TheCity","TheBeyond","TheEnding"],"potions_floor_usage":[6,6,10,10,12,30,30,33,50,50,54,54],"damage_taken":[{"damage":0,"enemies":"2 Louse","floor":1,"turns":2},{"damage":0,"enemies":"Cultist","floor":3,"turns":4},{"damage":0,"enemies":"Small Slimes","floor":5,"turns":2},{"damage":0,"enemies":"Gremlin Nob","floor":6,"turns":3},{"damage":0,"enemies":"Lagavulin","floor":8,"turns":3},{"damage":6,"enemies":"Gremlin Nob","floor":10,"turns":3},{"damage":0,"enemies":"Red Slaver","floor":11,"turns":1},{"damage":0,"enemies":"2 Fungi Beasts","floor":12,"turns":2},{"damage":3,"enemies":"3 Sentries","floor":14,"turns":5},{"damage":3,"enemies":"The Guardian","floor":16,"turns":5},{"damage":0,"enemies":"Chosen","floor":18,"turns":3},{"damage":0,"enemies":"3 Byrds","floor":21,"turns":3},{"damage":2,"enemies":"Gremlin Leader","floor":24,"turns":5},{"damage":0,"enemies":"Snake Plant","floor":27,"turns":2},{"damage":0,"enemies":"Sentry and Sphere","floor":29,"turns":4},{"damage":0,"enemies":"Slavers","floor":30,"turns":3},{"damage":5,"enemies":"Automaton","floor":33,"turns":5},{"damage":3,"enemies":"3 Shapes","floor":35,"turns":2},{"damage":0,"enemies":"Orb Walker","floor":36,"turns":2},{"damage":0,"enemies":"Writhing Mass","floor":38,"turns":3},{"damage":0,"enemies":"Maw","floor":39,"turns":3},{"damage":1,"enemies":"Nemesis","floor":41,"turns":3},{"damage":0,"enemies":"Giant Head","floor":44,"turns":3},{"damage":0,"enemies":"Nemesis","floor":47,"turns":3},{"damage":0,"enemies":"Transient","floor":48,"turns":5},{"damage":0,"enemies":"Time Eater","floor":50,"turns":4},{"damage":99999,"enemies":"Shield and Spear","floor":54,"turns":2}],"seed_played":"3054074548264424702","potions_obtained":[{"floor":1,"key":"DistilledChaos"},{"floor":3,"key":"blueLaboratory:FrostheartPotion"},{"floor":5,"key":"blueLaboratory:BubblePotion"},{"floor":6,"key":"Explosive Potion"},{"floor":8,"key":"EssenceOfSteel"},{"floor":10,"key":"blueLaboratory:RecallPotion"},{"floor":11,"key":"GamblersBrew"},{"floor":12,"key":"blueLaboratory:BubblePotion"},{"floor":16,"key":"Fire Potion"},{"floor":30,"key":"Energy Potion"},{"floor":33,"key":"blueLaboratory:EnvenomedCoating"},{"floor":35,"key":"Dexterity Potion"},{"floor":38,"key":"CultistPotion"},{"floor":41,"key":"StSpp:InhibitionPotion"}],"is_trial":false,"path_per_floor":["M","$","M","?","M","E","$","E","T","E","M","M","?","E","R","B",null,"M","?","?","M","?","R","E","AVR","T","M","$","M","E","$","R","B",null,"M","M","?","M","M","?","E","?","T","E","?","R","E","M","R","B",null,"R","$","E"],"character_chosen":"THE_SILENT","items_purchased":["aspiration:Lifesprig","Reflex","White Beast Statue","aspiration:Nostalgia","Accuracy","REME_PuzzleBoxRelic","Membership Card","Dota2Spire:AssaultCuirass","Accuracy","Strange Spoon","aspiration:FetidBarrel","Torii","Dota2Spire:Vanguard","hubris:EmptyBottle","PowerPotion","REME_Cut","PiercingWail"],"campfire_rested":2,"item_purchase_floors":[2,2,2,7,7,7,28,28,28,28,28,53,53,53,53,53,53],"current_hp_per_floor":[100,100,100,74,74,74,74,74,74,68,68,68,68,65,92,89,92,92,92,92,92,92,92,92,92,92,92,92,92,92,92,92,91,92,92,92,92,92,92,92,92,92,92,92,80,92,92,92,92,92,92,92,92,0,0],"gold":636,"neow_bonus":"ONE_RANDOM_RARE_CARD","is_daily":false,"chose_seed":false,"campfire_upgraded":5,"win_rate":0.0,"timestamp":1611345657,"path_taken":["M","$","M","?","M","E","$","E","T","E","M","M","?","E","R","BOSS","M","?","?","?","?","R","E","AVR","T","M","?","M","E","$","R","BOSS","M","M","?","M","M","?","E","?","T","E","?","R","E","M","R","BOSS","R","$","E"],"items_purchased_type":["Relic","Card","Relic","Relic","Card","Relic","Relic","Relic","Card","Relic","Relic","Relic","Relic","Relic","Potion","Card","Card"],"build_version":"2020-12-22","purchased_purges":3,"victory":false,"max_hp_per_floor":[100,100,100,100,100,100,100,100,100,100,100,100,92,92,92,92,92,92,92,92,92,92,92,92,92,92,92,92,92,92,92,92,92,92,92,92,92,92,92,92,92,92,92,92,92,92,92,92,92,92,92,92,92,92,92],"card_choices":[{"not_picked":["Bane","hubris:SlightOfHand"],"picked":"Prepared","floor":1},{"not_picked":["Terror","Prepared"],"picked":"Infinite Blades","floor":3},{"not_picked":["infinitespire:Menacing","infinitespire:TheBestDefense"],"picked":"infinitespire:Execution","floor":4},{"not_picked":["Riddle With Holes","Quick Slash"],"picked":"Dagger Throw","floor":5},{"not_picked":["Slice","Quick Slash"],"picked":"Heel Hook","floor":6},{"not_picked":["PiercingWail","Deadly Poison"],"picked":"Backstab","floor":8},{"not_picked":["Dagger Throw","Setup"],"picked":"Cloak And Dagger","floor":10},{"not_picked":["Cloak And Dagger","Expertise"],"picked":"Sucker Punch","floor":11},{"not_picked":["Leg Sweep","Bane"],"picked":"Eviscerate","floor":12},{"not_picked":["Well Laid Plans","Caltrops"],"picked":"Backflip","floor":14},{"not_picked":["Envenom","Night Terror"],"picked":"After Image","floor":16},{"not_picked":["Twin Strike+1","Heavy Blade+1","Crippling Poison"],"picked":"Acrobatics","floor":18},{"not_picked":["Caltrops","StSpp:Lure","Perfected Strike+1","Cleave"],"picked":"SKIP","floor":21},{"not_picked":["Bane","Catalyst+1","Clothesline"],"picked":"StSpp:Succumb","floor":24},{"not_picked":["Tactician","Underhanded Strike","StSpp:Lure","hubris:EnhanceAbility"],"picked":"REME_FearOfPain+1","floor":27},{"not_picked":["Reckless Charge","Deadly Poison+1","Sword Boomerang","Secret Weapon"],"picked":"Underhanded Strike","floor":29},{"not_picked":["REME_CopyPotion","Disarm+1","StSpp:SpareBlade","Forethought"],"picked":"Inflame","floor":30},{"not_picked":["Wraith Form v2","Corruption","REME_Fury","StSpp:MindBarrier"],"picked":"Barricade","floor":33},{"not_picked":["Dash+1","Blood for Blood+1","Well Laid Plans","Inflame+1","REME_MagicPocketWatch"],"picked":"SKIP","floor":35},{"not_picked":["Quick Slash","Calculated Gamble+1","Seeing Red+1","Panache"],"picked":"hubris:Sniper+1","floor":36},{"not_picked":["Blade Dance+1","Clash","Clothesline+1","StSpp:TimeParadox","Purity+1"],"picked":"SKIP","floor":38},{"not_picked":["Sucker Punch+1","Havoc+1","hubris:ReadiedAction","StSpp:Resilience+1"],"picked":"Prepared","floor":39},{"not_picked":["Intimidate+1","Dodge and Roll+1","Deflect+1","Dash+1"],"picked":"REME_MawOfCthun","floor":41},{"not_picked":["Backflip","Choke","Seeing Red","Outmaneuver"],"picked":"REME_Flogging","floor":44},{"not_picked":["StSpp:Betrayal","Dagger Spray+1","Warcry+1","Thinking Ahead"],"picked":"Tactician+1","floor":47},{"not_picked":["Deadly Poison+1","Leg Sweep","Dodge and Roll","Pommel Strike+1","Trip"],"picked":"SKIP","floor":48}],"player_experience":235621,"relics_obtained":[{"floor":6,"key":"infinitespire:WardingShard"},{"floor":8,"key":"infinitespire:Magic Flask"},{"floor":9,"key":"hubris:AncientText"},{"floor":14,"key":"Dota2Spire:LotusOrb"},{"floor":24,"key":"Dota2Spire:OctarineCore"},{"floor":25,"key":"Bag of Preparation"},{"floor":25,"key":"infinitespire:PuzzleCube"},{"floor":26,"key":"Dota2Spire:PhaseBoots"},{"floor":30,"key":"Turnip"},{"floor":41,"key":"Paper Crane"},{"floor":44,"key":"Bird Faced Urn"},{"floor":47,"key":"infinitespire:Joker Card"}],"event_choices":[{"damage_healed":0,"gold_gain":0,"player_choice":"Lose Max HP","damage_taken":0,"relics_obtained":["Golden Idol"],"max_hp_gain":0,"max_hp_loss":8,"event_name":"Golden Idol","floor":13,"gold_loss":0},{"cards_removed":["Strike_G"],"damage_healed":0,"gold_gain":0,"player_choice":"Give","damage_taken":0,"max_hp_gain":0,"max_hp_loss":0,"event_name":"betterNote:BetterNote","floor":19,"gold_loss":0,"cards_obtained":["Strike_R"]},{"damage_healed":0,"gold_gain":0,"player_choice":"Upgraded Two","damage_taken":0,"max_hp_gain":0,"max_hp_loss":0,"event_name":"Designer","floor":20,"gold_loss":40,"cards_upgraded":["Eviscerate","Defend_G"]},{"damage_healed":0,"gold_gain":0,"player_choice":"Ignored","damage_taken":0,"max_hp_gain":0,"max_hp_loss":0,"event_name":"Tomb of Lord Red Mask","floor":37,"gold_loss":0},{"damage_healed":0,"gold_gain":333,"player_choice":"Gave Idol","damage_taken":0,"max_hp_gain":0,"max_hp_loss":0,"event_name":"The Moai Head","floor":40,"relics_lost":["Golden Idol"],"gold_loss":0},{"damage_healed":0,"gold_gain":0,"player_choice":"Embrace Madness","damage_taken":12,"max_hp_gain":0,"max_hp_loss":0,"event_name":"Winding Halls","floor":45,"gold_loss":0,"cards_obtained":["Madness","Madness"]}],"is_beta":false,"boss_relics":[{"not_picked":["hubris:HollowSoul","SlaversCollar"],"picked":"aspiration:IroncladSkillbook"},{"not_picked":["Cursed Key","energizedSpire:RedRose"],"picked":"energizedSpire:MagnifyingGlass"}],"items_purged_floors":[2,31,53],"is_endless":false,"potions_floor_spawned":[1,3,5,6,8,10,11,12,14,16,18,21,24,27,29,30,33,35,36,38,39,41,44,47,48],"killed_by":"Shield and Spear","ascension_level":1}}