{"host":"lnnm69al9x392px5","time":1611284101,"event":{"mods":["BaseMod","Downfall","Minty Spire (QoL Compilation)","StSLib"],"gold_per_floor":[99,116,291,291,45,58,81,109,139,151,198,210,237,269,301,313,313,313],"floor_reached":16,"language":"ENG","playtime":821,"items_purged":["downfall:Malfunctioning"],"score":118,"play_id":"a13572f1-e2f7-4725-89c7-078d0e863fa4","local_time":"20210121185501","is_ascension_mode":true,"campfire_choices":[{"data":"Guardian:GemFinder","floor":1,"key":"SMITH"},{"floor":10,"key":"REST"}],"circlet_count":0,"master_deck":["Guardian:Defend_Guardian","Guardian:Defend_Guardian","Guardian:Defend_Guardian","Guardian:Defend_Guardian","Guardian:CurlUp","Guardian:TwinSlam+1","Guardian:GemFinder+1","Guardian:PiercingHide","Doubt","Guardian:GemFinder","Guardian:BaubleBeam","Guardian:VentSteam","Guardian:HyperBeam_Guardian+1","Guardian:PrismaticBeam","Guardian:MultiBeam","Guardian:Gem_Green","Guardian:Gem_Red","Guardian:SpikerProtocol","Guardian:FierceBash","Guardian:Recover","Guardian:Clone"],"relics":["Guardian:ModeShifter","Centennial Puzzle","Whetstone","MawBank","Smiling Mask"],"acts_visited":["Exordium"],"potions_floor_usage":[16,16,16],"damage_taken":[{"damage":0,"enemies":"Small Slimes","floor":2,"turns":3},{"damage":0,"enemies":"downfall:FleeingMerchant","floor":5,"turns":4},{"damage":0,"enemies":"Cultist","floor":6,"turns":6},{"damage":51,"enemies":"Lagavulin","floor":8,"turns":11},{"damage":0,"enemies":"Jaw Worm","floor":9,"turns":2},{"damage":11,"enemies":"3 Sentries","floor":11,"turns":4},{"damage":1,"enemies":"2 Fungi Beasts","floor":13,"turns":2},{"damage":0,"enemies":"3 Louse","floor":14,"turns":1},{"damage":13,"enemies":"Red Slaver","floor":15,"turns":2},{"damage":39,"enemies":"IC_STATUS_ARCHETYPE","floor":16,"turns":8}],"seed_played":"-4168270544511947043","potions_obtained":[{"floor":6,"key":"EssenceOfSteel"},{"floor":8,"key":"EssenceOfSteel"},{"floor":13,"key":"DuplicationPotion"}],"is_trial":false,"path_per_floor":["R","M","?","?","$","M","T","E","M","R","E","?","M","M","M","B"],"character_chosen":"GUARDIAN","items_purchased":["Centennial Puzzle"],"campfire_rested":1,"item_purchase_floors":[5],"current_hp_per_floor":[80,80,80,80,80,80,80,29,29,53,42,42,41,41,28,0,0,0],"gold":313,"neow_bonus":"TRANSFORM_CARD","is_daily":false,"chose_seed":false,"campfire_upgraded":1,"win_rate":0.0,"timestamp":1611284101,"path_taken":["R","M","?","?","$","?","T","E","M","R","E","?","?","M","M","BOSS"],"items_purchased_type":["Relic"],"build_version":"2020-12-22","purchased_purges":1,"victory":false,"max_hp_per_floor":[80,80,80,80,80,80,80,80,80,80,80,80,80,80,80,80,80,80],"card_choices":[{"not_picked":["Guardian:Gem_Green","Guardian:Gem_Red"],"picked":"Guardian:Gem_Cyan","floor":2},{"not_picked":["Guardian:Reroute","Guardian:Gem_Cyan"],"picked":"Guardian:PiercingHide","floor":2},{"not_picked":["Guardian:Planning","Guardian:EvasiveProtocol"],"picked":"Guardian:HyperBeam_Guardian","floor":5},{"not_picked":["Guardian:Gem_Lightblue","Guardian:Gem_Cyan"],"picked":"Guardian:Gem_Red","floor":6},{"not_picked":["Guardian:Gem_Cyan","Guardian:Gem_Green"],"picked":"Guardian:Gem_Red","floor":6},{"not_picked":["Guardian:Reroute","Guardian:VentSteam","Guardian:GuardianWhirl"],"picked":"SKIP","floor":6},{"not_picked":["Guardian:Gem_Red","Guardian:Gem_Green"],"picked":"Guardian:Gem_Lightblue","floor":8},{"not_picked":["Guardian:Gem_Green","Guardian:Gem_Red"],"picked":"Guardian:Gem_Lightblue","floor":8},{"not_picked":["Guardian:Gem_Green","Guardian:SentryBeam"],"picked":"Guardian:PrismaticBeam","floor":8},{"not_picked":["Guardian:Incinerate","Guardian:Recover"],"picked":"Guardian:MultiBeam","floor":9},{"not_picked":["Guardian:Gem_Cyan","Guardian:Gem_Lightblue"],"picked":"Guardian:Gem_Green","floor":11},{"not_picked":["Guardian:Gem_Cyan","Guardian:Gem_Lightblue"],"picked":"Guardian:Gem_Red","floor":11},{"not_picked":["Guardian:ShieldCharger","Guardian:MultiBeam"],"picked":"Guardian:SpikerProtocol","floor":11},{"not_picked":["Guardian:Gem_Red","Guardian:RollAttack"],"picked":"Guardian:FierceBash","floor":13},{"not_picked":["Guardian:Gem_Purple","Guardian:Planning"],"picked":"Guardian:Recover","floor":14},{"not_picked":["Guardian:PrimingBeam","Guardian:RefractedBeam"],"picked":"Guardian:Clone","floor":15}],"player_experience":229594,"relics_obtained":[{"floor":7,"key":"Whetstone"},{"floor":8,"key":"MawBank"},{"floor":11,"key":"Smiling Mask"}],"event_choices":[],"is_beta":false,"boss_relics":[],"items_purged_floors":[5],"is_endless":false,"potions_floor_spawned":[6,8,13,15],"killed_by":"IC_STATUS_ARCHETYPE","ascension_level":1}}