{"host":"sc0o2qwpf9j16a4i","time":1611342709,"event":{"mods":["AchievementEnabler","BaseMod","BetterRewards","Block Reminder","Colored Map","Colored Powertips","Custom Start","Highlight Path","Minty Spire (QoL Compilation)","Relic Stats"],"gold_per_floor":[110,121,47,59,70,70,87,112,112,122,122,122,122,135,135,135,135],"floor_reached":16,"language":"ENG","playtime":414,"items_purged":[],"score":308,"play_id":"825b1521-01a7-43a0-a531-7b470912448d","local_time":"20210122211149","is_ascension_mode":true,"campfire_choices":[{"floor":6.0,"key":"REST"},{"data":"Discovery","floor":11.0,"key":"SMITH"},{"data":"Dagger Spray","floor":15.0,"key":"SMITH"}],"circlet_count":0,"master_deck":["AscendersBane","Strike_G","Strike_G","Strike_G+1","Strike_G","Strike_G","Defend_G","Defend_G","Defend_G","Defend_G","Defend_G","Survivor","Neutralize","Crippling Poison","Dagger Spray+1","Discovery+1","Choke","Dagger Throw+1","Die Die Die","Flechettes","Tactician","Storm of Steel","Flechettes+1","Dash+1"],"relics":["Ring of the Snake","Bag of Preparation","Orichalcum","Whetstone","Molten Egg 2"],"acts_visited":["Exordium"],"potions_floor_usage":[16],"damage_taken":[{"damage":0.0,"enemies":"2 Louse","floor":1.0,"turns":2.0},{"damage":0.0,"enemies":"Small Slimes","floor":2.0,"turns":2.0},{"damage":0.0,"enemies":"Cultist","floor":4.0,"turns":3.0},{"damage":0.0,"enemies":"Red Slaver","floor":5.0,"turns":3.0},{"damage":0.0,"enemies":"2 Fungi Beasts","floor":7.0,"turns":2.0},{"damage":6.0,"enemies":"3 Sentries","floor":8.0,"turns":5.0},{"damage":0.0,"enemies":"3 Louse","floor":10.0,"turns":1.0},{"damage":0.0,"enemies":"Exordium Wildlife","floor":14.0,"turns":1.0},{"damage":69,"enemies":"Slime Boss","floor":16,"turns":6}],"seed_played":"100446438393617125","potions_obtained":[{"floor":4.0,"key":"Explosive Potion"},{"floor":7.0,"key":"Explosive Potion"},{"floor":8.0,"key":"Energy Potion"}],"is_trial":false,"path_per_floor":["M","M","$","M","M","R","M","E","T","M","R","?","?","M","R","B"],"character_chosen":"THE_SILENT","items_purchased":["Bag of Preparation","Orichalcum","Crippling Poison","Dagger Spray","Discovery","Explosive Potion","Die Die Die"],"campfire_rested":1,"item_purchase_floors":[0,0,0,0,0,0,3],"current_hp_per_floor":[29,29,29,29,29,48,48,42,42,42,42,42,66,66,66,0,0],"gold":135,"neow_bonus":"","is_daily":false,"chose_seed":false,"campfire_upgraded":2,"win_rate":0.0,"timestamp":1611342709,"path_taken":["M","M","$","M","M","R","M","E","T","M","R","?","?","?","R","BOSS"],"items_purchased_type":["Relic","Relic","Card","Card","Card","Potion","Card"],"build_version":"2020-12-22","purchased_purges":0,"victory":false,"max_hp_per_floor":[66,66,66,66,66,66,66,66,66,66,66,66,66,66,66,66,66],"relic_stats":{"counters":[34,142],"Bag of Preparation":[18],"Whetstone":["Dagger Throw","Strike_G"],"Orichalcum":[102],"obtain_stats":[{"Darkstone Periapt":0,"Ice Cream":43,"Regal Pillow":45,"Blue Candle":8,"Dead Branch":24,"Oddly Smooth Stone":7,"Eternal Feather":29,"StoneCalendar":48,"Bag of Preparation":0,"Letter Opener":10,"Whetstone":8,"Orichalcum":0,"Cursed Key":0,"Boot":40,"Du-Vu Doll":0,"Anchor":21,"Centennial Puzzle":48,"Busted Crown":34,"Sundial":9,"Mummified Hand":26,"Snecko Eye":17,"Molten Egg 2":9,"Red Mask":19,"Ring of the Snake":0},{"Darkstone Periapt":0,"Ice Cream":22,"Regal Pillow":23,"Blue Candle":7,"Dead Branch":14,"Oddly Smooth Stone":6,"Eternal Feather":16,"StoneCalendar":24,"Bag of Preparation":25,"Letter Opener":8,"Whetstone":31,"Orichalcum":25,"Cursed Key":0,"Boot":22,"Du-Vu Doll":0,"Anchor":13,"Centennial Puzzle":24,"Busted Crown":18,"Sundial":7,"Mummified Hand":15,"Snecko Eye":11,"Molten Egg 2":31,"Red Mask":13,"Ring of the Snake":0},{"Darkstone Periapt":0,"Ice Cream":97,"Regal Pillow":105,"Blue Candle":22,"Dead Branch":51,"Oddly Smooth Stone":17,"Eternal Feather":59,"StoneCalendar":108,"Bag of Preparation":117,"Letter Opener":28,"Whetstone":134,"Orichalcum":117,"Cursed Key":0,"Boot":97,"Du-Vu Doll":0,"Anchor":46,"Centennial Puzzle":108,"Busted Crown":74,"Sundial":22,"Mummified Hand":53,"Snecko Eye":41,"Molten Egg 2":134,"Red Mask":46,"Ring of the Snake":0}],"Ring of the Snake":[18]},"card_choices":[{"not_picked":["Backflip","PiercingWail"],"picked":"Choke","floor":1.0},{"not_picked":["Deflect","Dagger Spray"],"picked":"Dagger Throw","floor":2.0},{"not_picked":["PiercingWail","Tactician"],"picked":"Flechettes","floor":4.0},{"not_picked":["Dagger Throw","Bane","Dagger Spray"],"picked":"SKIP","floor":5.0},{"not_picked":["Outmaneuver","Accuracy"],"picked":"Tactician","floor":7.0},{"not_picked":["Blade Dance","Quick Slash"],"picked":"Storm of Steel","floor":8.0},{"not_picked":["Crippling Poison","Cloak And Dagger"],"picked":"Flechettes+1","floor":10.0},{"not_picked":["Dodge and Roll","Outmaneuver"],"picked":"Dash+1","floor":14.0}],"player_experience":902383,"relics_obtained":[{"floor":8.0,"key":"Whetstone"},{"floor":9.0,"key":"Molten Egg 2"}],"event_choices":[{"damage_healed":0.0,"max_hp_gain":0.0,"max_hp_loss":0.0,"gold_gain":0.0,"event_name":"Dead Adventurer","player_choice":"Searched \u00271\u0027 times","floor":12.0,"gold_loss":0.0,"damage_taken":0.0},{"damage_healed":24.0,"max_hp_gain":0.0,"max_hp_loss":0.0,"gold_gain":0.0,"event_name":"Wheel of Change","player_choice":"Full Heal","floor":13.0,"gold_loss":0.0,"damage_taken":0.0}],"is_beta":false,"boss_relics":[],"items_purged_floors":[],"is_endless":false,"potions_floor_spawned":[4,7,8],"killed_by":"Slime Boss","ascension_level":20}}