{"host":"eqvoimh73njwfgdh","time":1611349894,"event":{"mods":["AchievementEnabler","BaseMod","Better Altar","Better Match","Better Note","Better Sensory Stone","Better Skull","Better Third Choice","BetterRewards","Colored Powertips","Conspire","Energized Spire","Halation","Hubris","Infinite Spire","Minty Spire (QoL Compilation)","Permanent Neow","Rare Cards Sparkle","Relic Stats","Replay The Spire","Spicy Shops","StSLib","The Animator","The Blue Laboratory","vexMod"],"gold_per_floor":[130,32,32,48,60,60,73,108,108,108,139,139,139,167,167,272,272,303,303,303,303,314,345,345,376,376,396,419,419,34,46,46,143,143,153,113,113,124,124,124,149,149,175,190,190,222,252,268,268,218,218,218,20,46,146],"floor_reached":56,"language":"ENG","playtime":3901,"items_purged":[],"score":1610,"play_id":"c2cf4d1c-002d-43bd-9d00-8e7d93391849","local_time":"20210122221134","is_ascension_mode":true,"campfire_choices":[{"floor":6.0,"key":"RECALL"},{"data":"animator:Arpeggio","floor":10.0,"key":"SMITH"},{"floor":13.0,"key":"REST"},{"data":"animator:Shiro","floor":15.0,"key":"SMITH"},{"floor":24.0,"key":"REST"},{"floor":32.0,"key":"REST"},{"floor":40.0,"key":"REST"},{"floor":42.0,"key":"REST"},{"floor":45.0,"key":"REST"},{"data":"animator:Tatsumaki","floor":52.0,"key":"SMITH"}],"circlet_count":0,"master_deck":["animator:Strike_OwariNoSeraph","animator:Defend_OwariNoSeraph","animator:Strike","animator:Strike","animator:Strike+1","animator:Defend","animator:Defend","animator:Defend+1","animator:Shinoa","animator:Mikaela+1","animator:LeleiLaLalena","animator:DwarfShaman","animator:Priestess","animator:Priestess","animator:Arpeggio+1","animator:DwarfShaman","animator:Jibril","animator:Tatsumaki+1","Burn","animator:Shiro+1","animator:Sora","animator:Yuuichirou","infinitespire:Gouge","animator:Benimaru","animator:MetalKnight","animator:Shinoa","animator:Priestess","animator:MaesHughes","Pot Of Greed","Pot Of Greed+1","Pot Of Greed","animator:Mikaela+1","animator:GoblinSlayer","animator:Arpeggio","animator:DwarfShaman","animator:Benimaru","hubris:Fate","animator:ElricAlphonse+1","animator:Rimuru","Pot Of Greed","animator:Witch","ReplayTheSpireMod:Splinters","animator:MaesHughes","animator:Shion","animator:GazelDwargon","animator:Priestess+1"],"relics":["animator:LivingPicture","animator:TheMissingPiece","Bag of Preparation","halation:SelfBoilingWater","Bag of Marbles","Champion Belt","vexMod:BigBerry","Replay:Accelerometer","hubris:Metronome","infinitespire:CheckeredPen","hubris:Icosahedron","Bottled Tornado","Grinning Jar","energizedSpire:OgreHead","Replay:Bottled Snecko","Juzu Bracelet","ReplayTheSpireMod:TigerMarble","vexMod:BarristanHead","hubris:EmptyBottle","Whetstone"],"acts_visited":["Exordium","TheCity","TheBeyond","TheEnding"],"potions_floor_usage":[55,55,55,55],"damage_taken":[{"damage":0.0,"enemies":"2 Louse","floor":1.0,"turns":3.0},{"damage":0.0,"enemies":"Cultist","floor":4.0,"turns":4.0},{"damage":0.0,"enemies":"Jaw Worm","floor":5.0,"turns":4.0},{"damage":0.0,"enemies":"3 Louse","floor":7.0,"turns":4.0},{"damage":0.0,"enemies":"Lagavulin","floor":8.0,"turns":7.0},{"damage":14.0,"enemies":"Gremlin Nob","floor":11.0,"turns":4.0},{"damage":7.0,"enemies":"Lagavulin","floor":14.0,"turns":5.0},{"damage":30.0,"enemies":"The Guardian","floor":16.0,"turns":8.0},{"damage":3.0,"enemies":"Shell Parasite","floor":18.0,"turns":6.0},{"damage":1.0,"enemies":"Spheric Guardian","floor":22.0,"turns":3.0},{"damage":35.0,"enemies":"Book of Stabbing","floor":23.0,"turns":8.0},{"damage":11.0,"enemies":"conspire:SneckoGhost","floor":25.0,"turns":7.0},{"damage":13.0,"enemies":"Snake Plant","floor":27.0,"turns":4.0},{"damage":17.0,"enemies":"Centurion and Healer","floor":28.0,"turns":5.0},{"damage":12.0,"enemies":"Cultist and Chosen","floor":31.0,"turns":6.0},{"damage":37.0,"enemies":"Collector","floor":33.0,"turns":10.0},{"damage":17.0,"enemies":"3 Darklings","floor":35.0,"turns":3.0},{"damage":11.0,"enemies":"3 Shapes","floor":36.0,"turns":5.0},{"damage":41.0,"enemies":"Writhing Mass","floor":38.0,"turns":5.0},{"damage":10.0,"enemies":"Reptomancer","floor":41.0,"turns":4.0},{"damage":18.0,"enemies":"Spire Growth","floor":44.0,"turns":3.0},{"damage":17.0,"enemies":"Giant Head","floor":46.0,"turns":7.0},{"damage":4.0,"enemies":"4 Shapes","floor":48.0,"turns":2.0},{"damage":25.0,"enemies":"infinitespire:MassOfShapes","floor":50.0,"turns":7.0},{"damage":19,"enemies":"Shield and Spear","floor":54,"turns":4},{"damage":59,"enemies":"The Heart","floor":55,"turns":7}],"seed_played":"527119579611911161","potions_obtained":[{"floor":4.0,"key":"blueLaboratory:HummingbirdPotion"},{"floor":5.0,"key":"blueLaboratory:LouseDecoction"},{"floor":7.0,"key":"PowerPotion"},{"floor":16.0,"key":"SneckoOil"},{"floor":28.0,"key":"Block Potion"},{"floor":35.0,"key":"Toxic Potion"},{"floor":36.0,"key":"blueLaboratory:NullPotion"},{"floor":44.0,"key":"blueLaboratory:HummingbirdPotion"},{"floor":47.0,"key":"FairyPotion"},{"floor":47.0,"key":"SneckoOil"},{"floor":54,"key":"EssenceOfSteel"}],"is_trial":false,"path_per_floor":["M","$","?","M","M","R","M","E","T","R","E","?","R","E","R","B",null,"M","?","AVR","?","M","E","R","E","T","M","M","?","$","M","R","B",null,"M","M","?","M","AVR","R","E","R","T","M","R","E","?","M","R","B",null,"R","$","E","B",null],"character_chosen":"THE_ANIMATOR","items_purchased":["animator:DwarfShaman","animator:Priestess","Bottled Tornado","Grinning Jar","hubris:EmptyBottle","animator:GazelDwargon"],"campfire_rested":6,"item_purchase_floors":[2,2,30,30,53,53],"current_hp_per_floor":[66,66,66,66,67,67,67,67,67,67,53,53,67,60,60,30,88,85,85,85,85,84,49,78,67,67,54,37,37,37,25,54,17,77,60,49,49,8,8,37,28,57,57,43,72,55,55,51,80,55,87,87,87,68,9],"gold":146,"neow_bonus":"RANDOM_EVENT","is_daily":false,"chose_seed":false,"campfire_upgraded":3,"win_rate":0.0,"timestamp":1611349894,"path_taken":["M","$","?","M","?","R","M","E","T","R","E","?","R","E","R","BOSS","M","?","AVR","?","M","E","R","E","T","?","M","?","?","?","R","BOSS","M","M","?","?","AVR","R","E","R","T","M","R","E","?","M","R","BOSS","R","$","E","BOSS"],"items_purchased_type":["Card","Card","Relic","Relic","Relic","Card"],"build_version":"2020-12-22","purchased_purges":0,"victory":true,"max_hp_per_floor":[66,66,66,66,67,67,67,67,67,67,67,67,67,67,67,67,97,97,97,97,97,97,97,97,97,97,97,97,97,97,97,97,97,97,97,97,97,97,97,97,98,98,98,98,98,98,98,98,98,98,98,98,98,98,98],"relic_stats":{"counters":[26,134],"Bag of Preparation":[42],"Juzu Bracelet":0,"Champion Belt":[100],"Whetstone":["animator:Mikaela","animator:Strike"],"obtain_stats":[{"Replay:Accelerometer":20,"hubris:Metronome":23,"animator:TheMissingPiece":0,"Bag of Preparation":8,"energizedSpire:OgreHead":34,"Juzu Bracelet":41,"infinitespire:CheckeredPen":25,"Whetstone":54,"Bottled Tornado":30,"hubris:EmptyBottle":53,"halation:SelfBoilingWater":9,"hubris:Icosahedron":29,"vexMod:BarristanHead":46,"animator:LivingPicture":0,"Bag of Marbles":11,"ReplayTheSpireMod:TigerMarble":43,"Champion Belt":14,"Replay:Bottled Snecko":37,"Grinning Jar":30,"vexMod:BigBerry":17},{"Replay:Accelerometer":9,"hubris:Metronome":11,"animator:TheMissingPiece":0,"Bag of Preparation":5,"energizedSpire:OgreHead":16,"Juzu Bracelet":20,"infinitespire:CheckeredPen":12,"Whetstone":25,"Bottled Tornado":14,"hubris:EmptyBottle":24,"halation:SelfBoilingWater":5,"hubris:Icosahedron":14,"vexMod:BarristanHead":22,"animator:LivingPicture":0,"Bag of Marbles":6,"ReplayTheSpireMod:TigerMarble":20,"Champion Belt":7,"Replay:Bottled Snecko":18,"Grinning Jar":14,"vexMod:BigBerry":8},{"Replay:Accelerometer":44,"hubris:Metronome":55,"animator:TheMissingPiece":0,"Bag of Preparation":21,"energizedSpire:OgreHead":87,"Juzu Bracelet":104,"infinitespire:CheckeredPen":62,"Whetstone":127,"Bottled Tornado":71,"hubris:EmptyBottle":123,"halation:SelfBoilingWater":21,"hubris:Icosahedron":71,"vexMod:BarristanHead":114,"animator:LivingPicture":0,"Bag of Marbles":25,"ReplayTheSpireMod:TigerMarble":104,"Champion Belt":30,"Replay:Bottled Snecko":95,"Grinning Jar":71,"vexMod:BigBerry":38}]},"card_choices":[{"not_picked":["animator:TukaLunaMarceau","animator:YaoHaDucy"],"picked":"animator:LeleiLaLalena","floor":1.0},{"not_picked":["animator:Tet","animator:ElricAlphonse"],"picked":"animator:Priestess","floor":4.0},{"not_picked":["animator:YaoHaDucy","animator:ElricEdward"],"picked":"animator:Arpeggio","floor":5.0},{"not_picked":["animator:GuildGirl","animator:Spearman"],"picked":"animator:DwarfShaman","floor":7.0},{"not_picked":["animator:DolaRiku","animator:Kuribayashi"],"picked":"animator:Jibril","floor":8.0},{"not_picked":["animator:Father","animator:Shinoa"],"picked":"animator:Tatsumaki","floor":11.0},{"not_picked":["animator:GazelDwargon","animator:Millim"],"picked":"animator:Shiro","floor":14.0},{"not_picked":["animator:Rimuru","animator:Shizu"],"picked":"animator:Sora","floor":16.0},{"not_picked":["animator:Shigure","animator:Yoichi"],"picked":"animator:Yuuichirou","floor":18.0},{"not_picked":["infinitespire:Menacing","hubris:Rewind"],"picked":"infinitespire:Gouge","floor":19.0},{"not_picked":["animator:CowGirl","animator:Jibril"],"picked":"animator:Benimaru","floor":22.0},{"not_picked":["animator:Bozes","animator:Shinoa+1"],"picked":"animator:MetalKnight","floor":23.0},{"not_picked":["animator:CowGirl","animator:ItamiYouji"],"picked":"animator:Shinoa","floor":25.0},{"not_picked":["animator:LizardPriest","animator:Spearman"],"picked":"animator:Priestess","floor":27.0},{"not_picked":["animator:SilverFang+1","animator:Yoichi+1"],"picked":"animator:MaesHughes","floor":28.0},{"not_picked":["animator:Sloth","animator:Gluttony"],"picked":"animator:Mikaela+1","floor":31.0},{"not_picked":["animator:SwordMaiden","animator:Shizu"],"picked":"animator:GoblinSlayer","floor":33.0},{"not_picked":["animator:YaoHaDucy","animator:WinryRockbell"],"picked":"animator:Arpeggio","floor":35.0},{"not_picked":["animator:LizardPriest","animator:Spearman"],"picked":"animator:DwarfShaman","floor":36.0},{"not_picked":["animator:CowGirl+1","animator:GuildGirl"],"picked":"animator:Benimaru","floor":38.0},{"not_picked":["animator:Mikaela+1","animator:Melzalgald+1"],"picked":"animator:ElricAlphonse+1","floor":41.0},{"not_picked":["animator:Tyuule+1","animator:Scar"],"picked":"animator:Rimuru","floor":44.0},{"not_picked":["animator:Spearman","animator:LizardPriest"],"picked":"animator:Witch","floor":46.0},{"not_picked":["animator:RoyMustang","animator:Tyuule+1"],"picked":"animator:MaesHughes","floor":47.0},{"not_picked":["animator:Geryuganshoop","animator:SilverFang"],"picked":"animator:Shion","floor":48.0},{"not_picked":["animator:TukaLunaMarceau+1","animator:Benimaru"],"picked":"animator:Priestess+1","floor":54}],"player_experience":150925,"relics_obtained":[{"floor":8.0,"key":"Bag of Preparation"},{"floor":9.0,"key":"halation:SelfBoilingWater"},{"floor":11.0,"key":"Bag of Marbles"},{"floor":14.0,"key":"Champion Belt"},{"floor":23.0,"key":"hubris:Metronome"},{"floor":25.0,"key":"infinitespire:CheckeredPen"},{"floor":41.0,"key":"Juzu Bracelet"},{"floor":43.0,"key":"ReplayTheSpireMod:TigerMarble"},{"floor":46.0,"key":"vexMod:BarristanHead"},{"floor":54,"key":"Whetstone"}],"event_choices":[{"damage_healed":0.0,"max_hp_gain":0.0,"max_hp_loss":0.0,"gold_gain":0.0,"event_name":"Purifier","player_choice":"Ignored","floor":3.0,"gold_loss":0.0,"damage_taken":0.0},{"damage_healed":53.0,"max_hp_gain":0.0,"max_hp_loss":67.0,"gold_gain":0.0,"event_name":"betterThird:BetterShining","player_choice":"Embrace Burn","floor":12.0,"gold_loss":0.0,"damage_taken":0.0},{"cards_removed":["conspire:Blindness","hubris:Disease"],"damage_healed":0.0,"max_hp_gain":0.0,"max_hp_loss":0.0,"gold_gain":0.0,"event_name":"Fountain of Cleansing","player_choice":"Removed Curses","floor":21.0,"gold_loss":0.0,"damage_taken":0.0},{"damage_healed":0.0,"max_hp_gain":0.0,"max_hp_loss":0.0,"gold_gain":0.0,"event_name":"WeMeetAgain","player_choice":"Gave Potion","floor":37.0,"gold_loss":0.0,"damage_taken":0.0,"relics_obtained":["Replay:Bottled Snecko"]}],"is_beta":false,"boss_relics":[{"not_picked":["animator:CursedBlade","vexMod:MegatonBomb"],"picked":"vexMod:BigBerry"},{"not_picked":["Replay:Wanted Poster","halation:ForbiddenBikini"],"picked":"energizedSpire:OgreHead"}],"items_purged_floors":[],"is_endless":false,"potions_floor_spawned":[4,5,7,16,18,28,35,36,44,48,54],"ascension_level":5}}