{"host":"px2oznrenyeljk7o","time":1611340696,"event":{"mods":["100% Spire Juice","A Magickal Journey","A Penny For Your Troubles","AchievementEnabler","Arknights The Spire","BaseMod","Better Altar","Better Match","Better Note","Better Sensory Stone","Better Third Choice","ChefMod","Colored Map","Conspire","Curses Come First","Evolution","GifTheSpireLib","GungeonMod","Hermit","KinomotoSakuraMod(????)","Koishi","Lobotomy","LobotomyExtend","Marisa????????","Minty Spire (QoL Compilation)","Nova Terra(??·??)","Poor People Problems","Potionbrewer","Random Character Button","Rare Cards Sparkle","Reimu??????","Replay The Spire","Robot Space Explorer","Small Relic Pack","Somnambulant","Spicy Shops","StSLib","Stuff the Spire","The Administrix","The Alterego","The Animator","The Blackbeard","The Blue Laboratory","The Bug Knight","The Construct","The Cursed","The Disciple","The Gatherer","The Hayseed","The Hierophant","The Jungle","The Marked","The Runesmith","The Servant 0.9.4","TheWitcher","Yakumo Yukari mod","Yuri Mod","everything is the same but u backflip on backflip","slay the spire mod where everything is the same but ironclad has a cowboy hat","??????REMEMod"],"gold_per_floor":[114,131,141,155,174,174,193,193,193,118,136,151,180,46,46,146,146,165,165,165],"floor_reached":19,"language":"ENG","playtime":3148,"items_purged":[],"score":173,"play_id":"3baabd48-4891-4463-8e78-f29793a49e2c","local_time":"20210122193816","is_ascension_mode":false,"campfire_choices":[{"floor":6,"key":"REST"},{"data":"PathToVictory","floor":8,"key":"SMITH"},{"floor":15,"key":"DIG"}],"circlet_count":0,"master_deck":["Strike_P","Strike_P","Strike_P","Strike_P","Defend_P","Defend_P","Defend_P","Defend_P","Eruption","Vigilance","Magicka:FireLongswordCard","EmptyFist","Perseverance","CrushJoints","PathToVictory+1","Replay:LoomingThreat","Consecrate","Study+1","Replay:ManipulateFuture","SandsOfTime","Collect","Halt","Evaluate","Adaptation","Ragnarok","Protect"],"relics":["PureWater","EVO:Axolotl","REME_ComplimentaryCards","LetterFromLob","Ice Cream","DemoMod:WeirdEgg"],"acts_visited":["Exordium","TheCity"],"potions_floor_usage":[4,12,16,16,19],"damage_taken":[{"damage":0,"enemies":"conspire:RoseBush","floor":1,"turns":3},{"damage":0,"enemies":"Cultist","floor":2,"turns":3},{"damage":0,"enemies":"2 Louse","floor":3,"turns":4},{"damage":10,"enemies":"Blue Slaver","floor":4,"turns":3},{"damage":8,"enemies":"Red Slaver","floor":5,"turns":3},{"damage":0,"enemies":"Looter","floor":7,"turns":3},{"damage":3,"enemies":"conspire:2 RoseBushes","floor":11,"turns":6},{"damage":2,"enemies":"Exordium Thugs","floor":12,"turns":4},{"damage":23,"enemies":"3 Sentries","floor":13,"turns":8},{"damage":6,"enemies":"Slime Boss","floor":16,"turns":7},{"damage":17,"enemies":"Shell Parasite","floor":18,"turns":7},{"damage":58,"enemies":"conspire:FuzzyDice","floor":19,"turns":3}],"seed_played":"4433089296763397747","potions_obtained":[{"floor":0,"key":"LiquidBronze"},{"floor":1,"key":"Regen Potion"},{"floor":7,"key":"potionbrewer:HastePotion"},{"floor":13,"key":"AttackPotion"},{"floor":16,"key":"construct:ShiftPotion"},{"floor":18,"key":"potionbrewer:DiscountPotion"}],"is_trial":false,"path_per_floor":["M","M","M","M","M","R","M","R","T","?","M","M","E","$","R_BF","B",null,"M","M"],"character_chosen":"WATCHER","items_purchased":["Halt","Evaluate","Adaptation"],"campfire_rested":1,"item_purchase_floors":[14,14,14],"current_hp_per_floor":[72,72,72,62,54,72,72,72,72,72,69,67,44,44,44,53,72,55,0,0],"gold":165,"neow_bonus":"THREE_SMALL_POTIONS","is_daily":false,"chose_seed":false,"campfire_upgraded":1,"win_rate":0.0,"timestamp":1611340696,"path_taken":["M","M","M","M","M","R","M","R","T","?","M","M","E","$","R_BF","BOSS","M","M"],"items_purchased_type":["Card","Card","Card"],"build_version":"2020-12-22","purchased_purges":0,"victory":false,"max_hp_per_floor":[72,72,72,72,72,72,72,72,72,72,72,72,72,72,72,72,72,72,72,72],"card_choices":[{"not_picked":["SashWhip","FlurryOfBlows"],"picked":"EmptyFist","floor":1},{"not_picked":["Replay:AtTheReady","Prostrate"],"picked":"Perseverance","floor":2},{"not_picked":["FlurryOfBlows","InnerPeace"],"picked":"CrushJoints","floor":3},{"not_picked":["FlyingSleeves","LikeWater"],"picked":"PathToVictory","floor":4},{"not_picked":["Replay:BluntJabs","FlurryOfBlows"],"picked":"Replay:LoomingThreat","floor":5},{"not_picked":["Vengeance","SashWhip"],"picked":"Consecrate","floor":7},{"not_picked":["REME_MusicOfDeath+1","EmptyMind+1"],"picked":"Study+1","floor":10},{"not_picked":["Prostrate","Weave"],"picked":"Replay:ManipulateFuture","floor":11},{"not_picked":["Replay:Vibes","EmptyFist"],"picked":"SandsOfTime","floor":12},{"not_picked":["Crescendo","Adaptation"],"picked":"Collect","floor":13},{"not_picked":["LessonLearned","Establishment"],"picked":"Ragnarok","floor":16},{"not_picked":["Crescendo","Replay:Vibes"],"picked":"Protect","floor":18}],"player_experience":516476,"relics_obtained":[{"floor":1,"key":"LetterFromLob"},{"floor":13,"key":"Ice Cream"},{"floor":15,"key":"DemoMod:WeirdEgg"}],"event_choices":[{"damage_healed":0,"gold_gain":0,"player_choice":"2","damage_taken":0,"max_hp_gain":0,"max_hp_loss":0,"event_name":"betterMatch:BetterMatch","floor":10,"gold_loss":0,"cards_obtained":["betterMatch:UncommonCard"]}],"is_beta":false,"boss_relics":[{"not_picked":["Runesmith:UraniumAnvil","Philosopher\u0027s Stone","Sozu"]}],"items_purged_floors":[],"is_endless":false,"potions_floor_spawned":[1,7,13,16,18],"killed_by":"conspire:FuzzyDice","ascension_level":0}}