{"host":"l7l2v2zs4hqku4vk","time":1611314043,"event":{"mods":["Act Like it!","BaseMod","Colored Powertips","Highlight Path","Minty Spire (QoL Compilation)","Replay The Spire","RumiaBox-露米娅的神秘盒子","StSLib","TestMod","The Servant 0.9.4","篝火指南"],"gold_per_floor":[114,114,39,39,39,73,73,102,127,160,160,171,171,171,171,254,254,272,294,209,229,250,278,278,309,309,350,367,292,212,233,233,324,324,340,368,368,388,388,424,445,486,486,521,521,521,555,584,584,589,589],"floor_reached":50,"language":"ZHS","playtime":1885,"items_purged":["Strike_R"],"score":1418,"play_id":"03bc4fb7-9cf9-417e-b5f7-6cff78885340","local_time":"20210122191403","is_ascension_mode":true,"campfire_choices":[{"data":"Carnage","floor":7.0,"key":"SMITH"},{"data":"Body Slam","floor":13.0,"key":"SMITH"},{"data":"Pommel Strike","floor":15.0,"key":"SMITH"},{"data":"Armaments","floor":24.0,"key":"SMITH"},{"floor":32.0,"key":"RECALL"},{"data":"Demon Form","floor":46,"key":"SMITH"},{"data":"Limit Break","floor":49,"key":"SMITH"}],"circlet_count":0,"master_deck":["AscendersBane","Strike_R","Strike_R+1","Defend_R","Defend_R","Defend_R","Defend_R","Bash+1","Pommel Strike+1","Cleave+1","Carnage+1","Body Slam+1","Feed","Flex","Immolate","Armaments+1","True Grit","Rage+1","Rampage","Shrug It Off+1","Offering","Limit Break+1","Battle Trance","Demon Form+1","Spot Weakness+1","Berserk"],"relics":["Burning Blood","testmod-TestBox","testmod-Fanaticism","Pantograph","PreservedInsect","testmod-Acrobat","Akabeko","Mark of Pain","testmod-IndustrialRevolution","Paper Frog","Ccalipers","Whetstone","Replay:Grab Bag","Philosopher\u0027s Stone","Runic Dome","testmod-EnergyCheck","testmod-FatalChain","Bag of Preparation","Dream Catcher","Mercury Hourglass","Bottled Flame","MagicDraw4","ZombieArmy"],"acts_visited":["Exordium","TheCity","TheBeyond"],"potions_floor_usage":[33,33,50],"damage_taken":[{"damage":19.0,"enemies":"Jaw Worm","floor":1.0,"turns":2.0},{"damage":15.0,"enemies":"Lagavulin","floor":6.0,"turns":3.0},{"damage":15.0,"enemies":"3 Sentries","floor":8.0,"turns":3.0},{"damage":16.0,"enemies":"Replay:BlueRogue","floor":10.0,"turns":2.0},{"damage":7.0,"enemies":"2 Louse","floor":12.0,"turns":2.0},{"damage":38.0,"enemies":"Hexaghost","floor":16.0,"turns":4.0},{"damage":17.0,"enemies":"2 Thieves","floor":18.0,"turns":2.0},{"damage":42.0,"enemies":"Shell Parasite","floor":19.0,"turns":2.0},{"damage":44.0,"enemies":"Snecko","floor":21.0,"turns":4.0},{"damage":41.0,"enemies":"Centurion and Healer","floor":22.0,"turns":5.0},{"damage":0.0,"enemies":"Gremlin Leader","floor":23.0,"turns":4.0},{"damage":37.0,"enemies":"Slavers","floor":25.0,"turns":2.0},{"damage":47.0,"enemies":"Gremlin Leader","floor":27.0,"turns":5.0},{"damage":44.0,"enemies":"Snake Plant","floor":28.0,"turns":2.0},{"damage":6.0,"enemies":"Snecko","floor":31.0,"turns":2.0},{"damage":114,"enemies":"Champ","floor":33,"turns":8},{"damage":19,"enemies":"Orb Walker","floor":35,"turns":2},{"damage":6,"enemies":"Mind Bloom Boss Battle","floor":36,"turns":3},{"damage":39,"enemies":"3 Darklings","floor":38,"turns":3},{"damage":40,"enemies":"Giant Head","floor":40,"turns":5},{"damage":0,"enemies":"Jaw Worm Horde","floor":41,"turns":1},{"damage":105,"enemies":"Nemesis","floor":42,"turns":7},{"damage":6,"enemies":"R_Hoarder","floor":44,"turns":4},{"damage":28,"enemies":"Giant Head","floor":47,"turns":4},{"damage":59,"enemies":"Transient","floor":48,"turns":6},{"damage":125,"enemies":"Replay:Hell Engine","floor":50,"turns":3}],"seed_played":"-3307014270275067312","potions_obtained":[{"floor":6.0,"key":"Weak Potion"},{"floor":8.0,"key":"Explosive Potion"},{"floor":10.0,"key":"Strength Potion"},{"floor":19.0,"key":"Toxic Potion"},{"floor":25.0,"key":"Adrenaline Potion"},{"floor":33,"key":"ColorlessPotion"},{"floor":38,"key":"Venom Potion"}],"is_trial":false,"path_per_floor":["M","?","?","?","?","E","R","E","T","E","?","M","R","?","R","B",null,"M","M","?","M","M","E","R","E","T","E","M","$","?","M","R","B",null,"M","?","?","M","?","E","M","E","T","E","T","R","E","M","R","B"],"character_chosen":"IRONCLAD","items_purchased":[],"campfire_rested":0,"item_purchase_floors":[],"current_hp_per_floor":[64,64,64,46,46,39,39,44,44,44,44,44,44,44,44,75,75,74,66,66,44,78,81,81,84,84,80,82,82,82,87,87,87,87,87,90,90,90,90,90,90,90,90,90,90,90,90,90,90,0,0],"gold":589,"neow_bonus":"THREE_CARDS","is_daily":false,"chose_seed":false,"campfire_upgraded":6,"win_rate":0.0,"timestamp":1611314043,"path_taken":["M","?","?","?","?","E","R","E","T","E","?","?","R","?","R","BOSS","M","M","?","M","M","E","R","E","T","E","M","$","?","M","R","BOSS","M","?","?","M","?","E","M","E","T","E","?","R","E","M","R","BOSS"],"items_purchased_type":[],"build_version":"2020-12-22","purchased_purges":1,"victory":false,"max_hp_per_floor":[75,75,75,75,75,75,75,75,75,75,75,75,75,75,75,75,75,78,78,78,78,78,81,81,84,84,87,87,87,87,87,87,87,87,87,90,90,90,90,90,90,90,90,90,90,90,90,90,90,90,90],"card_choices":[{"not_picked":["Wild Strike","Twin Strike"],"picked":"Pommel Strike","floor":0.0},{"not_picked":["ReplayTheSpireMod:Muscle Training","Replay:Undeath\u0027s Touch"],"picked":"Cleave","floor":1.0},{"not_picked":["Inflame","Second Wind"],"picked":"Carnage","floor":6.0},{"not_picked":["Seeing Red","Perfected Strike"],"picked":"Body Slam","floor":8.0},{"not_picked":["Battle Trance","Anger"],"picked":"Feed","floor":10.0},{"not_picked":["Heavy Blade","Power Through"],"picked":"Flex","floor":12.0},{"not_picked":["Eclipse","Bludgeon"],"picked":"Immolate","floor":16.0},{"not_picked":["Burning Pact","ReplayTheSpireMod:Stacked"],"picked":"Armaments","floor":18.0},{"not_picked":["Rage","Flame Barrier"],"picked":"True Grit","floor":19.0},{"not_picked":["ReplayTheSpireMod:Stacked","Sever Soul"],"picked":"Rage+1","floor":21.0},{"not_picked":["Abandon+1","Headbutt"],"picked":"Rampage","floor":22.0},{"not_picked":["Life Link","True Grit","ReplayTheSpireMod:Muscle Training"],"picked":"SKIP","floor":23.0},{"not_picked":["Replay:Undeath\u0027s Touch","Twin Strike+1"],"picked":"Shrug It Off+1","floor":25.0},{"not_picked":["Searing Blow","Burning Pact"],"picked":"Offering","floor":27.0},{"not_picked":["Iron Wave","Flame Barrier","Feel No Pain"],"picked":"SKIP","floor":28.0},{"not_picked":["Clash","Wild Strike","Headbutt+1"],"picked":"SKIP","floor":31.0},{"not_picked":["Offering","Brutality"],"picked":"Limit Break","floor":33},{"not_picked":["Thunderclap","Armaments+1","Clothesline"],"picked":"SKIP","floor":35},{"not_picked":["Flex","Pommel Strike"],"picked":"Battle Trance","floor":36},{"not_picked":["Shrug It Off+1","ReplayTheSpireMod:Limb From Limb"],"picked":"Demon Form","floor":38},{"not_picked":["Twin Strike","Sword Boomerang","True Grit"],"picked":"SKIP","floor":40},{"not_picked":["Armaments","Battle Trance","Hemogenesis"],"picked":"SKIP","floor":41},{"not_picked":["ReplayTheSpireMod:Strike From Hell+1","Body Slam+1","Cleave+1"],"picked":"SKIP","floor":42},{"not_picked":["Armaments","Twin Strike"],"picked":"Spot Weakness+1","floor":44},{"not_picked":["Armaments","Headbutt+1"],"picked":"Berserk","floor":47},{"not_picked":["Headbutt","Thunderclap","Replay:Undeath\u0027s Touch"],"picked":"SKIP","floor":48}],"player_experience":1723670,"relics_obtained":[{"floor":6.0,"key":"PreservedInsect"},{"floor":8.0,"key":"testmod-Acrobat"},{"floor":9.0,"key":"Akabeko"},{"floor":23.0,"key":"Paper Frog"},{"floor":25.0,"key":"Ccalipers"},{"floor":27.0,"key":"Whetstone"},{"floor":36,"key":"testmod-FatalChain"},{"floor":40,"key":"Bag of Preparation"},{"floor":42,"key":"Dream Catcher"},{"floor":43,"key":"Mercury Hourglass"},{"floor":44,"key":"Bottled Flame"},{"floor":45,"key":"MagicDraw4"},{"floor":47,"key":"ZombieArmy"}],"event_choices":[{"cards_removed":["Strike_R"],"damage_healed":0.0,"max_hp_gain":0.0,"max_hp_loss":0.0,"gold_gain":0.0,"event_name":"The Cleric","player_choice":"Card Removal","floor":3.0,"gold_loss":75.0,"damage_taken":0.0},{"damage_healed":0.0,"max_hp_gain":0.0,"max_hp_loss":0.0,"gold_gain":0.0,"event_name":"Scrap Ooze","player_choice":"Success","floor":4.0,"gold_loss":0.0,"damage_taken":18.0,"relics_obtained":["Pantograph"]},{"damage_healed":0.0,"max_hp_gain":0.0,"max_hp_loss":0.0,"gold_gain":0.0,"event_name":"Living Wall","player_choice":"Grow","floor":5.0,"gold_loss":0.0,"damage_taken":0.0,"cards_upgraded":["Cleave"]},{"damage_healed":0.0,"max_hp_gain":0.0,"max_hp_loss":0.0,"gold_gain":0.0,"event_name":"Liars Game","player_choice":"Ignored","floor":14.0,"gold_loss":0.0,"damage_taken":0.0},{"damage_healed":0.0,"max_hp_gain":0.0,"max_hp_loss":0.0,"gold_gain":0.0,"event_name":"Addict","player_choice":"Obtained Relic","floor":20.0,"gold_loss":85.0,"damage_taken":0.0,"relics_obtained":["testmod-IndustrialRevolution"]},{"damage_healed":0,"gold_gain":0,"player_choice":"Fight","damage_taken":0,"max_hp_gain":0,"max_hp_loss":0,"event_name":"MindBloom","floor":36,"gold_loss":0},{"damage_healed":0,"gold_gain":0,"player_choice":"Ignored","damage_taken":0,"max_hp_gain":0,"max_hp_loss":0,"event_name":"Tomb of Lord Red Mask","floor":37,"gold_loss":0},{"damage_healed":0,"gold_gain":0,"player_choice":"Ignored","damage_taken":0,"max_hp_gain":0,"max_hp_loss":0,"event_name":"给自己的盒子","floor":39,"gold_loss":0}],"is_beta":false,"boss_relics":[{"not_picked":["testmod-Nine","Snecko Eye"],"picked":"Mark of Pain"},{"not_picked":["Painkiller Herb","Ring of Chaos"],"picked":"Replay:Grab Bag"},{"not_picked":["Fusion Hammer","Ooze Armor"],"picked":"Philosopher\u0027s Stone"},{"not_picked":["SlaversCollar","Velvet Choker"],"picked":"Runic Dome"},{"not_picked":["Runic Pyramid","SoulBox"],"picked":"testmod-EnergyCheck"}],"items_purged_floors":[29],"is_endless":false,"potions_floor_spawned":[6,8,10,19,21,25,27,33,38,42,47],"killed_by":"Replay:Hell Engine","ascension_level":20}}