{"host":"5p9hybygolzp0efr","time":1611321445,"event":{"mods":["AchievementEnabler","BaseMod","Bestiary","Colored Map","Googly Eyes","Minty Spire (QoL Compilation)","Permanent Neow","Relic Stats"],"gold_per_floor":[115,127,127,90,101,136,136,166,166,166,195,95,112,128,128,231,531,543,310,310,235,53,87,87,118,118,38,53,53,63,76,76,178,178,197,197,212,222,71,71,88,113,113,113,130,130,130,149,149,149,149,149,3,3,3],"floor_reached":54,"language":"ENG","playtime":3265,"items_purged":[],"score":761,"play_id":"019b7525-e5de-42b9-b8dd-71edaeeef3c3","local_time":"20210122211725","is_ascension_mode":true,"campfire_choices":[{"floor":7.0,"key":"REST"},{"data":"Doom and Gloom","floor":10.0,"key":"SMITH"},{"floor":15.0,"key":"REST"},{"floor":24.0,"key":"REST"},{"floor":32.0,"key":"RECALL"},{"floor":40,"key":"REST"},{"data":"Buffer","floor":44,"key":"SMITH"},{"floor":46,"key":"REST"},{"floor":49,"key":"REST"},{"data":"Loop","floor":52,"key":"SMITH"}],"circlet_count":0,"master_deck":["Zap","Dualcast+1","Conserve Battery","Coolheaded+1","Doom and Gloom+1","Auto Shields","Barrage","Coolheaded","Gash","White Noise","Biased Cognition","Undo","Buffer+1","Biased Cognition","Static Discharge","Cold Snap+1","Electrodynamics","Self Repair","Compile Driver","Creative AI","Defragment","Defragment+1","Loop+1","Hologram","Glacier","Stack+1","Pain","Darkness+1"],"relics":["SacredBark","Strawberry","Blue Candle","Oddly Smooth Stone","Question Card","Calling Bell","Boot","White Beast Statue","Old Coin","DollysMirror","Enchiridion","OrangePellets","Ancient Tea Set","Pocketwatch","Pandora\u0027s Box","Bronze Scales","Blood Vial","Meat on the Bone","WarpedTongs","War Paint"],"acts_visited":["Exordium","TheCity","TheBeyond","TheEnding"],"potions_floor_usage":[38,42,42,50],"damage_taken":[{"damage":0.0,"enemies":"2 Louse","floor":1.0,"turns":2.0},{"damage":4.0,"enemies":"Cultist","floor":2.0,"turns":4.0},{"damage":1.0,"enemies":"Jaw Worm","floor":5.0,"turns":6.0},{"damage":54.0,"enemies":"Gremlin Nob","floor":6.0,"turns":7.0},{"damage":12.0,"enemies":"3 Sentries","floor":8.0,"turns":7.0},{"damage":24.0,"enemies":"Gremlin Nob","floor":11.0,"turns":5.0},{"damage":1.0,"enemies":"2 Fungi Beasts","floor":13.0,"turns":3.0},{"damage":7.0,"enemies":"Lots of Slimes","floor":14.0,"turns":4.0},{"damage":16.0,"enemies":"The Guardian","floor":16.0,"turns":13.0},{"damage":11.0,"enemies":"Shell Parasite","floor":18.0,"turns":11.0},{"damage":49.0,"enemies":"Slavers","floor":23.0,"turns":6.0},{"damage":27.0,"enemies":"Gremlin Leader","floor":25.0,"turns":7.0},{"damage":0.0,"enemies":"Spheric Guardian","floor":28.0,"turns":3.0},{"damage":6.0,"enemies":"3 Cultists","floor":30.0,"turns":3.0},{"damage":6.0,"enemies":"Centurion and Healer","floor":31.0,"turns":10.0},{"damage":47.0,"enemies":"Collector","floor":33.0,"turns":8.0},{"damage":18.0,"enemies":"3 Shapes","floor":35.0,"turns":3.0},{"damage":19.0,"enemies":"3 Darklings","floor":37.0,"turns":4.0},{"damage":34,"enemies":"Jaw Worm Horde","floor":38,"turns":6},{"damage":2,"enemies":"4 Shapes","floor":41,"turns":2},{"damage":15,"enemies":"Reptomancer","floor":42,"turns":7},{"damage":16,"enemies":"3 Darklings","floor":45,"turns":2},{"damage":21,"enemies":"Spire Growth","floor":48,"turns":8},{"damage":55,"enemies":"Awakened One","floor":50,"turns":16},{"damage":80,"enemies":"Shield and Spear","floor":54,"turns":5}],"seed_played":"8698354845675457355","potions_obtained":[{"floor":2.0,"key":"Weak Potion"},{"floor":5.0,"key":"SmokeBomb"},{"floor":8.0,"key":"SneckoOil"},{"floor":18.0,"key":"LiquidMemories"},{"floor":23.0,"key":"Explosive Potion"},{"floor":28.0,"key":"FocusPotion"},{"floor":30.0,"key":"BlessingOfTheForge"},{"floor":33.0,"key":"ColorlessPotion"},{"floor":37.0,"key":"Explosive Potion"},{"floor":38,"key":"Ancient Potion"},{"floor":42,"key":"Block Potion"},{"floor":45,"key":"GamblersBrew"}],"is_trial":false,"path_per_floor":["M","M","?","$","M","E","R","E","T","R","E","$","M","M","R","B",null,"M","$","?","?","$","E","R","E","T","$","M","?","M","M","R","B",null,"M","?","M","M","$","R","M","E","T","R","M","R","?","M","R","B",null,"R","$","E"],"character_chosen":"DEFECT","items_purchased":["Doom and Gloom","PowerPotion","Block Potion","Buffer","DollysMirror","OrangePellets","Static Discharge","Self Repair","Bronze Scales","War Paint"],"campfire_rested":6,"item_purchase_floors":[4,12,12,19,19,22,22,27,39,53],"current_hp_per_floor":[75,71,71,71,70,23,47,35,35,35,11,11,10,3,27,11,82,71,71,55,55,55,6,30,3,3,3,10,82,82,82,82,35,82,64,64,45,18,18,41,39,31,31,31,29,52,52,52,75,44,78,78,78,0,0],"gold":3,"neow_bonus":"BOSS_RELIC","is_daily":false,"chose_seed":false,"campfire_upgraded":3,"win_rate":0.0,"timestamp":1611321445,"path_taken":["M","M","?","$","M","E","R","E","T","R","E","$","M","?","R","BOSS","M","?","?","?","$","E","R","E","T","$","M","?","?","?","R","BOSS","M","?","M","M","$","R","M","E","T","R","M","R","?","?","R","BOSS","R","$","E"],"items_purchased_type":["Card","Potion","Potion","Card","Relic","Relic","Card","Card","Relic","Relic"],"build_version":"2020-12-22","purchased_purges":0,"victory":false,"max_hp_per_floor":[75,75,75,75,75,82,82,82,82,82,82,82,82,82,82,82,82,82,82,82,82,82,82,82,82,82,82,82,82,82,82,82,82,82,82,78,78,78,78,78,78,78,78,78,78,78,78,78,78,78,78,78,78,78,78],"relic_stats":{"counters":[25,152],"Blue Candle":[0],"War Paint":["Dualcast","Coolheaded"],"Question Card":18,"Boot":[49],"WarpedTongs":[29],"Blood Vial":6,"OrangePellets":[25],"Bronze Scales":[154],"Pandora\u0027s Box":["Reprogram","Force Field","Reinforced Body","Undo","Hyperbeam","Rebound"],"obtain_stats":[{"SacredBark":0,"Blue Candle":8,"Oddly Smooth Stone":9,"Enchiridion":20,"War Paint":53,"Question Card":11,"Boot":17,"Ancient Tea Set":23,"White Beast Statue":17,"Old Coin":17,"WarpedTongs":47,"Calling Bell":17,"Blood Vial":42,"OrangePellets":22,"DollysMirror":19,"Strawberry":6,"Bronze Scales":39,"Pandora\u0027s Box":34,"Cracked Core":0,"Pocketwatch":25,"Meat on the Bone":43},{"SacredBark":0,"Blue Candle":5,"Oddly Smooth Stone":5,"Enchiridion":10,"War Paint":24,"Question Card":6,"Boot":9,"Ancient Tea Set":11,"White Beast Statue":9,"Old Coin":9,"WarpedTongs":22,"Calling Bell":9,"Blood Vial":21,"OrangePellets":10,"DollysMirror":10,"Strawberry":4,"Bronze Scales":19,"Pandora\u0027s Box":16,"Cracked Core":0,"Pocketwatch":12,"Meat on the Bone":21},{"SacredBark":0,"Blue Candle":26,"Oddly Smooth Stone":26,"Enchiridion":62,"War Paint":147,"Question Card":31,"Boot":51,"Ancient Tea Set":68,"White Beast Statue":51,"Old Coin":51,"WarpedTongs":123,"Calling Bell":51,"Blood Vial":121,"OrangePellets":62,"DollysMirror":62,"Strawberry":19,"Bronze Scales":112,"Pandora\u0027s Box":99,"Cracked Core":0,"Pocketwatch":75,"Meat on the Bone":121}],"Pocketwatch":[101],"Meat on the Bone":36},"card_choices":[{"not_picked":["Compile Driver","Leap"],"picked":"Conserve Battery","floor":1.0},{"not_picked":["Steam","Stack"],"picked":"Coolheaded","floor":2.0},{"not_picked":["Reinforced Body","Ball Lightning"],"picked":"Auto Shields","floor":5.0},{"not_picked":["Rebound","Aggregate"],"picked":"FTL","floor":6.0},{"not_picked":["Tempest","Scrape"],"picked":"Barrage","floor":8.0},{"not_picked":["Beam Cell","Hello World"],"picked":"Coolheaded","floor":11.0},{"not_picked":["Blizzard","Compile Driver","Self Repair"],"picked":"Gash","floor":13.0},{"not_picked":["Barrage","Beam Cell","Conserve Battery"],"picked":"White Noise","floor":14.0},{"not_picked":["Core Surge","Reboot","Creative AI"],"picked":"Biased Cognition","floor":16.0},{"not_picked":["Streamline","Coolheaded","Reboot"],"picked":"Undo","floor":18.0},{"not_picked":["Force Field","Leap","Ball Lightning"],"picked":"Cold Snap+1","floor":23.0},{"not_picked":["Leap","Fusion","Defragment"],"picked":"Electrodynamics","floor":25.0},{"not_picked":["Cold Snap","Rebound","Hologram"],"picked":"Compile Driver","floor":28.0},{"not_picked":["Steam","Undo","Streamline+1","Aggregate"],"picked":"SKIP","floor":30.0},{"not_picked":["Cold Snap","Buffer","Recycle","Steam+1"],"picked":"SKIP","floor":31.0},{"not_picked":["Electrodynamics","Thunder Strike","Multi-Cast"],"picked":"Creative AI","floor":33.0},{"not_picked":["Hologram+1","Barrage+1","Redo"],"picked":"Defragment","floor":35.0},{"not_picked":["Compile Driver","Coolheaded","Turbo+1"],"picked":"Defragment+1","floor":37.0},{"not_picked":["Go for the Eyes","Electrodynamics","Sweeping Beam+1"],"picked":"Loop","floor":38},{"not_picked":["Steam","Chill","Redo"],"picked":"Hologram","floor":41},{"not_picked":["Ball Lightning+1","Stack","Beam Cell"],"picked":"Glacier","floor":42},{"not_picked":["Gash","Coolheaded+1","Go for the Eyes"],"picked":"Stack+1","floor":45},{"not_picked":["Steam","BootSequence+1","Multi-Cast"],"picked":"Darkness+1","floor":48}],"player_experience":489259,"relics_obtained":[{"floor":6.0,"key":"Strawberry"},{"floor":8.0,"key":"Blue Candle"},{"floor":9.0,"key":"Oddly Smooth Stone"},{"floor":11.0,"key":"Question Card"},{"floor":17.0,"key":"Boot"},{"floor":17.0,"key":"White Beast Statue"},{"floor":17.0,"key":"Old Coin"},{"floor":20.0,"key":"Enchiridion"},{"floor":23.0,"key":"Ancient Tea Set"},{"floor":25.0,"key":"Pocketwatch"},{"floor":42,"key":"Blood Vial"},{"floor":43,"key":"Meat on the Bone"}],"event_choices":[{"cards_removed":["Strike_B"],"damage_healed":0.0,"max_hp_gain":0.0,"max_hp_loss":0.0,"gold_gain":0.0,"event_name":"Wheel of Change","player_choice":"Card Removal","floor":3.0,"gold_loss":0.0,"damage_taken":0.0},{"damage_healed":0.0,"max_hp_gain":0.0,"max_hp_loss":0.0,"gold_gain":0.0,"event_name":"Cursed Tome","player_choice":"Obtained Book","floor":20.0,"gold_loss":0.0,"damage_taken":16.0},{"cards_removed":["Strike_B"],"damage_healed":0.0,"max_hp_gain":0.0,"max_hp_loss":0.0,"gold_gain":0.0,"event_name":"Beggar","player_choice":"Gave Gold","floor":21.0,"gold_loss":75.0,"damage_taken":0.0},{"cards_removed":["FTL"],"damage_healed":72.0,"max_hp_gain":0.0,"max_hp_loss":0.0,"gold_gain":0.0,"event_name":"Bonfire Elementals","player_choice":"Offered Uncommon","floor":29.0,"gold_loss":0.0,"damage_taken":0.0},{"damage_healed":0.0,"max_hp_gain":0.0,"max_hp_loss":4.0,"gold_gain":0.0,"event_name":"Winding Halls","player_choice":"Max HP","floor":36.0,"gold_loss":0.0,"damage_taken":0.0},{"damage_healed":0,"gold_gain":0,"player_choice":"Rummage","damage_taken":0,"relics_obtained":["WarpedTongs"],"max_hp_gain":0,"max_hp_loss":0,"event_name":"Accursed Blacksmith","floor":47,"gold_loss":0,"cards_obtained":["Pain"]}],"is_beta":false,"boss_relics":[{"not_picked":["Empty Cage","Cursed Key"],"picked":"Calling Bell"},{"not_picked":["Nuclear Battery","Snecko Eye"],"picked":"Pandora\u0027s Box"}],"items_purged_floors":[],"is_endless":false,"potions_floor_spawned":[2,5,8,14,18,23,25,28,30,31,33,35,37,38,41,42,45,48],"killed_by":"Shield and Spear","ascension_level":1}}