{"host":"1mv6gj0zv8k9e9tz","time":1611339643,"event":{"mods":["AchievementEnabler","BaseMod","Better Third Choice","Colored Map","KOR Keyword Fix","Minty Spire (QoL Compilation)","Permanent Neow","Rare Cards Sparkle","StSLib"],"gold_per_floor":[130,170,170,205,261,261,366,366,443,443,510,553,250,312,312,439,439,479,492,557,285,285,325,325,346,346,385,385,395,395,50,50,50,50],"floor_reached":33,"language":"KOR","playtime":1811,"items_purged":["Strike_G","Strike_G"],"score":528,"play_id":"76c98d18-bb98-4b47-b108-85591c30592f","local_time":"20210123032043","is_ascension_mode":true,"campfire_choices":[{"data":"HandOfGreed","floor":6.0,"key":"SMITH"},{"data":"Glass Knife","floor":8.0,"key":"SMITH"},{"data":"Venomology","floor":10.0,"key":"SMITH"},{"data":"Dagger Spray","floor":15.0,"key":"SMITH"},{"data":"Catalyst","floor":24.0,"key":"SMITH"},{"floor":30.0,"key":"REST"},{"data":"Bouncing Flask","floor":32.0,"key":"SMITH"}],"circlet_count":0,"master_deck":["AscendersBane","Strike_G","Strike_G","Strike_G","Defend_G","Defend_G","Defend_G","Defend_G","Defend_G","Survivor","Neutralize","HandOfGreed+1","Dagger Spray+1","Venomology+1","Glass Knife+1","Deadly Poison","Footwork","Wraith Form v2","CurseOfTheBell","Catalyst+1","Bouncing Flask+1","Footwork","Backflip"],"relics":["Ring of the Snake","Incense Burner","Potion Belt","Calling Bell","Bag of Preparation","Letter Opener","Du-Vu Doll","CeramicFish","Pear","Meat on the Bone"],"acts_visited":["Exordium","TheCity"],"potions_floor_usage":[33,33,33,33],"damage_taken":[{"damage":2.0,"enemies":"Cultist","floor":1.0,"turns":5.0},{"damage":4.0,"enemies":"Jaw Worm","floor":2.0,"turns":2.0},{"damage":0.0,"enemies":"2 Louse","floor":4.0,"turns":3.0},{"damage":7.0,"enemies":"2 Fungi Beasts","floor":5.0,"turns":4.0},{"damage":17.0,"enemies":"3 Sentries","floor":7.0,"turns":11.0},{"damage":9.0,"enemies":"Large Slime","floor":11.0,"turns":7.0},{"damage":1.0,"enemies":"Looter","floor":12.0,"turns":3.0},{"damage":0.0,"enemies":"2 Fungi Beasts","floor":14.0,"turns":4.0},{"damage":7.0,"enemies":"Slime Boss","floor":16.0,"turns":12.0},{"damage":12.0,"enemies":"2 Thieves","floor":18.0,"turns":4.0},{"damage":1.0,"enemies":"Spheric Guardian","floor":19.0,"turns":3.0},{"damage":15.0,"enemies":"Centurion and Healer","floor":20.0,"turns":7.0},{"damage":10.0,"enemies":"Book of Stabbing","floor":23.0,"turns":3.0},{"damage":22.0,"enemies":"Shelled Parasite and Fungi","floor":25.0,"turns":6.0},{"damage":11.0,"enemies":"Chosen and Byrds","floor":27.0,"turns":6.0},{"damage":11.0,"enemies":"Snecko","floor":29.0,"turns":3.0},{"damage":63,"enemies":"Automaton","floor":33,"turns":10}],"seed_played":"7165581673073830507","potions_obtained":[{"floor":1.0,"key":"Regen Potion"},{"floor":2.0,"key":"DuplicationPotion"},{"floor":14.0,"key":"Dexterity Potion"},{"floor":19.0,"key":"Poison Potion"},{"floor":25.0,"key":"Dexterity Potion"},{"floor":29.0,"key":"Fire Potion"}],"is_trial":false,"path_per_floor":["M","M","?","M","M","R","E","R","T","R","M","M","$","M","R","B",null,"M","M","M","$","?","E","R","M","T","M","?","M","R","$","R","B"],"character_chosen":"THE_SILENT","items_purchased":["Potion Belt","Deadly Poison","Bouncing Flask","DuplicationPotion","Meat on the Bone","Regen Potion"],"campfire_rested":1,"item_purchase_floors":[13,13,21,21,31,31],"current_hp_per_floor":[57,53,53,53,58,58,41,41,41,41,32,40,40,40,40,33,58,46,45,30,30,30,20,20,17,27,16,16,5,27,27,27,0,0],"gold":50,"neow_bonus":"RANDOM_COLORLESS_2","is_daily":false,"chose_seed":false,"campfire_upgraded":6,"win_rate":0.0,"timestamp":1611339643,"path_taken":["M","M","?","M","M","R","E","R","T","R","M","M","?","M","R","BOSS","M","M","M","$","?","E","R","M","T","M","?","M","R","$","R","BOSS"],"items_purchased_type":["Relic","Card","Card","Potion","Relic","Potion"],"build_version":"2020-12-22","purchased_purges":2,"victory":false,"max_hp_per_floor":[66,66,66,66,66,66,66,66,66,66,66,66,66,66,66,66,66,66,66,66,66,66,66,66,66,76,76,76,76,76,76,76,76,76],"card_choices":[{"not_picked":["Master of Strategy","Magnetism"],"picked":"HandOfGreed","floor":0.0},{"not_picked":["Leg Sweep","Distraction"],"picked":"Dagger Spray","floor":1.0},{"not_picked":["Dagger Spray","Masterful Stab","Underhanded Strike"],"picked":"SKIP","floor":2.0},{"not_picked":["Quick Slash","Sucker Punch"],"picked":"Venomology","floor":4.0},{"not_picked":["Finisher","Dagger Throw","Skewer"],"picked":"SKIP","floor":5.0},{"not_picked":["Prepared","Poisoned Stab"],"picked":"Glass Knife","floor":7.0},{"not_picked":["Well Laid Plans","Outmaneuver","Caltrops"],"picked":"SKIP","floor":11.0},{"not_picked":["Setup","Sucker Punch","Flying Knee"],"picked":"SKIP","floor":12.0},{"not_picked":["Dodge and Roll","Well Laid Plans"],"picked":"Footwork","floor":14.0},{"not_picked":["Venomology","Malaise"],"picked":"Wraith Form v2","floor":16.0},{"not_picked":["Well Laid Plans","Masterful Stab","Underhanded Strike"],"picked":"SKIP","floor":18.0},{"not_picked":["Bane","Deflect","Skewer"],"picked":"SKIP","floor":19.0},{"not_picked":["PiercingWail+1","Deadly Poison"],"picked":"Catalyst","floor":20.0},{"not_picked":["Dash","All Out Attack+1"],"picked":"Footwork","floor":23.0},{"not_picked":["Bane","Dodge and Roll"],"picked":"Backflip","floor":25.0},{"not_picked":["Bane","Setup","Masterful Stab+1"],"picked":"SKIP","floor":27.0},{"not_picked":["Sucker Punch","Storm of Steel","Slice"],"picked":"SKIP","floor":29.0}],"player_experience":545242,"relics_obtained":[{"floor":7.0,"key":"Incense Burner"},{"floor":17.0,"key":"Bag of Preparation"},{"floor":17.0,"key":"Letter Opener"},{"floor":17.0,"key":"Du-Vu Doll"},{"floor":23.0,"key":"CeramicFish"},{"floor":26.0,"key":"Pear"}],"event_choices":[{"cards_removed":["Writhe"],"damage_healed":0.0,"max_hp_gain":0.0,"max_hp_loss":0.0,"gold_gain":0.0,"event_name":"Wheel of Change","player_choice":"Card Removal","floor":3.0,"gold_loss":0.0,"damage_taken":0.0},{"damage_healed":0.0,"max_hp_gain":0.0,"max_hp_loss":0.0,"gold_gain":0.0,"event_name":"Vampires","player_choice":"Ignored","floor":22.0,"gold_loss":0.0,"damage_taken":0.0},{"damage_healed":0.0,"max_hp_gain":0.0,"max_hp_loss":0.0,"gold_gain":0.0,"event_name":"Cursed Tome","player_choice":"Ignored","floor":28.0,"gold_loss":0.0,"damage_taken":0.0}],"is_beta":false,"boss_relics":[{"not_picked":["Coffee Dripper","Cursed Key"],"picked":"Calling Bell"}],"items_purged_floors":[13,21],"is_endless":false,"potions_floor_spawned":[1,2,12,14,19,25,29],"killed_by":"Automaton","ascension_level":19}}