{"host":"9kesdg97wkrx2bva","time":1611341926,"event":{"mods":["AchievementEnabler","BaseMod","Colored Map","GifTheSpireLib","Infinite Spire","Minty Spire (QoL Compilation)","Replay The Spire","StSLib"],"gold_per_floor":[117,137,137,117,132,132,132,132,150,150,150,14,14,74,50,50,50,125,125,145,162,173,173,206,206,206,220,220,247,89,89,89,89,89,173,173,203,203,203,203,234,234,234,234],"floor_reached":43,"language":"ENG","playtime":1457,"items_purged":["Defend_G","Strike_G"],"score":754,"play_id":"078ee08c-01b0-4839-b18a-b40b1fdf4cdb","local_time":"20210122125846","is_ascension_mode":true,"campfire_choices":[{"data":"All Out Attack","floor":6,"key":"SMITH"},{"data":"Skewer","floor":13,"key":"SMITH"},{"data":"Neutralize","floor":17,"key":"SMITH"},{"data":"Tools of the Trade","floor":25,"key":"SMITH"},{"data":"Tactician","floor":32,"key":"SMITH"},{"data":"Tactician","floor":34,"key":"SMITH"},{"data":"Calculated Gamble","floor":42,"key":"SMITH"}],"circlet_count":0,"master_deck":["AscendersBane","Strike_G","Defend_G","Defend_G","Defend_G","Defend_G","Survivor","Neutralize+1","Deflect","All Out Attack+1","Dash","Skewer+1","Footwork+1","Tactician+1","Flying Knee","Tools of the Trade+1","Tactician+1","Deadly Poison+1","Bane","Calculated Gamble+1","Prepared+1","Deadly Poison","Ghostly","Ghostly","Ghostly","infinitespire:UltimateForm","A Thousand Cuts+1","infinitespire:Execution","Caltrops"],"relics":["Ring of the Snake","NeowsBlessing","Vampiric Spirits","Lizard Tail","Runic Pyramid","Red Mask","Byrd Skull","White Beast Statue","Lee\u0027s Waffle","ReplayTheSpireMod:Lightbulb","infinitespire:EvilPickle","Sozu","Letter Opener"],"acts_visited":["Exordium","TheCity","TheBeyond"],"potions_floor_usage":[18,18,24,27,29,35],"damage_taken":[{"damage":0,"enemies":"Small Slimes","floor":1,"turns":1},{"damage":0,"enemies":"2 Louse","floor":2,"turns":1},{"damage":0,"enemies":"Cultist","floor":5,"turns":1},{"damage":3,"enemies":"Blue Slaver","floor":9,"turns":5},{"damage":0,"enemies":"3 Sentries","floor":14,"turns":5},{"damage":57,"enemies":"Hexaghost","floor":18,"turns":18},{"damage":2,"enemies":"Spheric Guardian","floor":20,"turns":5},{"damage":12,"enemies":"Chosen","floor":21,"turns":5},{"damage":16,"enemies":"Snake Plant","floor":22,"turns":6},{"damage":28,"enemies":"Masked Bandits","floor":24,"turns":5},{"damage":10,"enemies":"Snecko","floor":27,"turns":4},{"damage":6,"enemies":"Gremlin Leader","floor":29,"turns":7},{"damage":15,"enemies":"Pondfish","floor":35,"turns":8},{"damage":6,"enemies":"3 Shapes","floor":37,"turns":5},{"damage":10,"enemies":"3 Darklings","floor":41,"turns":4},{"damage":24,"enemies":"Spire Growth","floor":43,"turns":3}],"seed_played":"1448840595653502083","potions_obtained":[{"floor":2,"key":"Block Potion"},{"floor":4,"key":"Fire Potion"},{"floor":18,"key":"GamblersBrew"},{"floor":22,"key":"PowerPotion"},{"floor":27,"key":"SpeedPotion"},{"floor":29,"key":"Milkshake"},{"floor":35,"key":"Swift Potion"}],"is_trial":false,"path_per_floor":["M","M","?","?","M","R","PTL","PTL","M","?","T","$","R","?","$","$","R","B",null,"M","M","M","?","?","R","?","M","T","E","$","?","R","AVR","R","B",null,"M","?","?","AVR","M","R","M"],"character_chosen":"THE_SILENT","items_purchased":["Footwork+1","Flying Knee","Lee\u0027s Waffle"],"campfire_rested":0,"item_purchase_floors":[12,15,30],"current_hp_per_floor":[59,59,52,52,52,52,52,52,49,49,49,49,49,51,51,51,51,33,58,56,49,36,36,20,20,20,16,16,12,73,36,36,36,36,21,32,28,19,19,19,12,12,0,0],"gold":234,"neow_bonus":"THREE_ENEMY_KILL","is_daily":false,"chose_seed":false,"campfire_upgraded":7,"win_rate":0.0,"timestamp":1611341926,"path_taken":["M","M","?","?","M","R","PTL","PTL","?","?","T","$","R","?","?","$","R","BOSS","M","?","M","?","?","R","?","?","T","E","$","?","R","AVR","R","BOSS","M","?","?","AVR","?","R","M"],"items_purchased_type":["Card","Card","Relic"],"build_version":"2020-12-22","purchased_purges":2,"victory":false,"max_hp_per_floor":[66,66,66,66,66,66,66,66,66,66,66,66,66,66,66,66,66,66,66,66,66,66,66,66,66,66,66,66,66,73,36,36,36,36,36,36,36,36,36,36,36,36,36,36],"card_choices":[{"not_picked":["PiercingWail","ReplayTheSpireMod:Shiv Toss"],"picked":"Deflect","floor":1},{"not_picked":["PiercingWail","Hidden Blade"],"picked":"All Out Attack","floor":2},{"not_picked":["Storm of Steel","Blade Dance"],"picked":"Dash","floor":5},{"not_picked":["Dash","Backflip"],"picked":"Skewer","floor":9},{"not_picked":["Sucker Punch","Accuracy"],"picked":"Tactician","floor":14},{"not_picked":["Replay:Bag of Tricks","Unload"],"picked":"Tools of the Trade","floor":18},{"not_picked":["Quick Slash+1","Cloak And Dagger"],"picked":"Tactician","floor":20},{"not_picked":["Poisoned Stab","Dagger Spray"],"picked":"Deadly Poison+1","floor":21},{"not_picked":["Bouncing Flask","PiercingWail"],"picked":"Bane","floor":22},{"not_picked":["Sneak Up","Dodge and Roll"],"picked":"Calculated Gamble","floor":24},{"not_picked":["Backflip+1","Concentrate"],"picked":"Prepared+1","floor":27},{"not_picked":["ReplayTheSpireMod:Necrosis","Prepared"],"picked":"Deadly Poison","floor":29},{"not_picked":["Grand Finale","Envenom"],"picked":"A Thousand Cuts","floor":35},{"not_picked":["Concentrate+1","Bane","Blur"],"picked":"SKIP","floor":37},{"not_picked":["infinitespire:SealOfDarkness+","infinitespire:Punishment"],"picked":"infinitespire:Execution","floor":38},{"not_picked":["Backstab","Toxin Wave"],"picked":"Caltrops","floor":41}],"player_experience":956261,"relics_obtained":[{"floor":11,"key":"Vampiric Spirits"},{"floor":24,"key":"Red Mask"},{"floor":28,"key":"Byrd Skull"},{"floor":29,"key":"White Beast Statue"}],"event_choices":[{"cards_removed":["Strike_G"],"damage_healed":0,"gold_gain":0,"player_choice":"Card Removal","damage_taken":7,"max_hp_gain":0,"max_hp_loss":0,"event_name":"Golden Wing","floor":3,"gold_loss":0},{"damage_healed":0,"gold_gain":0,"player_choice":"Bought 1 Potion","damage_taken":0,"max_hp_gain":0,"max_hp_loss":0,"event_name":"The Woman in Blue","floor":4,"gold_loss":0},{"damage_healed":0,"gold_gain":0,"player_choice":"Searched \u00272\u0027 times","damage_taken":0,"relics_obtained":["Lizard Tail"],"max_hp_gain":0,"max_hp_loss":0,"event_name":"Dead Adventurer","floor":14,"gold_loss":0},{"cards_removed":["Strike_G"],"damage_healed":0,"gold_gain":0,"player_choice":"Elegance","damage_taken":0,"max_hp_gain":0,"max_hp_loss":0,"event_name":"Back to Basics","floor":23,"gold_loss":0},{"damage_healed":0,"gold_gain":0,"player_choice":"Fought Bandits","damage_taken":0,"max_hp_gain":0,"max_hp_loss":0,"event_name":"Masked Bandits","floor":24,"gold_loss":0},{"cards_removed":["Strike_G"],"damage_healed":0,"gold_gain":0,"player_choice":"Card Removal","damage_taken":0,"max_hp_gain":0,"max_hp_loss":0,"event_name":"Wheel of Change","floor":26,"gold_loss":0},{"damage_healed":0,"gold_gain":0,"player_choice":"Became a Ghost","damage_taken":0,"max_hp_gain":0,"max_hp_loss":37,"event_name":"Ghosts","floor":31,"gold_loss":0,"cards_obtained":["Ghostly","Ghostly","Ghostly"]},{"damage_healed":0,"gold_gain":0,"player_choice":"Upgraded","damage_taken":0,"max_hp_gain":0,"max_hp_loss":0,"event_name":"Upgrade Shrine","floor":39,"gold_loss":0,"cards_upgraded":["A Thousand Cuts"]}],"is_beta":false,"boss_relics":[{"not_picked":["Kintsugi","Snecko Eye"],"picked":"Runic Pyramid"},{"not_picked":["Tiny House","Replay:Ancient Bell"],"picked":"Sozu"}],"items_purged_floors":[12,33],"is_endless":false,"potions_floor_spawned":[2,9,18,22,27,29,35,37,41],"killed_by":"Spire Growth","ascension_level":16}}