{"host":"49c2zf0lajbcs427","time":1611296017,"event":{"mods":["AchievementEnabler","BaseMod","Colored Map","Colored Powertips","Highlight Path","Key Reminder","Minty Spire (QoL Compilation)","Relic Stats","StSLib"],"gold_per_floor":[116,116,116,126,126,157,157,170,170,211,1,21,63,76,76,182,182,210,64,73,91,91,135,135,156,179,204,244,272,281,320,320,432,432,460,483,34,0,20,60,86,86,112,149,149,189,209,218,218,218,218,218,43,87,87],"floor_reached":56,"language":"ENG","playtime":4337,"items_purged":["Strike_B","Writhe"],"score":1723,"play_id":"a2be89f7-98b5-418a-9a4f-37061b129f4f","local_time":"20210122191337","is_ascension_mode":true,"campfire_choices":[{"data":"Electrodynamics","floor":7,"key":"SMITH"},{"data":"Beam Cell","floor":15,"key":"SMITH"},{"data":"Loop","floor":24,"key":"SMITH"},{"data":"Biased Cognition","floor":32,"key":"SMITH"},{"floor":45,"key":"RECALL"},{"floor":49,"key":"REST"},{"floor":52,"key":"REST"}],"circlet_count":0,"master_deck":["Strike_B","Strike_B","Strike_B","Defend_B","Defend_B","Defend_B+1","Defend_B","Zap+1","Dualcast","Sweeping Beam","Glacier","Electrodynamics+1","Doom and Gloom","All For One","Beam Cell+1","Reinforced Body","Cold Snap","All For One","Loop+1","All For One","Coolheaded+1","Ball Lightning","Biased Cognition+1","Ball Lightning+1","Skim+1","Glacier+1","Meteor Strike","Ball Lightning+1","Lockon","Consume","Stack","Sunder+1","Recycle+1","Machine Learning","Sweeping Beam+1","Stack+1","Enlightenment","Metamorphosis","Coolheaded+1"],"relics":["Cracked Core","NeowsBlessing","Blue Candle","Toy Ornithopter","CeramicFish","Bottled Lightning","Pear","Snecko Eye","Potion Belt","Shuriken","Ancient Tea Set","PreservedInsect","Oddly Smooth Stone","Blood Vial","Fusion Hammer","Runic Capacitor","Red Mask","Art of War","War Paint","Bag of Preparation","Bronze Scales"],"acts_visited":["Exordium","TheCity","TheBeyond","TheEnding"],"potions_floor_usage":[10,11,16,16,33,33,33,54,54,55,55],"damage_taken":[{"damage":0,"enemies":"Jaw Worm","floor":1,"turns":1},{"damage":0,"enemies":"Cultist","floor":4,"turns":1},{"damage":0,"enemies":"Lagavulin","floor":6,"turns":1},{"damage":0,"enemies":"2 Louse","floor":8,"turns":1},{"damage":14,"enemies":"Gremlin Nob","floor":10,"turns":4},{"damage":10,"enemies":"Lots of Slimes","floor":12,"turns":2},{"damage":15,"enemies":"Lagavulin","floor":13,"turns":5},{"damage":0,"enemies":"Red Slaver","floor":14,"turns":3},{"damage":52,"enemies":"Hexaghost","floor":16,"turns":13},{"damage":1,"enemies":"Shell Parasite","floor":18,"turns":4},{"damage":2,"enemies":"3 Byrds","floor":21,"turns":4},{"damage":18,"enemies":"Gremlin Leader","floor":23,"turns":4},{"damage":0,"enemies":"Centurion and Healer","floor":25,"turns":3},{"damage":2,"enemies":"Shelled Parasite and Fungi","floor":27,"turns":3},{"damage":0,"enemies":"Book of Stabbing","floor":28,"turns":3},{"damage":17,"enemies":"Sentry and Sphere","floor":29,"turns":4},{"damage":4,"enemies":"Slavers","floor":31,"turns":4},{"damage":53,"enemies":"Automaton","floor":33,"turns":8},{"damage":0,"enemies":"3 Darklings","floor":35,"turns":2},{"damage":8,"enemies":"3 Shapes","floor":36,"turns":2},{"damage":0,"enemies":"Maw","floor":39,"turns":2},{"damage":0,"enemies":"Reptomancer","floor":40,"turns":1},{"damage":0,"enemies":"Writhing Mass","floor":41,"turns":4},{"damage":0,"enemies":"Giant Head","floor":44,"turns":2},{"damage":0,"enemies":"Reptomancer","floor":46,"turns":2},{"damage":1,"enemies":"Spire Growth","floor":47,"turns":3},{"damage":8,"enemies":"Awakened One","floor":50,"turns":8},{"damage":1,"enemies":"Shield and Spear","floor":54,"turns":3},{"damage":68,"enemies":"The Heart","floor":55,"turns":6}],"seed_played":"2160064503598818262","potions_obtained":[{"floor":1,"key":"SpeedPotion"},{"floor":4,"key":"Fire Potion"},{"floor":13,"key":"EssenceOfSteel"},{"floor":14,"key":"Swift Potion"},{"floor":18,"key":"PowerPotion"},{"floor":21,"key":"Ancient Potion"},{"floor":25,"key":"FearPotion"},{"floor":33,"key":"FairyPotion"},{"floor":39,"key":"FocusPotion"},{"floor":41,"key":"Fire Potion"},{"floor":46,"key":"DuplicationPotion"}],"is_trial":false,"path_per_floor":["M","?","?","M","?","E","R","M","T","E","$","M","E","M","R","B",null,"M","$","?","M","$","E","R","M","T","M","E","M","?","E","R","B",null,"M","M","$","?","M","E","M","$","T","E","R","E","M","?","R","B",null,"R","$","E","B",null],"character_chosen":"DEFECT","items_purchased":["Beam Cell","Fruit Juice","Potion Belt","Runic Capacitor","Consume","LiquidMemories","Block Potion","Metamorphosis"],"campfire_rested":2,"item_purchase_floors":[11,11,19,37,37,37,37,53],"current_hp_per_floor":[75,75,75,75,75,75,75,75,75,66,76,66,61,61,61,19,90,89,89,89,87,87,69,69,69,69,67,67,50,50,46,46,10,90,90,82,82,82,84,86,88,88,88,90,90,90,89,89,90,82,90,90,90,89,26],"gold":87,"neow_bonus":"THREE_ENEMY_KILL","is_daily":false,"chose_seed":false,"campfire_upgraded":4,"win_rate":0.0,"timestamp":1611296017,"path_taken":["M","?","?","M","?","E","R","?","T","E","$","M","E","M","R","BOSS","M","$","?","?","?","E","R","M","T","M","E","M","?","E","R","BOSS","M","M","$","?","M","E","M","$","T","E","R","E","M","?","R","BOSS","R","$","E","BOSS"],"items_purchased_type":["Card","Potion","Relic","Relic","Card","Potion","Potion","Card"],"build_version":"2020-12-22","purchased_purges":2,"victory":true,"max_hp_per_floor":[75,75,75,75,75,75,75,75,75,75,80,80,90,90,90,90,90,90,90,90,90,90,90,90,90,90,90,90,90,90,90,90,90,90,90,90,90,90,90,90,90,90,90,90,90,90,90,90,90,90,90,90,90,90,90],"relic_stats":{"counters":[29,103],"Blue Candle":[2],"CeramicFish":243,"PreservedInsect":348,"Bag of Preparation":[8],"War Paint":["Recycle","Defend_B"],"Blood Vial":11,"Shuriken":[60],"Bronze Scales":[93],"Snecko Eye":[147,149,143,143],"Art of War":[0],"obtain_stats":[{"Potion Belt":19,"Pear":13,"NeowsBlessing":0,"Blue Candle":5,"CeramicFish":9,"Oddly Smooth Stone":30,"PreservedInsect":28,"Runic Capacitor":37,"Bag of Preparation":46,"War Paint":44,"Ancient Tea Set":26,"keyreminder:keyreminder":6,"Blood Vial":31,"Shuriken":23,"Bronze Scales":54,"Snecko Eye":17,"Fusion Hammer":34,"Red Mask":38,"Art of War":40,"Bottled Lightning":10,"Cracked Core":0,"Toy Ornithopter":6},{"Potion Belt":10,"Pear":7,"NeowsBlessing":0,"Blue Candle":2,"CeramicFish":4,"Oddly Smooth Stone":16,"PreservedInsect":15,"Runic Capacitor":20,"Bag of Preparation":25,"War Paint":24,"Ancient Tea Set":13,"keyreminder:keyreminder":3,"Blood Vial":17,"Shuriken":12,"Bronze Scales":28,"Snecko Eye":9,"Fusion Hammer":18,"Red Mask":20,"Art of War":22,"Bottled Lightning":5,"Cracked Core":0,"Toy Ornithopter":3},{"Potion Belt":35,"Pear":15,"NeowsBlessing":0,"Blue Candle":2,"CeramicFish":4,"Oddly Smooth Stone":56,"PreservedInsect":52,"Runic Capacitor":72,"Bag of Preparation":83,"War Paint":81,"Ancient Tea Set":46,"keyreminder:keyreminder":3,"Blood Vial":60,"Shuriken":43,"Bronze Scales":97,"Snecko Eye":31,"Fusion Hammer":68,"Red Mask":72,"Art of War":75,"Bottled Lightning":8,"Cracked Core":0,"Toy Ornithopter":3}],"Toy Ornithopter":39},"card_choices":[{"not_picked":["Skim","Redo"],"picked":"Sweeping Beam","floor":1},{"not_picked":["Cold Snap","Melter"],"picked":"Glacier","floor":4},{"not_picked":["Fusion","Conserve Battery"],"picked":"Electrodynamics","floor":6},{"not_picked":["Cold Snap","Scrape"],"picked":"Doom and Gloom","floor":8},{"not_picked":["Storm","Hologram"],"picked":"All For One","floor":10},{"not_picked":["BootSequence","Sweeping Beam"],"picked":"Reinforced Body","floor":12},{"not_picked":["Streamline","Stack"],"picked":"Cold Snap","floor":13},{"not_picked":["Coolheaded","Steam","Leap"],"picked":"SKIP","floor":14},{"not_picked":["Machine Learning","Hyperbeam"],"picked":"All For One","floor":16},{"not_picked":["Stack","Capacitor"],"picked":"Loop","floor":18},{"not_picked":["Turbo+1","Beam Cell","Fusion+1"],"picked":"SKIP","floor":21},{"not_picked":["Beam Cell","Storm+1"],"picked":"Coolheaded+1","floor":23},{"not_picked":["Redo","Stack"],"picked":"Ball Lightning","floor":25},{"not_picked":["Go for the Eyes","Compile Driver+1"],"picked":"Biased Cognition","floor":27},{"not_picked":["Redo","Reinforced Body"],"picked":"Ball Lightning+1","floor":28},{"not_picked":["Rebound","Sweeping Beam"],"picked":"Skim+1","floor":29},{"not_picked":["Turbo","Coolheaded+1"],"picked":"Glacier+1","floor":31},{"not_picked":["Multi-Cast","Thunder Strike"],"picked":"Meteor Strike","floor":33},{"not_picked":["Turbo+1","Steam+1"],"picked":"Ball Lightning+1","floor":35},{"not_picked":["Steam","White Noise+1"],"picked":"Lockon","floor":36},{"not_picked":["Leap","Seek"],"picked":"Stack","floor":39},{"not_picked":["Ball Lightning","Beam Cell+1"],"picked":"Sunder+1","floor":40},{"not_picked":["Sweeping Beam","Doom and Gloom+1"],"picked":"Recycle","floor":41},{"not_picked":["Compile Driver","Hologram"],"picked":"Machine Learning","floor":44},{"not_picked":["Streamline+1","Ball Lightning"],"picked":"Sweeping Beam+1","floor":46},{"not_picked":["Force Field+1","Chill"],"picked":"Stack+1","floor":47},{"not_picked":["Finesse","Flash of Steel"],"picked":"Enlightenment","floor":48},{"not_picked":["Sweeping Beam+1","Reboot"],"picked":"Coolheaded+1","floor":54}],"player_experience":2344615,"relics_obtained":[{"floor":6,"key":"Toy Ornithopter"},{"floor":9,"key":"CeramicFish"},{"floor":10,"key":"Bottled Lightning"},{"floor":13,"key":"Pear"},{"floor":23,"key":"Shuriken"},{"floor":26,"key":"Ancient Tea Set"},{"floor":28,"key":"PreservedInsect"},{"floor":31,"key":"Blood Vial"},{"floor":40,"key":"Art of War"},{"floor":44,"key":"War Paint"},{"floor":46,"key":"Bag of Preparation"},{"floor":54,"key":"Bronze Scales"}],"event_choices":[{"damage_healed":0,"gold_gain":0,"player_choice":"Ignored","damage_taken":0,"max_hp_gain":0,"max_hp_loss":0,"event_name":"Liars Game","floor":2,"gold_loss":0},{"damage_healed":0,"gold_gain":0,"player_choice":"Grow","damage_taken":0,"max_hp_gain":0,"max_hp_loss":0,"event_name":"Living Wall","floor":3,"gold_loss":0,"cards_upgraded":["Zap"]},{"damage_healed":0,"gold_gain":0,"player_choice":"Gave Potion","damage_taken":0,"relics_obtained":["Blue Candle"],"max_hp_gain":0,"max_hp_loss":0,"event_name":"WeMeetAgain","floor":5,"gold_loss":0},{"damage_healed":0,"gold_gain":0,"player_choice":"Copied","damage_taken":0,"max_hp_gain":0,"max_hp_loss":0,"event_name":"Duplicator","floor":20,"gold_loss":0,"cards_obtained":["All For One"]},{"damage_healed":0,"gold_gain":0,"player_choice":"Opened","damage_taken":0,"relics_obtained":["Oddly Smooth Stone"],"max_hp_gain":0,"max_hp_loss":0,"event_name":"The Mausoleum","floor":30,"gold_loss":0,"cards_obtained":["Writhe"]},{"damage_healed":0,"gold_gain":0,"player_choice":"Paid","damage_taken":0,"relics_obtained":["Red Mask"],"max_hp_gain":0,"max_hp_loss":0,"event_name":"Tomb of Lord Red Mask","floor":38,"gold_loss":34},{"damage_healed":0,"gold_gain":0,"player_choice":"Memory 1","damage_taken":0,"max_hp_gain":0,"max_hp_loss":0,"event_name":"SensoryStone","floor":48,"gold_loss":0}],"is_beta":false,"boss_relics":[{"not_picked":["Coffee Dripper","FrozenCore"],"picked":"Snecko Eye"},{"not_picked":["Calling Bell","Runic Pyramid"],"picked":"Fusion Hammer"}],"items_purged_floors":[11,37],"is_endless":false,"potions_floor_spawned":[1,4,13,14,18,21,25,33,39,41,46],"ascension_level":4}}