{"host":"sdl5b0uiznq00owb","time":1611283152,"event":{"mods":["BaseMod","Minty Spire (QoL Compilation)","Permanent Neow","Relic Stats"],"gold_per_floor":[119,134,153,167,167,201,201,201,201,230,230,241,261,288,288,392,392,405,405,405,405,51,71,88,107,107,107,85,99,99,117,117,218,218,233,253,253,266,312,312,345,365,414,425,436,43,54,54,54,54],"floor_reached":51,"language":"ENG","playtime":14212,"items_purged":["Storm of Steel","Caltrops"],"score":1076,"play_id":"1593b19a-8e3c-4b93-a9fb-c50b38ccd530","local_time":"20210121203912","is_ascension_mode":true,"campfire_choices":[{"data":"Bouncing Flask","floor":7.0,"key":"SMITH"},{"floor":11.0,"key":"REST"},{"data":"Malaise","floor":15.0,"key":"SMITH"},{"data":"Bouncing Flask","floor":27.0,"key":"SMITH"},{"data":"Bouncing Flask","floor":30.0,"key":"SMITH"},{"data":"Venomology","floor":32.0,"key":"SMITH"},{"data":"1","floor":40,"key":"LIFT"},{"data":"Catalyst","floor":49,"key":"SMITH"}],"circlet_count":0,"master_deck":["AscendersBane","Survivor+1","Neutralize","Bouncing Flask+1","Bouncing Flask+1","Dagger Spray+1","Venomology+1","Malaise+1","PiercingWail","Poisoned Stab","Poisoned Stab","Slice","Endless Agony","Poisoned Stab","Quick Slash","Bane","Ghostly","Ghostly","Ghostly","Ghostly","Ghostly","Backflip","Dash","Leg Sweep","Bouncing Flask+1","Escape Plan","PiercingWail","Corpse Explosion","Backstab+1","Catalyst+1"],"relics":["Ring of the Snake","StrikeDummy","FossilizedHelix","TungstenRod","Gambling Chip","Pandora\u0027s Box","Letter Opener","The Courier","SlaversCollar","Girya","Sundial","Bag of Preparation","TwistedFunnel","Pantograph"],"acts_visited":["Exordium","TheCity","TheBeyond"],"potions_floor_usage":[50,50],"damage_taken":[{"damage":0.0,"enemies":"2 Louse","floor":1.0,"turns":3.0},{"damage":0.0,"enemies":"Small Slimes","floor":2.0,"turns":2.0},{"damage":2.0,"enemies":"Cultist","floor":3.0,"turns":4.0},{"damage":4.0,"enemies":"2 Fungi Beasts","floor":4.0,"turns":6.0},{"damage":10.0,"enemies":"3 Sentries","floor":6.0,"turns":4.0},{"damage":4.0,"enemies":"Gremlin Nob","floor":10.0,"turns":4.0},{"damage":0.0,"enemies":"Exordium Wildlife","floor":12.0,"turns":4.0},{"damage":0.0,"enemies":"Large Slime","floor":13.0,"turns":4.0},{"damage":5.0,"enemies":"3 Sentries","floor":14.0,"turns":7.0},{"damage":6.0,"enemies":"The Guardian","floor":16.0,"turns":10.0},{"damage":0.0,"enemies":"Chosen","floor":18.0,"turns":3.0},{"damage":0.0,"enemies":"Shell Parasite","floor":23.0,"turns":4.0},{"damage":0.0,"enemies":"Snecko","floor":24.0,"turns":5.0},{"damage":0.0,"enemies":"Sentry and Sphere","floor":25.0,"turns":4.0},{"damage":2.0,"enemies":"3 Cultists","floor":29.0,"turns":5.0},{"damage":0.0,"enemies":"Cultist and Chosen","floor":31.0,"turns":6.0},{"damage":24.0,"enemies":"Collector","floor":33.0,"turns":9.0},{"damage":0.0,"enemies":"Orb Walker","floor":35.0,"turns":4.0},{"damage":0.0,"enemies":"3 Shapes","floor":36.0,"turns":1.0},{"damage":0.0,"enemies":"Jaw Worm Horde","floor":38.0,"turns":5.0},{"damage":1.0,"enemies":"2 Orb Walkers","floor":39.0,"turns":6.0},{"damage":0,"enemies":"Reptomancer","floor":41,"turns":7},{"damage":0,"enemies":"Sphere and 2 Shapes","floor":42,"turns":4},{"damage":5,"enemies":"Maw","floor":44,"turns":8},{"damage":0,"enemies":"Jaw Worm Horde","floor":45,"turns":3},{"damage":0,"enemies":"Transient","floor":47,"turns":5},{"damage":64,"enemies":"Time Eater","floor":50,"turns":12}],"seed_played":"1609202787717268982","potions_obtained":[{"floor":1.0,"key":"ColorlessPotion"},{"floor":10.0,"key":"Block Potion"},{"floor":14.0,"key":"SkillPotion"},{"floor":24.0,"key":"Swift Potion"},{"floor":25.0,"key":"FairyPotion"},{"floor":35.0,"key":"Poison Potion"},{"floor":36.0,"key":"DuplicationPotion"},{"floor":48,"key":"CultistPotion"}],"is_trial":false,"path_per_floor":["M","M","M","M","?","E","R","?","T","E","R","M","M","E","R","B",null,"M","?","?","?","$","M","M","M","T","R","$","M","R","M","R","B",null,"M","M","?","M","?","R","E","M","T","M","M","$","M","?","R","B",null],"character_chosen":"THE_SILENT","items_purchased":["Letter Opener","Bouncing Flask","PiercingWail","TwistedFunnel","Pantograph"],"campfire_rested":1,"item_purchase_floors":[22,22,28,46,46],"current_hp_per_floor":[63,63,61,57,43,33,33,33,33,29,50,50,50,45,45,39,62,62,35,35,35,35,35,35,35,35,35,35,33,33,33,33,9,29,29,29,29,29,28,28,28,28,28,23,23,23,23,23,23,10],"gold":54,"neow_bonus":"THREE_CARDS","is_daily":false,"chose_seed":false,"campfire_upgraded":6,"win_rate":0.0,"timestamp":1611283152,"path_taken":["M","M","M","M","?","E","R","?","T","E","R","?","M","E","R","BOSS","M","?","?","?","$","M","M","?","T","R","$","M","R","M","R","BOSS","M","M","?","M","?","R","E","M","T","?","M","$","?","?","R","BOSS"],"items_purchased_type":["Relic","Card","Card","Relic","Relic"],"build_version":"2020-12-22","purchased_purges":2,"victory":true,"max_hp_per_floor":[70,70,70,70,70,70,70,70,70,70,70,70,70,70,70,70,70,70,35,35,35,35,35,35,35,35,35,35,35,35,35,35,35,35,35,35,35,35,35,35,35,35,35,35,35,35,35,35,35,35],"relic_stats":{"counters":[27,139],"Sundial":[2],"Gambling Chip":[51],"Pantograph":12,"Pandora\u0027s Box":["Choke","Storm of Steel","Choke","Poisoned Stab","Slice","Endless Agony","Caltrops","Poisoned Stab","Quick Slash","Bane"],"Bag of Preparation":[9],"Letter Opener":[70],"obtain_stats":[{"TwistedFunnel":46,"Girya":39,"The Courier":26,"Bag of Preparation":43,"Letter Opener":22,"SlaversCollar":34,"Sundial":41,"Gambling Chip":14,"Pantograph":46,"Pandora\u0027s Box":17,"StrikeDummy":6,"FossilizedHelix":9,"TungstenRod":10,"Ring of the Snake":0},{"TwistedFunnel":25,"Girya":21,"The Courier":14,"Bag of Preparation":23,"Letter Opener":11,"SlaversCollar":17,"Sundial":22,"Gambling Chip":9,"Pantograph":25,"Pandora\u0027s Box":10,"StrikeDummy":5,"FossilizedHelix":5,"TungstenRod":6,"Ring of the Snake":0},{"TwistedFunnel":122,"Girya":100,"The Courier":64,"Bag of Preparation":111,"Letter Opener":51,"SlaversCollar":84,"Sundial":107,"Gambling Chip":38,"Pantograph":122,"Pandora\u0027s Box":48,"StrikeDummy":19,"FossilizedHelix":19,"TungstenRod":23,"Ring of the Snake":0}],"TungstenRod":65,"Ring of the Snake":[56]},"card_choices":[{"not_picked":["Backflip","PiercingWail"],"picked":"Bouncing Flask","floor":0.0},{"not_picked":["Choke","Well Laid Plans","Underhanded Strike"],"picked":"SKIP","floor":1.0},{"not_picked":["Acrobatics","Dodge and Roll"],"picked":"Bouncing Flask","floor":2.0},{"not_picked":["Backflip","Prepared","Flechettes"],"picked":"SKIP","floor":3.0},{"not_picked":["Backflip","Outmaneuver"],"picked":"Dagger Spray","floor":4.0},{"not_picked":["Heel Hook","Blade Dance"],"picked":"Venomology","floor":6.0},{"not_picked":["Underhanded Strike","Dodge and Roll","Storm of Steel"],"picked":"SKIP","floor":10.0},{"not_picked":["Slice","Blade Dance","Skewer"],"picked":"SKIP","floor":12.0},{"not_picked":["Flying Knee","Dodge and Roll"],"picked":"PiercingWail","floor":13.0},{"not_picked":["Tactician","Slice"],"picked":"Poisoned Stab","floor":14.0},{"not_picked":["Sucker Punch","Setup","Slice"],"picked":"SKIP","floor":18.0},{"not_picked":["Dodge and Roll","Riddle With Holes","Accuracy+1"],"picked":"SKIP","floor":23.0},{"not_picked":["Dagger Throw+1","Bane+1"],"picked":"Escape Plan","floor":24.0},{"not_picked":["Prepared+1","Outmaneuver","Finisher+1"],"picked":"SKIP","floor":25.0},{"not_picked":["Outmaneuver","Acrobatics","Dodge and Roll"],"picked":"SKIP","floor":29.0},{"not_picked":["Flying Knee+1","Skewer+1","Accuracy"],"picked":"SKIP","floor":31.0},{"not_picked":["Tools of the Trade","Phantasmal Killer"],"picked":"Corpse Explosion","floor":33.0},{"not_picked":["Cloak And Dagger+1","Concentrate"],"picked":"Backstab+1","floor":35.0},{"not_picked":["PiercingWail+1","Concentrate+1","Backflip"],"picked":"SKIP","floor":36.0},{"not_picked":["Acrobatics","Distraction","Cloak And Dagger+1"],"picked":"SKIP","floor":38.0},{"not_picked":["Outmaneuver+1","Bullet Time"],"picked":"Catalyst","floor":41},{"not_picked":["Bane+1","Sucker Punch","Flying Knee"],"picked":"SKIP","floor":42},{"not_picked":["Slice","Eviscerate+1","Terror"],"picked":"SKIP","floor":44},{"not_picked":["Phantasmal Killer","Blade Dance","Slice"],"picked":"SKIP","floor":45},{"not_picked":["Acrobatics+1","Slice+1","Dash+1"],"picked":"SKIP","floor":47}],"player_experience":802568,"relics_obtained":[{"floor":6.0,"key":"StrikeDummy"},{"floor":9.0,"key":"FossilizedHelix"},{"floor":10.0,"key":"TungstenRod"},{"floor":14.0,"key":"Gambling Chip"},{"floor":26.0,"key":"The Courier"},{"floor":39.0,"key":"Girya"},{"floor":41,"key":"Sundial"},{"floor":43,"key":"Bag of Preparation"}],"event_choices":[{"damage_healed":0.0,"max_hp_gain":0.0,"max_hp_loss":0.0,"gold_gain":0.0,"event_name":"Shining Light","player_choice":"Entered Light","floor":5.0,"gold_loss":0.0,"damage_taken":14.0,"cards_upgraded":["Dagger Spray","Survivor"]},{"damage_healed":0.0,"max_hp_gain":0.0,"max_hp_loss":0.0,"gold_gain":0.0,"event_name":"Match and Keep!","player_choice":"1 cards matched","floor":8.0,"gold_loss":0.0,"damage_taken":0.0,"cards_obtained":["Malaise"]},{"damage_healed":0.0,"max_hp_gain":0.0,"max_hp_loss":35.0,"gold_gain":0.0,"event_name":"Ghosts","player_choice":"Became a Ghost","floor":19.0,"gold_loss":0.0,"damage_taken":0.0,"cards_obtained":["Ghostly","Ghostly","Ghostly","Ghostly","Ghostly"]},{"damage_healed":0.0,"max_hp_gain":0.0,"max_hp_loss":0.0,"gold_gain":0.0,"cards_transformed":["Choke","Choke"],"event_name":"Drug Dealer","player_choice":"Became Test Subject","floor":20.0,"gold_loss":0.0,"damage_taken":0.0,"cards_obtained":["Backflip","Dash"]},{"damage_healed":0.0,"max_hp_gain":0.0,"max_hp_loss":0.0,"gold_gain":0.0,"event_name":"The Library","player_choice":"Read","floor":21.0,"gold_loss":0.0,"damage_taken":0.0,"cards_obtained":["Leg Sweep"]},{"damage_healed":0.0,"max_hp_gain":0.0,"max_hp_loss":0.0,"gold_gain":0.0,"event_name":"Tomb of Lord Red Mask","player_choice":"Ignored","floor":37.0,"gold_loss":0.0,"damage_taken":0.0},{"damage_healed":0.0,"max_hp_gain":0.0,"max_hp_loss":0.0,"gold_gain":0.0,"event_name":"Mysterious Sphere","player_choice":"Fight","floor":39.0,"gold_loss":0.0,"damage_taken":0.0},{"damage_healed":0,"gold_gain":0,"player_choice":"Got Potions","damage_taken":0,"max_hp_gain":0,"max_hp_loss":0,"event_name":"Lab","floor":48,"gold_loss":0}],"is_beta":false,"boss_relics":[{"not_picked":["Sozu","Calling Bell"],"picked":"Pandora\u0027s Box"},{"not_picked":["Tiny House","SacredBark"],"picked":"SlaversCollar"}],"items_purged_floors":[22,46],"is_endless":false,"potions_floor_spawned":[1,10,13,14,24,25,35,36,38,44],"ascension_level":11}}