{"host":"17uzppmr1r5fe5jj","time":1611335404,"event":{"mods":["BaseMod","Minty Spire (QoL Compilation)","Quick Restart","Relic Stats","StSLib","TestMod","[IsaacMod]ÒÔÈö¼âËþ"],"gold_per_floor":[117,130,147,167,180,206,241,269,324,324,203,203,233,251,251,346,346,359,128,144,154,164,164,178,204,204,204,47,47,378,391,391,493,493,503,518,468,518,518,550,460,460,529,350,350,38,38,73,73,73],"floor_reached":51,"language":"ZHS","playtime":1997,"items_purged":["Strike_R","Defend_R","Bash","EpicFetus","Defend_R"],"score":1185,"play_id":"b7a2f8cc-4ef6-4a04-b903-9a051b0a184f","local_time":"20210123011004","daily_mods":["Vintage","Heirloom","Flight"],"is_ascension_mode":true,"campfire_choices":[{"data":"Shrug It Off","floor":10.0,"key":"SMITH"},{"data":"Hemokinesis","floor":12.0,"key":"SMITH"},{"data":"Burning Pact","floor":15.0,"key":"SMITH"},{"data":"Bloodletting","floor":23.0,"key":"SMITH"},{"data":"Limit Break","floor":29.0,"key":"SMITH"},{"data":"Second Wind","floor":32.0,"key":"SMITH"},{"data":"Feel No Pain","floor":45,"key":"SMITH"},{"data":"Pommel Strike","floor":47,"key":"SMITH"}],"circlet_count":0,"master_deck":["Body Slam+1","Rupture+1","Blood for Blood+1","Shrug It Off+1","Hemokinesis+1","Burning Pact+1","Immolate+1","Bloodletting+1","Limit Break+1","Second Wind+1","Feel No Pain+1","Pommel Strike+1","Sword Boomerang+1"],"relics":["Burning Blood","HushsDoor","testmod-TestBox","testmod-StringDisintegrator","Chaos","Smiling Mask","testmod-Fortitude","PillsDrop","testmod-RealStoneCalender","Astrolabe","AnarchistCookbook","TheBean","PunchingBag","Orichalcum","WristBlade","Empty Cage","MomsKnife","Question Card","GuppysPaw","testmod-BatchProcessingSystem","BFFS","Kunai","testmod-Muramasa","Anchor","Pen Nib","Matryoshka","Old Coin","Letter Opener","Coffee Dripper","Strawberry","HornCleat","Leech","Sling","testmod-ObsoleteBoomerang","UnicornStump","Torii","Bottled Tornado","MoneyPower","testmod-Maize"],"acts_visited":["Exordium","TheCity","TheBeyond"],"potions_floor_usage":[50,50,50],"damage_taken":[{"damage":2.0,"enemies":"2 Louse","floor":1.0,"turns":3.0},{"damage":2.0,"enemies":"Jaw Worm","floor":2.0,"turns":3.0},{"damage":0.0,"enemies":"Cultist","floor":3.0,"turns":2.0},{"damage":0.0,"enemies":"Lots of Slimes","floor":4.0,"turns":1.0},{"damage":6.0,"enemies":"Exordium Wildlife","floor":5.0,"turns":4.0},{"damage":22.0,"enemies":"3 Sentries","floor":6.0,"turns":3.0},{"damage":6.0,"enemies":"Gremlin Nob","floor":7.0,"turns":3.0},{"damage":3.0,"enemies":"Lagavulin","floor":8.0,"turns":4.0},{"damage":7.0,"enemies":"Gremlin Nob","floor":13.0,"turns":3.0},{"damage":4.0,"enemies":"3 Louse","floor":14.0,"turns":2.0},{"damage":16.0,"enemies":"The Guardian","floor":16.0,"turns":4.0},{"damage":4.0,"enemies":"Spheric Guardian","floor":18.0,"turns":2.0},{"damage":5.0,"enemies":"2 Thieves","floor":20.0,"turns":2.0},{"damage":24.0,"enemies":"Centurion and Healer","floor":21.0,"turns":2.0},{"damage":7.0,"enemies":"Snake Plant","floor":22.0,"turns":2.0},{"damage":5.0,"enemies":"Sentry and Sphere","floor":24.0,"turns":3.0},{"damage":8.0,"enemies":"Slavers","floor":25.0,"turns":2.0},{"damage":13.0,"enemies":"Gremlin Leader","floor":30.0,"turns":2.0},{"damage":2.0,"enemies":"Snecko","floor":31.0,"turns":2.0},{"damage":11.0,"enemies":"Collector","floor":33.0,"turns":4.0},{"damage":0.0,"enemies":"Orb Walker","floor":35.0,"turns":2.0},{"damage":0.0,"enemies":"3 Shapes","floor":36.0,"turns":3.0},{"damage":3.0,"enemies":"Hiden Room Battle","floor":38.0,"turns":2.0},{"damage":7.0,"enemies":"Reptomancer","floor":40.0,"turns":3.0},{"damage":6,"enemies":"Giant Head","floor":48,"turns":2},{"damage":15,"enemies":"Awakened One","floor":50,"turns":3}],"seed_played":"3583309303729532718","potions_obtained":[{"floor":2.0,"key":"LiquidMemories"},{"floor":3.0,"key":"Explosive Potion"},{"floor":4.0,"key":"Fire Potion"},{"floor":6.0,"key":"ColorlessPotion"},{"floor":14.0,"key":"Block Potion"},{"floor":20.0,"key":"EssenceOfSteel"},{"floor":24.0,"key":"HeartOfIron"},{"floor":25.0,"key":"SpeedPotion"},{"floor":30.0,"key":"ColorlessPotion"},{"floor":35.0,"key":"Regen Potion"}],"is_trial":true,"path_per_floor":["M","M","M","M","M","E","E","E","T","R","$","R","E","M","R","B",null,"M","$","M","M","M","R","M","E","T","?","$","R","E","M","R","B",null,"M","M","$","?","?","E","?","T","T","$","R","$","R","E","R","B",null],"character_chosen":"IRONCLAD","items_purchased":["Hemokinesis","GuppysPaw","Bloodletting","BFFS","Limit Break","EssenceOfSteel","Pommel Strike","MoneyPower"],"campfire_rested":0,"item_purchase_floors":[11,17,19,19,28,44,44,46],"current_hp_per_floor":[80,80,80,80,80,64,64,67,67,67,67,67,66,68,68,58,65,68,68,68,50,49,49,50,48,48,36,36,36,29,33,33,28,73,68,75,75,63,85,85,85,85,85,85,85,85,85,88,88,86],"gold":73,"neow_bonus":"","is_daily":false,"chose_seed":false,"campfire_upgraded":8,"win_rate":0.0,"timestamp":1611335404,"path_taken":["M","M","M","M","M","E","E","E","T","R","$","R","E","M","R","BOSS","M","$","M","M","M","R","M","E","T","?","$","R","E","M","R","BOSS","M","M","$","?","?","E","?","?","T","$","R","$","R","E","R","BOSS"],"items_purchased_type":["Card","Relic","Card","Relic","Card","Potion","Card","Relic"],"build_version":"2020-12-22","purchased_purges":5,"victory":true,"max_hp_per_floor":[80,80,80,80,80,80,80,80,80,80,80,80,80,80,80,80,65,68,68,68,68,68,68,68,68,68,73,73,73,73,73,73,73,73,68,75,75,75,85,85,85,85,85,85,85,85,85,88,88,88],"relic_stats":{"Torii":0,"counters":[26,68],"Astrolabe":["Body Slam","Rupture","Blood for Blood"],"Pen Nib":[5],"Kunai":[13],"Letter Opener":[50],"Orichalcum":[42],"Smiling Mask":250,"Question Card":20,"obtain_stats":[{"Chaos":0,"AnarchistCookbook":5,"UnicornStump":42,"Torii":43,"GuppysPaw":17,"testmod-BatchProcessingSystem":18,"Bottled Tornado":43,"Smiling Mask":0,"Empty Cage":13,"MomsKnife":14,"Sling":40,"Burning Blood":0,"BFFS":19,"Old Coin":30,"Leech":38,"testmod-StringDisintegrator":0,"TheBean":6,"Matryoshka":26,"HornCleat":38,"WristBlade":9,"PillsDrop":2,"Strawberry":36,"testmod-ObsoleteBoomerang":42,"Kunai":20,"KeepersGift":0,"testmod-Maize":48,"testmod-Muramasa":21,"testmod-TestBox":0,"PunchingBag":7,"Astrolabe":4,"Pen Nib":24,"MoneyPower":46,"Letter Opener":31,"Orichalcum":8,"Question Card":17,"testmod-Fortitude":1,"testmod-RealStoneCalender":3,"Anchor":22,"Coffee Dripper":34,"HushsDoor":0},{"Chaos":0,"AnarchistCookbook":5,"UnicornStump":24,"Torii":24,"GuppysPaw":11,"testmod-BatchProcessingSystem":12,"Bottled Tornado":24,"Smiling Mask":0,"Empty Cage":9,"MomsKnife":10,"Sling":24,"Burning Blood":0,"BFFS":12,"Old Coin":18,"Leech":23,"testmod-StringDisintegrator":0,"TheBean":6,"Matryoshka":17,"HornCleat":23,"WristBlade":8,"PillsDrop":2,"Strawberry":22,"testmod-ObsoleteBoomerang":24,"Kunai":13,"KeepersGift":0,"testmod-Maize":25,"testmod-Muramasa":14,"testmod-TestBox":0,"PunchingBag":7,"Astrolabe":4,"Pen Nib":16,"MoneyPower":24,"Letter Opener":19,"Orichalcum":8,"Question Card":11,"testmod-Fortitude":1,"testmod-RealStoneCalender":3,"Anchor":15,"Coffee Dripper":20,"HushsDoor":0},{"Chaos":0,"AnarchistCookbook":13,"UnicornStump":63,"Torii":63,"GuppysPaw":32,"testmod-BatchProcessingSystem":34,"Bottled Tornado":63,"Smiling Mask":0,"Empty Cage":26,"MomsKnife":28,"Sling":63,"Burning Blood":0,"BFFS":34,"Old Coin":47,"Leech":60,"testmod-StringDisintegrator":0,"TheBean":16,"Matryoshka":45,"HornCleat":60,"WristBlade":23,"PillsDrop":6,"Strawberry":58,"testmod-ObsoleteBoomerang":63,"Kunai":36,"KeepersGift":0,"testmod-Maize":65,"testmod-Muramasa":38,"testmod-TestBox":0,"PunchingBag":19,"Astrolabe":9,"Pen Nib":43,"MoneyPower":63,"Letter Opener":49,"Orichalcum":23,"Question Card":32,"testmod-Fortitude":3,"testmod-RealStoneCalender":8,"Anchor":40,"Coffee Dripper":53,"HushsDoor":0}],"Burning Blood":120},"card_choices":[{"not_picked":[],"picked":"EpicFetus","floor":0.0},{"not_picked":["Clash","Bludgeon","Fire Breathing"],"picked":"SKIP","floor":6.0},{"not_picked":["Clash","Body Slam","Juggernaut"],"picked":"SKIP","floor":7.0},{"not_picked":["Clash","Body Slam","Juggernaut"],"picked":"SKIP","floor":7.0},{"not_picked":["Body Slam","Demon Form"],"picked":"Shrug It Off","floor":8.0},{"not_picked":["Immolate","Rage"],"picked":"Burning Pact","floor":13.0},{"not_picked":["Exhume","Double Tap"],"picked":"Immolate","floor":16.0},{"not_picked":["Clothesline","Havoc","True Grit+1","Second Wind"],"picked":"SKIP","floor":25.0},{"not_picked":["Rage+1","Combust","Heavy Blade"],"picked":"Second Wind","floor":30.0},{"not_picked":["Limit Break","Feed","Immolate"],"picked":"Impervious","floor":33.0},{"not_picked":["Heavy Blade","Carnage","Shrug It Off"],"picked":"Feel No Pain","floor":40.0},{"not_picked":["Wild Strike","Immolate","Infernal Blade+1"],"picked":"Sword Boomerang+1","floor":48}],"player_experience":96671,"relics_obtained":[{"floor":1.0,"key":"testmod-Fortitude"},{"floor":2.0,"key":"PillsDrop"},{"floor":3.0,"key":"testmod-RealStoneCalender"},{"floor":4.0,"key":"Astrolabe"},{"floor":5.0,"key":"AnarchistCookbook"},{"floor":6.0,"key":"TheBean"},{"floor":7.0,"key":"PunchingBag"},{"floor":8.0,"key":"Orichalcum"},{"floor":9.0,"key":"WristBlade"},{"floor":13.0,"key":"Empty Cage"},{"floor":14.0,"key":"MomsKnife"},{"floor":18.0,"key":"testmod-BatchProcessingSystem"},{"floor":20.0,"key":"Kunai"},{"floor":21.0,"key":"testmod-Muramasa"},{"floor":22.0,"key":"Anchor"},{"floor":24.0,"key":"Pen Nib"},{"floor":26.0,"key":"Matryoshka"},{"floor":30.0,"key":"Old Coin"},{"floor":31.0,"key":"Letter Opener"},{"floor":36.0,"key":"Strawberry"},{"floor":38.0,"key":"HornCleat"},{"floor":38.0,"key":"Leech"},{"floor":40.0,"key":"Sling"},{"floor":42.0,"key":"testmod-ObsoleteBoomerang"},{"floor":42.0,"key":"UnicornStump"},{"floor":43.0,"key":"Torii"},{"floor":43.0,"key":"Bottled Tornado"},{"floor":48,"key":"testmod-Maize"}],"event_choices":[{"damage_healed":0.0,"max_hp_gain":5.0,"max_hp_loss":0.0,"gold_gain":0.0,"event_name":"Forgotten Altar","player_choice":"Shed Blood","floor":27.0,"gold_loss":0.0,"damage_taken":17.0},{"damage_healed":0.0,"max_hp_gain":0.0,"max_hp_loss":0.0,"gold_gain":0.0,"event_name":"HidenRoomEvent","player_choice":"Fight","floor":38.0,"gold_loss":0.0,"damage_taken":0.0},{"cards_removed":["Impervious"],"damage_healed":12.0,"max_hp_gain":10.0,"max_hp_loss":0.0,"gold_gain":0.0,"event_name":"Bonfire Elementals","player_choice":"Offered Rare","floor":39.0,"gold_loss":0.0,"damage_taken":0.0},{"cards_removed":["Strike_R"],"damage_healed":0.0,"max_hp_gain":0.0,"max_hp_loss":0.0,"gold_gain":0.0,"event_name":"Designer","player_choice":"Upgrade and Remove","floor":41.0,"gold_loss":90.0,"damage_taken":0.0,"cards_upgraded":["Immolate"]}],"is_beta":false,"boss_relics":[{"not_picked":["Lee\u0027s Waffle","Pocketwatch"],"picked":"Question Card"},{"not_picked":[]},{"not_picked":["InkBottle","War Paint"],"picked":"Coffee Dripper"},{"not_picked":[]}],"items_purged_floors":[11,17,19,37,44],"is_endless":false,"potions_floor_spawned":[2,3,4,6,14,20,24,25,30,35],"ascension_level":2}}