{"host":"ye0jj1yghz7z8hww","time":1611345340,"event":{"mods":["AchievementEnabler","BaseMod","Bestiary","Block Reminder","Filter the Spire","Minty Spire (QoL Compilation)","Relic Stats","Weighted Paths","ojb\u0027s Info Mod"],"gold_per_floor":[114,68,87,97,97,125,125,139,139,165,184,197,197,214,214,318,318,334,345,345,345,7,35,51,81,81,81,81,81,95,124,124,226,226,244,244,244,256,306,337,349,24,24,34,64,64,64,74,74,74],"floor_reached":51,"language":"ENG","playtime":4406,"items_purged":["Strike_R+1"],"score":777,"play_id":"96077764-7948-4177-8dff-009b17c6bb77","local_time":"20210122135540","is_ascension_mode":false,"campfire_choices":[{"data":"Bash","floor":7.0,"key":"SMITH"},{"data":"Inflame","floor":13.0,"key":"SMITH"},{"data":"Disarm","floor":15.0,"key":"SMITH"},{"data":"Feel No Pain","floor":27.0,"key":"SMITH"},{"data":"Juggernaut","floor":29.0,"key":"SMITH"},{"floor":32.0,"key":"REST"},{"data":"Feel No Pain","floor":46.0,"key":"SMITH"},{"data":"True Grit","floor":49.0,"key":"SMITH"}],"circlet_count":0,"master_deck":["Strike_R+1","Strike_R+1","Strike_R+1","Defend_R+1","Defend_R+1","Defend_R+1","Defend_R+1","Bash+1","Sever Soul","Pommel Strike","Twin Strike","Carnage","Cleave","True Grit+1","Disarm+1","Inflame+1","Feel No Pain+1","Juggernaut+1","Flame Barrier","Second Wind+1","Dark Embrace","Clothesline+1","Reckless Charge+1","Impervious","Reaper+1","Burning Pact+1","Feel No Pain+1","Whirlwind+1","Shrug It Off+1"],"relics":["Mark of Pain","Vajra","Bronze Scales","Molten Egg 2","Velvet Choker","Medical Kit","Paper Frog","Mercury Hourglass","Pen Nib","Juzu Bracelet","Snecko Eye","TungstenRod","MealTicket","Kunai","Magic Flower","Meat on the Bone"],"acts_visited":["Exordium","TheCity","TheBeyond"],"potions_floor_usage":[50,50],"damage_taken":[{"damage":0.0,"enemies":"Small Slimes","floor":1.0,"turns":3.0},{"damage":1.0,"enemies":"Cultist","floor":3.0,"turns":3.0},{"damage":1.0,"enemies":"Jaw Worm","floor":4.0,"turns":2.0},{"damage":26.0,"enemies":"3 Sentries","floor":6.0,"turns":5.0},{"damage":4.0,"enemies":"2 Fungi Beasts","floor":8.0,"turns":3.0},{"damage":0.0,"enemies":"Gremlin Nob","floor":10.0,"turns":2.0},{"damage":0.0,"enemies":"3 Louse","floor":11.0,"turns":3.0},{"damage":15.0,"enemies":"Large Slime","floor":12.0,"turns":4.0},{"damage":3.0,"enemies":"Red Slaver","floor":14.0,"turns":3.0},{"damage":6.0,"enemies":"Hexaghost","floor":16.0,"turns":7.0},{"damage":5.0,"enemies":"Spheric Guardian","floor":18.0,"turns":3.0},{"damage":8.0,"enemies":"3 Byrds","floor":19.0,"turns":3.0},{"damage":20.0,"enemies":"Book of Stabbing","floor":23.0,"turns":5.0},{"damage":6.0,"enemies":"Snake Plant","floor":24.0,"turns":4.0},{"damage":19.0,"enemies":"Gremlin Leader","floor":25.0,"turns":6.0},{"damage":6.0,"enemies":"Centurion and Healer","floor":30.0,"turns":5.0},{"damage":4.0,"enemies":"Book of Stabbing","floor":31.0,"turns":3.0},{"damage":38.0,"enemies":"Automaton","floor":33.0,"turns":8.0},{"damage":0.0,"enemies":"Orb Walker","floor":35.0,"turns":4.0},{"damage":11.0,"enemies":"3 Darklings","floor":38.0,"turns":4.0},{"damage":15.0,"enemies":"2 Orb Walkers","floor":39.0,"turns":4.0},{"damage":17.0,"enemies":"Giant Head","floor":40.0,"turns":6.0},{"damage":13.0,"enemies":"Spire Growth","floor":41.0,"turns":4.0},{"damage":0.0,"enemies":"Maw","floor":44.0,"turns":7.0},{"damage":0.0,"enemies":"Nemesis","floor":45.0,"turns":5.0},{"damage":14.0,"enemies":"Transient","floor":48.0,"turns":5.0},{"damage":21,"enemies":"Awakened One","floor":50,"turns":11}],"seed_played":"1667427368722015620","potions_obtained":[{"floor":1.0,"key":"FearPotion"},{"floor":3.0,"key":"Regen Potion"},{"floor":6.0,"key":"Strength Potion"},{"floor":10.0,"key":"GamblersBrew"},{"floor":30.0,"key":"LiquidMemories"},{"floor":38.0,"key":"BloodPotion"},{"floor":44.0,"key":"CultistPotion"}],"is_trial":false,"path_per_floor":["M","$","M","M","?","E","R","M","T","E","M","M","R","M","R","B",null,"M","M","?","?","$","E","M","E","T","R","?","R","M","E","R","B",null,"M","?","?","M","?","E","M","$","T","M","E","R","?","M","R","B",null],"character_chosen":"IRONCLAD","items_purchased":["Pommel Strike","Medical Kit","Dark Embrace","Clothesline+1","Kunai","Whirlwind+1"],"campfire_rested":1,"item_purchase_floors":[2,22,22,22,42,42],"current_hp_per_floor":[80,80,79,78,78,52,52,48,48,48,48,33,33,30,30,24,80,75,67,67,67,67,47,55,36,36,36,36,36,30,26,50,12,80,80,80,70,69,65,57,44,59,59,70,70,70,70,74,74,78],"gold":74,"neow_bonus":"BOSS_RELIC","is_daily":false,"chose_seed":false,"campfire_upgraded":7,"win_rate":0.0,"timestamp":1611345340,"path_taken":["M","$","M","M","?","E","R","?","T","E","M","?","R","M","R","BOSS","M","?","?","?","$","E","M","E","T","R","?","R","M","E","R","BOSS","M","?","?","M","?","E","M","$","T","M","E","R","?","M","R","BOSS"],"items_purchased_type":["Card","Relic","Card","Card","Relic","Card"],"build_version":"2020-12-22","purchased_purges":1,"victory":true,"max_hp_per_floor":[80,80,80,80,80,80,80,80,80,80,80,80,80,80,80,80,80,80,80,80,80,80,80,80,80,80,80,80,80,80,80,80,80,80,80,80,80,80,80,80,80,80,80,80,80,80,80,80,80,80],"relic_stats":{"counters":[27,121],"Magic Flower":[13],"Pen Nib":[11],"Juzu Bracelet":1,"Medical Kit":[32],"Mercury Hourglass":[235],"Bronze Scales":[343],"Snecko Eye":[88,73,98,112],"MealTicket":15,"Kunai":[7],"obtain_stats":[{"Vajra":6,"Velvet Choker":17,"Magic Flower":43,"Pen Nib":26,"Juzu Bracelet":31,"Medical Kit":22,"Burning Blood":0,"Mercury Hourglass":25,"Bronze Scales":9,"Snecko Eye":34,"Molten Egg 2":10,"MealTicket":40,"Mark of Pain":0,"Kunai":42,"TungstenRod":39,"Paper Frog":23,"Meat on the Bone":45},{"Vajra":4,"Velvet Choker":10,"Magic Flower":23,"Pen Nib":15,"Juzu Bracelet":17,"Medical Kit":12,"Burning Blood":0,"Mercury Hourglass":15,"Bronze Scales":5,"Snecko Eye":18,"Molten Egg 2":6,"MealTicket":22,"Mark of Pain":0,"Kunai":23,"TungstenRod":21,"Paper Frog":13,"Meat on the Bone":25},{"Vajra":13,"Velvet Choker":35,"Magic Flower":93,"Pen Nib":56,"Juzu Bracelet":64,"Medical Kit":41,"Burning Blood":0,"Mercury Hourglass":56,"Bronze Scales":16,"Snecko Eye":72,"Molten Egg 2":18,"MealTicket":89,"Mark of Pain":0,"Kunai":93,"TungstenRod":83,"Paper Frog":46,"Meat on the Bone":105}],"TungstenRod":10,"Meat on the Bone":0},"card_choices":[{"not_picked":["Pummel","Clash"],"picked":"Sever Soul","floor":1.0},{"not_picked":["Armaments","Perfected Strike"],"picked":"Twin Strike","floor":3.0},{"not_picked":["Reckless Charge","Pommel Strike"],"picked":"Fire Breathing","floor":4.0},{"not_picked":["Bloodletting","Demon Form"],"picked":"Cleave","floor":6.0},{"not_picked":["Pommel Strike","Blood for Blood"],"picked":"True Grit","floor":8.0},{"not_picked":["Clash+1","Carnage+1","Anger+1"],"picked":"SKIP","floor":10.0},{"not_picked":["Thunderclap+1","Dual Wield"],"picked":"Disarm","floor":11.0},{"not_picked":["Clash+1","Shrug It Off"],"picked":"Inflame","floor":12.0},{"not_picked":["Clash+1","Infernal Blade"],"picked":"Feel No Pain","floor":14.0},{"not_picked":["Double Tap","Brutality"],"picked":"Juggernaut","floor":16.0},{"not_picked":["Warcry","Twin Strike+1"],"picked":"Flame Barrier","floor":18.0},{"not_picked":["Dual Wield","Thunderclap+1"],"picked":"Second Wind+1","floor":19.0},{"not_picked":["Warcry","Second Wind+1","Dropkick+1"],"picked":"SKIP","floor":23.0},{"not_picked":["Thunderclap+1","Intimidate+1","Cleave+1"],"picked":"SKIP","floor":24.0},{"not_picked":["Dual Wield","Rupture+1"],"picked":"Reckless Charge+1","floor":25.0},{"not_picked":["Clash+1","Juggernaut","Warcry"],"picked":"SKIP","floor":30.0},{"not_picked":["Thunderclap+1","Bludgeon+1","Iron Wave+1"],"picked":"SKIP","floor":31.0},{"not_picked":["Offering","Corruption"],"picked":"Reaper+1","floor":33.0},{"not_picked":["Cleave+1","Sever Soul+1"],"picked":"Burning Pact+1","floor":35.0},{"not_picked":["Sever Soul+1","Headbutt+1","Cleave+1"],"picked":"SKIP","floor":38.0},{"not_picked":["Headbutt+1","Pommel Strike+1","Flex"],"picked":"SKIP","floor":40.0},{"not_picked":["Perfected Strike+1","Shrug It Off"],"picked":"Feel No Pain","floor":41.0},{"not_picked":["Dropkick+1","Armaments+1","Fire Breathing"],"picked":"SKIP","floor":44.0},{"not_picked":["Sword Boomerang+1","Twin Strike+1","True Grit"],"picked":"SKIP","floor":45.0},{"not_picked":["Anger+1","Infernal Blade+1"],"picked":"Shrug It Off+1","floor":48.0}],"player_experience":25,"relics_obtained":[{"floor":6.0,"key":"Vajra"},{"floor":9.0,"key":"Bronze Scales"},{"floor":10.0,"key":"Molten Egg 2"},{"floor":23.0,"key":"Paper Frog"},{"floor":25.0,"key":"Mercury Hourglass"},{"floor":26.0,"key":"Pen Nib"},{"floor":31.0,"key":"Juzu Bracelet"},{"floor":39.0,"key":"TungstenRod"},{"floor":40.0,"key":"MealTicket"},{"floor":43.0,"key":"Magic Flower"},{"floor":45.0,"key":"Meat on the Bone"}],"event_choices":[{"damage_healed":0.0,"max_hp_gain":0.0,"max_hp_loss":0.0,"gold_gain":0.0,"cards_transformed":["Strike_R"],"event_name":"Transmorgrifier","player_choice":"Transformed","floor":5.0,"gold_loss":0.0,"damage_taken":0.0,"cards_obtained":["Carnage"]},{"damage_healed":0.0,"max_hp_gain":0.0,"max_hp_loss":0.0,"gold_gain":0.0,"event_name":"Vampires","player_choice":"Ignored","floor":20.0,"gold_loss":0.0,"damage_taken":0.0},{"damage_healed":0.0,"max_hp_gain":0.0,"max_hp_loss":0.0,"gold_gain":0.0,"event_name":"Back to Basics","player_choice":"Simplicity","floor":21.0,"gold_loss":0.0,"damage_taken":0.0,"cards_upgraded":["Strike_R","Strike_R","Strike_R","Strike_R","Defend_R","Defend_R","Defend_R","Defend_R"]},{"damage_healed":0.0,"max_hp_gain":0.0,"max_hp_loss":0.0,"gold_gain":0.0,"event_name":"The Library","player_choice":"Read","floor":28.0,"gold_loss":0.0,"damage_taken":0.0,"cards_obtained":["Impervious"]},{"damage_healed":0.0,"max_hp_gain":0.0,"max_hp_loss":0.0,"gold_gain":0.0,"event_name":"The Woman in Blue","player_choice":"Bought 0 Potions","floor":36.0,"gold_loss":0.0,"damage_taken":0.0},{"damage_healed":0.0,"max_hp_gain":0.0,"max_hp_loss":0.0,"gold_gain":0.0,"event_name":"SensoryStone","player_choice":"Memory 3","floor":37.0,"gold_loss":0.0,"damage_taken":10.0},{"damage_healed":0.0,"max_hp_gain":0.0,"max_hp_loss":0.0,"gold_gain":0.0,"event_name":"Mysterious Sphere","player_choice":"Fight","floor":39.0,"gold_loss":0.0,"damage_taken":0.0},{"cards_removed":["Fire Breathing"],"damage_healed":0.0,"max_hp_gain":0.0,"max_hp_loss":0.0,"gold_gain":0.0,"event_name":"Falling","player_choice":"Removed Power","floor":47.0,"gold_loss":0.0,"damage_taken":0.0}],"is_beta":false,"boss_relics":[{"not_picked":["Philosopher\u0027s Stone","Fusion Hammer"],"picked":"Velvet Choker"},{"not_picked":["Sozu","Coffee Dripper"],"picked":"Snecko Eye"}],"items_purged_floors":[22],"is_endless":false,"potions_floor_spawned":[1,3,6,10,12,14,18,23,30,31,33,38,40,44,48],"ascension_level":0}}