{"host":"oqvelqkxh74plq6q","time":1611299545,"event":{"mods":["ATMod(°¢èªMod)","AchievementEnabler","BaseMod","Better Match","Better-Laid Plans","BetterRewards","BshForSts","Conspire","Good Game Mod","Jedi Mod","Minty Spire (QoL Compilation)","MostiFishMod","Poor People Problems","Quick Restart","Relic Stats","Remilia£¨ÀÙÃ×ÀòÑÇ£©","Shop Mod","Spicy Shops","StSLib","TestMod","Youmu£¨»êÆÇÑýÃÎ£©","vexMod","óô»ðÖ¸ÄÏ"],"gold_per_floor":[119,133,148,159,84,112,130,150,199,199,199],"floor_reached":10,"language":"ZHS","playtime":577,"items_purged":["Strike_R"],"score":104,"play_id":"b3ae2d59-5f42-4d87-893f-f0fe70614c42","local_time":"20210122151225","is_ascension_mode":true,"campfire_choices":[],"circlet_count":0,"master_deck":["Strike_R","Strike_R","Strike_R","Strike_R","Defend_R","Defend_R","Defend_R","Defend_R","Bash","AT_DivineConfetti","Scrawl","Flex","Inflame","Heavy Blade","Spot Weakness","Sword Boomerang","Double Tap"],"relics":["Burning Blood","REME:ComplimentaryCards","DaveBox","AT_ATBox","testmod-TestBox","testmod-CasingShield","ChiXiaoBlade","NeowsBlessing","SynthV:TestCard","testmod-Antiphasic","Red Skull"],"acts_visited":["Exordium"],"potions_floor_usage":[],"damage_taken":[{"damage":0.0,"enemies":"Cultist","floor":1.0,"turns":1.0},{"damage":0.0,"enemies":"2 Louse","floor":2.0,"turns":1.0},{"damage":0.0,"enemies":"conspire:RoseBush","floor":3.0,"turns":1.0},{"damage":24.0,"enemies":"3 Louse","floor":4.0,"turns":5.0},{"damage":48.0,"enemies":"Gremlin Nob","floor":6.0,"turns":5.0},{"damage":6.0,"enemies":"Exordium Wildlife","floor":7.0,"turns":3.0},{"damage":19.0,"enemies":"conspire:2 RoseBushes","floor":8.0,"turns":4.0},{"damage":10,"enemies":"3 Sentries","floor":10,"turns":1}],"seed_played":"4834004033235235315","potions_obtained":[{"floor":2.0,"key":"PowerPotion"},{"floor":3.0,"key":"jedi:holywater"},{"floor":8.0,"key":"jedi:mysterypotion"}],"is_trial":false,"path_per_floor":["M","M","M","M","$","E","M","M","T","E"],"character_chosen":"IRONCLAD","items_purchased":[],"campfire_rested":0,"item_purchase_floors":[],"current_hp_per_floor":[78,80,80,62,62,20,20,7,7,0,0],"gold":199,"neow_bonus":"THREE_ENEMY_KILL","is_daily":false,"chose_seed":false,"campfire_upgraded":0,"win_rate":0.0,"timestamp":1611299545,"path_taken":["M","M","M","M","?","E","M","?","T","?"],"items_purchased_type":[],"build_version":"2020-12-22","purchased_purges":1,"victory":false,"max_hp_per_floor":[80,80,80,80,80,80,80,80,80,80,80],"relic_stats":{"counters":[8,21],"obtain_stats":[{"testmod-Antiphasic":6,"REME:ComplimentaryCards":0,"AT_ATBox":0,"testmod-TestBox":0,"SynthV:TestCard":1,"DaveBox":0,"NeowsBlessing":0,"ChiXiaoBlade":0,"Burning Blood":0,"testmod-CasingShield":0,"Red Skull":9},{"testmod-Antiphasic":5,"REME:ComplimentaryCards":0,"AT_ATBox":0,"testmod-TestBox":0,"SynthV:TestCard":1,"DaveBox":0,"NeowsBlessing":0,"ChiXiaoBlade":0,"Burning Blood":0,"testmod-CasingShield":0,"Red Skull":7},{"testmod-Antiphasic":13,"REME:ComplimentaryCards":0,"AT_ATBox":0,"testmod-TestBox":0,"SynthV:TestCard":1,"DaveBox":0,"NeowsBlessing":0,"ChiXiaoBlade":0,"Burning Blood":0,"testmod-CasingShield":0,"Red Skull":20}],"Burning Blood":32},"card_choices":[{"not_picked":["Wild Strike","AT_ManFootWork","Havoc"],"picked":"SKIP","floor":1.0},{"not_picked":["Cleave","Reckless Charge","Spot Weakness","Wild Strike"],"picked":"Flex","floor":2.0},{"not_picked":["Burning Pact","Intimidate","AT_CaressingTears","Sword Boomerang"],"picked":"Inflame","floor":3.0},{"not_picked":["Anger","Perfected Strike","Warcry","Sentinel"],"picked":"Heavy Blade","floor":4.0},{"not_picked":["Armaments","Carnage","Pommel Strike","Blood for Blood"],"picked":"Spot Weakness","floor":6.0},{"not_picked":["Clothesline","Battle Trance","Inflame","Iron Wave"],"picked":"Sword Boomerang","floor":7.0},{"not_picked":["Body Slam","Power Through","Sentinel","jedi:MakeshiftSword"],"picked":"Double Tap","floor":8.0}],"player_experience":118257,"relics_obtained":[{"floor":1.0,"key":"SynthV:TestCard"},{"floor":6.0,"key":"testmod-Antiphasic"},{"floor":9.0,"key":"Red Skull"}],"event_choices":[],"is_beta":false,"boss_relics":[],"items_purged_floors":[5],"is_endless":false,"potions_floor_spawned":[2,3,8],"killed_by":"3 Sentries","ascension_level":9}}