{"host":"xbs6xfa3tvu21mfl","time":1611290952,"event":{"mods":["BaseMod","Downfall","Minty Spire (QoL Compilation)","Quick Restart","StSLib"],"gold_per_floor":[99,113,113,26,41,34,102,2,36,36,74,110,146,189,214,323,323,223,243,258,275,296,332,359,392,45,45,45,45,73,104,118,216,216,116,132,132,157,57,57,57,92,92,121,153,181,207,82,97,97,97,129,129,129,129,129],"floor_reached":57,"language":"ZHS","playtime":4295,"items_purged":["hexamod:SuperheatedStrike+1","downfall:Bewildered","hexamod:GhostLash"],"score":1990,"play_id":"c1158109-e513-4476-978a-612f11c58800","local_time":"20210122124912","daily_mods":["SealedDeck","Heirloom","Time Dilation","Flight","DeadlyEvents","Elite Swarm"],"is_ascension_mode":false,"campfire_choices":[{"data":"hexamod:FastForward","floor":1.0,"key":"SMITH"},{"data":"hexamod:FastForward","floor":8.0,"key":"SMITH"},{"floor":10.0,"key":"RECALL"},{"data":"hexamod:TimeOfNeed","floor":18.0,"key":"SMITH"},{"data":"hexamod:GiftsFromTheDead","floor":27.0,"key":"SMITH"},{"data":"hexamod:HexaLevel","floor":35,"key":"SMITH"},{"data":"hexamod:ForkedFlame","floor":40,"key":"SMITH"},{"data":"hexamod:NecessarySacrifice+1","floor":54,"key":"PURGE"}],"circlet_count":0,"master_deck":["hexamod:GhostOfSpireFuture","hexamod:SpectersWail+1","hexamod:Hexaguard+1","hexamod:Hexaguard+1","hexamod:ThermalTransfer","hexamod:FastForward+1","hexamod:FastForward+1","hexamod:HauntingEcho","hexamod:StepThrough+1","hexamod:TimeOfNeed+1","hexamod:ApocalypseNow+1","hexamod:TimeWarp","hexamod:GiftsFromTheDead+1","hexamod:TimeWarp","hexamod:UnlimitedPower+1","hexamod:FlameSwitch+1","hexamod:AdvancingGuard+1","hexamod:ApocalypticArmor+1","hexamod:Hexaguard+1","hexamod:FastForward+1","hexamod:FlamesFromBeyond+1","hexamod:FlamesFromBeyond+1","hexamod:TimeOfNeed+1","hexamod:TimeOfNeed+1","Panache","hexamod:ForkedFlame+1","hexamod:HexaLevel+1","hexamod:TimeWarp","hexamod:HexaLevel","hexamod:ApocalypticArmor"],"relics":["hexamod:SpiritBrand","Turnip","downfall:HeartBlessingBlue","Mummified Hand","hexamod:BolsterEngine","Art of War","Slimebound:StickyStick","Toxic Egg 2","expansioncontent:StudyCardRelic","downfall:HeartBlessingRed","hexamod:TheBrokenSeal","Letter Opener","Akabeko","Anchor","Guardian:BottledAnomaly","Singing Bowl","sneckomod:BabySnecko","Pear","Mango","hexamod:IceCube","downfall:HeartBlessingGreen","Matryoshka","Bottled Lightning","Unceasing Top","Guardian:PocketSentry","StrikeDummy","Pocketwatch","hexamod:CandleOfCauterizing","Peace Pipe","Blood Vial"],"acts_visited":["Exordium","TheCity","TheBeyond","TheEnding"],"potions_floor_usage":[47,52,55,55],"damage_taken":[{"damage":0.0,"enemies":"Cultist","floor":2.0,"turns":3.0},{"damage":0.0,"enemies":"downfall:FleeingMerchant","floor":4.0,"turns":4.0},{"damage":6.0,"enemies":"Jaw Worm","floor":5.0,"turns":3.0},{"damage":6.0,"enemies":"downfall:FleeingMerchant","floor":6.0,"turns":4.0},{"damage":15.0,"enemies":"3 Sentries","floor":9.0,"turns":4.0},{"damage":7.0,"enemies":"Lagavulin","floor":11.0,"turns":4.0},{"damage":3.0,"enemies":"Gremlin Nob","floor":12.0,"turns":3.0},{"damage":0.0,"enemies":"3 Sentries","floor":13.0,"turns":5.0},{"damage":0.0,"enemies":"Gremlin Nob","floor":14.0,"turns":2.0},{"damage":0.0,"enemies":"Small Slimes","floor":15.0,"turns":2.0},{"damage":0.0,"enemies":"WA_ARCHETYPE_RETAIN","floor":16.0,"turns":4.0},{"damage":0.0,"enemies":"Spheric Guardian","floor":19.0,"turns":2.0},{"damage":0.0,"enemies":"Chosen","floor":20.0,"turns":4.0},{"damage":0.0,"enemies":"Centurion and Healer","floor":21.0,"turns":3.0},{"damage":12.0,"enemies":"Snake Plant","floor":22.0,"turns":3.0},{"damage":0.0,"enemies":"Gremlin Leader","floor":23.0,"turns":5.0},{"damage":0.0,"enemies":"Book of Stabbing","floor":25.0,"turns":2.0},{"damage":0.0,"enemies":"downfall:FleeingMerchant","floor":26.0,"turns":3.0},{"damage":11.0,"enemies":"Slavers","floor":30.0,"turns":3.0},{"damage":0.0,"enemies":"Gremlin Leader","floor":31.0,"turns":3.0},{"damage":0,"enemies":"Cultist and Chosen","floor":32,"turns":2},{"damage":0,"enemies":"DF_ARCHETYPE_CLAW","floor":33,"turns":4},{"damage":0,"enemies":"3 Darklings","floor":36,"turns":2},{"damage":0,"enemies":"Giant Head","floor":38,"turns":5},{"damage":0,"enemies":"Nemesis","floor":42,"turns":3},{"damage":0,"enemies":"Reptomancer","floor":44,"turns":3},{"damage":0,"enemies":"Giant Head","floor":45,"turns":4},{"damage":0,"enemies":"Nemesis","floor":46,"turns":3},{"damage":0,"enemies":"Reptomancer","floor":47,"turns":2},{"damage":3,"enemies":"3 Shapes","floor":49,"turns":2},{"damage":3,"enemies":"SI_POISON_ARCHETYPE","floor":50,"turns":3},{"damage":0,"enemies":"downfall:CharBossMerchant","floor":52,"turns":5},{"damage":4,"enemies":"downfall:NeowBoss","floor":55,"turns":7},{"damage":17,"enemies":"downfall:NeowBossFinal","floor":56,"turns":7}],"seed_played":"-6358570253085653672","potions_obtained":[{"floor":5.0,"key":"Ancient Potion"},{"floor":6.0,"key":"Explosive Potion"},{"floor":9.0,"key":"Dexterity Potion"},{"floor":11.0,"key":"Fruit Juice"},{"floor":11.0,"key":"Slimebound:ThreeZeroPotion"},{"floor":12.0,"key":"Regen Potion"},{"floor":13.0,"key":"hexamod:EctoCoolerPotion"},{"floor":14.0,"key":"Fire Potion"},{"floor":16.0,"key":"Fruit Juice"},{"floor":16.0,"key":"Fire Potion"},{"floor":20.0,"key":"Strength Potion"},{"floor":21.0,"key":"Fire Potion"},{"floor":22.0,"key":"LiquidBronze"},{"floor":23.0,"key":"SpeedPotion"},{"floor":25.0,"key":"GamblersBrew"},{"floor":31.0,"key":"SkillPotion"},{"floor":32,"key":"Weak Potion"},{"floor":33,"key":"EssenceOfSteel"},{"floor":42,"key":"bronze:BurnAndBuffPotion"},{"floor":44,"key":"Fire Potion"},{"floor":46,"key":"Strength Potion"},{"floor":47,"key":"Energy Potion"},{"floor":52,"key":"hexamod:EctoCoolerPotion"}],"is_trial":true,"path_per_floor":["R","M","?","$","M","$","T","R","E","R","E","E","E","E","M","B",null,"R","M","M","M","M","E","T","E","$","R","?","$","E","E","M","B",null,"R","M","?","E","$","R","T","E","?","E","E","E","E","$","M","B",null,"E","$","R","B","B",null],"character_chosen":"THE_SPIRIT","items_purchased":["hexamod:FourthSeal","Panache","Guardian:BottledAnomaly","Singing Bowl"],"campfire_rested":0,"item_purchase_floors":[4,26,26,26],"current_hp_per_floor":[70,70,70,70,64,58,58,68,53,53,51,48,62,62,62,67,90,90,90,90,90,78,100,100,100,100,100,100,100,99,113,115,117,128,128,130,130,132,132,132,132,132,132,132,134,136,138,138,137,134,140,140,140,140,136,121],"gold":129,"neow_bonus":"","is_daily":false,"chose_seed":false,"campfire_upgraded":6,"win_rate":0.0,"timestamp":1611290952,"path_taken":["R","M","?","$","?","$","T","R","E","R","E","E","E","E","M","BOSS","BOSS","R","M","M","M","M","E","T","E","$","R","?","?","?","E","M","BOSS","R","M","?","?","$","R","T","E","?","E","E","E","E","$","M","BOSS","E","$","R","BOSS","BOSS"],"items_purchased_type":["Card","Card","Relic","Relic"],"build_version":"2020-12-22","purchased_purges":3,"victory":true,"max_hp_per_floor":[70,70,70,70,70,70,70,80,80,80,85,85,85,85,85,90,90,90,90,90,90,90,100,100,100,100,100,100,100,110,124,126,128,128,128,130,130,132,132,132,132,132,132,132,134,136,138,138,140,140,140,140,140,140,140,140],"card_choices":[{"not_picked":["hexamod:RainOfEmbers","hexamod:AdvancingGuard"],"picked":"hexamod:HauntingEcho","floor":2.0},{"not_picked":["hexamod:AdvancingGuard","hexamod:Firestarter","hexamod:ThermalTransfer"],"picked":"SKIP","floor":2.0},{"not_picked":["hexamod:DynamicBlow","hexamod:InspiringFlames"],"picked":"hexamod:StepThrough","floor":4.0},{"not_picked":["hexamod:DynamicBlow","hexamod:BacktrackSmack","hexamod:GhostOfSpirePresent"],"picked":"SKIP","floor":4.0},{"not_picked":["hexamod:FlamesFromBeyond","hexamod:GhostShield"],"picked":"hexamod:SecondSeal","floor":5.0},{"not_picked":["hexamod:GhostLash","hexamod:SecondSeal"],"picked":"hexamod:NightmareGuise","floor":5.0},{"not_picked":["hexamod:DynamicBlow","hexamod:SecondSeal"],"picked":"hexamod:TimeOfNeed","floor":6.0},{"not_picked":["hexamod:PhantomCloak","hexamod:ChargedBarrage","hexamod:TurnItUp"],"picked":"SKIP","floor":6.0},{"not_picked":["hexamod:Toasty","hexamod:GhostOfSpirePresent"],"picked":"hexamod:SixthSeal","floor":9.0},{"not_picked":["hexamod:HexaLevel","hexamod:VolcanoVisage"],"picked":"hexamod:ApocalypseNow","floor":9.0},{"not_picked":["hexamod:TimeOfNeed","hexamod:TurnItUp"],"picked":"hexamod:TimeWarp","floor":11.0},{"not_picked":["hexamod:GhostflameInferno","hexamod:ApocalypseNow"],"picked":"hexamod:FifthSeal","floor":12.0},{"not_picked":["hexamod:FlameSwitch","hexamod:UnleashSpirits"],"picked":"hexamod:GiftsFromTheDead","floor":12.0},{"not_picked":["hexamod:UnlimitedPower","hexamod:FifthSeal"],"picked":"hexamod:TimeWarp","floor":13.0},{"not_picked":["hexamod:TurnItUp","hexamod:UnleashSpirits"],"picked":"hexamod:UnlimitedPower","floor":13.0},{"not_picked":["hexamod:SecondSeal","hexamod:SixthSeal","hexamod:FourthSeal"],"picked":"SKIP","floor":13.0},{"not_picked":["hexamod:WildfireWeapon","hexamod:VolcanoVisage"],"picked":"hexamod:FlameSwitch+1","floor":14.0},{"not_picked":["hexamod:Haunt+1","hexamod:ChargedBarrage+1"],"picked":"hexamod:AdvancingGuard+1","floor":15.0},{"not_picked":["hexamod:SixthSeal","hexamod:SecondSeal","hexamod:ThirdSeal"],"picked":"SKIP","floor":15.0},{"not_picked":["hexamod:UnleashSpirits","hexamod:UnlimitedPower+1"],"picked":"hexamod:ApocalypticArmor","floor":16.0},{"not_picked":["hexamod:SwordOfDarkness","hexamod:HeatMetal+1"],"picked":"hexamod:Hexaguard+1","floor":19.0},{"not_picked":["hexamod:BacktrackSmack","hexamod:HauntingEcho"],"picked":"hexamod:FastForward+1","floor":20.0},{"not_picked":["hexamod:SecondSeal","hexamod:SixthSeal"],"picked":"hexamod:FirstSeal","floor":21.0},{"not_picked":["hexamod:GhostShield+1","hexamod:SwordOfDarkness"],"picked":"hexamod:FlamesFromBeyond+1","floor":21.0},{"not_picked":["hexamod:SpectralSpark+1","hexamod:Incineration"],"picked":"hexamod:NecessarySacrifice+1","floor":21.0},{"not_picked":["hexamod:HauntingEcho+1","hexamod:GhostShield+1"],"picked":"hexamod:FlamesFromBeyond+1","floor":22.0},{"not_picked":["hexamod:SecondSeal","hexamod:SixthSeal","hexamod:ThirdSeal"],"picked":"SKIP","floor":22.0},{"not_picked":["hexamod:VolcanoVisage","hexamod:UnleashSpirits"],"picked":"hexamod:TimeOfNeed+1","floor":23.0},{"not_picked":["hexamod:ApocalypseNow+1","hexamod:SixthSeal"],"picked":"hexamod:TimeOfNeed+1","floor":25.0},{"not_picked":["hexamod:AdvancingGuard+1","hexamod:GhostOfSpirePresent","hexamod:Firestarter"],"picked":"SKIP","floor":26.0},{"not_picked":["hexamod:VolcanoVisage","hexamod:ApocalypticArmor"],"picked":"hexamod:ForkedFlame","floor":30.0},{"not_picked":["hexamod:GhostflameInferno+1","hexamod:GiftsFromTheDead"],"picked":"hexamod:HexaLevel","floor":31.0},{"not_picked":["hexamod:SwordOfDarkness+1","hexamod:AdvancingGuard+1","hexamod:BurningTouch+1"],"picked":"Singing Bowl","floor":32},{"not_picked":["hexamod:SixthSeal","hexamod:SearingWound+1","hexamod:ApocalypseNow+1"],"picked":"Singing Bowl","floor":33},{"not_picked":["hexamod:ShieldOfDarkness+1","hexamod:NightmareGuise+1","hexamod:GhostLash"],"picked":"Singing Bowl","floor":36},{"not_picked":["hexamod:Toasty","hexamod:UnleashSpirits","hexamod:SixthSeal"],"picked":"Singing Bowl","floor":38},{"not_picked":["hexamod:SearingWound+1","hexamod:Toasty"],"picked":"hexamod:TimeWarp","floor":42},{"not_picked":["hexamod:GiftsFromTheDead","hexamod:GhostOfSpirePresent"],"picked":"hexamod:HexaLevel","floor":44},{"not_picked":["hexamod:SixthSeal","hexamod:SearingWound+1","hexamod:ParanormalForm"],"picked":"Singing Bowl","floor":45},{"not_picked":["hexamod:Toasty","hexamod:SearingWound+1","hexamod:GhostflameInferno+1"],"picked":"Singing Bowl","floor":46},{"not_picked":["hexamod:TurnItUp+1","hexamod:UnleashSpirits","hexamod:WildfireWeapon"],"picked":"Singing Bowl","floor":47},{"not_picked":["hexamod:SwordOfDarkness+1","hexamod:SuperheatedStrike+1","hexamod:Firestarter"],"picked":"Singing Bowl","floor":49},{"not_picked":["hexamod:ParanormalForm","hexamod:UnleashSpirits"],"picked":"hexamod:ApocalypticArmor","floor":52}],"player_experience":159783,"relics_obtained":[{"floor":9.0,"key":"Mummified Hand"},{"floor":11.0,"key":"hexamod:BolsterEngine"},{"floor":12.0,"key":"Art of War"},{"floor":13.0,"key":"Slimebound:StickyStick"},{"floor":14.0,"key":"Toxic Egg 2"},{"floor":23.0,"key":"Letter Opener"},{"floor":24.0,"key":"Akabeko"},{"floor":25.0,"key":"Anchor"},{"floor":30.0,"key":"Pear"},{"floor":31.0,"key":"Mango"},{"floor":38,"key":"Matryoshka"},{"floor":41,"key":"Bottled Lightning"},{"floor":41,"key":"Unceasing Top"},{"floor":42,"key":"Guardian:PocketSentry"},{"floor":44,"key":"StrikeDummy"},{"floor":45,"key":"Pocketwatch"},{"floor":46,"key":"hexamod:CandleOfCauterizing"},{"floor":47,"key":"Peace Pipe"},{"floor":52,"key":"Blood Vial"}],"event_choices":[{"cards_removed":["hexamod:NightmareGuise"],"damage_healed":0,"gold_gain":0,"player_choice":"Card Removal","damage_taken":0,"max_hp_gain":0,"max_hp_loss":0,"event_name":"Wheel of Change","floor":37,"gold_loss":0}],"is_beta":false,"boss_relics":[{"not_picked":["hexamod:UnbrokenSoul","Empty Cage"],"picked":"expansioncontent:StudyCardRelic"},{"not_picked":["Runic Dome","Philosopher\u0027s Stone"],"picked":"hexamod:IceCube"}],"items_purged_floors":[26,39,48],"is_endless":false,"potions_floor_spawned":[5,11,12,15,16,21,22,25,31,32,33,42,44,46,47,52],"ascension_level":0}}