{"host":"c52z9ixzgdjttcmx","time":1611347498,"event":{"mods":["BaseMod","Colored Powertips","Minty Spire (QoL Compilation)","Rare Cards Sparkle","Relic Stats"],"gold_per_floor":[110,110,185,460,472,507,507,507,533,545,570,570,604,620,620,620,620],"floor_reached":16,"language":"ENG","playtime":390,"items_purged":[],"score":239,"play_id":"cf9f6cee-8519-46af-adcf-91dbe022f0ca","local_time":"20210122143138","is_ascension_mode":true,"campfire_choices":[{"floor":15,"key":"REST"}],"circlet_count":0,"master_deck":["AscendersBane","Strike_B","Strike_B","Strike_B","Defend_B","Defend_B","Defend_B","Defend_B","Zap","Dualcast","Turbo","Streamline","Glacier","Doom and Gloom","Redo","Leap","Capacitor","Hologram","Auto Shields"],"relics":["Cracked Core","NeowsBlessing","Toy Ornithopter","Dream Catcher","Gremlin Horn","Ancient Tea Set","Odd Mushroom","The Courier"],"acts_visited":["Exordium"],"potions_floor_usage":[14],"damage_taken":[{"damage":0,"enemies":"Jaw Worm","floor":1,"turns":1},{"damage":0,"enemies":"2 Louse","floor":5,"turns":1},{"damage":0,"enemies":"Gremlin Nob","floor":6,"turns":1},{"damage":0,"enemies":"Cultist","floor":10,"turns":3},{"damage":7,"enemies":"The Mushroom Lair","floor":11,"turns":3},{"damage":17,"enemies":"Lagavulin","floor":13,"turns":9},{"damage":1,"enemies":"Exordium Wildlife","floor":14,"turns":3},{"damage":38,"enemies":"Slime Boss","floor":16,"turns":6}],"seed_played":"7624603549272344656","potions_obtained":[{"floor":1,"key":"EssenceOfDarkness"},{"floor":5,"key":"SkillPotion"},{"floor":14,"key":"LiquidBronze"}],"is_trial":false,"path_per_floor":["M","?","?","?","M","E","T","?","T","M","?","?","E","M","R","B"],"character_chosen":"DEFECT","items_purchased":[],"campfire_rested":1,"item_purchase_floors":[],"current_hp_per_floor":[64,53,42,42,42,42,42,35,35,35,28,28,11,15,36,0,0],"gold":620,"neow_bonus":"THREE_ENEMY_KILL","is_daily":false,"chose_seed":false,"campfire_upgraded":0,"win_rate":0.0,"timestamp":1611347498,"path_taken":["M","?","?","?","?","E","?","?","T","M","?","?","E","M","R","BOSS"],"items_purchased_type":[],"build_version":"2020-12-22","purchased_purges":0,"victory":false,"max_hp_per_floor":[71,71,71,71,71,71,71,71,71,71,71,71,71,71,71,71,71],"relic_stats":{"Dream Catcher":1,"Gremlin Horn":[3,3],"counters":[8,27],"obtain_stats":[{"Dream Catcher":6,"NeowsBlessing":0,"Gremlin Horn":7,"The Courier":13,"Odd Mushroom":11,"Cracked Core":0,"Ancient Tea Set":9,"Toy Ornithopter":2},{"Dream Catcher":3,"NeowsBlessing":0,"Gremlin Horn":3,"The Courier":6,"Odd Mushroom":5,"Cracked Core":0,"Ancient Tea Set":3,"Toy Ornithopter":1},{"Dream Catcher":3,"NeowsBlessing":0,"Gremlin Horn":3,"The Courier":18,"Odd Mushroom":9,"Cracked Core":0,"Ancient Tea Set":3,"Toy Ornithopter":1}],"Toy Ornithopter":5},"card_choices":[{"not_picked":["BootSequence","Barrage"],"picked":"Turbo","floor":1},{"not_picked":["Sweeping Beam","Force Field"],"picked":"Streamline","floor":5},{"not_picked":["Conserve Battery","Tempest"],"picked":"Glacier","floor":6},{"not_picked":["Conserve Battery","Redo"],"picked":"Doom and Gloom","floor":10},{"not_picked":["Storm","Reinforced Body"],"picked":"Redo","floor":11},{"not_picked":["Blizzard","Cold Snap"],"picked":"Capacitor","floor":13},{"not_picked":["Reinforced Body","Gash"],"picked":"Hologram","floor":14},{"not_picked":["Multi-Cast","Steam Power"],"picked":"Auto Shields","floor":15}],"player_experience":3306980,"relics_obtained":[{"floor":6,"key":"Dream Catcher"},{"floor":7,"key":"Gremlin Horn"},{"floor":9,"key":"Ancient Tea Set"},{"floor":11,"key":"Odd Mushroom"},{"floor":13,"key":"The Courier"}],"event_choices":[{"damage_healed":0,"gold_gain":0,"player_choice":"Success","damage_taken":11,"relics_obtained":["Toy Ornithopter"],"max_hp_gain":0,"max_hp_loss":0,"event_name":"Scrap Ooze","floor":2,"gold_loss":0},{"damage_healed":0,"gold_gain":75,"player_choice":"Gather Gold","damage_taken":11,"max_hp_gain":0,"max_hp_loss":0,"event_name":"World of Goop","floor":3,"gold_loss":0},{"damage_healed":0,"gold_gain":275,"player_choice":"Desecrate","damage_taken":0,"max_hp_gain":0,"max_hp_loss":0,"event_name":"Golden Shrine","floor":4,"gold_loss":0,"cards_obtained":["Regret"]},{"cards_removed":["Regret"],"damage_healed":0,"gold_gain":0,"player_choice":"Card Removal","damage_taken":7,"max_hp_gain":0,"max_hp_loss":0,"event_name":"Golden Wing","floor":8,"gold_loss":0},{"damage_healed":0,"gold_gain":0,"player_choice":"Fought Mushrooms","damage_taken":0,"max_hp_gain":0,"max_hp_loss":0,"event_name":"Mushrooms","floor":11,"gold_loss":0},{"damage_healed":0,"gold_gain":0,"cards_transformed":["Strike_B"],"player_choice":"Change","damage_taken":0,"max_hp_gain":0,"max_hp_loss":0,"event_name":"Living Wall","floor":12,"gold_loss":0,"cards_obtained":["Leap"]}],"is_beta":false,"boss_relics":[],"items_purged_floors":[],"is_endless":false,"potions_floor_spawned":[1,5,14],"killed_by":"Slime Boss","ascension_level":16}}