{"host":"qmnyg5dk1o6rw6mz","time":1611344054,"event":{"mods":["100% Spire Juice","2.2 Compatiblity","AchievementEnabler","Act Like it!","Arknights The Spire","Aspiration","Astrologer","BaseMod","Better Third Choice","CapriCore","Challenge The Spire","ChefMod","Colored Map","Colored Powertips","Conjunction","Conspire","Decade(王小明)","DeckTracker","Defuse TimeMaze Blight","Disable Question Mark Monsters","Energized Spire","Friendly Minions","Gensokyo","GifTheSpireLib","Hermit","Highlight Path","HololiveMod","HornydragonMod","Hubris","Infinite Spire","Jedi Mod","Koishi","KomeijiMod","Lobotomy","LobotomyExtend","Marisa（霧雨　魔理沙）","Minty Spire (QoL Compilation)","Pale of the Ancients","Permanent Neow","Prisma Mod","Quick Restart","Reimu（博???）","Robot Space Explorer","SIMod","StSLib","Stuff the Spire","The Alterego","The Cursed","The Dragon Tamer","The Gatherer","The Immortal","The Marked","The Mystic","The Poker Player","The Runesmith","The Senshi","The Showman","Unceasing Turn Reminder","WarShipGirlsR/??少女R mod","Wide Potions","Youmu（魂魄妖?）","Yuri Mod","Yuyuko","vexMod"],"gold_per_floor":[271,283,283,233,245,245,56,56,56,66,96,112,112,141,141,257,257,272,187,203,217,237,265,278,289,312,339,339,354,364,364,364],"floor_reached":30,"language":"ZHS","playtime":1367,"items_purged":[],"score":334,"play_id":"97c42ecc-721b-46bb-a024-e7e12d52d1bf","local_time":"20210123033414","is_ascension_mode":false,"metric_token":4119,"campfire_choices":[{"data":"DTMod:SwitchingTactic","floor":6,"key":"SMITH"},{"data":"DTMod:BurningForce","floor":15,"key":"SMITH"},{"floor":28,"key":"REST"}],"dtmod_dragon_data":[24,50,1,-1,9,0],"circlet_count":0,"master_deck":["DTMod:Strike","DTMod:Strike","DTMod:Strike","DTMod:DoubleHit","DTMod:TargetDefense","DTMod:TargetDefense","DTMod:TargetDefense","DTMod:TargetDefense","DTMod:SwitchingTactic+1","DTMod:HeatWave","DTMod:ComboAttack+1","DTMod:MagiciansMark+1","DTMod:ShieldDrain","DTMod:EchoTactic","DTMod:Feint","DTMod:EchoTactic","DTMod:BurningForce+1","DTMod:StarRain","DTMod:ShadowImage","DTMod:ForkedFire+1","DTMod:Training","DTMod:Coolant+1","DTMod:ComboAttack+1","DTMod:HeadStart","DTMod:Feint+1","DTMod:BalancedStrike","DTMod:MaximumCharge","DTMod:RunningTactic"],"relics":["DTMod:PactStone","YidongShenshe:ReiMu","vexMod:PaidLearning","infinitespire:Midas Blood","vexMod:InvisibilityCloak","aspiration:ChemicalBlood","energizedSpire:DeadBattery","infinitespire:Satchel","aspiration:DSix","Nunchaku","CrazyTorch:ReiMu","conspire:TopHat"],"acts_visited":["Exordium","TheCity"],"potions_floor_usage":[11,16,20,21,22,23,25,27,27],"damage_taken":[{"damage":2,"enemies":"Small Slimes","floor":1,"turns":3},{"damage":0,"enemies":"Cultist","floor":2,"turns":4},{"damage":0,"enemies":"2 Louse","floor":5,"turns":3},{"damage":0,"enemies":"Large Slime","floor":10,"turns":6},{"damage":2,"enemies":"3 Sentries","floor":11,"turns":7},{"damage":0,"enemies":"Looter","floor":12,"turns":3},{"damage":0,"enemies":"Gremlin Nob","floor":14,"turns":3},{"damage":34,"enemies":"The Guardian","floor":16,"turns":10},{"damage":1,"enemies":"Shell Parasite","floor":18,"turns":3},{"damage":0,"enemies":"Spheric Guardian","floor":20,"turns":2},{"damage":0,"enemies":"Snake Plant","floor":21,"turns":2},{"damage":4,"enemies":"Centurion and Healer","floor":22,"turns":5},{"damage":12,"enemies":"Book of Stabbing","floor":23,"turns":4},{"damage":0,"enemies":"3 Cultists","floor":24,"turns":3},{"damage":0,"enemies":"Shelled Parasite and Fungi","floor":25,"turns":4},{"damage":0,"enemies":"Slavers","floor":27,"turns":2},{"damage":0,"enemies":"Snake Plant","floor":29,"turns":2},{"damage":47,"enemies":"Nightmare","floor":30,"turns":4}],"seed_played":"2126320734511466224","potions_obtained":[{"floor":2,"key":"Weak Potion"},{"floor":12,"key":"Regen Potion"},{"floor":16,"key":"PowerPotion"},{"floor":18,"key":"Explosive Potion"},{"floor":20,"key":"FearPotion"},{"floor":22,"key":"MagicPotion:ReiMu"},{"floor":23,"key":"Swift Potion"},{"floor":25,"key":"GamblersBrew"}],"is_trial":false,"path_per_floor":["M","M","?","?","M","R","$","?","T","M","E","M","?","E","R","B",null,"M","?","M","M","M","E","M","M","T","E","R","M","NM"],"character_chosen":"THE_DT","items_purchased":["vexMod:PaidLearning","DTMod:ShieldDrain"],"campfire_rested":1,"item_purchase_floors":[7,7],"current_hp_per_floor":[43,43,43,43,43,43,43,43,43,43,41,41,45,45,45,11,45,44,44,44,44,40,28,28,28,28,28,41,41,0,0,0],"gold":364,"neow_bonus":"","is_daily":false,"chose_seed":false,"campfire_upgraded":2,"win_rate":0.0,"timestamp":1611344054,"path_taken":["M","M","?","?","M","R","$","?","T","M","E","?","?","E","R","BOSS","M","?","M","M","M","E","M","M","T","E","R","M","NM"],"items_purchased_type":["Relic","Card"],"build_version":"2020-12-22","purchased_purges":0,"victory":false,"max_hp_per_floor":[45,45,45,45,45,45,45,45,45,45,45,45,45,45,45,45,45,45,45,45,45,45,45,45,45,45,45,45,45,45,45,45],"card_choices":[{"not_picked":["DTMod:LowKick","DTMod:RunningTactic"],"picked":"DTMod:HeatWave","floor":1},{"not_picked":["DTMod:WarmUp","DTMod:MagicField"],"picked":"DTMod:ComboAttack","floor":2},{"not_picked":["DTMod:LowKick","DTMod:CalculatedDefense"],"picked":"DTMod:MagiciansMark","floor":5},{"not_picked":["DTMod:BreakAttack","DTMod:Weaken"],"picked":"DTMod:Feint","floor":10},{"not_picked":["DTMod:Feint","DTMod:InvisibleFlame"],"picked":"DTMod:EchoTactic","floor":11},{"not_picked":["DTMod:BizarreTactic","DTMod:Feint"],"picked":"DTMod:BurningForce","floor":12},{"not_picked":["DTMod:MagiciansMark","DTMod:FlameSlash"],"picked":"DTMod:StarRain","floor":14},{"not_picked":["DTMod:ExcessFootwork","DTMod:ResonanceForm"],"picked":"DTMod:ShadowImage","floor":16},{"not_picked":["DTMod:BreakAttack","DTMod:HeatWave"],"picked":"DTMod:ForkedFire+1","floor":18},{"not_picked":["DTMod:CleansingStrike","DTMod:QuickFly"],"picked":"DTMod:Training","floor":20},{"not_picked":["DTMod:Punisher+1","DTMod:ComboAttack"],"picked":"DTMod:Coolant+1","floor":21},{"not_picked":["DTMod:BuildUp","DTMod:QuickFly"],"picked":"DTMod:ComboAttack+1","floor":22},{"not_picked":["DTMod:QuickFly","DTMod:BlazingStrike"],"picked":"DTMod:HeadStart","floor":23},{"not_picked":["DTMod:DeepFocus","DTMod:Cover"],"picked":"DTMod:Feint+1","floor":24},{"not_picked":["DTMod:MasterPlan+1","DTMod:Training"],"picked":"DTMod:BalancedStrike","floor":25},{"not_picked":["DTMod:BuildUp","DTMod:Training"],"picked":"DTMod:MaximumCharge","floor":27},{"not_picked":["DTMod:Training","DTMod:Hide"],"picked":"DTMod:RunningTactic","floor":29}],"player_experience":212818,"relics_obtained":[{"floor":9,"key":"infinitespire:Midas Blood"},{"floor":11,"key":"vexMod:InvisibilityCloak"},{"floor":14,"key":"aspiration:ChemicalBlood"},{"floor":23,"key":"aspiration:DSix"},{"floor":26,"key":"Nunchaku"},{"floor":27,"key":"CrazyTorch:ReiMu"},{"floor":27,"key":"conspire:TopHat"}],"event_choices":[{"damage_healed":0,"gold_gain":0,"player_choice":"?走神社","damage_taken":0,"relics_obtained":["YidongShenshe:ReiMu"],"max_hp_gain":0,"max_hp_loss":0,"event_name":"yidonshenshe","floor":3,"gold_loss":0,"cards_obtained":["Poor:ReiMu"]},{"cards_removed":["Poor:ReiMu"],"damage_healed":0,"gold_gain":0,"player_choice":"Card Removal","damage_taken":0,"max_hp_gain":0,"max_hp_loss":0,"event_name":"The Cleric","floor":4,"gold_loss":50},{"damage_healed":0,"gold_gain":0,"cards_transformed":["DTMod:Strike"],"player_choice":"Transformed","damage_taken":0,"max_hp_gain":0,"max_hp_loss":0,"event_name":"Transmorgrifier","floor":8,"gold_loss":0,"cards_obtained":["DTMod:EchoTactic"]},{"damage_healed":0,"gold_gain":0,"player_choice":"Obtained Relic","damage_taken":0,"relics_obtained":["infinitespire:Satchel"],"max_hp_gain":0,"max_hp_loss":0,"event_name":"Addict","floor":19,"gold_loss":85}],"is_beta":false,"boss_relics":[{"not_picked":["Runic Dome","StuffTheSpire:RunicHypercube"],"picked":"energizedSpire:DeadBattery"}],"items_purged_floors":[],"is_endless":false,"potions_floor_spawned":[2,12,16,18,20,22,23,25],"killed_by":"Nightmare","ascension_level":0}}