{"host":"c6u7e77myxvw4d0m","time":1611319502,"event":{"mods":["AchievementEnabler","BaseMod","Bestiary","Colored Map","Colored Powertips","Minty Spire (QoL Compilation)","Rare Cards Sparkle","Relic Stats","everything is the same but u backflip on backflip"],"gold_per_floor":[112,112,128,128,141,184,24,24,75,95,134,134,134,155,155,155,155],"floor_reached":16,"language":"ENG","playtime":9123,"items_purged":["Strike_R"],"score":149,"play_id":"cbfa2b3d-e4bd-4b64-b098-1b15e89285a0","local_time":"20210122144502","is_ascension_mode":true,"campfire_choices":[{"floor":8,"key":"REST"},{"data":"Armaments","floor":12,"key":"SMITH"},{"data":"Bash","floor":15,"key":"SMITH"}],"circlet_count":0,"master_deck":["Strike_R","Strike_R","Strike_R","Strike_R","Defend_R","Defend_R","Defend_R","Defend_R","Bash+1","Hemokinesis","Cleave","Pommel Strike","Carnage+1","Shockwave","Rupture","Armaments+1","Seeing Red","Bloodletting"],"relics":["Burning Blood","Oddly Smooth Stone","Golden Idol","Peace Pipe","Ancient Tea Set","Happy Flower"],"acts_visited":["Exordium"],"potions_floor_usage":[11,16,16],"damage_taken":[{"damage":2,"enemies":"Cultist","floor":1,"turns":2},{"damage":4,"enemies":"Small Slimes","floor":3,"turns":2},{"damage":2,"enemies":"Jaw Worm","floor":5,"turns":3},{"damage":42,"enemies":"Lagavulin","floor":6,"turns":5},{"damage":0,"enemies":"Large Slime","floor":10,"turns":3},{"damage":20,"enemies":"Gremlin Nob","floor":11,"turns":3},{"damage":2,"enemies":"Looter","floor":14,"turns":3},{"damage":48,"enemies":"Hexaghost","floor":16,"turns":8}],"seed_played":"1854060943224374975","potions_obtained":[{"floor":1,"key":"Swift Potion"},{"floor":5,"key":"Ancient Potion"},{"floor":10,"key":"Explosive Potion"},{"floor":14,"key":"Strength Potion"}],"is_trial":false,"path_per_floor":["M","?","M","?","M","E","$","R","T","M","E","R","?","M","R","B"],"character_chosen":"IRONCLAD","items_purchased":["Rupture","Armaments"],"campfire_rested":1,"item_purchase_floors":[7,7],"current_hp_per_floor":[76,73,75,55,59,23,23,47,47,53,39,39,39,43,43,0,0],"gold":155,"neow_bonus":"THREE_CARDS","is_daily":false,"chose_seed":false,"campfire_upgraded":2,"win_rate":0.0,"timestamp":1611319502,"path_taken":["M","?","M","?","M","E","?","R","T","M","E","R","?","M","R","BOSS"],"items_purchased_type":["Card","Card"],"build_version":"2020-12-22","purchased_purges":1,"victory":false,"max_hp_per_floor":[80,80,80,80,80,80,80,80,80,80,80,80,80,80,80,80,80],"relic_stats":{"Peace Pipe":0,"Happy Flower":[3],"counters":[8,29],"Golden Idol":28,"obtain_stats":[{"Peace Pipe":6,"Happy Flower":11,"Golden Idol":4,"Oddly Smooth Stone":2,"Ancient Tea Set":9,"Burning Blood":0},{"Peace Pipe":4,"Happy Flower":6,"Golden Idol":2,"Oddly Smooth Stone":1,"Ancient Tea Set":4,"Burning Blood":0},{"Peace Pipe":12,"Happy Flower":18,"Golden Idol":4,"Oddly Smooth Stone":2,"Ancient Tea Set":12,"Burning Blood":0}],"Burning Blood":42},"card_choices":[{"not_picked":["Sword Boomerang","Perfected Strike"],"picked":"Hemokinesis","floor":0},{"not_picked":["Reckless Charge","Warcry"],"picked":"Cleave","floor":1},{"not_picked":["Hemokinesis","Body Slam"],"picked":"Pommel Strike","floor":3},{"not_picked":["Anger","Cleave"],"picked":"Carnage","floor":5},{"not_picked":["Feel No Pain","Brutality"],"picked":"Shockwave","floor":6},{"not_picked":["Wild Strike","Havoc"],"picked":"Seeing Red","floor":10},{"not_picked":["Seeing Red","Pummel","Clash"],"picked":"SKIP","floor":11},{"not_picked":["Intimidate","Twin Strike"],"picked":"Bloodletting","floor":14}],"player_experience":438759,"relics_obtained":[{"floor":6,"key":"Peace Pipe"},{"floor":9,"key":"Ancient Tea Set"},{"floor":11,"key":"Happy Flower"}],"event_choices":[{"damage_healed":0,"gold_gain":0,"player_choice":"Success","damage_taken":3,"relics_obtained":["Oddly Smooth Stone"],"max_hp_gain":0,"max_hp_loss":0,"event_name":"Scrap Ooze","floor":2,"gold_loss":0},{"damage_healed":0,"gold_gain":0,"player_choice":"Take Damage","damage_taken":20,"relics_obtained":["Golden Idol"],"max_hp_gain":0,"max_hp_loss":0,"event_name":"Golden Idol","floor":4,"gold_loss":0},{"damage_healed":0,"gold_gain":0,"player_choice":"Grow","damage_taken":0,"max_hp_gain":0,"max_hp_loss":0,"event_name":"Living Wall","floor":13,"gold_loss":0,"cards_upgraded":["Carnage"]}],"is_beta":false,"boss_relics":[],"items_purged_floors":[7],"is_endless":false,"potions_floor_spawned":[1,5,10,14],"killed_by":"Hexaghost","ascension_level":7}}