{"host":"1yi750mqk7ixxpl5","time":1611352797,"event":{"mods":["Arknights The Spire","Aspiration","Bartender","BaseMod","Better Third Choice","BetterRewards","Colored Map","Colored Powertips","Conspire","Custom Start","Defuse TimeMaze Blight","Dio Mod","Dota2Spire","Downfall","Halation","Hubris","Infinite Spire","Marisa????????","Minty Spire (QoL Compilation)","Rare Cards Sparkle","Replay The Spire","Shade Mod","StSLib","Td1madao Mod","The Alterego","The Bladedancer","The Jungle","The Mystic","The Servant 0.9.4","TheWitcher","Waifu the Spire","vexMod","???Mod??????Boss"],"gold_per_floor":[115,115,115,115,133,163,163,198,278,308,334,352,383,383,486,486,496,508,520,520,520,547,547,581,607,639,673,699,733,1033,1033,1128,1128,1139,1156,1168,1182,1082,1110,1145,1171,1171,1190,1222,1256,1288,1317,1317,1418,1418,1433,1433],"floor_reached":52,"language":"ENG","playtime":2870,"items_purged":[],"score":1921,"play_id":"d0e11dfe-450b-4133-8a5d-d868566489a9","local_time":"20210122155957","daily_mods":["DeadlyEvents","Elite Swarm"],"is_ascension_mode":true,"campfire_choices":[{"data":"ats:Roar Of Ursus","floor":7.0,"key":"SMITH"},{"data":"Barricade","floor":15.0,"key":"SMITH"},{"data":"Apotheosis","floor":24.0,"key":"SMITH"},{"data":"Pot Of Greed","floor":49.0,"key":"SMITH"}],"circlet_count":0,"master_deck":["alterego_mod:Tantrum","ats:Shell Defense","ats:Shell Defense","ats:Shell Defense","ats:Shell Defense","ats:Shell Defense","ats:Overload","ats:Overload","ats:Overload","ats:Overload","ats:Mental Burst","ats:Mental Burst","ats:Mental Burst","ats:Mental Burst","Barricade+1","ats:Assault Order","ats:Ambush","Apotheosis+1","ats:Apocalypse+1","Pot Of Greed+1","Pot Of Greed","hubris:DuctTapeCard","ats:Childhood Dance"],"relics":["ats:Sanity Plus","hubris:64BitClover","Dota2Spire:AghanimScepter","Replay:Baseball","Black Star","Dota2Spire:DivineRapier","hubris:DuctTape","Dota2Spire:EchoSabre","infinitespire:EmpoweringShard","infinitespire:WardingShard","infinitespire:FocusingShard","StoneMask","halation:PromiseList","Boot","infinitespire:ShieldingShard","ats:Sanity Plus","halation:QuantumPhysicsTextbook","aspiration:PoetsPen","hubris:OldNail","Mummified Hand","Matryoshka","hubris:IronBody","conspire:InfiniteJournal","ats:Originium","Blue Doll","Dota2Spire:UrnOfShadows","Iron Hammer","conspire:TopHat","hubris:Metronome","Toy Ornithopter","SnafuTest:BearRelic","conspire:GiftBox","The Courier","hubris:Teleporter","Smiling Mask","Onion Ring","ats:Omniscience","halation:StarCompass","infinitespire:Beetle Shell","WingedGreaves","hubris:PeanutButter","Dota2Spire:Dagon","vexMod:FocusSash","Replay:Rubber Ducky","Power_Wrist","halation:KoshaPiece","Gremlin Food","Bronze Scales","Potion Belt","Bag of Marbles","Lantern","aspiration:HummingbirdHeart","Old Coin","Silver_Glasses","aspiration:MarisaSkillbook","ReplayTheSpireMod:TigerMarble","Dota2Spire:MaskOfMadness","champ:DeflectingBracers","hubris:Zylophone","Replay:WaspNest","White Beast Statue","aspiration:ChemicalBlood","Replay:Mystery Machine","vexMod:BarristanHead","hubris:SlimyHat","Gambling Chip","Grinning Jar","ReplayTheSpireMod:Lightbulb","Snack Pack","conspire:BottledYoYo"],"acts_visited":["Exordium","TheCity","TheBeyond"],"potions_floor_usage":[],"damage_taken":[{"damage":0.0,"enemies":"Jaw Worm","floor":1.0,"turns":1.0},{"damage":0.0,"enemies":"Cultist","floor":5.0,"turns":1.0},{"damage":0.0,"enemies":"3 Sentries","floor":6.0,"turns":2.0},{"damage":0.0,"enemies":"Lagavulin","floor":8.0,"turns":2.0},{"damage":0.0,"enemies":"Gremlin Nob","floor":10.0,"turns":1.0},{"damage":0.0,"enemies":"3 Sentries","floor":11.0,"turns":1.0},{"damage":0.0,"enemies":"Small Slimes","floor":12.0,"turns":1.0},{"damage":0.0,"enemies":"Gremlin Nob","floor":13.0,"turns":1.0},{"damage":0.0,"enemies":"Fading Forest","floor":16.0,"turns":3.0},{"damage":0.0,"enemies":"2 Thieves","floor":18.0,"turns":1.0},{"damage":0.0,"enemies":"Chosen","floor":19.0,"turns":2.0},{"damage":0.0,"enemies":"Sentry and Sphere","floor":20.0,"turns":2.0},{"damage":0.0,"enemies":"Slavers","floor":23.0,"turns":1.0},{"damage":0.0,"enemies":"conspire:SneckoGhost","floor":25.0,"turns":1.0},{"damage":0.0,"enemies":"Nightmare","floor":27.0,"turns":1.0},{"damage":0.0,"enemies":"conspire:Head Lice","floor":28.0,"turns":1.0},{"damage":0.0,"enemies":"Slavers","floor":29.0,"turns":2.0},{"damage":0.0,"enemies":"Gremlin Leader","floor":30.0,"turns":1.0},{"damage":0.0,"enemies":"Champ","floor":33.0,"turns":2.0},{"damage":0.0,"enemies":"3 Shapes","floor":35.0,"turns":1.0},{"damage":0.0,"enemies":"Orb Walker","floor":36.0,"turns":1.0},{"damage":0.0,"enemies":"Maw","floor":37.0,"turns":2.0},{"damage":0.0,"enemies":"Sphere and 2 Shapes","floor":38.0,"turns":2.0},{"damage":0.0,"enemies":"R_Hoarder","floor":40.0,"turns":1.0},{"damage":0.0,"enemies":"Nightmare","floor":41.0,"turns":1.0},{"damage":0.0,"enemies":"R_Hoarder","floor":42.0,"turns":1.0},{"damage":0.0,"enemies":"4 Shapes","floor":44.0,"turns":1.0},{"damage":0.0,"enemies":"Giant Head","floor":45.0,"turns":1.0},{"damage":0.0,"enemies":"R_Hoarder","floor":46.0,"turns":1.0},{"damage":0.0,"enemies":"Giant Head","floor":47.0,"turns":1.0},{"damage":0.0,"enemies":"R_Hoarder","floor":48.0,"turns":1.0},{"damage":0.0,"enemies":"Awakened One","floor":50.0,"turns":2.0},{"damage":0,"enemies":"conspire:RoseBush","floor":52,"turns":1}],"seed_played":"7025911709073997839","potions_obtained":[{"floor":12.0,"key":"ColorlessPotion"},{"floor":13.0,"key":"Cursed Concoction"},{"floor":16.0,"key":"ats:Top Emergency Sanity Potion"},{"floor":27.0,"key":"conspire:TimeTravelPotion"},{"floor":29.0,"key":"SkillPotion"},{"floor":36.0,"key":"ats:Emergency Sanity Potion"},{"floor":47.0,"key":"PowerPotion"},{"floor":50.0,"key":"Fruit Juice"},{"floor":52,"key":"Dota2Spire:Clarity"}],"is_trial":true,"path_per_floor":["M","?","?","$","M","E","R","E","T","E","E","M","E","R","B",null,"M","M","M","?","?","E","R","E","T","NM","E","E","E","AVR","R","B",null,"M","M","M","M","NS","E","NM","E","T","M","E","E","E","E","R","B",null,"M"],"character_chosen":"DOCTOR_CLASS","items_purchased":[],"campfire_rested":0,"item_purchase_floors":[],"current_hp_per_floor":[73,73,73,73,74,77,77,78,78,79,82,84,85,85,86,86,88,89,91,91,91,94,94,95,95,96,97,100,101,101,101,102,102,105,106,107,110,110,111,112,113,113,117,118,119,120,121,121,130,130,131,131],"gold":1433,"neow_bonus":"","is_daily":false,"chose_seed":false,"campfire_upgraded":4,"win_rate":0.0,"timestamp":1611352797,"path_taken":["M","?","?","$","M","E","R","E","T","E","?","M","E","R","BOSS","M","M","M","?","?","E","R","E","T","NM","E","E","E","AVR","R","BOSS","M","M","M","M","NS","E","NM","E","T","M","E","E","E","E","R","BOSS","M"],"items_purchased_type":[],"build_version":"2020-12-22","purchased_purges":0,"victory":false,"max_hp_per_floor":[73,73,73,73,74,77,77,78,78,79,82,84,85,85,86,86,88,89,91,91,91,94,94,95,95,96,97,100,101,101,101,102,102,105,106,107,110,110,111,112,113,113,117,118,119,120,121,121,130,130,131,131],"card_choices":[{"not_picked":["ats:Consecutive Shot Auto","ats:Curse Doll","ats:Burning Ground"],"picked":"SKIP","floor":1.0},{"not_picked":["ats:Childhood Dance","ats:Thermite Blade"],"picked":"ats:Assault Order","floor":5.0},{"not_picked":["ats:Calcification","ats:Durian","ats:Wolf Pack"],"picked":"SKIP","floor":6.0},{"not_picked":["ats:Echo Reverb","ats:Nebulous Foxfire","ats:Shadow Assault"],"picked":"SKIP","floor":8.0},{"not_picked":["ats:Wolf Pack","ats:Ambush","ats:Roar Of Ursus"],"picked":"SKIP","floor":10.0},{"not_picked":["ats:Soul Rend","ats:Fractured Body","ats:Disruption Kick"],"picked":"SKIP","floor":11.0},{"not_picked":["ats:Revitalization","ats:Apocalypse","ats:Composite Medical Shells"],"picked":"SKIP","floor":12.0},{"not_picked":["ats:Nebulous Foxfire","ats:Echo Reverb"],"picked":"ats:Ambush","floor":13.0},{"not_picked":["ats:Cat Scratch","ats:Consecutive Shot Auto","ats:Ignite"],"picked":"SKIP","floor":18.0},{"not_picked":["ats:Poison Spread","ats:Hammer On","ats:Guardian Obelisk"],"picked":"SKIP","floor":19.0},{"not_picked":["ats:Calcification","ats:Flame Of Heaven+1","ats:Neurotoxin"],"picked":"SKIP","floor":20.0},{"not_picked":["ats:Nebulous Foxfire","ats:Ambush","ats:Soul Rend"],"picked":"SKIP","floor":23.0},{"not_picked":["ats:True Silver Slash","ats:Disruption Kick","ats:Roar Of Ursus"],"picked":"SKIP","floor":25.0},{"not_picked":["ats:Dogmatic Field","ats:True Silver Slash","ats:Rat Pack"],"picked":"SKIP","floor":27.0},{"not_picked":["ats:Roar Of Ursus","ats:Volcano","ats:Soul Rend"],"picked":"SKIP","floor":28.0},{"not_picked":["ats:Ambush","ats:Fractured Body","ats:Volcano"],"picked":"SKIP","floor":29.0},{"not_picked":["ats:Nebulous Foxfire","ats:Shadow Assault","ats:Ambush"],"picked":"SKIP","floor":30.0},{"not_picked":["MeteoricShower","PropBag","AsteroidBelt+1","ats:Poison Spread"],"picked":"SKIP","floor":35.0},{"not_picked":["ats:Support Order+1","MilkyWay+1","PowerUp"],"picked":"ats:Apocalypse+1","floor":36.0},{"not_picked":["ats:Explosion Area Strengthen","ats:Support Order","SporeBomb+1"],"picked":"ats:Curse Doll+1","floor":37.0},{"not_picked":["ats:Assault Order+1","ats:Charging Defense+1","UnstableBomb+1","ats:Shadow Raid"],"picked":"SKIP","floor":38.0},{"not_picked":["AbsoluteMagnitude","BigCrunch","EscapeVelocity","ats:Nebulous Foxfire"],"picked":"SKIP","floor":40.0},{"not_picked":["UltimateShortwave","ats:Disruption Kick","BigCrunch","ats:Volcano"],"picked":"SKIP","floor":41.0},{"not_picked":["SuperNova","ats:Fractured Body","ats:Disruption Kick","CasketOfStar"],"picked":"SKIP","floor":42.0},{"not_picked":["NonDirectionalLaser","IllusionStar+1","ats:Poison Spread+1","AsteroidBelt+1"],"picked":"SKIP","floor":44.0},{"not_picked":["FinalSpark","MaximisePower","ats:Rat Pack","ats:Roar Of Ursus"],"picked":"SKIP","floor":45.0},{"not_picked":["ats:Durian","ats:Wolf Pack","MillisecondPulsars","TreasureHunter"],"picked":"SKIP","floor":46.0},{"not_picked":["ats:Dogmatic Field","BinaryStars","StarDustReverie","UltimateShortwave"],"picked":"SKIP","floor":47.0},{"not_picked":["FinalSpark","BigCrunch","BinaryStars","ats:Durian"],"picked":"SKIP","floor":48.0},{"not_picked":["ShootTheMoon","GrandCross","6A"],"picked":"ats:Childhood Dance","floor":52}],"player_experience":269776,"relics_obtained":[{"floor":6.0,"key":"ats:Originium"},{"floor":6.0,"key":"Blue Doll"},{"floor":6.0,"key":"Dota2Spire:UrnOfShadows"},{"floor":8.0,"key":"ats:Originium"},{"floor":8.0,"key":"Iron Hammer"},{"floor":8.0,"key":"conspire:TopHat"},{"floor":9.0,"key":"hubris:Metronome"},{"floor":9.0,"key":"Toy Ornithopter"},{"floor":10.0,"key":"ats:Originium"},{"floor":10.0,"key":"SnafuTest:BearRelic"},{"floor":10.0,"key":"conspire:GiftBox"},{"floor":11.0,"key":"ats:Originium"},{"floor":11.0,"key":"The Courier"},{"floor":11.0,"key":"hubris:Teleporter"},{"floor":13.0,"key":"Smiling Mask"},{"floor":13.0,"key":"Onion Ring"},{"floor":23.0,"key":"infinitespire:Beetle Shell"},{"floor":23.0,"key":"WingedGreaves"},{"floor":25.0,"key":"hubris:PeanutButter"},{"floor":25.0,"key":"Dota2Spire:Dagon"},{"floor":26.0,"key":"vexMod:FocusSash"},{"floor":26.0,"key":"Replay:Rubber Ducky"},{"floor":27.0,"key":"Power_Wrist"},{"floor":27.0,"key":"halation:KoshaPiece"},{"floor":28.0,"key":"Gremlin Food"},{"floor":28.0,"key":"Bronze Scales"},{"floor":29.0,"key":"Potion Belt"},{"floor":29.0,"key":"Bag of Marbles"},{"floor":30.0,"key":"Lantern"},{"floor":30.0,"key":"aspiration:HummingbirdHeart"},{"floor":40.0,"key":"ReplayTheSpireMod:TigerMarble"},{"floor":40.0,"key":"Dota2Spire:MaskOfMadness"},{"floor":41.0,"key":"champ:DeflectingBracers"},{"floor":41.0,"key":"hubris:Zylophone"},{"floor":42.0,"key":"Replay:WaspNest"},{"floor":42.0,"key":"White Beast Statue"},{"floor":43.0,"key":"aspiration:ChemicalBlood"},{"floor":45.0,"key":"Replay:Mystery Machine"},{"floor":45.0,"key":"vexMod:BarristanHead"},{"floor":46.0,"key":"hubris:SlimyHat"},{"floor":46.0,"key":"Gambling Chip"},{"floor":47.0,"key":"Grinning Jar"},{"floor":48.0,"key":"ReplayTheSpireMod:Lightbulb"},{"floor":48.0,"key":"Snack Pack"},{"floor":50.0,"key":"conspire:BottledYoYo"}],"event_choices":[{"damage_healed":0.0,"max_hp_gain":0.0,"max_hp_loss":0.0,"gold_gain":0.0,"event_name":"NoteForYourself","player_choice":"Ignored","floor":3.0,"gold_loss":0.0,"damage_taken":0.0}],"is_beta":false,"boss_relics":[{"not_picked":["hubris:GrandSneckoEye","vexMod:DeviousBotling"],"picked":"ats:Omniscience"},{"not_picked":["halation:ForbiddenBikini","vexMod:TanglingVine"],"picked":"aspiration:MarisaSkillbook"},{"not_picked":["Velvet Choker","Ring of Chaos"],"picked":"ats:Sanity Plus"}],"items_purged_floors":[],"is_endless":true,"potions_floor_spawned":[12,13,16,20,23,27,28,29,36,37,41,42,44,45,46,47,48,50,52],"killed_by":"conspire:RoseBush","ascension_level":1}}