{"host":"j4g6ia6asvpyu2b0","time":1611350014,"event":{"mods":["BaseMod","Colored Map","Minty Spire (QoL Compilation)","Permanent Neow","Quick Restart","Relic Stats","StSLib","Unceasing Turn Reminder"],"gold_per_floor":[112,125,125,144,160,198,198,198,198],"floor_reached":8,"language":"ENG","playtime":250,"items_purged":[],"score":99,"play_id":"1e284a41-b521-4a3c-9726-486359fa1234","local_time":"20210122141334","is_ascension_mode":true,"campfire_choices":[{"data":"White Noise","floor":7,"key":"SMITH"}],"circlet_count":0,"master_deck":["AscendersBane","Strike_B","Strike_B","Strike_B","Strike_B","Defend_B","Defend_B","Defend_B","Defend_B","Zap","Dualcast","White Noise+1","Steam","Echo Form","Capacitor"],"relics":["Cracked Core","Golden Idol","Singing Bowl"],"acts_visited":["Exordium"],"potions_floor_usage":[8],"damage_taken":[{"damage":1,"enemies":"Cultist","floor":1,"turns":4},{"damage":2,"enemies":"Jaw Worm","floor":2,"turns":3},{"damage":1,"enemies":"2 Louse","floor":4,"turns":3},{"damage":8,"enemies":"Red Slaver","floor":5,"turns":5},{"damage":22,"enemies":"Lagavulin","floor":6,"turns":8},{"damage":62,"enemies":"Gremlin Nob","floor":8,"turns":4}],"seed_played":"446736439186224376","potions_obtained":[{"floor":1,"key":"Energy Potion"}],"is_trial":false,"path_per_floor":["M","M","?","M","M","E","R","E"],"character_chosen":"DEFECT","items_purchased":[],"campfire_rested":0,"item_purchase_floors":[],"current_hp_per_floor":[63,61,61,60,52,30,30,0,0],"gold":198,"neow_bonus":"THREE_CARDS","is_daily":false,"chose_seed":false,"campfire_upgraded":1,"win_rate":0.0,"timestamp":1611350014,"path_taken":["M","?","?","M","M","E","R","E"],"items_purchased_type":[],"build_version":"2020-12-22","purchased_purges":0,"victory":false,"max_hp_per_floor":[71,71,66,66,66,66,66,66,66],"relic_stats":{"Singing Bowl":0,"counters":[6,27],"Golden Idol":15,"obtain_stats":[{"Singing Bowl":6,"Golden Idol":3,"Cracked Core":0},{"Singing Bowl":5,"Golden Idol":2,"Cracked Core":0},{"Singing Bowl":23,"Golden Idol":7,"Cracked Core":0}]},"card_choices":[{"not_picked":["BootSequence","Streamline"],"picked":"White Noise","floor":0},{"not_picked":["Undo","Streamline","Beam Cell"],"picked":"SKIP","floor":1},{"not_picked":["Beam Cell","Steam","Steam Power"],"picked":"SKIP","floor":2},{"not_picked":["Beam Cell","Steam Power"],"picked":"Steam","floor":2},{"not_picked":["Leap","Scrape","Redo"],"picked":"SKIP","floor":4},{"not_picked":["Gash","Consume"],"picked":"Echo Form","floor":5},{"not_picked":["Barrage","Coolheaded"],"picked":"Capacitor","floor":6}],"player_experience":932937,"relics_obtained":[{"floor":6,"key":"Singing Bowl"}],"event_choices":[{"damage_healed":0,"gold_gain":0,"player_choice":"Lose Max HP","damage_taken":0,"relics_obtained":["Golden Idol"],"max_hp_gain":0,"max_hp_loss":5,"event_name":"Golden Idol","floor":3,"gold_loss":0}],"is_beta":false,"boss_relics":[],"items_purged_floors":[],"is_endless":false,"potions_floor_spawned":[1],"killed_by":"Gremlin Nob","ascension_level":14}}