{"host":"c6uvvgqwlxq4k23y","time":1611350532,"event":{"mods":["Arknights The Spire","BaseMod","CapriCore","DeckTracker","Hermit","Minty Spire (QoL Compilation)","StSLib","SuperFastMode","The Cursed"],"gold_per_floor":[112,112,112,64,75,75,102,122,122,47,60,94,25,39,39,136,136,150,164,174,191,116,149,161,161,237,157,174,174,190,90,90,195,195,206,218,94,113,113,113,133,133,133,133,152,163,196,214,214,214,214,214,39,72,72],"floor_reached":56,"language":"KOR","playtime":1970,"items_purged":["ats:Strike G","ats:Flame Of Heaven","ats:Blood Oath"],"score":1238,"play_id":"8792d589-dacf-41a9-b53d-09ef0c430447","local_time":"20210123062212","is_ascension_mode":false,"campfire_choices":[{"data":"ats:Emotion Absorption","floor":6.0,"key":"SMITH"},{"data":"ats:Counter Healing Mode","floor":15.0,"key":"SMITH"},{"data":"ats:Healing Strengthening","floor":25.0,"key":"SMITH"},{"data":"ats:Composite Medical Shells","floor":29.0,"key":"SMITH"},{"floor":32.0,"key":"RECALL"},{"data":"ats:Disruption Kick","floor":40.0,"key":"SMITH"},{"data":"ats:Durian","floor":42.0,"key":"SMITH"},{"data":"ats:Revitalization","floor":44.0,"key":"SMITH"},{"data":"ats:Support Order","floor":49.0,"key":"SMITH"},{"data":"ats:Healing Drone","floor":52.0,"key":"SMITH"}],"circlet_count":0,"master_deck":["ats:Emotion Absorption+1","ats:Apocalypse","ats:Counter Healing Mode+1","ats:Healing Drone+1","ats:Revitalization","ats:Charging Defense","ats:Composite Medical Shells+1","ats:Revitalization+1","ats:Shadow Assault","ats:Directed Diagnosis","ats:Chain Hook","ats:Durian+1","ats:Revitalization+1","ats:Counter Healing Mode+1","ats:Disruption Kick+1","ats:Healing Strengthening+1","ats:Revitalization+1","ats:Revitalization+1","ats:Demon Strength+1","ats:Support Order+1","ats:Counter Healing Mode","ats:Shadow Assault"],"relics":["ats:Sanity","NeowsBlessing","ats:Originium","Kunai","Toy Ornithopter","Pandora\u0027s Box","The Courier","ats:Military Tradition","Black Star","PreservedInsect","Torii","Happy Flower","Vajra","ats:Spiritual Recovery","Eternal Feather","Nunchaku"],"acts_visited":["Exordium","TheCity","TheBeyond","TheEnding"],"potions_floor_usage":[],"damage_taken":[{"damage":0.0,"enemies":"Jaw Worm","floor":1.0,"turns":1.0},{"damage":2.0,"enemies":"2 Louse","floor":5.0,"turns":2.0},{"damage":0.0,"enemies":"Lagavulin","floor":7.0,"turns":1.0},{"damage":13.0,"enemies":"Cultist","floor":8.0,"turns":5.0},{"damage":10.0,"enemies":"Looter","floor":11.0,"turns":3.0},{"damage":41.0,"enemies":"Gremlin Nob","floor":12.0,"turns":5.0},{"damage":10.0,"enemies":"2 Fungi Beasts","floor":14.0,"turns":6.0},{"damage":51.0,"enemies":"Slime Boss","floor":16.0,"turns":11.0},{"damage":48.0,"enemies":"3 Byrds","floor":18.0,"turns":5.0},{"damage":80.0,"enemies":"Spheric Guardian","floor":19.0,"turns":9.0},{"damage":109.0,"enemies":"Shelled Parasite and Fungi","floor":20.0,"turns":9.0},{"damage":83.0,"enemies":"Centurion and Healer","floor":21.0,"turns":8.0},{"damage":120.0,"enemies":"Slavers","floor":23.0,"turns":6.0},{"damage":72.0,"enemies":"Snecko","floor":24.0,"turns":8.0},{"damage":42.0,"enemies":"3 Cultists","floor":28.0,"turns":5.0},{"damage":60.0,"enemies":"Centurion and Healer","floor":30.0,"turns":6.0},{"damage":85.0,"enemies":"Collector","floor":33.0,"turns":7.0},{"damage":55.0,"enemies":"3 Shapes","floor":35.0,"turns":4.0},{"damage":49.0,"enemies":"Orb Walker","floor":36.0,"turns":6.0},{"damage":110.0,"enemies":"Transient","floor":38.0,"turns":5.0},{"damage":90.0,"enemies":"Spire Growth","floor":41.0,"turns":7.0},{"damage":32.0,"enemies":"Maw","floor":45.0,"turns":7.0},{"damage":142.0,"enemies":"Writhing Mass","floor":46.0,"turns":7.0},{"damage":146.0,"enemies":"Nemesis","floor":47.0,"turns":9.0},{"damage":68.0,"enemies":"Jaw Worm Horde","floor":48.0,"turns":5.0},{"damage":152.0,"enemies":"Time Eater","floor":50.0,"turns":11.0},{"damage":187.0,"enemies":"Shield and Spear","floor":54.0,"turns":8.0},{"damage":242,"enemies":"The Heart","floor":55,"turns":13}],"seed_played":"-8124781409760764234","potions_obtained":[{"floor":5.0,"key":"Swift Potion"},{"floor":8.0,"key":"EntropicBrew"},{"floor":12.0,"key":"SkillPotion"},{"floor":16.0,"key":"ats:Top Emergency Sanity Potion"},{"floor":23.0,"key":"PowerPotion"},{"floor":30.0,"key":"Fruit Juice"},{"floor":33.0,"key":"BlessingOfTheForge"}],"is_trial":false,"path_per_floor":["M","?","?","$","M","R","E","M","T","$","M","E","$","M","R","B",null,"M","M","M","M","?","E","M","R","T","$","M","R","M","$","R","B",null,"M","M","$","M","?","R","M","R","T","R","M","M","E","M","R","B",null,"R","$","E","B",null],"character_chosen":"DOCTOR_CLASS","items_purchased":["ats:Apocalypse","ats:Composite Medical Shells","PreservedInsect","ats:Counter Healing Mode","ats:Spiritual Recovery"],"campfire_rested":0,"item_purchase_floors":[4,13,37,53,53],"current_hp_per_floor":[72,72,65,65,68,68,68,60,60,60,56,27,27,50,50,72,72,49,59,72,72,72,23,43,43,43,43,65,65,77,77,77,77,77,62,77,77,36,36,36,67,67,67,67,77,77,59,72,72,77,77,77,77,77,29],"gold":72,"neow_bonus":"THREE_ENEMY_KILL","is_daily":false,"chose_seed":false,"campfire_upgraded":9,"win_rate":0.0,"timestamp":1611350532,"path_taken":["M","?","?","?","M","R","E","?","T","$","M","E","$","M","R","BOSS","M","M","M","M","?","E","M","R","T","$","M","R","M","$","R","BOSS","M","M","$","M","?","R","M","R","T","R","M","M","E","M","R","BOSS","R","$","E","BOSS"],"items_purchased_type":["Card","Card","Relic","Card","Relic"],"build_version":"2020-12-22","purchased_purges":3,"victory":true,"max_hp_per_floor":[72,72,72,72,72,72,72,72,72,72,72,72,72,72,72,72,72,72,72,72,72,72,72,72,72,72,72,72,72,77,77,77,77,77,77,77,77,77,77,77,77,77,77,77,77,77,77,77,77,77,77,77,77,77,77],"card_choices":[{"not_picked":["ats:Leaping Hammer","ats:Flexible Camouflage"],"picked":"ats:Consecutive Shot Auto","floor":1.0},{"not_picked":["ats:Closed Bolt Burst Fire","ats:Curse Doll","ats:Leaping Hammer"],"picked":"SKIP","floor":5.0},{"not_picked":["ats:Flame Of Heaven","ats:Ignite"],"picked":"ats:Counter Healing Mode","floor":7.0},{"not_picked":["ats:Very Hot Blade","ats:Explosion Area Strengthen"],"picked":"ats:Healing Drone","floor":8.0},{"not_picked":["ats:Leaping Hammer","ats:Apocalypse"],"picked":"ats:Revitalization","floor":11.0},{"not_picked":["ats:Closed Bolt Burst Fire","ats:Childhood Dance"],"picked":"ats:Charging Defense","floor":12.0},{"not_picked":["ats:Assault Order","ats:Apocalypse"],"picked":"ats:Revitalization","floor":14.0},{"not_picked":["ats:Echo Reverb","ats:Nebulous Foxfire"],"picked":"ats:Shadow Assault","floor":16.0},{"not_picked":["ats:Rapid Magazine+1","ats:Powerful Strike+1","ats:Childhood Dance"],"picked":"SKIP","floor":18.0},{"not_picked":["ats:Powerful Strike","ats:Flexible Camouflage"],"picked":"ats:Revitalization+1","floor":19.0},{"not_picked":["ats:Assault Order","ats:Poison Spread","ats:Spore Proliferation+1"],"picked":"SKIP","floor":20.0},{"not_picked":["ats:Closed Bolt Burst Fire","ats:Sword Rain"],"picked":"ats:Counter Healing Mode+1","floor":21.0},{"not_picked":["ats:Leaping Hammer","ats:Ambush"],"picked":"ats:Disruption Kick","floor":23.0},{"not_picked":["ats:Blood Oath","ats:Childhood Dance+1"],"picked":"ats:Healing Strengthening","floor":24.0},{"not_picked":["ats:Curse Doll","ats:Explosion Area Strengthen"],"picked":"ats:Revitalization+1","floor":28.0},{"not_picked":["ats:Consecutive Shot Auto+1","ats:Explosion Area Strengthen"],"picked":"ats:Revitalization+1","floor":30.0},{"not_picked":["ats:Spore Proliferation","ats:Powerful Strike","ats:Shell Defense"],"picked":"SKIP","floor":35.0},{"not_picked":["ats:Song Of Battle","ats:Thermite Blade","ats:Cat Scratch"],"picked":"SKIP","floor":36.0},{"not_picked":["ats:Consecutive Shot Auto+1","ats:Mental Burst+1","ats:Poison Spread"],"picked":"SKIP","floor":38.0},{"not_picked":["ats:Explosion Area Strengthen","ats:Collapsing Strike","ats:Echo Reverb"],"picked":"SKIP","floor":41.0},{"not_picked":["ats:Explosion Area Strengthen","ats:Collapsing Strike","ats:Echo Reverb"],"picked":"SKIP","floor":41.0},{"not_picked":["ats:Assault Order","ats:Leaping Hammer+1","ats:Explosion Area Strengthen+1"],"picked":"SKIP","floor":45.0},{"not_picked":["ats:Childhood Dance+1","ats:Hook Shot+1","ats:Consecutive Shot Auto"],"picked":"SKIP","floor":46.0},{"not_picked":["ats:Explosion Area Strengthen+1","ats:Revitalization"],"picked":"ats:Demon Strength+1","floor":47.0},{"not_picked":["ats:Shell Defense","ats:Ignite+1"],"picked":"ats:Support Order","floor":48.0},{"not_picked":["ats:Mental Burst","ats:Consecutive Shot Auto"],"picked":"ats:Shadow Assault","floor":54.0}],"player_experience":332976,"relics_obtained":[{"floor":7.0,"key":"ats:Originium"},{"floor":7.0,"key":"Kunai"},{"floor":12.0,"key":"ats:Originium"},{"floor":12.0,"key":"Toy Ornithopter"},{"floor":23.0,"key":"ats:Originium"},{"floor":23.0,"key":"The Courier"},{"floor":26.0,"key":"ats:Military Tradition"},{"floor":43.0,"key":"Torii"},{"floor":47.0,"key":"ats:Originium"},{"floor":47.0,"key":"Happy Flower"},{"floor":47.0,"key":"Vajra"},{"floor":54.0,"key":"Eternal Feather"},{"floor":54.0,"key":"Nunchaku"}],"event_choices":[{"cards_removed":["ats:Strike V"],"damage_healed":0.0,"max_hp_gain":0.0,"max_hp_loss":0.0,"gold_gain":0.0,"event_name":"Living Wall","player_choice":"Forget","floor":2.0,"gold_loss":0.0,"damage_taken":0.0},{"cards_removed":["ats:Strike C"],"damage_healed":0.0,"max_hp_gain":0.0,"max_hp_loss":0.0,"gold_gain":0.0,"event_name":"Golden Wing","player_choice":"Card Removal","floor":3.0,"gold_loss":0.0,"damage_taken":7.0},{"cards_removed":["ats:Consecutive Shot Auto"],"damage_healed":0.0,"max_hp_gain":0.0,"max_hp_loss":0.0,"gold_gain":0.0,"event_name":"Beggar","player_choice":"Gave Gold","floor":22.0,"gold_loss":75.0,"damage_taken":0.0},{"cards_removed":["ats:Armor Crushing Shot"],"damage_healed":0.0,"max_hp_gain":0.0,"max_hp_loss":0.0,"gold_gain":0.0,"event_name":"Falling","player_choice":"Removed Attack","floor":39.0,"gold_loss":0.0,"damage_taken":0.0}],"is_beta":false,"boss_relics":[{"not_picked":["Ectoplasm","Snecko Eye"],"picked":"Pandora\u0027s Box"},{"not_picked":["Runic Dome","Astrolabe"],"picked":"Black Star"}],"items_purged_floors":[10,27,31],"is_endless":false,"potions_floor_spawned":[5,8,12,16,18,23,30,33,36,38,46,48],"ascension_level":0}}