{"host":"3y2rtlgteqp2nuo3","time":1611310464,"event":{"mods":["2.2 Compatiblity","AchievementEnabler","BaseMod","Colored Map","DeckTracker","Highlight Path","Keyboard Shortcuts","Minty Spire (QoL Compilation)","Permanent Neow","Quick Restart","StSLib","SuperFastMode","everything is the same but u backflip on backflip"],"gold_per_floor":[118,118,129,54,65,65,82,82,155,155,155,174,186,203,203,203,203],"floor_reached":16,"language":"KOR","playtime":310,"items_purged":["Strike_G"],"score":169,"play_id":"4d03dd2d-9918-4b32-81b0-b0b597accb07","local_time":"20210122191424","is_ascension_mode":true,"campfire_choices":[{"data":"Predator","floor":6.0,"key":"SMITH"},{"data":"Poisoned Stab","floor":8.0,"key":"SMITH"},{"data":"Leg Sweep","floor":11.0,"key":"SMITH"},{"data":"Flechettes","floor":15.0,"key":"SMITH"}],"circlet_count":0,"master_deck":["AscendersBane","Strike_G","Strike_G","Defend_G","Defend_G","Defend_G","Defend_G","Defend_G","Survivor","Neutralize","Calculated Gamble","Leg Sweep+1","Predator+1","Flechettes+1","Poisoned Stab+1","Outmaneuver"],"relics":["Ring of the Snake","Eternal Feather"],"acts_visited":["Exordium"],"potions_floor_usage":[],"damage_taken":[{"damage":0.0,"enemies":"2 Louse","floor":1.0,"turns":3.0},{"damage":0.0,"enemies":"Small Slimes","floor":3.0,"turns":6.0},{"damage":9.0,"enemies":"Cultist","floor":5.0,"turns":5.0},{"damage":22.0,"enemies":"Exordium Wildlife","floor":7.0,"turns":7.0},{"damage":10.0,"enemies":"3 Louse","floor":12.0,"turns":3.0},{"damage":0.0,"enemies":"Blue Slaver","floor":13.0,"turns":3.0},{"damage":0.0,"enemies":"Looter","floor":14.0,"turns":4.0},{"damage":30,"enemies":"Slime Boss","floor":16,"turns":3}],"seed_played":"8856482220192048479","potions_obtained":[{"floor":1.0,"key":"CunningPotion"},{"floor":12.0,"key":"Block Potion"},{"floor":13.0,"key":"FearPotion"}],"is_trial":false,"path_per_floor":["M","?","M","$","M","R","M","R","T","?","R","M","M","M","R","B"],"character_chosen":"THE_SILENT","items_purchased":[],"campfire_rested":0,"item_purchase_floors":[],"current_hp_per_floor":[59,52,52,52,43,43,21,21,21,21,30,20,20,20,29,0,0],"gold":203,"neow_bonus":"TRANSFORM_CARD","is_daily":false,"chose_seed":false,"campfire_upgraded":4,"win_rate":0.0,"timestamp":1611310464,"path_taken":["M","?","M","$","M","R","M","R","T","?","R","M","M","M","R","BOSS"],"items_purchased_type":[],"build_version":"2020-12-22","purchased_purges":1,"victory":false,"max_hp_per_floor":[66,66,66,66,66,66,66,66,66,66,66,66,66,66,66,66,66],"card_choices":[{"not_picked":["Footwork","Bane"],"picked":"Leg Sweep","floor":1.0},{"not_picked":["Backstab","Cloak And Dagger"],"picked":"Predator","floor":3.0},{"not_picked":["Terror","Quick Slash"],"picked":"Flechettes","floor":5.0},{"not_picked":["Cloak And Dagger","Caltrops"],"picked":"Poisoned Stab","floor":7.0},{"not_picked":["Flying Knee","Backflip"],"picked":"Outmaneuver","floor":12.0},{"not_picked":["Prepared","Unload","Flechettes"],"picked":"SKIP","floor":13.0},{"not_picked":["Blade Dance","Deflect","Catalyst"],"picked":"SKIP","floor":14.0}],"player_experience":710959,"relics_obtained":[{"floor":9.0,"key":"Eternal Feather"}],"event_choices":[{"cards_removed":["Strike_G"],"damage_healed":0.0,"max_hp_gain":0.0,"max_hp_loss":0.0,"gold_gain":0.0,"event_name":"Golden Wing","player_choice":"Card Removal","floor":2.0,"gold_loss":0.0,"damage_taken":7.0},{"damage_healed":0.0,"max_hp_gain":0.0,"max_hp_loss":0.0,"gold_gain":0.0,"event_name":"Scrap Ooze","player_choice":"Fled","floor":10.0,"gold_loss":0.0,"damage_taken":0.0}],"is_beta":false,"boss_relics":[],"items_purged_floors":[4],"is_endless":false,"potions_floor_spawned":[1,12,13,14],"killed_by":"Slime Boss","ascension_level":16}}