{"host":"vyjryxuuuxkt43k4","time":1611290437,"event":{"mods":["AchievementEnabler","BaseMod","Colored Map","DeckTracker","Keyboard Shortcuts","Minty Spire (QoL Compilation)","Permanent Neow","Quick Restart","StSLib","SuperFastMode","everything is the same but u backflip on backflip"],"gold_per_floor":[110,129,279,291,43,43,77,101,101,113,17,17,17,28,28,101,101,120,154,167,181,181,181,23,23,105,20,20,20,30,44,44,119,119,136,136,147,147,163,193,193,223,272,285,299,314,348,366,366,366,366,366,29,57,57],"floor_reached":56,"language":"KOR","playtime":3866,"items_purged":["Doubt"],"score":2202,"play_id":"f0285cc2-916c-4f68-bb76-13955755a573","local_time":"20210122134037","is_ascension_mode":true,"campfire_choices":[{"data":"Uppercut","floor":6.0,"key":"SMITH"},{"data":"1","floor":13.0,"key":"LIFT"},{"data":"Armaments","floor":15.0,"key":"SMITH"},{"data":"2","floor":23.0,"key":"LIFT"},{"data":"3","floor":25.0,"key":"LIFT"},{"floor":29.0,"key":"REST"},{"floor":32.0,"key":"REST"},{"data":"Demon Form","floor":41,"key":"SMITH"},{"floor":49,"key":"RECALL"},{"data":"Heavy Blade","floor":52,"key":"SMITH"}],"circlet_count":0,"master_deck":["AscendersBane","Strike_R","Strike_R","Defend_R","Defend_R","Defend_R","Defend_R","Bash","Demon Form+1","Shrug It Off","Flame Barrier","Wild Strike","Blood for Blood","Impervious","Shrug It Off","Uppercut+1","Havoc","Shockwave","Armaments+1","Trip","Sword Boomerang","Reaper","Intimidate+1","Infernal Blade+1","Flex+1","Seeing Red+1","Flame Barrier","Heavy Blade+1","Immolate","Evolve","Exhume","Feel No Pain","Madness","Madness","Impervious","Intimidate+1","Corruption","Dark Embrace+1","Warcry+1","Second Wind","Entrench","Whirlwind","Apotheosis","Body Slam+1"],"relics":["Burning Blood","Orrery","Lizard Tail","Odd Mushroom","Girya","Red Mask","Nloth\u0027s Gift","Juzu Bracelet","Bottled Lightning","Meat on the Bone","Enchiridion","Snecko Eye","InkBottle","Blood Vial","Toy Ornithopter","HornCleat"],"acts_visited":["Exordium","TheCity","TheBeyond","TheEnding"],"potions_floor_usage":[40,40,40,42,42,50,55,55],"damage_taken":[{"damage":12.0,"enemies":"2 Louse","floor":1.0,"turns":4.0},{"damage":11.0,"enemies":"Jaw Worm","floor":2.0,"turns":8.0},{"damage":1.0,"enemies":"Small Slimes","floor":4.0,"turns":6.0},{"damage":34.0,"enemies":"Gremlin Nob","floor":7.0,"turns":6.0},{"damage":29.0,"enemies":"The Mushroom Lair","floor":8.0,"turns":5.0},{"damage":0.0,"enemies":"2 Fungi Beasts","floor":10.0,"turns":5.0},{"damage":23.0,"enemies":"Exordium Thugs","floor":14.0,"turns":5.0},{"damage":13.0,"enemies":"Hexaghost","floor":16.0,"turns":8.0},{"damage":5.0,"enemies":"3 Byrds","floor":18.0,"turns":5.0},{"damage":44.0,"enemies":"Masked Bandits","floor":19.0,"turns":5.0},{"damage":0.0,"enemies":"2 Thieves","floor":20.0,"turns":4.0},{"damage":19.0,"enemies":"Snake Plant","floor":21.0,"turns":4.0},{"damage":25.0,"enemies":"Sentry and Sphere","floor":30.0,"turns":6.0},{"damage":4.0,"enemies":"Centurion and Healer","floor":31.0,"turns":5.0},{"damage":93.0,"enemies":"Collector","floor":33.0,"turns":10.0},{"damage":53.0,"enemies":"3 Shapes","floor":35.0,"turns":3.0},{"damage":0.0,"enemies":"Orb Walker","floor":37.0,"turns":2.0},{"damage":7.0,"enemies":"4 Shapes","floor":39.0,"turns":7.0},{"damage":0,"enemies":"Nemesis","floor":40,"turns":3},{"damage":23,"enemies":"Reptomancer","floor":42,"turns":5},{"damage":2,"enemies":"Sphere and 2 Shapes","floor":44,"turns":5},{"damage":4,"enemies":"Writhing Mass","floor":45,"turns":3},{"damage":0,"enemies":"Maw","floor":46,"turns":5},{"damage":0,"enemies":"Nemesis","floor":47,"turns":5},{"damage":37,"enemies":"Sphere and 2 Shapes","floor":48,"turns":5},{"damage":75,"enemies":"Awakened One","floor":50,"turns":8},{"damage":0,"enemies":"Shield and Spear","floor":54,"turns":4},{"damage":48,"enemies":"The Heart","floor":55,"turns":6}],"seed_played":"-6980044512661089102","potions_obtained":[{"floor":1.0,"key":"Block Potion"},{"floor":7.0,"key":"SteroidPotion"},{"floor":10.0,"key":"PowerPotion"},{"floor":16.0,"key":"Energy Potion"},{"floor":18.0,"key":"ColorlessPotion"},{"floor":19.0,"key":"Energy Potion"},{"floor":21.0,"key":"FearPotion"},{"floor":30.0,"key":"FearPotion"},{"floor":35.0,"key":"EntropicBrew"},{"floor":40,"key":"PowerPotion"},{"floor":42,"key":"SpeedPotion"},{"floor":44,"key":"Dexterity Potion"}],"is_trial":false,"path_per_floor":["M","M","?","M","$","R","E","?","T","M","$","?","R","M","R","B",null,"M","?","M","M","?","R","$","R","T","?","?","R","M","M","R","B",null,"M","?","M","?","M","E","R","E","T","M","M","M","E","M","R","B",null,"R","$","E","B",null],"character_chosen":"IRONCLAD","items_purchased":["Orrery","Trip","Juzu Bracelet","Apotheosis","LiquidBronze","FearPotion"],"campfire_rested":2,"item_purchase_floors":[5,11,24,53,53,53],"current_hp_per_floor":[44,39,39,44,44,44,16,35,35,41,41,46,46,29,29,22,66,80,42,48,35,35,35,35,35,35,35,14,38,31,45,69,27,67,51,37,55,55,64,70,70,80,80,80,80,80,80,80,80,49,72,72,72,80,67],"gold":57,"neow_bonus":"THREE_RARE_CARDS","is_daily":false,"chose_seed":false,"campfire_upgraded":4,"win_rate":0.0,"timestamp":1611290437,"path_taken":["M","M","?","M","$","R","E","?","T","M","$","?","R","M","R","BOSS","M","?","M","M","?","R","$","R","T","?","?","R","M","M","R","BOSS","M","?","M","?","M","E","R","E","T","M","M","M","E","M","R","BOSS","R","$","E","BOSS"],"items_purchased_type":["Relic","Card","Relic","Card","Potion","Potion"],"build_version":"2020-12-22","purchased_purges":1,"victory":true,"max_hp_per_floor":[75,75,75,75,75,75,75,75,75,75,75,80,80,80,80,80,80,80,80,80,80,80,80,80,80,80,80,80,80,80,80,80,80,80,80,80,80,80,80,80,80,80,80,80,80,80,80,80,80,80,80,80,80,80,80],"card_choices":[{"not_picked":["Impervious","Limit Break"],"picked":"Demon Form","floor":0.0},{"not_picked":["Infernal Blade","Pommel Strike"],"picked":"Shrug It Off","floor":1.0},{"not_picked":["Armaments","Disarm"],"picked":"Flame Barrier","floor":2.0},{"not_picked":["Limit Break","True Grit"],"picked":"Wild Strike","floor":4.0},{"not_picked":["Warcry","Clash"],"picked":"Blood for Blood","floor":5.0},{"not_picked":["Perfected Strike","Bludgeon"],"picked":"Impervious","floor":5.0},{"not_picked":["Shockwave","Perfected Strike"],"picked":"Shrug It Off","floor":5.0},{"not_picked":["Heavy Blade","Thunderclap"],"picked":"Uppercut","floor":5.0},{"not_picked":["Hemokinesis","Flex"],"picked":"Havoc","floor":5.0},{"not_picked":["Combust","Demon Form"],"picked":"Shockwave","floor":7.0},{"not_picked":["Flex","Warcry"],"picked":"Armaments","floor":8.0},{"not_picked":["Uppercut","Sword Boomerang","Armaments"],"picked":"SKIP","floor":10.0},{"not_picked":["Twin Strike","Warcry"],"picked":"Sword Boomerang","floor":14.0},{"not_picked":["Double Tap","Fiend Fire"],"picked":"Reaper","floor":16.0},{"not_picked":["Armaments","Blood for Blood"],"picked":"Seeing Red+1","floor":18.0},{"not_picked":["Metallicize","True Grit"],"picked":"Flame Barrier","floor":19.0},{"not_picked":["Armaments","Body Slam"],"picked":"Heavy Blade","floor":20.0},{"not_picked":["Evolve","Dual Wield"],"picked":"Immolate","floor":21.0},{"not_picked":["Dark Embrace","Combust"],"picked":"Evolve","floor":30.0},{"not_picked":["Whirlwind","Clash","Sever Soul"],"picked":"SKIP","floor":31.0},{"not_picked":["Reaper","Berserk"],"picked":"Exhume","floor":33.0},{"not_picked":["Heavy Blade","Twin Strike+1"],"picked":"Feel No Pain","floor":35.0},{"not_picked":["Blood for Blood","True Grit"],"picked":"Impervious","floor":37.0},{"not_picked":["Thunderclap","Sever Soul"],"picked":"Intimidate+1","floor":39.0},{"not_picked":["Impervious","True Grit"],"picked":"Corruption","floor":40},{"not_picked":["Impervious","Blood for Blood"],"picked":"Dark Embrace+1","floor":42},{"not_picked":["Wild Strike+1","Havoc+1"],"picked":"Warcry+1","floor":44},{"not_picked":["Heavy Blade","Iron Wave"],"picked":"Second Wind","floor":45},{"not_picked":["Headbutt","Sword Boomerang"],"picked":"Entrench","floor":46},{"not_picked":["Reckless Charge","Second Wind","Bludgeon"],"picked":"SKIP","floor":47},{"not_picked":["Warcry+1","Pommel Strike"],"picked":"Whirlwind","floor":48},{"not_picked":["Perfected Strike","Corruption"],"picked":"Body Slam+1","floor":54}],"player_experience":216379,"relics_obtained":[{"floor":7.0,"key":"Lizard Tail"},{"floor":8.0,"key":"Odd Mushroom"},{"floor":9.0,"key":"Girya"},{"floor":19.0,"key":"Red Mask"},{"floor":26.0,"key":"Bottled Lightning"},{"floor":28.0,"key":"Enchiridion"},{"floor":40,"key":"InkBottle"},{"floor":42,"key":"Blood Vial"},{"floor":47,"key":"Toy Ornithopter"},{"floor":54,"key":"HornCleat"}],"event_choices":[{"damage_healed":0.0,"max_hp_gain":0.0,"max_hp_loss":0.0,"gold_gain":150.0,"event_name":"Liars Game","player_choice":"AGREE","floor":3.0,"gold_loss":0.0,"damage_taken":0.0,"cards_obtained":["Doubt"]},{"damage_healed":0.0,"max_hp_gain":0.0,"max_hp_loss":0.0,"gold_gain":0.0,"event_name":"Mushrooms","player_choice":"Fought Mushrooms","floor":8.0,"gold_loss":0.0,"damage_taken":0.0},{"damage_healed":0.0,"max_hp_gain":5.0,"max_hp_loss":0.0,"gold_gain":0.0,"event_name":"Big Fish","player_choice":"Donut","floor":12.0,"gold_loss":0.0,"damage_taken":0.0},{"damage_healed":0.0,"max_hp_gain":0.0,"max_hp_loss":0.0,"gold_gain":0.0,"event_name":"Masked Bandits","player_choice":"Fought Bandits","floor":19.0,"gold_loss":0.0,"damage_taken":0.0},{"damage_healed":0.0,"max_hp_gain":0.0,"max_hp_loss":0.0,"gold_gain":0.0,"event_name":"N\u0027loth","player_choice":"Traded Relic","floor":22.0,"relics_lost":["Astrolabe"],"gold_loss":0.0,"damage_taken":0.0,"relics_obtained":["Nloth\u0027s Gift"]},{"damage_healed":0.0,"max_hp_gain":0.0,"max_hp_loss":0.0,"gold_gain":0.0,"event_name":"Addict","player_choice":"Obtained Relic","floor":27.0,"gold_loss":85.0,"damage_taken":0.0,"relics_obtained":["Meat on the Bone"]},{"damage_healed":0.0,"max_hp_gain":0.0,"max_hp_loss":0.0,"gold_gain":0.0,"event_name":"Cursed Tome","player_choice":"Obtained Book","floor":28.0,"gold_loss":0.0,"damage_taken":21.0},{"damage_healed":0.0,"max_hp_gain":0.0,"max_hp_loss":0.0,"gold_gain":0.0,"event_name":"Winding Halls","player_choice":"Embrace Madness","floor":36.0,"gold_loss":0.0,"damage_taken":14.0,"cards_obtained":["Madness","Madness"]},{"damage_healed":0.0,"max_hp_gain":0.0,"max_hp_loss":0.0,"gold_gain":0.0,"event_name":"SecretPortal","player_choice":"Ignored","floor":38.0,"gold_loss":0.0,"damage_taken":0.0}],"is_beta":false,"boss_relics":[{"not_picked":["SlaversCollar","Black Blood"],"picked":"Astrolabe"},{"not_picked":["Sozu","Black Star"],"picked":"Snecko Eye"}],"items_purged_floors":[5],"is_endless":false,"potions_floor_spawned":[1,7,10,16,18,19,21,30,35,40,42,44],"ascension_level":18}}