{"host":"rylkjufw9dlhr07b","time":1611330945,"event":{"mods":["AchievementEnabler","BaseMod","Better Note","BetterRewards","Hubris","Minty Spire (QoL Compilation)","Quick Restart","StSLib"],"gold_per_floor":[119,119,134,134,150,150,180,229,229,255,267,279,307,437,449,532,544,566,758,770,794,818,830,830],"floor_reached":23,"language":"FRA","playtime":839,"items_purged":[],"score":481,"play_id":"ac2dcde6-2ca8-4097-8625-086c37e0e4b3","local_time":"20210122165545","is_ascension_mode":true,"campfire_choices":[{"floor":6.0,"key":"REST"},{"floor":12.0,"key":"REST"},{"data":"hubris:Counter","floor":15.0,"key":"SMITH"}],"circlet_count":0,"master_deck":["AscendersBane","Strike_G","Strike_G","Strike_G","Strike_G","Strike_G","Defend_G","Defend_G","Defend_G","Defend_G","Defend_G","Survivor","Neutralize","Adrenaline","Infinite Blades","PiercingWail","hubris:Counter+1","Bane","Deadly Poison","Dagger Throw","Backflip","Tools of the Trade","Poisoned Stab","Cloak And Dagger","Underhanded Strike+1"],"relics":["Anchor","Darkstone Periapt","Mummified Hand","hubris:EmptyBottle","hubris:Icosahedron","hubris:Towel","hubris:OldNail","MawBank","hubris:ScarierMask","Nloth\u0027s Gift"],"acts_visited":["Exordium","TheCity"],"potions_floor_usage":[22,22,22],"damage_taken":[{"damage":0.0,"enemies":"Small Slimes","floor":1.0,"turns":3.0},{"damage":0.0,"enemies":"2 Louse","floor":3.0,"turns":3.0},{"damage":0.0,"enemies":"Jaw Worm","floor":5.0,"turns":4.0},{"damage":0.0,"enemies":"Exordium Wildlife","floor":10.0,"turns":3.0},{"damage":0.0,"enemies":"3 Louse","floor":13.0,"turns":2.0},{"damage":3.0,"enemies":"Blue Slaver","floor":14.0,"turns":3.0},{"damage":5.0,"enemies":"Hexaghost","floor":16.0,"turns":8.0},{"damage":0.0,"enemies":"3 Byrds","floor":18.0,"turns":4.0},{"damage":0.0,"enemies":"Chosen","floor":21.0,"turns":4.0},{"damage":13,"enemies":"Snake Plant","floor":22,"turns":7},{"damage":25,"enemies":"Gremlin Leader","floor":23,"turns":8}],"seed_played":"4279858344117512381","potions_obtained":[{"floor":5.0,"key":"EssenceOfSteel"},{"floor":16.0,"key":"Strength Potion"},{"floor":21.0,"key":"Ancient Potion"}],"is_trial":false,"path_per_floor":["M","?","M","?","M","R","?","T","T","M","$","R","M","M","R","B",null,"M","?","?","M","M","E"],"character_chosen":"THE_SILENT","items_purchased":["Anchor","Darkstone Periapt","Mummified Hand","hubris:EmptyBottle","Adrenaline","Infinite Blades","SkillPotion","DistilledChaos"],"campfire_rested":2,"item_purchase_floors":[0,0,0,0,0,0,0,0],"current_hp_per_floor":[23,23,23,23,23,42,42,42,42,42,42,61,61,58,58,53,63,63,38,38,38,25,0,0],"gold":830,"neow_bonus":"","is_daily":false,"chose_seed":false,"campfire_upgraded":1,"win_rate":0.0,"timestamp":1611330945,"path_taken":["M","?","M","?","M","R","?","?","T","M","?","R","M","M","R","BOSS","M","?","?","M","M","E"],"items_purchased_type":["Relic","Relic","Relic","Relic","Card","Card","Potion","Potion"],"build_version":"2020-12-22","purchased_purges":0,"victory":false,"max_hp_per_floor":[66,66,66,66,66,66,66,66,66,66,66,66,66,66,66,66,66,66,66,66,66,66,66,66],"card_choices":[{"not_picked":["hubris:SlightOfHand","Prepared"],"picked":"PiercingWail","floor":1.0},{"not_picked":["Skewer","hubris:Sniper"],"picked":"hubris:Counter","floor":3.0},{"not_picked":["Underhanded Strike","Endless Agony"],"picked":"Bane","floor":5.0},{"not_picked":["Footwork","Dagger Throw"],"picked":"Deadly Poison","floor":10.0},{"not_picked":["Acrobatics","Backstab"],"picked":"Dagger Throw","floor":13.0},{"not_picked":["Catalyst","Prepared"],"picked":"Backflip","floor":14.0},{"not_picked":["Burst","Phantasmal Killer"],"picked":"Tools of the Trade","floor":16.0},{"not_picked":["Escape Plan","Skewer"],"picked":"Poisoned Stab","floor":18.0},{"not_picked":["hubris:Sniper","PiercingWail"],"picked":"Cloak And Dagger","floor":21.0},{"not_picked":["Blur","Acrobatics"],"picked":"Underhanded Strike+1","floor":22}],"player_experience":550272,"relics_obtained":[{"floor":8.0,"key":"hubris:OldNail"},{"floor":9.0,"key":"MawBank"}],"event_choices":[{"damage_healed":0.0,"max_hp_gain":0.0,"max_hp_loss":0.0,"gold_gain":30.0,"event_name":"Dead Adventurer","player_choice":"Searched \u00271\u0027 times","floor":7.0,"gold_loss":0.0,"damage_taken":0.0},{"damage_healed":0.0,"max_hp_gain":0.0,"max_hp_loss":0.0,"gold_gain":180.0,"event_name":"Knowing Skull","player_choice":"GOLD GOLD POTION ","floor":19.0,"potions_obtained":["Swift Potion"],"gold_loss":0.0,"damage_taken":25.0,"cards_obtained":[]},{"damage_healed":0.0,"max_hp_gain":0.0,"max_hp_loss":0.0,"gold_gain":0.0,"event_name":"N\u0027loth","player_choice":"Traded Relic","floor":20.0,"relics_lost":["Ring of the Snake"],"gold_loss":0.0,"damage_taken":0.0,"relics_obtained":["Nloth\u0027s Gift"]}],"is_beta":false,"boss_relics":[{"not_picked":["Black Star","Ring of the Serpent"],"picked":"hubris:ScarierMask"}],"items_purged_floors":[],"is_endless":false,"potions_floor_spawned":[3,5,10,16,21],"killed_by":"Gremlin Leader","ascension_level":14}}