{"host":"hwrdjx5eod2cxh09","time":1611322206,"event":{"mods":["AchievementEnabler","BaseMod","Bestiary","Minty Spire (QoL Compilation)","Relic Stats"],"gold_per_floor":[114,129,144,22,37,37,67,67,67,82,97,112,129,144,144,244,244,229,154,169,19,118,148,148,163,163,163,178,193,193,193],"floor_reached":30,"language":"ENG","playtime":1546,"items_purged":["Strike_G"],"score":256,"play_id":"844c8958-2cb3-4593-a3e3-85ccc02edf57","local_time":"20210122223006","daily_mods":["Heirloom","Uncertain Future","Night Terrors"],"is_ascension_mode":false,"campfire_choices":[{"data":"Catalyst","floor":6,"key":"SMITH"},{"data":"Neutralize","floor":8,"key":"SMITH"},{"data":"Burst","floor":15,"key":"SMITH"},{"floor":24,"key":"REST"}],"circlet_count":0,"master_deck":["Defend_G","Defend_G","Defend_G","Defend_G","Defend_G","Survivor","Neutralize+1","Deadly Poison","Noxious Fumes","Catalyst+1","Deadly Poison","Backstab","Outmaneuver","Acrobatics","Blur","Burst+1","Night Terror","Heel Hook+1","Sucker Punch+1","Calculated Gamble+1","Well Laid Plans+1","Acrobatics+1","Dodge and Roll+1","After Image+1","All Out Attack+1"],"relics":["Ring of the Snake","Pocketwatch","StrikeDummy","Frozen Egg 2","Odd Mushroom","Astrolabe","Membership Card","The Courier","Meat on the Bone","Ornamental Fan"],"acts_visited":["Exordium","TheCity"],"potions_floor_usage":[13,16,16,23,30,30,30],"damage_taken":[{"damage":1,"enemies":"Cultist","floor":1,"turns":4},{"damage":0,"enemies":"Small Slimes","floor":2,"turns":4},{"damage":1,"enemies":"Jaw Worm","floor":3,"turns":4},{"damage":5,"enemies":"3 Louse","floor":5,"turns":5},{"damage":7,"enemies":"3 Sentries","floor":7,"turns":8},{"damage":2,"enemies":"Blue Slaver","floor":10,"turns":3},{"damage":17,"enemies":"Exordium Thugs","floor":11,"turns":5},{"damage":0,"enemies":"3 Louse","floor":12,"turns":2},{"damage":13,"enemies":"The Mushroom Lair","floor":13,"turns":5},{"damage":0,"enemies":"Exordium Wildlife","floor":14,"turns":3},{"damage":2,"enemies":"The Guardian","floor":16,"turns":8},{"damage":14,"enemies":"2 Thieves","floor":18,"turns":4},{"damage":1,"enemies":"Chosen","floor":20,"turns":4},{"damage":44,"enemies":"Slavers","floor":23,"turns":13},{"damage":17,"enemies":"Snecko","floor":25,"turns":5},{"damage":12,"enemies":"Shelled Parasite and Fungi","floor":28,"turns":7},{"damage":0,"enemies":"Centurion and Healer","floor":29,"turns":7},{"damage":21,"enemies":"3 Cultists","floor":30,"turns":6}],"seed_played":"8945501730091475425","potions_obtained":[{"floor":1,"key":"Regen Potion"},{"floor":11,"key":"Weak Potion"},{"floor":12,"key":"Regen Potion"},{"floor":13,"key":"Dexterity Potion"},{"floor":20,"key":"Weak Potion"},{"floor":23,"key":"Block Potion"},{"floor":25,"key":"CunningPotion"}],"is_trial":false,"path_per_floor":["M","M","M","$","M","R","E","R","T","M","M","M","?","M","R","B",null,"M","?","M","$","?","E","R","M","T","T","M","M","M"],"character_chosen":"THE_SILENT","items_purchased":["Deadly Poison","Membership Card"],"campfire_rested":1,"item_purchase_floors":[4,21],"current_hp_per_floor":[69,69,68,68,63,63,56,56,56,54,37,37,39,39,39,52,70,56,56,55,55,55,11,65,48,48,48,36,36,15,15],"gold":193,"neow_bonus":"","is_daily":true,"chose_seed":false,"campfire_upgraded":3,"win_rate":0.0,"timestamp":1611322206,"path_taken":["M","M","M","$","M","R","E","R","T","?","?","M","?","M","R","BOSS","M","?","M","$","?","E","R","M","T","?","M","M","M"],"items_purchased_type":["Card","Relic"],"build_version":"2020-12-22","purchased_purges":1,"victory":false,"max_hp_per_floor":[70,70,70,70,70,70,70,70,70,70,70,70,70,70,70,70,70,70,70,70,70,70,70,65,65,65,65,65,65,65,65],"relic_stats":{"counters":[18,97],"Ornamental Fan":[4],"Astrolabe":["Heel Hook","Sucker Punch","Calculated Gamble"],"obtain_stats":[{"Ornamental Fan":27,"Astrolabe":17,"The Courier":23,"Membership Card":21,"Frozen Egg 2":9,"Odd Mushroom":13,"StrikeDummy":7,"Ring of the Snake":0,"Pocketwatch":0,"Meat on the Bone":26},{"Ornamental Fan":15,"Astrolabe":11,"The Courier":14,"Membership Card":13,"Frozen Egg 2":5,"Odd Mushroom":9,"StrikeDummy":5,"Ring of the Snake":0,"Pocketwatch":0,"Meat on the Bone":15},{"Ornamental Fan":77,"Astrolabe":51,"The Courier":72,"Membership Card":59,"Frozen Egg 2":25,"Odd Mushroom":40,"StrikeDummy":25,"Ring of the Snake":0,"Pocketwatch":0,"Meat on the Bone":77}],"Ring of the Snake":[36],"Pocketwatch":[93],"Meat on the Bone":0},"card_choices":[{"not_picked":["Terror","Quick Slash"],"picked":"Deadly Poison","floor":1},{"not_picked":["Expertise","Deflect"],"picked":"Noxious Fumes","floor":2},{"not_picked":["Expertise","Predator"],"picked":"Catalyst","floor":3},{"not_picked":["Poisoned Stab","Predator","Calculated Gamble"],"picked":"SKIP","floor":5},{"not_picked":["Flying Knee","Flechettes"],"picked":"Backstab","floor":7},{"not_picked":["Quick Slash","Flying Knee"],"picked":"Outmaneuver","floor":10},{"not_picked":["PiercingWail","Bane","Cloak And Dagger"],"picked":"SKIP","floor":11},{"not_picked":["Storm of Steel","Dagger Spray"],"picked":"Acrobatics","floor":12},{"not_picked":["Dodge and Roll","Dagger Throw"],"picked":"Blur","floor":13},{"not_picked":["Skewer","Predator"],"picked":"Burst","floor":14},{"not_picked":["A Thousand Cuts+1","Malaise"],"picked":"Night Terror","floor":16},{"not_picked":["Deflect","Bane"],"picked":"Well Laid Plans+1","floor":18},{"not_picked":["PiercingWail","Dagger Throw"],"picked":"Acrobatics+1","floor":20},{"not_picked":["Well Laid Plans+1","Flying Knee+1"],"picked":"Dodge and Roll+1","floor":23},{"not_picked":["Deadly Poison+1","Outmaneuver"],"picked":"After Image+1","floor":25},{"not_picked":["Reflex","Cloak And Dagger"],"picked":"All Out Attack+1","floor":28},{"not_picked":["Underhanded Strike","Dagger Throw","Bane"],"picked":"SKIP","floor":29},{"not_picked":["Underhanded Strike","Dagger Throw","Bane"],"picked":"SKIP","floor":29}],"player_experience":237739,"relics_obtained":[{"floor":7,"key":"StrikeDummy"},{"floor":9,"key":"Frozen Egg 2"},{"floor":13,"key":"Odd Mushroom"},{"floor":23,"key":"The Courier"},{"floor":26,"key":"Meat on the Bone"},{"floor":27,"key":"Ornamental Fan"}],"event_choices":[{"damage_healed":0,"gold_gain":0,"player_choice":"Fought Mushrooms","damage_taken":0,"max_hp_gain":0,"max_hp_loss":0,"event_name":"Mushrooms","floor":13,"gold_loss":0},{"cards_removed":["Strike_G"],"damage_healed":0,"gold_gain":0,"player_choice":"Gave Gold","damage_taken":0,"max_hp_gain":0,"max_hp_loss":0,"event_name":"Beggar","floor":19,"gold_loss":75},{"damage_healed":0,"gold_gain":99,"player_choice":"Stole From Cult","damage_taken":0,"max_hp_gain":0,"max_hp_loss":0,"event_name":"Nest","floor":22,"gold_loss":0}],"is_beta":false,"boss_relics":[{"not_picked":["SlaversCollar","Empty Cage"],"picked":"Astrolabe"}],"items_purged_floors":[4],"is_endless":false,"potions_floor_spawned":[1,11,12,13,20,23,25],"killed_by":"3 Cultists","ascension_level":0}}