{"host":"txhhdwa0hqfs4jhb","time":1611339344,"event":{"mods":["BaseMod","Better Third Choice","Downfall","Filter the Spire","Minty Spire (QoL Compilation)","Relic Stats","StSLib","Thieving Mod"],"gold_per_floor":[99,113,127,141,126,226,302,318,418,250,261,261,283,315,325,325,325,325],"floor_reached":16,"language":"ENG","playtime":1022,"items_purged":[],"score":133,"play_id":"93a77014-2279-416a-9846-fd54ef855905","local_time":"20210122181544","is_ascension_mode":true,"campfire_choices":[{"data":"champ:Taunt","floor":1.0,"key":"SMITH"}],"circlet_count":0,"master_deck":["champ:Strike","champ:Strike","champ:Strike","champ:Strike","champ:Defend","champ:Defend","champ:Defend","champ:Defend","champ:Execute+1","champ:Taunt+1","champ:AdrenalArmor","champ:HeartStrike","champ:Shatter","champ:DancingMaster","champ:FanOfKnives","champ:FanOfKnives","champ:PerfectedStrike","champ:Encircle","champ:RapidStrikes","champ:FaceSlap","champ:Lariat","champ:FancyFootwork","champ:FaceSlap","champ:CrookedStrike","champ:Backstep"],"relics":["champ:ChampionCrown","Ornamental Fan","Orrery","Odd Mushroom","Ice Cream"],"acts_visited":["Exordium"],"potions_floor_usage":[14,14],"damage_taken":[{"damage":11.0,"enemies":"Jaw Worm","floor":2.0,"turns":3.0},{"damage":30.0,"enemies":"Cultist","floor":3.0,"turns":4.0},{"damage":12.0,"enemies":"2 Louse","floor":4.0,"turns":3.0},{"damage":30.0,"enemies":"downfall:FleeingMerchant","floor":5.0,"turns":4.0},{"damage":62,"enemies":"Large Slime","floor":8,"turns":7},{"damage":25,"enemies":"downfall:FleeingMerchant","floor":10,"turns":4},{"damage":21,"enemies":"Exordium Wildlife","floor":11,"turns":4},{"damage":23,"enemies":"The Mushroom Lair","floor":13,"turns":3},{"damage":5,"enemies":"3 Sentries","floor":14,"turns":4},{"damage":20,"enemies":"Lots of Slimes","floor":15,"turns":3},{"damage":62,"enemies":"SI_SHIV_ARCHETYPE","floor":16,"turns":7}],"seed_played":"-4253258901542664711","potions_obtained":[{"floor":4.0,"key":"CultistPotion"},{"floor":11,"key":"Energy Potion"},{"floor":13,"key":"champ:OpenerPotion"},{"floor":15,"key":"champ:OpenerPotion"}],"is_trial":false,"path_per_floor":["R","M","M","M","$","?","T","M","?","$","M","?","?","E","M","B"],"character_chosen":"THE_CHAMP","items_purchased":["Orrery"],"campfire_rested":0,"item_purchase_floors":[10],"current_hp_per_floor":[90,89,89,87,87,87,87,45,45,40,24,54,46,46,36,0,0,0],"gold":325,"neow_bonus":"UPGRADE_CARD","is_daily":false,"chose_seed":false,"campfire_upgraded":1,"win_rate":0.0,"timestamp":1611339344,"path_taken":["R","M","M","M","$","?","T","?","?","$","M","?","?","E","M","BOSS"],"items_purchased_type":["Relic"],"build_version":"2020-12-22","purchased_purges":0,"victory":false,"max_hp_per_floor":[90,90,90,90,90,90,90,90,90,90,90,90,90,90,90,90,90,90],"relic_stats":{"counters":[11,46],"Ornamental Fan":[32],"obtain_stats":[{"Ice Cream":14,"Ornamental Fan":7,"Orrery":10,"champ:ChampionCrown":0,"Odd Mushroom":13},{"Ice Cream":9,"Ornamental Fan":4,"Orrery":6,"champ:ChampionCrown":0,"Odd Mushroom":8},{"Ice Cream":36,"Ornamental Fan":14,"Orrery":25,"champ:ChampionCrown":0,"Odd Mushroom":32}]},"card_choices":[{"not_picked":["champ:CrownThrow","champ:Shatter"],"picked":"champ:AdrenalArmor","floor":2.0},{"not_picked":["champ:AdrenalArmor","champ:SetATrap"],"picked":"champ:HeartStrike","floor":3.0},{"not_picked":["champ:BringItOn","champ:CrownThrow"],"picked":"champ:Shatter","floor":4.0},{"not_picked":["champ:HeartStrike","champ:PerfectedStrike"],"picked":"champ:DancingMaster","floor":5},{"not_picked":["champ:Shatter","champ:PreemptiveStrike"],"picked":"champ:FanOfKnives","floor":8},{"not_picked":["champ:DefensiveShout","champ:PreciseThrust"],"picked":"champ:FanOfKnives","floor":10},{"not_picked":["champ:TornadoPunch","champ:CalledShot"],"picked":"champ:PerfectedStrike","floor":10},{"not_picked":["champ:RecklessLeap","champ:Lariat"],"picked":"champ:Encircle","floor":10},{"not_picked":["champ:CrownThrow","champ:HeartStrike"],"picked":"champ:RapidStrikes","floor":10},{"not_picked":["champ:CrownThrow","champ:RecklessLeap"],"picked":"champ:FaceSlap","floor":10},{"not_picked":["champ:RecklessLeap","champ:HeartStrike"],"picked":"champ:Lariat","floor":10},{"not_picked":["champ:EnGarde","champ:RisingSlash"],"picked":"champ:FancyFootwork","floor":11},{"not_picked":["champ:ShieldSlam","champ:RecklessLeap"],"picked":"champ:FaceSlap","floor":13},{"not_picked":["champ:Improvising","champ:Parry"],"picked":"champ:CrookedStrike","floor":14},{"not_picked":["champ:TornadoPunch","champ:Circumvent"],"picked":"champ:Backstep","floor":15}],"player_experience":317080,"relics_obtained":[{"floor":7,"key":"Ornamental Fan"},{"floor":13,"key":"Odd Mushroom"},{"floor":14,"key":"Ice Cream"}],"event_choices":[{"damage_healed":30,"gold_gain":0,"player_choice":"Banana","damage_taken":0,"max_hp_gain":0,"max_hp_loss":0,"event_name":"Big Fish","floor":12,"gold_loss":0},{"damage_healed":0,"gold_gain":0,"player_choice":"Fought Mushrooms","damage_taken":0,"max_hp_gain":0,"max_hp_loss":0,"event_name":"Mushrooms","floor":13,"gold_loss":0}],"is_beta":false,"boss_relics":[],"items_purged_floors":[],"is_endless":false,"potions_floor_spawned":[4,11,13,15],"killed_by":"SI_SHIV_ARCHETYPE","ascension_level":1}}