{"host":"qm4rv4rkpk76sbxu","time":1611334254,"event":{"mods":["BaseMod","Bestiary","Block Reminder","DeckTracker","Filter the Spire","Keyboard Shortcuts","Minty Spire (QoL Compilation)","MonsterHotkey","Quick Restart","Random Character Button","Relic Stats","Slay-I","StSLib","Unceasing Turn Reminder","ojb\u0027s Better Paths Mod","ojb\u0027s Info Mod"],"gold_per_floor":[117,117,185,199,424,457,507,539,539,574,28,47,108,158,158,259,259,271,356,0,65,115,140,208,221,221,271,271,368,380,41,41,143,143,157,172,444,494,544,571,631,664,664,466,516,516,576,603,603,603,603,603,23,51,51],"floor_reached":56,"language":"ENG","playtime":2206,"items_purged":["Doubt","Regret","Strike_P"],"score":1627,"play_id":"505330d0-aae2-45c1-90c4-7d4ed2bdda60","local_time":"20210122175054","is_ascension_mode":true,"campfire_choices":[{"data":"CarveReality","floor":15.0,"key":"SMITH"},{"data":"1","floor":28.0,"key":"LIFT"},{"data":"2","floor":32,"key":"LIFT"},{"data":"3","floor":46,"key":"LIFT"},{"floor":49,"key":"RECALL"},{"data":"LikeWater","floor":52,"key":"SMITH"}],"circlet_count":0,"master_deck":["Strike_P+1","Strike_P+1","Strike_P+1","Defend_P+1","Defend_P+1","Defend_P+1","Defend_P+1","Eruption+1","Vigilance+1","Consecrate+1","CarveReality+1","Meditate+1","CarveReality+1","EmptyFist+1","LessonLearned+1","CurseOfTheBell","WaveOfTheHand+1","WheelKick+1","Prostrate+1","Perseverance+1","Wallop+1","Consecrate+1","Ragnarok+1","SpiritShield+1","CutThroughFate+1","Madness+1","Trip+1","Prostrate+1","DeusExMachina+1","Deep Breath+1","LikeWater+1","CutThroughFate+1","TalkToTheHand+1","EmptyMind+1","Enlightenment+1"],"relics":["PureWater","SsserpentHead","Turnip","Pear","StrikeDummy","MawBank","Potion Belt","Calipers","MealTicket","Calling Bell","Art of War","Toxic Egg 2","Pocketwatch","Red Mask","White Beast Statue","Girya","Molten Egg 2","Unceasing Top","Shuriken","Blood Vial","Pantograph","SlaversCollar","Ornamental Fan","Bird Faced Urn","CaptainsWheel","Strawberry","Bottled Tornado","StoneCalendar"],"acts_visited":["Exordium","TheCity","TheBeyond","TheEnding"],"potions_floor_usage":[30,33,33,35,40,40,42,48,50,50,54,54,55,55],"damage_taken":[{"damage":5.0,"enemies":"2 Louse","floor":1.0,"turns":3.0},{"damage":0.0,"enemies":"Cultist","floor":3.0,"turns":2.0},{"damage":1.0,"enemies":"Jaw Worm","floor":4.0,"turns":3.0},{"damage":0.0,"enemies":"Gremlin Nob","floor":6.0,"turns":2.0},{"damage":22.0,"enemies":"3 Sentries","floor":8.0,"turns":4.0},{"damage":0.0,"enemies":"Gremlin Nob","floor":10.0,"turns":2.0},{"damage":0.0,"enemies":"Blue Slaver","floor":12.0,"turns":2.0},{"damage":0.0,"enemies":"Lots of Slimes","floor":13.0,"turns":2.0},{"damage":2.0,"enemies":"Slime Boss","floor":16.0,"turns":3.0},{"damage":21.0,"enemies":"3 Byrds","floor":18.0,"turns":5.0},{"damage":44.0,"enemies":"Masked Bandits","floor":19.0,"turns":5.0},{"damage":4.0,"enemies":"Shell Parasite","floor":21.0,"turns":2.0},{"damage":9.0,"enemies":"Slavers","floor":23.0,"turns":2.0},{"damage":0.0,"enemies":"Snecko","floor":24.0,"turns":4.0},{"damage":5.0,"enemies":"Snake Plant","floor":25.0,"turns":6.0},{"damage":9,"enemies":"Chosen and Byrds","floor":30,"turns":8},{"damage":34,"enemies":"Automaton","floor":33,"turns":7},{"damage":13,"enemies":"3 Darklings","floor":35,"turns":7},{"damage":7,"enemies":"Orb Walker","floor":36,"turns":3},{"damage":34,"enemies":"Reptomancer","floor":40,"turns":8},{"damage":9,"enemies":"Maw","floor":41,"turns":6},{"damage":19,"enemies":"Nemesis","floor":42,"turns":5},{"damage":6,"enemies":"4 Shapes","floor":47,"turns":6},{"damage":0,"enemies":"Giant Head","floor":48,"turns":6},{"damage":41,"enemies":"Awakened One","floor":50,"turns":11},{"damage":6,"enemies":"Shield and Spear","floor":54,"turns":6},{"damage":65,"enemies":"The Heart","floor":55,"turns":11}],"seed_played":"-7544958032344441002","potions_obtained":[{"floor":0.0,"key":"FairyPotion"},{"floor":0.0,"key":"Regen Potion"},{"floor":0.0,"key":"LiquidMemories"},{"floor":3.0,"key":"CultistPotion"},{"floor":8.0,"key":"CultistPotion"},{"floor":13.0,"key":"AttackPotion"},{"floor":21.0,"key":"Ambrosia"},{"floor":23.0,"key":"BottledMiracle"},{"floor":24.0,"key":"Strength Potion"},{"floor":25.0,"key":"Swift Potion"},{"floor":30,"key":"SpeedPotion"},{"floor":33,"key":"BlessingOfTheForge"},{"floor":35,"key":"PowerPotion"},{"floor":36,"key":"BlessingOfTheForge"},{"floor":40,"key":"EssenceOfSteel"},{"floor":41,"key":"Fire Potion"},{"floor":42,"key":"LiquidMemories"},{"floor":47,"key":"Block Potion"},{"floor":48,"key":"LiquidMemories"},{"floor":54,"key":"Weak Potion"}],"is_trial":false,"path_per_floor":["M","?","M","M","?","E","?","E","T","E","$","M","M","?","R","B",null,"M","?","$","M","?","E","M","M","T","?","R","T","M","$","R","B",null,"M","M","?","?","?","E","M","E","T","$","T","R","M","E","R","B",null,"R","$","E","B",null],"character_chosen":"WATCHER","items_purchased":["Potion Belt","Calipers","Fruit Juice","White Beast Statue","Prostrate+1","Pantograph","Ragnarok+1","Deep Breath+1","LikeWater","TalkToTheHand+1","EmptyMind+1","Bottled Tornado","Enlightenment+1","ColorlessPotion","FearPotion"],"campfire_rested":0,"item_purchase_floors":[11,11,11,20,20,31,31,44,44,53,53,53,53,53,53],"current_hp_per_floor":[67,67,67,66,66,66,66,54,54,54,54,54,54,54,54,52,82,61,17,32,28,28,19,19,19,19,19,19,19,12,27,27,20,87,74,69,69,59,97,63,56,39,39,54,54,54,52,63,63,51,104,104,104,100,39],"gold":51,"neow_bonus":"THREE_SMALL_POTIONS","is_daily":false,"chose_seed":false,"campfire_upgraded":2,"win_rate":0.0,"timestamp":1611334254,"path_taken":["M","?","?","M","?","E","?","E","T","E","?","M","?","?","R","BOSS","M","?","?","?","?","E","?","M","T","?","R","?","M","$","R","BOSS","M","M","?","?","?","E","?","E","T","?","?","R","?","E","R","BOSS","R","$","E","BOSS"],"items_purchased_type":["Relic","Relic","Potion","Relic","Card","Relic","Card","Card","Card","Card","Card","Relic","Card","Potion","Potion"],"build_version":"2020-12-22","purchased_purges":3,"victory":true,"max_hp_per_floor":[72,72,72,72,72,72,72,82,82,82,82,82,82,82,82,82,82,82,82,82,82,82,82,82,87,87,87,87,87,87,87,87,87,87,87,87,87,87,97,97,97,97,97,97,97,97,97,104,104,104,104,104,104,104,104],"relic_stats":{"counters":[27,131],"StoneCalendar":[52],"MawBank":12,"Blood Vial":16,"SsserpentHead":1000,"Shuriken":[35],"Ornamental Fan":[88],"Pantograph":54,"Bird Faced Urn":[8],"MealTicket":45,"Turnip":[9],"Art of War":[26],"obtain_stats":[{"Calipers":11,"StoneCalendar":54,"Bottled Tornado":53,"Blood Vial":29,"SsserpentHead":2,"Pantograph":31,"Strawberry":48,"MealTicket":14,"Red Mask":19,"Toxic Egg 2":17,"Potion Belt":11,"Girya":22,"Pear":8,"MawBank":10,"White Beast Statue":20,"Calling Bell":17,"SlaversCollar":34,"CaptainsWheel":43,"Shuriken":27,"Ornamental Fan":40,"Bird Faced Urn":42,"Molten Egg 2":23,"Turnip":6,"Art of War":17,"PureWater":0,"StrikeDummy":9,"Unceasing Top":26,"Pocketwatch":17},{"Calipers":6,"StoneCalendar":26,"Bottled Tornado":25,"Blood Vial":15,"SsserpentHead":1,"Pantograph":16,"Strawberry":24,"MealTicket":8,"Red Mask":11,"Toxic Egg 2":9,"Potion Belt":6,"Girya":12,"Pear":5,"MawBank":6,"White Beast Statue":11,"Calling Bell":9,"SlaversCollar":17,"CaptainsWheel":22,"Shuriken":15,"Ornamental Fan":20,"Bird Faced Urn":22,"Molten Egg 2":13,"Turnip":4,"Art of War":9,"PureWater":0,"StrikeDummy":5,"Unceasing Top":15,"Pocketwatch":9},{"Calipers":16,"StoneCalendar":120,"Bottled Tornado":114,"Blood Vial":47,"SsserpentHead":3,"Pantograph":55,"Strawberry":103,"MealTicket":20,"Red Mask":33,"Toxic Egg 2":23,"Potion Belt":16,"Girya":35,"Pear":14,"MawBank":16,"White Beast Statue":33,"Calling Bell":23,"SlaversCollar":62,"CaptainsWheel":91,"Shuriken":47,"Ornamental Fan":80,"Bird Faced Urn":91,"Molten Egg 2":37,"Turnip":10,"Art of War":23,"PureWater":0,"StrikeDummy":14,"Unceasing Top":47,"Pocketwatch":23}],"Unceasing Top":[5],"Pocketwatch":[115]},"card_choices":[{"not_picked":["Halt","FlurryOfBlows"],"picked":"Consecrate","floor":1.0},{"not_picked":["Prostrate","CrushJoints"],"picked":"CarveReality","floor":3.0},{"not_picked":["Halt","PathToVictory","MasterReality"],"picked":"SKIP","floor":4.0},{"not_picked":["Conclude","PathToVictory"],"picked":"Meditate","floor":6.0},{"not_picked":["Nirvana","SashWhip"],"picked":"FlurryOfBlows","floor":8.0},{"not_picked":["Prostrate","ThirdEye"],"picked":"CarveReality","floor":10.0},{"not_picked":["FollowUp","EmptyMind","Crescendo"],"picked":"SKIP","floor":12.0},{"not_picked":["Prostrate","PathToVictory"],"picked":"EmptyFist","floor":13.0},{"not_picked":["Blasphemy","Ragnarok"],"picked":"LessonLearned","floor":16.0},{"not_picked":["BattleHymn+1","Perseverance+1"],"picked":"WaveOfTheHand+1","floor":18.0},{"not_picked":["BowlingBash","EmptyFist"],"picked":"WheelKick","floor":19.0},{"not_picked":["SashWhip","BowlingBash","ThirdEye+1"],"picked":"SKIP","floor":21.0},{"not_picked":["FlurryOfBlows+1","Consecrate+1"],"picked":"Perseverance+1","floor":23.0},{"not_picked":["ThirdEye+1","EmptyBody+1","SignatureMove+1"],"picked":"SKIP","floor":24.0},{"not_picked":["EmptyMind+1","Consecrate+1"],"picked":"Wallop+1","floor":25.0},{"not_picked":["ThirdEye+1","Conclude+1"],"picked":"Consecrate+1","floor":30},{"not_picked":["Ragnarok+1","LessonLearned+1"],"picked":"SpiritShield+1","floor":33},{"not_picked":["JustLucky+1","ThirdEye+1"],"picked":"CutThroughFate+1","floor":35},{"not_picked":["Halt+1","SashWhip+1","ThirdEye+1"],"picked":"SKIP","floor":36},{"not_picked":["Violence+1","Bandage Up+1"],"picked":"Apotheosis+1","floor":38},{"not_picked":["PanicButton+1","Metamorphosis+1"],"picked":"Madness+1","floor":38},{"not_picked":["Purity+1","The Bomb+1"],"picked":"Trip+1","floor":38},{"not_picked":["ThirdEye+1","Conclude+1","ClearTheMind+1"],"picked":"SKIP","floor":40},{"not_picked":["BowlingBash+1","SandsOfTime+1"],"picked":"Prostrate+1","floor":41},{"not_picked":["EmptyBody+1","Conclude+1"],"picked":"DeusExMachina+1","floor":42},{"not_picked":["Swivel+1","InnerPeace+1","PathToVictory+1"],"picked":"SKIP","floor":47},{"not_picked":["Prostrate+1","InnerPeace+1"],"picked":"CutThroughFate+1","floor":48},{"not_picked":["WreathOfFlame+1","SashWhip+1","Crescendo+1"],"picked":"SKIP","floor":54}],"player_experience":1368866,"relics_obtained":[{"floor":6.0,"key":"Turnip"},{"floor":8.0,"key":"Pear"},{"floor":9.0,"key":"StrikeDummy"},{"floor":10.0,"key":"MawBank"},{"floor":17.0,"key":"Art of War"},{"floor":17.0,"key":"Toxic Egg 2"},{"floor":17.0,"key":"Pocketwatch"},{"floor":19.0,"key":"Red Mask"},{"floor":23.0,"key":"Molten Egg 2"},{"floor":26.0,"key":"Unceasing Top"},{"floor":29.0,"key":"Blood Vial"},{"floor":40,"key":"Ornamental Fan"},{"floor":42,"key":"Bird Faced Urn"},{"floor":43,"key":"CaptainsWheel"},{"floor":48,"key":"Strawberry"},{"floor":54,"key":"StoneCalendar"}],"event_choices":[{"damage_healed":0.0,"max_hp_gain":0.0,"max_hp_loss":0.0,"gold_gain":0.0,"event_name":"FaceTrader","player_choice":"Trade","floor":2.0,"gold_loss":0.0,"damage_taken":0.0,"relics_obtained":["SsserpentHead"]},{"damage_healed":0.0,"max_hp_gain":0.0,"max_hp_loss":0.0,"gold_gain":175.0,"event_name":"Liars Game","player_choice":"AGREE","floor":5.0,"gold_loss":0.0,"damage_taken":0.0,"cards_obtained":["Doubt"]},{"damage_healed":0.0,"max_hp_gain":0.0,"max_hp_loss":0.0,"gold_gain":0.0,"event_name":"Living Wall","player_choice":"Grow","floor":7.0,"gold_loss":0.0,"damage_taken":0.0,"cards_upgraded":["Eruption"]},{"damage_healed":0.0,"max_hp_gain":0.0,"max_hp_loss":0.0,"gold_gain":0.0,"event_name":"Big Fish","player_choice":"Box","floor":14.0,"gold_loss":0.0,"damage_taken":0.0,"relics_obtained":["MealTicket"],"cards_obtained":["Regret"]},{"damage_healed":0.0,"max_hp_gain":0.0,"max_hp_loss":0.0,"gold_gain":0.0,"event_name":"Masked Bandits","player_choice":"Fought Bandits","floor":19.0,"gold_loss":0.0,"damage_taken":0.0},{"cards_removed":["FlurryOfBlows"],"damage_healed":0.0,"max_hp_gain":0.0,"max_hp_loss":0.0,"gold_gain":0.0,"event_name":"WeMeetAgain","player_choice":"Gave Card","floor":22.0,"gold_loss":0.0,"damage_taken":0.0,"relics_obtained":["Girya"]},{"damage_healed":0.0,"max_hp_gain":0.0,"max_hp_loss":0.0,"gold_gain":0.0,"event_name":"The Mausoleum","player_choice":"Opened","floor":27.0,"gold_loss":0.0,"damage_taken":0.0,"relics_obtained":["Shuriken"]},{"damage_healed":0,"gold_gain":222,"player_choice":"Wore Mask","damage_taken":0,"max_hp_gain":0,"max_hp_loss":0,"event_name":"Tomb of Lord Red Mask","floor":37,"gold_loss":0},{"damage_healed":0,"gold_gain":0,"player_choice":"Memory 3","damage_taken":10,"max_hp_gain":0,"max_hp_loss":0,"event_name":"SensoryStone","floor":38,"gold_loss":0},{"cards_removed":["Apotheosis"],"damage_healed":28,"gold_gain":0,"player_choice":"Offered Rare","damage_taken":0,"max_hp_gain":10,"max_hp_loss":0,"event_name":"Bonfire Elementals","floor":39,"gold_loss":0}],"is_beta":false,"boss_relics":[{"not_picked":["Snecko Eye","Velvet Choker"],"picked":"Calling Bell"},{"not_picked":["Astrolabe","Sozu"],"picked":"SlaversCollar"}],"items_purged_floors":[11,20,44],"is_endless":false,"potions_floor_spawned":[3,8,10,13,21,23,24,25,30,33,35,36,40,41,42,47,48,54],"ascension_level":1}}