{"host":"ig9h5mtrygw4gu9r","time":1611310445,"event":{"mods":["2.2 Compatiblity","AchievementEnabler","BaseMod","Downfall","Minty Spire (QoL Compilation)","Relic Stats","StSLib"],"gold_per_floor":[99,110,123,137,155,171,171,190,208,237,256,256,256,91,106,201,201,201,215,315,315,315,315],"floor_reached":21,"language":"ENG","playtime":2657,"items_purged":["hexamod:Strike"],"score":210,"play_id":"5ec2b456-50a8-447a-82f3-b019a95e803d","local_time":"20210122021405","is_ascension_mode":false,"campfire_choices":[{"data":"hexamod:Float","floor":1,"key":"SMITH"},{"data":"hexamod:InspiringFlames","floor":12,"key":"SMITH"},{"data":"hexamod:DynamicBlow","floor":18,"key":"SMITH"}],"circlet_count":0,"master_deck":["hexamod:Defend","hexamod:Defend","hexamod:Defend","hexamod:Defend","hexamod:Sear","hexamod:Float+1","hexamod:InspiringFlames+1","hexamod:PhantomFireball","hexamod:DynamicBlow+1","hexamod:GhostLash","hexamod:GhostShield","hexamod:SoulSteal","hexamod:NightmareGuise","hexamod:GhostLash","hexamod:GhostLash","hexamod:EmpoweredFlame+1","hexamod:FirstSeal","hexamod:EmpoweredFlame+1","hexamod:ParanormalForm+1","hexamod:NightmareGuise+1","hexamod:HeatShield+1","hexamod:TurnItUp+1","hexamod:GhostOfSpirePast+1","hexamod:GhostOfSpireFuture+1"],"relics":["hexamod:SpiritBrand","Art of War","Nunchaku","Frozen Egg 2","Astrolabe","Girya","Toxic Egg 2"],"acts_visited":["Exordium","TheCity"],"potions_floor_usage":[5],"damage_taken":[{"damage":0,"enemies":"Cultist","floor":2,"turns":3},{"damage":0,"enemies":"2 Louse","floor":3,"turns":2},{"damage":0,"enemies":"Small Slimes","floor":4,"turns":3},{"damage":3,"enemies":"Gremlin Gang","floor":5,"turns":4},{"damage":0,"enemies":"2 Fungi Beasts","floor":6,"turns":4},{"damage":7,"enemies":"3 Louse","floor":8,"turns":2},{"damage":1,"enemies":"Blue Slaver","floor":9,"turns":3},{"damage":0,"enemies":"Lagavulin","floor":10,"turns":7},{"damage":0,"enemies":"Exordium Thugs","floor":11,"turns":3},{"damage":0,"enemies":"downfall:FleeingMerchant","floor":14,"turns":4},{"damage":0,"enemies":"Red Slaver","floor":15,"turns":4},{"damage":59,"enemies":"WA_ARCHETYPE_RETAIN","floor":16,"turns":8},{"damage":5,"enemies":"3 Byrds","floor":19,"turns":6},{"damage":42,"enemies":"Colosseum Nobs","floor":20,"turns":5},{"damage":34,"enemies":"Chosen","floor":21,"turns":6}],"seed_played":"3513980934468554559","potions_obtained":[{"floor":2,"key":"Explosive Potion"},{"floor":5,"key":"bronze:BurnAndBuffPotion"},{"floor":6,"key":"Guardian:BlockOnCardUsePotion"},{"floor":8,"key":"bronze:BurnAndBuffPotion"},{"floor":20,"key":"BlessingOfTheForge"}],"is_trial":false,"path_per_floor":["R","M","M","M","M","M","T","M","M","E","M","R","?","$","M","B",null,"R","M","?","M"],"character_chosen":"THE_SPIRIT","items_purchased":["hexamod:FirstSeal"],"campfire_rested":0,"item_purchase_floors":[14],"current_hp_per_floor":[77,77,77,77,74,74,74,67,66,66,66,66,59,59,66,7,77,77,72,30,0,0,0],"gold":315,"neow_bonus":"TEN_PERCENT_HP_BONUS","is_daily":false,"chose_seed":false,"campfire_upgraded":3,"win_rate":0.0,"timestamp":1611310445,"path_taken":["R","M","M","M","M","M","T","M","M","E","M","R","?","$","M","BOSS","R","M","?","M"],"items_purchased_type":["Card"],"build_version":"2020-12-22","purchased_purges":1,"victory":false,"max_hp_per_floor":[77,77,77,77,77,77,77,77,77,77,77,77,77,77,77,77,77,77,77,77,77,77,77],"relic_stats":{"Nunchaku":[4],"counters":[15,64],"Astrolabe":["hexamod:NightmareGuise","hexamod:HeatShield","hexamod:TurnItUp"],"Art of War":[10],"obtain_stats":[{"Girya":20,"Nunchaku":10,"Astrolabe":17,"Art of War":7,"Frozen Egg 2":13,"Toxic Egg 2":20,"hexamod:SpiritBrand":0},{"Girya":14,"Nunchaku":8,"Astrolabe":12,"Art of War":5,"Frozen Egg 2":9,"Toxic Egg 2":14,"hexamod:SpiritBrand":0},{"Girya":58,"Nunchaku":28,"Astrolabe":47,"Art of War":16,"Frozen Egg 2":31,"Toxic Egg 2":58,"hexamod:SpiritBrand":0}]},"card_choices":[{"not_picked":["hexamod:SpectralAdrenaline","hexamod:NightmareGuise"],"picked":"hexamod:InspiringFlames","floor":2},{"not_picked":["hexamod:Haunt","hexamod:SpectersWail"],"picked":"hexamod:PhantomFireball","floor":3},{"not_picked":["hexamod:AdvancingGuard","hexamod:SwordOfDarkness"],"picked":"hexamod:DynamicBlow","floor":4},{"not_picked":["hexamod:SpectersWail","hexamod:PhantomFireball"],"picked":"hexamod:GhostLash","floor":5},{"not_picked":["hexamod:ExtraCrispy","hexamod:GhostOfSpireFuture"],"picked":"hexamod:GhostShield","floor":6},{"not_picked":["hexamod:Hexaguard","hexamod:PhantomFireball"],"picked":"hexamod:SoulSteal","floor":8},{"not_picked":["hexamod:SwordOfDarkness","hexamod:GhostLash"],"picked":"hexamod:NightmareGuise","floor":9},{"not_picked":["hexamod:ShieldOfDarkness","hexamod:RainOfEmbers"],"picked":"hexamod:GhostLash","floor":10},{"not_picked":["hexamod:SixthSeal","hexamod:InspiringFlames"],"picked":"hexamod:GhostLash","floor":11},{"not_picked":["hexamod:SpectralAdrenaline","hexamod:ShieldOfDarkness"],"picked":"hexamod:EmpoweredFlame+1","floor":14},{"not_picked":["hexamod:RetreatToShadows","hexamod:InspiringFlames"],"picked":"hexamod:EmpoweredFlame+1","floor":15},{"not_picked":["hexamod:ForkedFlame","hexamod:VolcanoVisage+1"],"picked":"hexamod:ParanormalForm+1","floor":16},{"not_picked":["hexamod:FastForward","hexamod:BurningTouch+1"],"picked":"hexamod:GhostOfSpirePast+1","floor":19},{"not_picked":["hexamod:Firestarter+1","hexamod:Haunt+1"],"picked":"hexamod:GhostOfSpireFuture+1","floor":20}],"player_experience":358447,"relics_obtained":[{"floor":7,"key":"Art of War"},{"floor":10,"key":"Nunchaku"},{"floor":20,"key":"Girya"},{"floor":20,"key":"Toxic Egg 2"}],"event_choices":[{"damage_healed":0,"gold_gain":0,"player_choice":"Success","damage_taken":7,"relics_obtained":["Frozen Egg 2"],"max_hp_gain":0,"max_hp_loss":0,"event_name":"Scrap Ooze","floor":13,"gold_loss":0}],"is_beta":false,"boss_relics":[{"not_picked":["SacredBark","bronze:MakeshiftBattery"],"picked":"Astrolabe"}],"items_purged_floors":[14],"is_endless":false,"potions_floor_spawned":[2,5,6,8,15,16,20],"killed_by":"Chosen","ascension_level":0}}