{"host":"6aycdg1azw3gf4o9","time":1611329501,"event":{"mods":["Arknights The Spire","BaseMod","CapriCore","Marisa£®ÏF”Í°°ƒß¿Ì…≥£©","Minty Spire (QoL Compilation)","READ ME - Guardian Mod","Remilia£®¿Ÿ√◊¿Ú—«£©","StSLib"],"gold_per_floor":[114,114,189,245,259,284,27,27,27,27,27,27,40,40,40,164,164,182,282,282,282,49,84,84,100,126,126,150,165,186,229,229,358,358,373,387,5,24,87,87,121,176,176,176,211,246,594,594,594,594],"floor_reached":51,"language":"ZHS","playtime":2558,"items_purged":[],"score":763,"play_id":"61342690-a5d8-4c9b-b6b3-f493344e0545","local_time":"20210122233141","is_ascension_mode":false,"campfire_choices":[{"floor":8.0,"key":"REST"},{"data":"ats:Emotion Absorption","floor":11.0,"key":"SMITH"},{"data":"ats:Sashimi Platter","floor":15.0,"key":"SMITH"},{"data":"ats:Closed Bolt Burst Fire","floor":24.0,"key":"SMITH"},{"data":"ats:Closed Bolt Burst Fire","floor":27.0,"key":"SMITH"},{"data":"ats:Support Order","floor":32.0,"key":"SMITH"},{"data":"ats:Disruption Kick","floor":40.0,"key":"SMITH"},{"data":"ats:Shadow Assault","floor":49,"key":"SMITH"}],"circlet_count":0,"master_deck":["ats:Strike C","ats:Strike G","ats:Strike S","ats:Strike V","ats:Armor Crushing Shot","ats:Defend","ats:Defend","ats:Defend","ats:Defend+1","ats:Emotion Absorption+1","ats:Shadow Assault+1","ats:Leaping Hammer","ats:Shell Defense","ats:Directed Diagnosis","ats:Sashimi Platter+1","ats:Revitalization+1","ats:Support Order+1","ats:Calcification","ats:Chain Hook+1","ats:Closed Bolt Burst Fire+1","ats:Apocalypse","ats:Curse Doll","ats:Closed Bolt Burst Fire+1","Panacea","ats:Encircling Forest+1","ats:Flexible Camouflage+1","ats:Apocalypse","ats:Serious Mode+1","ats:Cat Scratch+1","ats:Childhood Dance","ats:Wolf Pack","ats:Assault Order+1","ats:Disruption Kick+1","ats:Spore Proliferation+1","Parasite","ats:Thorns+1","ats:Soul Absorption+1","Sadistic Nature","ats:Composite Medical Shells","ats:Song Of Battle+1","Wraith"],"relics":["ats:Sanity Plus","ats:Originium","Juzu Bracelet","War Paint","StrikeDummy","Coffee Dripper","Incense Burner","Regal Pillow","Pantograph","ats:Military Tradition","ats:Gyao","Bottled Tornado","StoneCalendar"],"acts_visited":["Exordium","TheCity","TheBeyond"],"potions_floor_usage":[50,50],"damage_taken":[{"damage":6.0,"enemies":"2 Louse","floor":1.0,"turns":3.0},{"damage":0.0,"enemies":"Small Slimes","floor":5.0,"turns":2.0},{"damage":46.0,"enemies":"Gremlin Nob","floor":6.0,"turns":5.0},{"damage":3.0,"enemies":"Jaw Worm","floor":13.0,"turns":5.0},{"damage":125.0,"enemies":"Hexaghost","floor":16.0,"turns":15.0},{"damage":13.0,"enemies":"3 Byrds","floor":18.0,"turns":4.0},{"damage":59.0,"enemies":"Book of Stabbing","floor":23.0,"turns":7.0},{"damage":10.0,"enemies":"Chosen","floor":25.0,"turns":4.0},{"damage":13.0,"enemies":"Centurion and Healer","floor":28.0,"turns":5.0},{"damage":17.0,"enemies":"Snecko","floor":29.0,"turns":5.0},{"damage":30.0,"enemies":"Sentry and Sphere","floor":30.0,"turns":4.0},{"damage":37.0,"enemies":"Gremlin Leader","floor":31.0,"turns":7.0},{"damage":70.0,"enemies":"Collector","floor":33.0,"turns":10.0},{"damage":19.0,"enemies":"3 Shapes","floor":35.0,"turns":4.0},{"damage":48.0,"enemies":"3 Darklings","floor":36.0,"turns":6.0},{"damage":14.0,"enemies":"Transient","floor":38.0,"turns":5.0},{"damage":12.0,"enemies":"Mind Bloom Boss Battle","floor":39.0,"turns":6.0},{"damage":17.0,"enemies":"Writhing Mass","floor":41.0,"turns":7.0},{"damage":28.0,"enemies":"Reptomancer","floor":42.0,"turns":7.0},{"damage":30.0,"enemies":"Maw","floor":45.0,"turns":8.0},{"damage":19.0,"enemies":"Sphere and 2 Shapes","floor":46.0,"turns":4.0},{"damage":67,"enemies":"Donu and Deca","floor":50,"turns":11}],"seed_played":"-2010263356481053222","potions_obtained":[{"floor":5.0,"key":"DistilledChaos"},{"floor":16.0,"key":"Fire Potion"},{"floor":21.0,"key":"DuplicationPotion"},{"floor":21.0,"key":"Swift Potion"},{"floor":21.0,"key":"EssenceOfSteel"},{"floor":28.0,"key":"Block Potion"},{"floor":33.0,"key":"Fire Potion"},{"floor":36.0,"key":"Fruit Juice"},{"floor":45.0,"key":"DuplicationPotion"}],"is_trial":false,"path_per_floor":["M","?","?","?","M","E","$","R","T","$","R","?","M","?","R","B",null,"M","?","?","?","$","E","R","M","T","R","M","M","M","E","R","B",null,"M","M","$","M","?","R","M","E","T","?","M","M","?","?","R","B",null],"character_chosen":"DOCTOR_CLASS","items_purchased":["ats:Sashimi Platter","ats:Revitalization","War Paint","ats:Apocalypse","ats:Curse Doll","ats:Closed Bolt Burst Fire","Panacea","ats:Military Tradition","ats:Disruption Kick","Strength Potion"],"campfire_rested":1,"item_purchase_floors":[7,7,7,22,22,22,22,37,37,37],"current_hp_per_floor":[59,59,48,48,48,4,4,23,23,23,23,23,46,51,51,20,65,62,62,62,62,62,48,48,59,59,59,65,65,49,54,54,51,65,52,51,51,65,67,67,62,58,58,58,61,50,50,50,50,59],"gold":594,"neow_bonus":"THREE_RARE_CARDS","is_daily":false,"chose_seed":false,"campfire_upgraded":7,"win_rate":0.0,"timestamp":1611329501,"path_taken":["M","?","?","?","?","E","?","R","T","$","R","?","M","?","R","BOSS","M","?","?","?","$","E","R","M","T","R","M","M","M","E","R","BOSS","M","M","$","M","?","R","M","E","T","?","M","M","?","?","R","BOSS"],"items_purchased_type":["Card","Card","Relic","Card","Card","Card","Card","Relic","Card","Potion"],"build_version":"2020-12-22","purchased_purges":0,"victory":true,"max_hp_per_floor":[65,65,65,65,65,65,65,65,65,65,65,60,60,65,65,65,65,65,65,65,65,65,65,65,65,65,65,65,65,65,65,65,65,65,65,70,70,70,70,70,70,70,70,70,70,70,70,70,70,70],"card_choices":[{"not_picked":["ats:Dogmatic Field","ats:Ambush"],"picked":"ats:Shadow Assault","floor":0.0},{"not_picked":["ats:Cat Scratch","ats:Poison Spread"],"picked":"ats:Leaping Hammer","floor":1.0},{"not_picked":["ats:Thorns","ats:Very Hot Blade"],"picked":"ats:Shell Defense","floor":5.0},{"not_picked":["ats:Blood Oath","ats:Poison Spread"],"picked":"ats:Directed Diagnosis","floor":6.0},{"not_picked":["ats:Ignite","ats:Guardian Obelisk"],"picked":"ats:Support Order","floor":13.0},{"not_picked":["ats:Roar Of Ursus","ats:True Silver Slash"],"picked":"ats:Calcification","floor":16.0},{"not_picked":["ats:Encircling Forest","ats:Shadow Raid"],"picked":"ats:Chain Hook+1","floor":18.0},{"not_picked":["ats:Consecutive Shot Auto","ats:Echo Reverb"],"picked":"ats:Encircling Forest+1","floor":23.0},{"not_picked":["ats:Closed Bolt Burst Fire+1","ats:Shadow Raid"],"picked":"ats:Flexible Camouflage+1","floor":25.0},{"not_picked":["ats:Assault Order+1","ats:Automatic Cover+1"],"picked":"ats:Apocalypse","floor":28.0},{"not_picked":["ats:Directed Diagnosis","ats:Consecutive Shot Auto"],"picked":"ats:Serious Mode+1","floor":29.0},{"not_picked":["ats:Hammer On","ats:Blood Oath+1"],"picked":"ats:Cat Scratch+1","floor":30.0},{"not_picked":["ats:Leaping Hammer","ats:Blood Oath"],"picked":"ats:Childhood Dance","floor":31.0},{"not_picked":["ats:Echo Reverb","ats:Volcano"],"picked":"ats:Wolf Pack","floor":33.0},{"not_picked":["ats:Consecutive Shot Auto+1","ats:Poison Spread"],"picked":"ats:Assault Order+1","floor":35.0},{"not_picked":["ats:Flexible Camouflage","ats:Blood Oath+1","ats:Childhood Dance"],"picked":"SKIP","floor":36.0},{"not_picked":["ats:Cat Scratch","ats:Leaping Hammer"],"picked":"ats:Spore Proliferation+1","floor":38.0},{"not_picked":["ats:Flexible Camouflage","ats:Apocalypse"],"picked":"ats:Thorns+1","floor":41.0},{"not_picked":["ats:Poison Spread+1","ats:Explosion Area Strengthen"],"picked":"ats:Soul Absorption+1","floor":42.0},{"not_picked":["Magnetism","Panacea"],"picked":"Sadistic Nature","floor":44.0},{"not_picked":["ats:Encircling Forest","ats:Defend Order+1"],"picked":"ats:Composite Medical Shells","floor":45.0},{"not_picked":["ats:Thorns+1","ats:Hammer On"],"picked":"ats:Song Of Battle+1","floor":46.0}],"player_experience":444643,"relics_obtained":[{"floor":6.0,"key":"ats:Originium"},{"floor":6.0,"key":"Juzu Bracelet"},{"floor":9.0,"key":"StrikeDummy"},{"floor":23.0,"key":"ats:Originium"},{"floor":23.0,"key":"Incense Burner"},{"floor":26.0,"key":"Regal Pillow"},{"floor":31.0,"key":"ats:Originium"},{"floor":31.0,"key":"Pantograph"},{"floor":39.0,"key":"ats:Gyao"},{"floor":42.0,"key":"ats:Originium"},{"floor":42.0,"key":"Bottled Tornado"},{"floor":43.0,"key":"StoneCalendar"}],"event_choices":[{"damage_healed":0.0,"max_hp_gain":0.0,"max_hp_loss":0.0,"gold_gain":0.0,"event_name":"The Cleric","player_choice":"Leave","floor":2.0,"gold_loss":0.0,"damage_taken":0.0},{"damage_healed":0.0,"max_hp_gain":0.0,"max_hp_loss":0.0,"gold_gain":75.0,"event_name":"World of Goop","player_choice":"Gather Gold","floor":3.0,"gold_loss":0.0,"damage_taken":11.0},{"damage_healed":0.0,"max_hp_gain":0.0,"max_hp_loss":0.0,"gold_gain":56.0,"event_name":"Golden Wing","player_choice":"Gained Gold","floor":4.0,"gold_loss":0.0,"damage_taken":0.0},{"damage_healed":0.0,"max_hp_gain":0.0,"max_hp_loss":5.0,"gold_gain":0.0,"event_name":"Golden Idol","player_choice":"Lose Max HP","floor":12.0,"gold_loss":0.0,"damage_taken":0.0,"relics_obtained":["Golden Idol"]},{"damage_healed":0.0,"max_hp_gain":5.0,"max_hp_loss":0.0,"gold_gain":0.0,"event_name":"Big Fish","player_choice":"Donut","floor":14.0,"gold_loss":0.0,"damage_taken":0.0},{"damage_healed":0.0,"max_hp_gain":0.0,"max_hp_loss":0.0,"gold_gain":100.0,"event_name":"Golden Shrine","player_choice":"Pray","floor":19.0,"gold_loss":0.0,"damage_taken":0.0},{"damage_healed":0.0,"max_hp_gain":0.0,"max_hp_loss":0.0,"gold_gain":0.0,"event_name":"The Library","player_choice":"Read","floor":20.0,"gold_loss":0.0,"damage_taken":0.0,"cards_obtained":["ats:Closed Bolt Burst Fire"]},{"damage_healed":0.0,"max_hp_gain":0.0,"max_hp_loss":0.0,"gold_gain":0.0,"event_name":"Lab","player_choice":"Got Potions","floor":21.0,"gold_loss":0.0,"damage_taken":0.0},{"damage_healed":0.0,"max_hp_gain":0.0,"max_hp_loss":0.0,"gold_gain":0.0,"event_name":"MindBloom","player_choice":"Fight","floor":39.0,"gold_loss":0.0,"damage_taken":0.0},{"damage_healed":0.0,"max_hp_gain":0.0,"max_hp_loss":0.0,"gold_gain":0.0,"event_name":"SensoryStone","player_choice":"Memory 1","floor":44.0,"gold_loss":0.0,"damage_taken":0.0},{"damage_healed":0.0,"max_hp_gain":0.0,"max_hp_loss":0.0,"gold_gain":333.0,"event_name":"The Moai Head","player_choice":"Gave Idol","floor":47.0,"relics_lost":["Golden Idol"],"gold_loss":0.0,"damage_taken":0.0},{"damage_healed":0,"gold_gain":0,"player_choice":"Ignored","damage_taken":0,"max_hp_gain":0,"max_hp_loss":0,"event_name":"OrinTheCat","floor":48,"gold_loss":0}],"is_beta":false,"boss_relics":[{"not_picked":["Busted Crown","Snecko Eye"],"picked":"Coffee Dripper"},{"not_picked":["Sozu","SlaversCollar"],"picked":"ats:Sanity Plus"}],"items_purged_floors":[],"is_endless":false,"potions_floor_spawned":[5,16,28,30,33,36,39,45],"ascension_level":0}}