{"host":"oigynbtg272c19pw","time":1611333289,"event":{"mods":["BaseMod","Colored Map","Minty Spire (QoL Compilation)","Relic Stats","Slay the Relics Exporter","StSLib"],"gold_per_floor":[116,116,4,21,36,67,67,67,67,80,107,207,207,207,207,207,207],"floor_reached":16,"playtime":449,"items_purged":["Strike_G"],"score":216,"play_id":"71dd5a95-676c-4890-9073-e5d1ecf97708","local_time":"20210122173449","is_ascension_mode":true,"campfire_choices":[{"floor":8,"key":"REST"},{"floor":13,"key":"REST"},{"data":"Terror","floor":15,"key":"SMITH"}],"circlet_count":0,"master_deck":["AscendersBane","Strike_G","Strike_G","Defend_G","Defend_G","Defend_G","Defend_G","Defend_G","Survivor","Neutralize","Blur","Skewer","All Out Attack","Deadly Poison","Cloak And Dagger","Terror+1","Masterful Stab","Blade Dance"],"relics":["Ring of the Snake","NeowsBlessing","Kunai","Art of War","Juzu Bracelet"],"acts_visited":["Exordium"],"potions_floor_usage":[6,11,11,16],"damage_taken":[{"damage":0,"enemies":"2 Louse","floor":1,"turns":1},{"damage":0,"enemies":"Cultist","floor":4,"turns":1},{"damage":0,"enemies":"Jaw Worm","floor":5,"turns":1},{"damage":36,"enemies":"Lagavulin","floor":6,"turns":9},{"damage":7,"enemies":"Blue Slaver","floor":10,"turns":4},{"damage":21,"enemies":"Gremlin Nob","floor":11,"turns":4},{"damage":28,"enemies":"The Guardian","floor":16,"turns":9}],"seed_played":"-8297870048869287513","potions_obtained":[{"floor":1,"key":"LiquidMemories"},{"floor":4,"key":"DuplicationPotion"},{"floor":10,"key":"Weak Potion"},{"floor":14,"key":"AttackPotion"},{"floor":14,"key":"ColorlessPotion"}],"is_trial":false,"path_per_floor":["M","?","$","M","M","E","?","R","T","M","E","?","R","?","R","B"],"character_chosen":"THE_SILENT","items_purchased":["All Out Attack"],"campfire_rested":2,"item_purchase_floors":[3],"current_hp_per_floor":[59,59,59,59,59,23,16,35,35,28,7,7,26,26,26,0,0],"gold":207,"neow_bonus":"THREE_ENEMY_KILL","is_daily":false,"chose_seed":false,"campfire_upgraded":1,"win_rate":0.0,"timestamp":1611333289,"path_taken":["M","?","$","M","?","E","?","R","T","M","E","?","R","?","R","BOSS"],"items_purchased_type":["Card"],"build_version":"2020-12-13","purchased_purges":1,"victory":false,"max_hp_per_floor":[66,66,66,66,66,66,66,66,66,66,66,66,66,66,66,66,66],"relic_stats":{"counters":[7,29],"Art of War":[3],"Juzu Bracelet":1,"Kunai":[3],"obtain_stats":[{"NeowsBlessing":0,"Art of War":9,"Juzu Bracelet":11,"Kunai":6,"Ring of the Snake":0},{"NeowsBlessing":0,"Art of War":4,"Juzu Bracelet":6,"Kunai":4,"Ring of the Snake":0},{"NeowsBlessing":0,"Art of War":12,"Juzu Bracelet":20,"Kunai":12,"Ring of the Snake":0}],"Ring of the Snake":[14]},"card_choices":[{"not_picked":["Caltrops","Dagger Throw"],"picked":"Blur","floor":1},{"not_picked":["Blade Dance","Sucker Punch"],"picked":"Deadly Poison","floor":4},{"not_picked":["Finisher","Eviscerate"],"picked":"Cloak And Dagger","floor":5},{"not_picked":["Bane","Deadly Poison"],"picked":"Terror","floor":6},{"not_picked":["Slice","Backflip"],"picked":"Masterful Stab","floor":10},{"not_picked":["Bouncing Flask","PiercingWail"],"picked":"Blade Dance","floor":11}],"player_experience":1468072,"relics_obtained":[{"floor":6,"key":"Kunai"},{"floor":9,"key":"Art of War"},{"floor":11,"key":"Juzu Bracelet"}],"event_choices":[{"damage_healed":0,"gold_gain":0,"cards_transformed":["Strike_G"],"player_choice":"Transformed","damage_taken":0,"max_hp_gain":0,"max_hp_loss":0,"event_name":"Transmorgrifier","floor":2,"gold_loss":0,"cards_obtained":["Skewer"]},{"cards_removed":["Strike_G"],"damage_healed":0,"gold_gain":0,"player_choice":"Card Removal","damage_taken":7,"max_hp_gain":0,"max_hp_loss":0,"event_name":"Golden Wing","floor":7,"gold_loss":0},{"damage_healed":0,"gold_gain":100,"player_choice":"Gold","damage_taken":0,"max_hp_gain":0,"max_hp_loss":0,"event_name":"Wheel of Change","floor":12,"gold_loss":0},{"damage_healed":0,"gold_gain":0,"player_choice":"Got Potions","damage_taken":0,"max_hp_gain":0,"max_hp_loss":0,"event_name":"Lab","floor":14,"gold_loss":0}],"is_beta":false,"boss_relics":[],"items_purged_floors":[3],"is_endless":false,"potions_floor_spawned":[1,4,10],"killed_by":"The Guardian","ascension_level":20}}