{"host":"dxmdoimsvept8qwy","time":1611347874,"event":{"mods":["BaseMod","Colored Powertips","Custom Start","Minty Spire (QoL Compilation)","StSLib","The Hierophant"],"gold_per_floor":[119,119,119,133,148,173,173,186,186,186,186],"floor_reached":10,"language":"ENG","playtime":394,"items_purged":[],"score":75,"play_id":"246056c6-5f32-4984-9134-9835d2c6fa55","local_time":"20210122153754","is_ascension_mode":true,"campfire_choices":[{"data":"Eruption","floor":7,"key":"SMITH"}],"circlet_count":0,"master_deck":["Strike_P","Strike_P","Strike_P","Defend_P","Defend_P","Defend_P","Defend_P","Eruption+1","Vigilance","WaveOfTheHand","Pain","CrushJoints","EmptyMind","MentalFortress"],"relics":["PureWater","NeowsBlessing","WarpedTongs","Eternal Feather","Toxic Egg 2"],"acts_visited":["Exordium"],"potions_floor_usage":[6,10],"damage_taken":[{"damage":0,"enemies":"Jaw Worm","floor":1,"turns":1},{"damage":0,"enemies":"Cultist","floor":4,"turns":1},{"damage":1,"enemies":"Small Slimes","floor":5,"turns":2},{"damage":17,"enemies":"Lagavulin","floor":6,"turns":8},{"damage":6,"enemies":"Blue Slaver","floor":8,"turns":3},{"damage":61,"enemies":"Gremlin Nob","floor":10,"turns":4}],"seed_played":"-2839351769625674510","potions_obtained":[{"floor":1,"key":"BottledMiracle"},{"floor":4,"key":"GamblersBrew"},{"floor":6,"key":"Fruit Juice"}],"is_trial":false,"path_per_floor":["M","?","?","M","M","E","R","M","T","E"],"character_chosen":"WATCHER","items_purchased":[],"campfire_rested":0,"item_purchase_floors":[],"current_hp_per_floor":[72,72,72,72,71,54,60,54,54,0,0],"gold":186,"neow_bonus":"THREE_ENEMY_KILL","is_daily":false,"chose_seed":false,"campfire_upgraded":1,"win_rate":0.0,"timestamp":1611347874,"path_taken":["M","?","?","M","M","E","R","?","T","E"],"items_purchased_type":[],"build_version":"2020-12-22","purchased_purges":0,"victory":false,"max_hp_per_floor":[72,72,72,72,72,72,72,72,72,77,77],"card_choices":[{"not_picked":["JustLucky","Vengeance"],"picked":"WaveOfTheHand","floor":1},{"not_picked":["SashWhip","Weave","CrushJoints"],"picked":"SKIP","floor":4},{"not_picked":["SashWhip","Halt"],"picked":"CrushJoints","floor":5},{"not_picked":["FlurryOfBlows","CutThroughFate"],"picked":"EmptyMind","floor":6},{"not_picked":["Swivel","Conclude"],"picked":"MentalFortress","floor":8}],"player_experience":1043895,"relics_obtained":[{"floor":6,"key":"Eternal Feather"},{"floor":9,"key":"Toxic Egg 2"}],"event_choices":[{"cards_removed":["Strike_P"],"damage_healed":0,"gold_gain":0,"player_choice":"Forget","damage_taken":0,"max_hp_gain":0,"max_hp_loss":0,"event_name":"Living Wall","floor":2,"gold_loss":0},{"damage_healed":0,"gold_gain":0,"player_choice":"Rummage","damage_taken":0,"relics_obtained":["WarpedTongs"],"max_hp_gain":0,"max_hp_loss":0,"event_name":"Accursed Blacksmith","floor":3,"gold_loss":0,"cards_obtained":["Pain"]}],"is_beta":false,"boss_relics":[],"items_purged_floors":[],"is_endless":false,"potions_floor_spawned":[1,4,6],"killed_by":"Gremlin Nob","ascension_level":2}}