{"host":"gbjphby09ecsfbbs","time":1611347800,"event":{"mods":["AchievementEnabler","BaseMod","BetterRewards","Colored Map","GifTheSpireLib","Gremlin Mod","Jorbs\u0027s Wanderer Trilogy","Luminous","Minty Spire (QoL Compilation)","Rare Cards Sparkle","Replay The Spire","StSLib","The Bug Knight","The Cursed","The Jungle","The Poker Player","The Saiyan","The Servant 0.9.4","The Wild Card"],"gold_per_floor":[113,113,137,86,102,135,60,60,137,163,163,163,177,190,190,316,316,336,355,355,379,402,402,402,402,478,513,527,551,571,595,595,715,715,735,695,708,723,747,747,788,788,788,822,845,864,908,921,1005,1005,1005,1005],"floor_reached":50,"language":"ENG","playtime":10107,"items_purged":["PokerPlayerMod:Heart2"],"score":768,"play_id":"b0b83f4c-c532-4d23-ab35-d367b5f6380d","local_time":"20210122123640","is_ascension_mode":false,"metric_token":1234,"campfire_choices":[{"floor":8,"key":"REST"},{"data":"PokerPlayerMod:Duplicate","floor":11,"key":"SMITH"},{"floor":15,"key":"REST"},{"floor":23,"key":"REST"},{"floor":25,"key":"REST"},{"floor":32,"key":"RECALL"},{"floor":40,"key":"REST"},{"floor":42,"key":"REST"}],"circlet_count":0,"master_deck":["PokerPlayerMod:Diamond3","PokerPlayerMod:Diamond4","PokerPlayerMod:Diamond5","PokerPlayerMod:Spade3","PokerPlayerMod:Spade4","PokerPlayerMod:Mulligan","PokerPlayerMod:CardPrinter+1","PokerPlayerMod:Diamond7","PokerPlayerMod:Club3","PokerPlayerMod:Raise","PokerPlayerMod:ClubDance","PokerPlayerMod:Club3","PokerPlayerMod:Club4","PokerPlayerMod:Club5","PokerPlayerMod:Club6","PokerPlayerMod:ClubsClub","PokerPlayerMod:ClubShade","PokerPlayerMod:Duplicate+1","PokerPlayerMod:Club5","PokerPlayerMod:Club3","PokerPlayerMod:Club8","PokerPlayerMod:Spade10+","PokerPlayerMod:ClubsClub","PokerPlayerMod:MagicTrick","PokerPlayerMod:SecretDealer","Swift Strike","PokerPlayerMod:Diamond9","PokerPlayerMod:Raise+1","PokerPlayerMod:HiddenCard","PokerPlayerMod:Heart8","PokerPlayerMod:Heart4","PokerPlayerMod:Sharpen+1","PokerPlayerMod:ClubShade","PokerPlayerMod:Club10+","PokerPlayerMod:Diamond10+","PokerPlayerMod:ItsShowtime","PokerPlayerMod:CardPrinter","PokerPlayerMod:Diamond6","PokerPlayerMod:SpadeStrike+1","PokerPlayerMod:Club5","PokerPlayerMod:DamnStraight"],"relics":["PokerPlayerMod:DeckCase","Frozen Eye","Replay:Baseball","Anchor","Replay:PocketPolymizer","Golden Idol","Fusion Hammer","Divine Protection","Pen Nib","Replay:Drink Me","Omamori","Replay:Ringing Soul","Gambling Chip","Question Card"],"acts_visited":["Exordium","Exordium","TheBeyond"],"potions_floor_usage":[33,33,50,50],"damage_taken":[{"damage":0.0,"enemies":"2 Louse","floor":1.0,"turns":1.0},{"damage":6.0,"enemies":"Jaw Worm","floor":5.0,"turns":3.0},{"damage":15.0,"enemies":"Lagavulin","floor":6.0,"turns":6.0},{"damage":0,"enemies":"Replay:BlueRogue","floor":10,"turns":4},{"damage":0,"enemies":"Small Slimes","floor":13,"turns":2},{"damage":12,"enemies":"Blue Slaver","floor":14,"turns":3},{"damage":22,"enemies":"Fading Forest","floor":16,"turns":11},{"damage":0,"enemies":"theJungle:Flameango_and_Byrd","floor":18,"turns":5},{"damage":13,"enemies":"theJungle:5_Spyders","floor":19,"turns":8},{"damage":14,"enemies":"theJungle:Lyon","floor":21,"turns":4},{"damage":21,"enemies":"theJungle:JungleHuntersEncounter","floor":22,"turns":4},{"damage":0,"enemies":"theJungle:2_Phrogs","floor":27,"turns":5},{"damage":0,"enemies":"theJungle:2_Snecko_Cultists","floor":28,"turns":2},{"damage":0,"enemies":"Snake Plant","floor":29,"turns":2},{"damage":2,"enemies":"theJungle:SlimyTreeVines","floor":30,"turns":5},{"damage":20,"enemies":"theJungle:2_Snecko_Cultists","floor":31,"turns":4},{"damage":0,"enemies":"theJungle:TotemBoss","floor":33,"turns":7},{"damage":0,"enemies":"3 Shapes","floor":35,"turns":2},{"damage":0,"enemies":"Orb Walker","floor":37,"turns":2},{"damage":0,"enemies":"3 Darklings","floor":38,"turns":2},{"damage":0,"enemies":"Spire Growth","floor":39,"turns":4},{"damage":0,"enemies":"Nemesis","floor":41,"turns":4},{"damage":13,"enemies":"Reptomancer","floor":44,"turns":5},{"damage":0,"enemies":"Jaw Worm Horde","floor":45,"turns":2},{"damage":0,"enemies":"Sphere and 2 Shapes","floor":46,"turns":3},{"damage":0,"enemies":"Giant Head","floor":47,"turns":7},{"damage":0,"enemies":"Maw","floor":48,"turns":1},{"damage":69,"enemies":"Awakened One","floor":50,"turns":8}],"seed_played":"4512212115221711896","potions_obtained":[{"floor":13,"key":"PowerPotion"},{"floor":14,"key":"Reflective Coating"},{"floor":16,"key":"Energy Potion"},{"floor":27,"key":"BlessingOfTheForge"},{"floor":33,"key":"PowerPotion"},{"floor":37,"key":"SpeedPotion"}],"is_trial":false,"path_per_floor":["M","?","T","$","M","E","$","R","T","E","R","?","M","M","R","B",null,"M","M","?","M","M","R","?","R","T","E","M","M","M","M","R","B",null,"M","?","M","M","M","R","E","R","T","E","M","M","E","M","R_BF","B"],"character_chosen":"THE_POKER_PLAYER","items_purchased":["Frozen Eye","PokerPlayerMod:CardPrinter","PokerPlayerMod:Diamond7","PokerPlayerMod:Club3","PokerPlayerMod:Raise","PokerPlayerMod:ClubsClub"],"campfire_rested":6,"item_purchase_floors":[0,0,0,0,0,4],"current_hp_per_floor":[47,47,47,47,41,29,29,44,44,44,44,31,31,19,34,12,52,52,39,39,25,4,19,19,34,34,34,34,34,48,32,32,52,39,39,39,39,39,39,39,39,39,39,42,45,48,48,48,51,0,0,0],"gold":1005,"neow_bonus":"","is_daily":false,"chose_seed":false,"campfire_upgraded":1,"win_rate":0.0,"timestamp":1611347800,"path_taken":["M","?","?","$","M","E","$","R","T","E","R","?","M","M","R","BOSS","M","M","?","M","M","R","?","R","T","E","?","M","M","M","R","BOSS","M","?","M","M","M","R","E","R","T","E","M","M","E","M","R_BF","BOSS"],"items_purchased_type":["Relic","Card","Card","Card","Card","Card"],"build_version":"2020-12-22","purchased_purges":1,"victory":false,"max_hp_per_floor":[52,52,52,52,52,52,52,52,52,52,52,52,52,52,52,52,52,52,52,52,52,52,52,52,52,52,52,52,52,52,52,52,52,39,39,39,39,39,39,39,39,39,39,42,45,48,48,48,51,51,51,51],"card_choices":[{"not_picked":["PokerPlayerMod:Club2","PokerPlayerMod:CloakAndDiamond"],"picked":"PokerPlayerMod:ClubDance","floor":1.0},{"not_picked":["PokerPlayerMod:Diamond4","PokerPlayerMod:Heart2"],"picked":"PokerPlayerMod:ClubShade","floor":5.0},{"not_picked":["PokerPlayerMod:CardBurn","PokerPlayerMod:ChangeRules","PokerPlayerMod:Spade3"],"picked":"SKIP","floor":6},{"not_picked":["PokerPlayerMod:CloakAndDiamond","PokerPlayerMod:Heart3","PokerPlayerMod:FlyingCard"],"picked":"SKIP","floor":10},{"not_picked":["PokerPlayerMod:Diamond3","PokerPlayerMod:Fold"],"picked":"PokerPlayerMod:Club5","floor":13},{"not_picked":["PokerPlayerMod:Raise","PokerPlayerMod:Heart4"],"picked":"PokerPlayerMod:Club3","floor":14},{"not_picked":["PokerPlayerMod:Diamond9","PokerPlayerMod:Diamond7"],"picked":"PokerPlayerMod:Spade10+","floor":16},{"not_picked":["PokerPlayerMod:Fold","PokerPlayerMod:Diamond1"],"picked":"PokerPlayerMod:ClubsClub","floor":18},{"not_picked":["PokerPlayerMod:DiamondStrike","PokerPlayerMod:Spade4"],"picked":"PokerPlayerMod:MagicTrick","floor":19},{"not_picked":["PokerPlayerMod:Spade1","PokerPlayerMod:Diamond4"],"picked":"PokerPlayerMod:SecretDealer","floor":21},{"not_picked":["PokerPlayerMod:DiamondStrike","PokerPlayerMod:Diamond5","PokerPlayerMod:MagicTrick"],"picked":"SKIP","floor":22},{"not_picked":["PokerPlayerMod:Club9","PokerPlayerMod:Club6"],"picked":"PokerPlayerMod:Raise+1","floor":27},{"not_picked":["PokerPlayerMod:JackOfSpades","PokerPlayerMod:Spade1"],"picked":"PokerPlayerMod:HiddenCard","floor":28},{"not_picked":["PokerPlayerMod:Diamond2","PokerPlayerMod:Diamond5"],"picked":"PokerPlayerMod:Heart8","floor":29},{"not_picked":["PokerPlayerMod:Spade1","PokerPlayerMod:Diamond2"],"picked":"PokerPlayerMod:Heart4","floor":30},{"not_picked":["PokerPlayerMod:FlyingCard","PokerPlayerMod:Spade1"],"picked":"PokerPlayerMod:Sharpen+1","floor":31},{"not_picked":["PokerPlayerMod:Spade7","PokerPlayerMod:Diamond9"],"picked":"PokerPlayerMod:Club10+","floor":33},{"not_picked":["PokerPlayerMod:Diamond6","PokerPlayerMod:Manipulation","PokerPlayerMod:Club1"],"picked":"SKIP","floor":35},{"not_picked":["PokerPlayerMod:Diamond3","PokerPlayerMod:Diamond1","PokerPlayerMod:Spade3"],"picked":"SKIP","floor":37},{"not_picked":["PokerPlayerMod:ClubsClub","PokerPlayerMod:CardPrinter+1","PokerPlayerMod:DiamondStrike+1"],"picked":"SKIP","floor":38},{"not_picked":["PokerPlayerMod:Diamond4","PokerPlayerMod:RiskyBet+1"],"picked":"PokerPlayerMod:Diamond10+","floor":39},{"not_picked":["PokerPlayerMod:DartThrow+1","PokerPlayerMod:Heart7"],"picked":"PokerPlayerMod:ItsShowtime","floor":41},{"not_picked":["PokerPlayerMod:Raise","PokerPlayerMod:Diamond1"],"picked":"PokerPlayerMod:Diamond6","floor":44},{"not_picked":["PokerPlayerMod:Club5","PokerPlayerMod:Spade2"],"picked":"PokerPlayerMod:SpadeStrike+1","floor":45},{"not_picked":["PokerPlayerMod:Manipulation","PokerPlayerMod:Club4"],"picked":"PokerPlayerMod:Club5","floor":46},{"not_picked":["PokerPlayerMod:Heart1","PokerPlayerMod:Spade1","PokerPlayerMod:Trickery+1"],"picked":"SKIP","floor":47},{"not_picked":["PokerPlayerMod:Heart2","PokerPlayerMod:CardBurn+1","PokerPlayerMod:Diamond5","PokerPlayerMod:Spade1"],"picked":"SKIP","floor":48}],"player_experience":81256,"relics_obtained":[{"floor":3.0,"key":"Replay:Baseball"},{"floor":6,"key":"Anchor"},{"floor":10,"key":"Replay:PocketPolymizer"},{"floor":26,"key":"Divine Protection"},{"floor":27,"key":"Pen Nib"},{"floor":41,"key":"Omamori"},{"floor":43,"key":"Replay:Ringing Soul"},{"floor":44,"key":"Gambling Chip"},{"floor":47,"key":"Question Card"}],"event_choices":[{"damage_healed":0.0,"max_hp_gain":0.0,"max_hp_loss":0.0,"gold_gain":0.0,"event_name":"PokerPlayerMod:ExordiumClub","player_choice":"Jackpot","floor":2.0,"gold_loss":0.0,"damage_taken":0.0,"cards_obtained":["PokerPlayerMod:Club2","PokerPlayerMod:Club3","PokerPlayerMod:Club4","PokerPlayerMod:Club5","PokerPlayerMod:Club6"]},{"damage_healed":0.0,"max_hp_gain":0.0,"max_hp_loss":0.0,"gold_gain":0.0,"event_name":"PokerPlayerMod:ExordiumClub","player_choice":"Jackpot","floor":2.0,"gold_loss":0.0,"damage_taken":0.0,"cards_obtained":["PokerPlayerMod:Club2","PokerPlayerMod:Club3","PokerPlayerMod:Club4","PokerPlayerMod:Club5","PokerPlayerMod:Club6"]},{"damage_healed":0.0,"max_hp_gain":0.0,"max_hp_loss":0.0,"gold_gain":0.0,"event_name":"PokerPlayerMod:ExordiumClub","player_choice":"Jackpot","floor":2.0,"gold_loss":0.0,"damage_taken":0.0,"cards_obtained":["PokerPlayerMod:Club2","PokerPlayerMod:Club3","PokerPlayerMod:Club4","PokerPlayerMod:Club5","PokerPlayerMod:Club6"]},{"damage_healed":0.0,"max_hp_gain":0.0,"max_hp_loss":0.0,"gold_gain":0.0,"event_name":"PokerPlayerMod:ExordiumClub","player_choice":"Jackpot","floor":2.0,"gold_loss":0.0,"damage_taken":0.0,"cards_obtained":["PokerPlayerMod:Club2","PokerPlayerMod:Club3","PokerPlayerMod:Club4","PokerPlayerMod:Club5","PokerPlayerMod:Club6"]},{"damage_healed":0.0,"max_hp_gain":0.0,"max_hp_loss":0.0,"gold_gain":0.0,"event_name":"PokerPlayerMod:ExordiumClub","player_choice":"Jackpot","floor":2.0,"gold_loss":0.0,"damage_taken":0.0,"cards_obtained":["PokerPlayerMod:Club2","PokerPlayerMod:Club3","PokerPlayerMod:Club4","PokerPlayerMod:Club5","PokerPlayerMod:Club6"]},{"damage_healed":0,"gold_gain":0,"player_choice":"Take Damage","damage_taken":13,"relics_obtained":["Golden Idol"],"max_hp_gain":0,"max_hp_loss":0,"event_name":"Golden Idol","floor":12,"gold_loss":0},{"damage_healed":0,"gold_gain":0,"player_choice":"Ignored","damage_taken":0,"max_hp_gain":0,"max_hp_loss":0,"event_name":"NoteForYourself","floor":24,"gold_loss":0},{"damage_healed":0,"gold_gain":0,"player_choice":"Upgrade","damage_taken":0,"max_hp_gain":0,"max_hp_loss":0,"event_name":"Designer","floor":36,"gold_loss":40,"cards_upgraded":["PokerPlayerMod:CardPrinter"]}],"is_beta":false,"boss_relics":[{"not_picked":["Coffee Dripper","Black Star"],"picked":"Fusion Hammer"},{"not_picked":["Replay:Bronze Core","Philosopher\u0027s Stone"],"picked":"Replay:Drink Me"}],"items_purged_floors":[7],"is_endless":false,"potions_floor_spawned":[13,14,16,27,28,30,33,37,38,41,45,48],"killed_by":"Awakened One","ascension_level":0}}