{"host":"2se5dq1do2gp0x9k","time":1611298909,"event":{"mods":["AchievementEnabler","BaseMod","Block Reminder","Colored Map","Colored Powertips","Minty Spire (QoL Compilation)","Relic Stats","StSLib","SuperFastMode"],"gold_per_floor":[112,112,162,173,183,217,217,250,275,275,275],"floor_reached":10,"language":"ENG","playtime":217,"items_purged":[],"score":152,"play_id":"32474b72-5874-49ac-9767-32186b6b58dc","local_time":"20210121230149","is_ascension_mode":true,"campfire_choices":[{"data":"Hyperbeam","floor":7.0,"key":"SMITH"}],"circlet_count":0,"master_deck":["AscendersBane","Strike_B","Strike_B","Strike_B","Strike_B","Defend_B","Defend_B","Defend_B","Defend_B+1","Zap","Dualcast","Hyperbeam+1","Undo+1","Beam Cell","Go for the Eyes","Reinforced Body"],"relics":["Cracked Core","War Paint","Art of War","Toy Ornithopter"],"acts_visited":["Exordium"],"potions_floor_usage":[],"damage_taken":[{"damage":0.0,"enemies":"2 Louse","floor":1.0,"turns":1.0},{"damage":0.0,"enemies":"Cultist","floor":4.0,"turns":3.0},{"damage":0.0,"enemies":"Jaw Worm","floor":5.0,"turns":2.0},{"damage":35.0,"enemies":"Lagavulin","floor":6.0,"turns":6.0},{"damage":6.0,"enemies":"Gremlin Nob","floor":8.0,"turns":3.0},{"damage":24,"enemies":"3 Sentries","floor":10,"turns":5}],"seed_played":"-6689552740063812931","potions_obtained":[{"floor":1.0,"key":"SneckoOil"},{"floor":4.0,"key":"DuplicationPotion"},{"floor":6.0,"key":"LiquidMemories"}],"is_trial":false,"path_per_floor":["M","?","?","M","M","E","R","E","T","E"],"character_chosen":"DEFECT","items_purchased":[],"campfire_rested":0,"item_purchase_floors":[],"current_hp_per_floor":[64,69,62,62,62,27,27,21,21,0,0],"gold":275,"neow_bonus":"ONE_RANDOM_RARE_CARD","is_daily":false,"chose_seed":false,"campfire_upgraded":1,"win_rate":0.0,"timestamp":1611298909,"path_taken":["M","?","?","M","M","E","R","E","T","E"],"items_purchased_type":[],"build_version":"2020-12-22","purchased_purges":0,"victory":false,"max_hp_per_floor":[71,76,76,76,76,76,76,76,76,76,76],"relic_stats":{"counters":[6,20],"Art of War":[2],"War Paint":["Defend_B","Undo"],"obtain_stats":[{"Art of War":8,"War Paint":6,"Cracked Core":0,"Toy Ornithopter":9},{"Art of War":5,"War Paint":4,"Cracked Core":0,"Toy Ornithopter":5},{"Art of War":15,"War Paint":12,"Cracked Core":0,"Toy Ornithopter":15}],"Toy Ornithopter":0},"card_choices":[{"not_picked":["Force Field","Double Energy"],"picked":"Undo","floor":1.0},{"not_picked":["Leap","Go for the Eyes"],"picked":"Beam Cell","floor":4.0},{"not_picked":["Coolheaded","Steam","Steam Power"],"picked":"SKIP","floor":5.0},{"not_picked":["Defragment","Chaos"],"picked":"Go for the Eyes","floor":6.0},{"not_picked":["Capacitor","Stack"],"picked":"Reinforced Body","floor":8.0}],"player_experience":3937208,"relics_obtained":[{"floor":6.0,"key":"War Paint"},{"floor":8.0,"key":"Art of War"},{"floor":9.0,"key":"Toy Ornithopter"}],"event_choices":[{"damage_healed":0.0,"max_hp_gain":5.0,"max_hp_loss":0.0,"gold_gain":0.0,"event_name":"Big Fish","player_choice":"Donut","floor":2.0,"gold_loss":0.0,"damage_taken":0.0},{"damage_healed":0.0,"max_hp_gain":0.0,"max_hp_loss":0.0,"gold_gain":50.0,"event_name":"FaceTrader","player_choice":"Touch","floor":3.0,"gold_loss":0.0,"damage_taken":7.0}],"is_beta":false,"boss_relics":[],"items_purged_floors":[],"is_endless":false,"potions_floor_spawned":[1,4,6],"killed_by":"3 Sentries","ascension_level":20}}