{"host":"uyrebrj0204enqpc","time":1611354786,"event":{"mods":["Act Like it!","Bard","BaseMod","Block Reminder","Challenge The Spire","Colored Map","Colored Powertips","DeckTracker","Downfall","GifTheSpireLib","HexUI Lib","Highlight Path","Hubris","Infinite Spire","Minty Spire (QoL Compilation)","Pale of the Ancients","Quick Restart","Random Character Button","Relic Sorter","Relic Stats","Shop Mod","StSLib","The Blue Laboratory","The Bug Knight","The Cursed","The Jungle","The Marked","Wandering Minibosses"],"gold_per_floor":[115,128,53,53,53,82,82,108,108,142,142,142,142,161,161,257,257,1014,1014,1032,1032,929,963,974,984,1010,1010,1041,587,587,587,587,587,587],"floor_reached":33,"language":"ENG","playtime":954,"items_purged":["theMarked:Defend","Shame"],"score":496,"play_id":"5e184e06-3bae-448f-ba74-80f7170d1543","local_time":"20210122173306","is_ascension_mode":true,"campfire_choices":[{"data":"theMarked:SoldierOfQuellstein","floor":7.0,"key":"SMITH"},{"data":"theMarked:Defend","floor":13.0,"key":"SMITH"},{"floor":15.0,"key":"REST"},{"data":"theMarked:ParalyzingBlade","floor":27,"key":"SMITH"},{"data":"theMarked:ChannelForce","floor":30,"key":"SMITH"},{"data":"theMarked:ElementalBlade","floor":32,"key":"SMITH"}],"circlet_count":0,"master_deck":["theMarked:Strike","theMarked:Strike","theMarked:Strike","theMarked:Strike","theMarked:Strike","theMarked:Defend+1","theMarked:Defend+1","theMarked:Defend+1","theMarked:SoldierOfQuellstein+1","theMarked:EmpowerWeapon+1","theMarked:ChannelForce+1","theMarked:EmpowerWeapon+1","theMarked:ParalyzingBlade+1","theMarked:ElementalBlade+1","Clumsy","downfall:Bewildered"],"relics":["theMarked:ArtifactOfAir","NeowsBlessing","hubris:DeckOfHolding","War Paint","HollowMod:QueensCombRelic","hubris:TenFootPole","wanderingMiniBosses:MasterThiefsPresence","Meat on the Bone","Darkstone Periapt","infinitespire:Lucky Rock","HornCleat","MerchantsRug","Akabeko","Mercury Hourglass","sneckomod:BabySnecko"],"acts_visited":["Exordium","TheCity"],"potions_floor_usage":[28,28,33],"damage_taken":[{"damage":0.0,"enemies":"Cultist","floor":1.0,"turns":1.0},{"damage":0.0,"enemies":"2 Louse","floor":2.0,"turns":1.0},{"damage":0.0,"enemies":"Gremlin Nob","floor":6.0,"turns":1.0},{"damage":16.0,"enemies":"HollowMod:MossKnight","floor":8.0,"turns":7.0},{"damage":34.0,"enemies":"Lagavulin","floor":10.0,"turns":7.0},{"damage":7.0,"enemies":"Jaw Worm","floor":14.0,"turns":2.0},{"damage":5.0,"enemies":"The Guardian","floor":16.0,"turns":7.0},{"damage":11.0,"enemies":"Spheric Guardian","floor":18.0,"turns":6.0},{"damage":9.0,"enemies":"Shell Parasite","floor":20.0,"turns":3.0},{"damage":10,"enemies":"Book of Stabbing","floor":23,"turns":3},{"damage":0,"enemies":"Cultist and Chosen","floor":24,"turns":4},{"damage":6,"enemies":"Snake Plant","floor":25,"turns":3},{"damage":25,"enemies":"Slavers","floor":28,"turns":3},{"damage":61,"enemies":"Automaton","floor":33,"turns":8}],"seed_played":"-8654786257384276565","potions_obtained":[{"floor":6.0,"key":"blueLaboratory:BottleOfVodka"},{"floor":8.0,"key":"Slimebound:ThreeZeroPotion"},{"floor":12.0,"key":"Regen Potion"},{"floor":12.0,"key":"blueLaboratory:BottleOfVodka"},{"floor":12.0,"key":"infinitespire:BlackPotion"},{"floor":16.0,"key":"DistilledChaos"},{"floor":23,"key":"Explosive Potion"},{"floor":24,"key":"LiquidMemories"}],"is_trial":false,"path_per_floor":["M","M","$","?","$","E","R","E","T","E","?","?","R","M","R","B",null,"M","T","M","?","?","E","M","M","T","R","E","$","R","?","R","B"],"character_chosen":"THE_DEFAULT","items_purchased":["MerchantsRug","Akabeko","Mercury Hourglass"],"campfire_rested":1,"item_purchase_floors":[29,29,29],"current_hp_per_floor":[63,63,63,63,63,63,63,47,46,12,12,12,12,9,22,44,46,35,35,30,30,30,24,40,40,46,46,37,37,37,43,43,0,0],"gold":587,"neow_bonus":"THREE_ENEMY_KILL","is_daily":false,"chose_seed":false,"campfire_upgraded":5,"win_rate":0.0,"timestamp":1611354786,"path_taken":["M","M","$","?","$","E","R","E","T","E","?","?","R","M","R","BOSS","M","?","M","?","?","E","?","M","T","R","E","$","R","?","R","BOSS"],"items_purchased_type":["Relic","Relic","Relic"],"build_version":"2020-12-22","purchased_purges":2,"victory":false,"max_hp_per_floor":[70,70,70,70,70,70,70,70,46,46,46,46,46,46,46,46,46,46,46,46,46,46,46,46,46,52,52,52,52,52,58,58,58,58],"relic_stats":{"Darkstone Periapt":12,"counters":[14,56],"War Paint":["theMarked:Defend","theMarked:Defend"],"obtain_stats":[{"Darkstone Periapt":23,"HollowMod:QueensCombRelic":9,"MerchantsRug":29,"NeowsBlessing":0,"wanderingMiniBosses:MasterThiefsPresence":18,"infinitespire:Lucky Rock":26,"War Paint":8,"Cursed Key":17,"Akabeko":29,"Mercury Hourglass":29,"theMarked:ArtifactOfAir":0,"sneckomod:BabySnecko":31,"HornCleat":28,"infinitespire:Bottled Soul":22,"hubris:DeckOfHolding":6,"hubris:TenFootPole":10,"Meat on the Bone":19},{"Darkstone Periapt":10,"HollowMod:QueensCombRelic":4,"MerchantsRug":13,"NeowsBlessing":0,"wanderingMiniBosses:MasterThiefsPresence":8,"infinitespire:Lucky Rock":12,"War Paint":4,"Cursed Key":7,"Akabeko":13,"Mercury Hourglass":13,"theMarked:ArtifactOfAir":0,"sneckomod:BabySnecko":13,"HornCleat":13,"infinitespire:Bottled Soul":9,"hubris:DeckOfHolding":3,"hubris:TenFootPole":5,"Meat on the Bone":8},{"Darkstone Periapt":38,"HollowMod:QueensCombRelic":10,"MerchantsRug":48,"NeowsBlessing":0,"wanderingMiniBosses:MasterThiefsPresence":32,"infinitespire:Lucky Rock":45,"War Paint":10,"Cursed Key":26,"Akabeko":48,"Mercury Hourglass":48,"theMarked:ArtifactOfAir":0,"sneckomod:BabySnecko":48,"HornCleat":48,"infinitespire:Bottled Soul":35,"hubris:DeckOfHolding":3,"hubris:TenFootPole":17,"Meat on the Bone":32}],"Meat on the Bone":12,"Mercury Hourglass":[36]},"card_choices":[{"not_picked":["theMarked:CreepingChasm","theMarked:ResourceFulStrike","theMarked:TunnelVision"],"picked":"SKIP","floor":1.0},{"not_picked":["theMarked:Aftermath","theMarked:HeritageOfTheMarked"],"picked":"theMarked:EmpowerWeapon","floor":2.0},{"not_picked":["theMarked:WardOff","theMarked:ChainLightning","theMarked:Standoff"],"picked":"SKIP","floor":6.0},{"not_picked":["theMarked:MaelstromOfLightning","theMarked:Vacuum","theMarked:RepellingDischarge"],"picked":"SKIP","floor":8.0},{"not_picked":["theMarked:HeightenedSenses","theMarked:WastefulDefense","theMarked:GodGivenPower"],"picked":"SKIP","floor":10.0},{"not_picked":["theMarked:RogueSparks","theMarked:Reabsorb","theMarked:TakeCover"],"picked":"SKIP","floor":14.0},{"not_picked":["theMarked:Abjuration","theMarked:Defy"],"picked":"theMarked:ChannelForce","floor":16.0},{"not_picked":["theMarked:ElectricStrings","theMarked:Static"],"picked":"theMarked:EmpowerWeapon+1","floor":18.0},{"not_picked":["theMarked:Aftermath","theMarked:SwordAndMagic","theMarked:EmpowerWeapon+1"],"picked":"SKIP","floor":20.0},{"not_picked":["theMarked:Standoff","theMarked:SummonStrength"],"picked":"theMarked:ParalyzingBlade","floor":23},{"not_picked":["theMarked:ChainLightning","theMarked:RepellingDischarge","theMarked:KeepCalmAndFightOn"],"picked":"SKIP","floor":24},{"not_picked":["theMarked:StartUp","theMarked:HeightenedSenses"],"picked":"theMarked:ElementalBlade","floor":25},{"not_picked":["theMarked:ChainLightning","theMarked:TwofoldDefense","theMarked:Standoff"],"picked":"SKIP","floor":28}],"player_experience":1106687,"relics_obtained":[{"floor":6.0,"key":"hubris:DeckOfHolding"},{"floor":8.0,"key":"War Paint"},{"floor":9.0,"key":"HollowMod:QueensCombRelic"},{"floor":10.0,"key":"hubris:TenFootPole"},{"floor":18.0,"key":"wanderingMiniBosses:MasterThiefsPresence"},{"floor":19.0,"key":"Meat on the Bone"},{"floor":23,"key":"Darkstone Periapt"},{"floor":26,"key":"infinitespire:Lucky Rock"},{"floor":28,"key":"HornCleat"}],"event_choices":[{"damage_healed":0.0,"max_hp_gain":0.0,"max_hp_loss":0.0,"gold_gain":0.0,"event_name":"Liars Game","player_choice":"Ignored","floor":4.0,"gold_loss":0.0,"damage_taken":0.0},{"damage_healed":0.0,"max_hp_gain":0.0,"max_hp_loss":0.0,"gold_gain":0.0,"event_name":"Lab","player_choice":"Got Potions","floor":12.0,"gold_loss":0.0,"damage_taken":0.0},{"damage_healed":0,"gold_gain":0,"player_choice":"Paid Gold","damage_taken":0,"relics_obtained":["infinitespire:Bottled Soul"],"max_hp_gain":0,"max_hp_loss":0,"event_name":"WeMeetAgain","floor":22,"gold_loss":103}],"is_beta":false,"boss_relics":[{"not_picked":["Runic Dome","bronze:MakeshiftBattery"],"picked":"Cursed Key"}],"items_purged_floors":[3,29],"is_endless":false,"potions_floor_spawned":[6,8,14,16,23,24],"killed_by":"Automaton","ascension_level":7}}