{"host":"lnt5dzsuhru0aonl","time":1611309889,"event":{"mods":["2.2 Compatiblity","BaseMod","Colored Map","Colored Powertips","DeckTracker","Keyboard Shortcuts","Minty Spire (QoL Compilation)","Permanent Neow","Rare Cards Sparkle","StSLib","SuperFastMode","everything is the same but u backflip on backflip"],"gold_per_floor":[111,111,124,199,199,199,67,67,91,127,150,180,200,68,68,148,148,159,173,191,191,58,101,1,1,1,1,40,40,40,57,57,57,57],"floor_reached":33,"language":"KOR","playtime":1109,"items_purged":["Strike_R","Juggernaut","Strike_R"],"score":558,"play_id":"72060890-c4f0-41b4-821b-924afcc39510","local_time":"20210122190449","is_ascension_mode":true,"campfire_choices":[{"data":"Armaments","floor":6.0,"key":"SMITH"},{"data":"Shrug It Off","floor":15.0,"key":"SMITH"},{"data":"Battle Trance","floor":25,"key":"SMITH"},{"data":"Offering","floor":30,"key":"SMITH"},{"data":"Pommel Strike","floor":32,"key":"SMITH"}],"circlet_count":0,"master_deck":["AscendersBane","Bash","Clothesline","Armaments+1","Shrug It Off+1","Immolate","Pommel Strike+1","Feed","Dropkick","Shockwave","Battle Trance+1","Offering+1"],"relics":["Burning Blood","The Courier","Pen Nib","CeramicFish","Toy Ornithopter","Bronze Scales","Empty Cage","Mummified Hand","Molten Egg 2","Ornamental Fan"],"acts_visited":["Exordium","TheCity"],"potions_floor_usage":[28],"damage_taken":[{"damage":13.0,"enemies":"Jaw Worm","floor":1.0,"turns":5.0},{"damage":4.0,"enemies":"Small Slimes","floor":3.0,"turns":4.0},{"damage":35.0,"enemies":"3 Sentries","floor":10.0,"turns":9.0},{"damage":3.0,"enemies":"2 Louse","floor":11.0,"turns":2.0},{"damage":4.0,"enemies":"Large Slime","floor":13.0,"turns":7.0},{"damage":14.0,"enemies":"The Guardian","floor":16.0,"turns":16.0},{"damage":6.0,"enemies":"Spheric Guardian","floor":18.0,"turns":3.0},{"damage":16.0,"enemies":"3 Byrds","floor":19.0,"turns":4.0},{"damage":42,"enemies":"Book of Stabbing","floor":23,"turns":5},{"damage":10,"enemies":"Slavers","floor":28,"turns":2},{"damage":6,"enemies":"Snecko","floor":31,"turns":2},{"damage":30,"enemies":"Automaton","floor":33,"turns":4}],"seed_played":"3582497829420480363","potions_obtained":[{"floor":1.0,"key":"CultistPotion"},{"floor":10.0,"key":"SpeedPotion"},{"floor":16.0,"key":"GamblersBrew"},{"floor":23,"key":"ColorlessPotion"}],"is_trial":false,"path_per_floor":["M","?","M","?","?","R","$","T","T","E","M","?","M","$","R","B",null,"M","M","?","?","$","E","$","R","T","?","E","?","R","M","R","B"],"character_chosen":"IRONCLAD","items_purchased":["Shrug It Off","Bronze Scales","Shockwave"],"campfire_rested":0,"item_purchase_floors":[7,14,22],"current_hp_per_floor":[43,43,45,34,59,59,59,59,59,30,33,33,35,35,35,27,63,63,61,61,61,61,25,25,25,25,25,26,26,26,26,26,0,0],"gold":57,"neow_bonus":"REMOVE_TWO","is_daily":false,"chose_seed":false,"campfire_upgraded":5,"win_rate":0.0,"timestamp":1611309889,"path_taken":["M","?","M","?","?","R","?","?","T","E","M","?","M","$","R","BOSS","M","M","?","?","?","E","$","R","T","?","E","?","R","?","R","BOSS"],"items_purchased_type":["Card","Relic","Card"],"build_version":"2020-12-22","purchased_purges":3,"victory":false,"max_hp_per_floor":[75,75,75,75,75,75,75,75,75,75,75,75,75,75,75,75,75,75,78,78,78,78,78,78,78,78,78,78,78,78,78,78,78,78],"card_choices":[{"not_picked":["Headbutt","Warcry"],"picked":"Clothesline","floor":1.0},{"not_picked":["Twin Strike","Cleave"],"picked":"Armaments","floor":3.0},{"not_picked":["Shrug It Off","Heavy Blade"],"picked":"Immolate","floor":10.0},{"not_picked":["Shockwave","Thunderclap"],"picked":"Pommel Strike","floor":11.0},{"not_picked":["Thunderclap","Spot Weakness","Clothesline"],"picked":"SKIP","floor":13.0},{"not_picked":["Juggernaut","Limit Break"],"picked":"Feed","floor":16.0},{"not_picked":["Metallicize","Sword Boomerang","Thunderclap"],"picked":"SKIP","floor":18.0},{"not_picked":["Heavy Blade","Sword Boomerang","Clothesline"],"picked":"SKIP","floor":19.0},{"not_picked":["Reaper","Warcry"],"picked":"Battle Trance","floor":23},{"not_picked":["True Grit","Rampage+1"],"picked":"Offering","floor":28},{"not_picked":["Rage","Blood for Blood+1","Flame Barrier"],"picked":"SKIP","floor":31}],"player_experience":723481,"relics_obtained":[{"floor":8.0,"key":"The Courier"},{"floor":9.0,"key":"Pen Nib"},{"floor":10.0,"key":"CeramicFish"},{"floor":23,"key":"Mummified Hand"},{"floor":26,"key":"Molten Egg 2"},{"floor":28,"key":"Ornamental Fan"}],"event_choices":[{"damage_healed":0.0,"max_hp_gain":0.0,"max_hp_loss":0.0,"gold_gain":0.0,"event_name":"Liars Game","player_choice":"Ignored","floor":2.0,"gold_loss":0.0,"damage_taken":0.0},{"damage_healed":0.0,"max_hp_gain":0.0,"max_hp_loss":0.0,"gold_gain":75.0,"event_name":"World of Goop","player_choice":"Gather Gold","floor":4.0,"gold_loss":0.0,"damage_taken":11.0},{"damage_healed":25.0,"max_hp_gain":0.0,"max_hp_loss":0.0,"gold_gain":0.0,"event_name":"Big Fish","player_choice":"Banana","floor":5.0,"gold_loss":0.0,"damage_taken":0.0},{"damage_healed":0.0,"max_hp_gain":0.0,"max_hp_loss":0.0,"gold_gain":30.0,"event_name":"Dead Adventurer","player_choice":"Searched \u00273\u0027 times","floor":12.0,"gold_loss":0.0,"damage_taken":0.0,"relics_obtained":["Toy Ornithopter"]},{"damage_healed":0.0,"max_hp_gain":0.0,"max_hp_loss":0.0,"gold_gain":0.0,"cards_transformed":["Strike_R","Defend_R"],"event_name":"Drug Dealer","player_choice":"Became Test Subject","floor":20.0,"gold_loss":0.0,"damage_taken":0.0,"cards_obtained":["Juggernaut","Dropkick"]},{"damage_healed":0.0,"max_hp_gain":0.0,"max_hp_loss":0.0,"gold_gain":0.0,"event_name":"Vampires","player_choice":"Ignored","floor":21.0,"gold_loss":0.0,"damage_taken":0.0},{"cards_removed":["Defend_R"],"damage_healed":0,"gold_gain":0,"player_choice":"Elegance","damage_taken":0,"max_hp_gain":0,"max_hp_loss":0,"event_name":"Back to Basics","floor":27,"gold_loss":0}],"is_beta":false,"boss_relics":[{"not_picked":["Pandora\u0027s Box","Snecko Eye"],"picked":"Empty Cage"}],"items_purged_floors":[7,22,24],"is_endless":false,"potions_floor_spawned":[1,10,16,23],"killed_by":"Automaton","ascension_level":20}}