{"host":"kkntor5wdjky96yl","time":1611358038,"event":{"mods":["AchievementEnabler","BaseMod","Colored Map","KOR Keyword Fix","Minty Spire (QoL Compilation)","Shop Mod","StSLib","SuperFastMode"],"gold_per_floor":[119,119,119,138,152,152,179,197,270,296,371,371,0,14,14,109,109,128,128,138,138,152,185,185,203,229,229,240,150,50,85,85,180,180,192,208,258,53,65,65,97,97,175,175,186,211,224,256,256,256],"floor_reached":51,"language":"KOR","playtime":2958,"items_purged":["Strike_R","Strike_R+1","Clumsy"],"score":949,"play_id":"f3a52b68-b2a7-4b8c-be9a-4c0db692d22f","local_time":"20210123082718","is_ascension_mode":true,"campfire_choices":[{"data":"Iron Wave","floor":6.0,"key":"SMITH"},{"floor":15.0,"key":"REST"},{"floor":27.0,"key":"REST"},{"floor":32.0,"key":"REST"},{"data":"Entrench","floor":40,"key":"SMITH"},{"floor":49,"key":"REST"}],"circlet_count":0,"master_deck":["Strike_R+1","Strike_R+1","Strike_R+1","Defend_R","Defend_R+1","Defend_R","Defend_R","Bash","Body Slam+1","Iron Wave+1","Shrug It Off","Disarm","Body Slam+1","Exhume","Headbutt","Metallicize","Battle Trance","Armaments+1","Entrench","Entrench+1"],"relics":["Burning Blood","Red Skull","Mango","Ancient Tea Set","Turnip","Cursed Key","MutagenicStrength","Darkstone Periapt","Happy Flower","Pantograph","Sozu","Ginger","MerchantsRug","Mummified Hand","Incense Burner","InkBottle"],"acts_visited":["Exordium","TheCity","TheBeyond"],"potions_floor_usage":[],"damage_taken":[{"damage":7.0,"enemies":"Jaw Worm","floor":1.0,"turns":3.0},{"damage":1.0,"enemies":"Cultist","floor":4.0,"turns":4.0},{"damage":11.0,"enemies":"2 Louse","floor":5.0,"turns":3.0},{"damage":28.0,"enemies":"Lagavulin","floor":7.0,"turns":6.0},{"damage":4.0,"enemies":"Large Slime","floor":8.0,"turns":7.0},{"damage":20.0,"enemies":"3 Sentries","floor":10.0,"turns":9.0},{"damage":10.0,"enemies":"Lots of Slimes","floor":14.0,"turns":3.0},{"damage":18.0,"enemies":"Hexaghost","floor":16.0,"turns":9.0},{"damage":5.0,"enemies":"Spheric Guardian","floor":18.0,"turns":4.0},{"damage":11.0,"enemies":"Chosen","floor":20.0,"turns":5.0},{"damage":32.0,"enemies":"3 Cultists","floor":22.0,"turns":6.0},{"damage":22.0,"enemies":"Book of Stabbing","floor":23.0,"turns":7.0},{"damage":26.0,"enemies":"Cultist and Chosen","floor":25.0,"turns":5.0},{"damage":29.0,"enemies":"Sentry and Sphere","floor":28.0,"turns":6.0},{"damage":8.0,"enemies":"Gremlin Leader","floor":31.0,"turns":6.0},{"damage":46.0,"enemies":"Champ","floor":33.0,"turns":11.0},{"damage":18.0,"enemies":"3 Shapes","floor":35.0,"turns":7.0},{"damage":26,"enemies":"3 Darklings","floor":36,"turns":5},{"damage":0,"enemies":"Mind Bloom Boss Battle","floor":37,"turns":6},{"damage":11,"enemies":"Spire Growth","floor":39,"turns":5},{"damage":57,"enemies":"Nemesis","floor":41,"turns":13},{"damage":8,"enemies":"Writhing Mass","floor":45,"turns":6},{"damage":1,"enemies":"Giant Head","floor":46,"turns":5},{"damage":9,"enemies":"4 Shapes","floor":47,"turns":10},{"damage":32,"enemies":"Reptomancer","floor":48,"turns":8},{"damage":25,"enemies":"Time Eater","floor":50,"turns":14}],"seed_played":"296442860415736607","potions_obtained":[{"floor":7.0,"key":"FearPotion"},{"floor":8.0,"key":"ElixirPotion"},{"floor":14.0,"key":"SkillPotion"},{"floor":18.0,"key":"Swift Potion"},{"floor":20.0,"key":"DuplicationPotion"},{"floor":25.0,"key":"SkillPotion"},{"floor":28.0,"key":"Weak Potion"},{"floor":31.0,"key":"Regen Potion"}],"is_trial":false,"path_per_floor":["M","?","?","M","M","R","E","M","T","E","?","?","$","M","R","B",null,"M","?","M","?","M","E","?","M","T","R","M","?","$","E","R","B",null,"M","M","?","$","M","R","E","?","T","$","M","E","M","E","R","B",null],"character_chosen":"IRONCLAD","items_purchased":["Turnip","Entrench","MerchantsRug"],"campfire_rested":4,"item_purchase_floors":[13,38,38],"current_hp_per_floor":[79,63,63,68,63,63,55,57,57,43,32,32,32,28,56,44,94,94,94,89,89,63,47,47,27,33,63,40,40,40,38,68,53,100,88,68,99,99,94,94,43,33,39,39,37,42,39,13,44,50],"gold":256,"neow_bonus":"RANDOM_COMMON_RELIC","is_daily":false,"chose_seed":false,"campfire_upgraded":2,"win_rate":0.0,"timestamp":1611358038,"path_taken":["M","?","?","?","M","R","E","M","T","E","?","?","$","M","R","BOSS","M","?","?","?","M","E","?","M","T","R","M","?","$","E","R","BOSS","M","M","?","$","M","R","E","?","T","$","?","E","M","E","R","BOSS"],"items_purchased_type":["Relic","Card","Relic"],"build_version":"2020-12-22","purchased_purges":3,"victory":true,"max_hp_per_floor":[80,80,80,80,80,80,94,94,94,94,94,94,94,94,94,94,94,94,94,94,94,94,94,94,94,100,100,100,100,100,100,100,100,100,100,100,100,100,100,100,100,100,106,106,106,106,106,106,106,106],"card_choices":[{"not_picked":["Wild Strike","Clothesline"],"picked":"Body Slam","floor":1.0},{"not_picked":["Clash","Cleave","Second Wind"],"picked":"SKIP","floor":4.0},{"not_picked":["Cleave","Shockwave"],"picked":"Iron Wave","floor":5.0},{"not_picked":["Body Slam","Heavy Blade"],"picked":"Shrug It Off","floor":7.0},{"not_picked":["Shockwave","Immolate"],"picked":"Disarm","floor":8.0},{"not_picked":["Rupture","Demon Form","Twin Strike"],"picked":"SKIP","floor":10.0},{"not_picked":["Cleave","Feel No Pain"],"picked":"Body Slam","floor":14.0},{"not_picked":["Fiend Fire","Double Tap"],"picked":"Exhume","floor":16.0},{"not_picked":["Searing Blow","Havoc","Flex"],"picked":"SKIP","floor":18.0},{"not_picked":["Wild Strike","Thunderclap"],"picked":"Headbutt","floor":20.0},{"not_picked":["Thunderclap","Wild Strike+1","Heavy Blade+1"],"picked":"SKIP","floor":22.0},{"not_picked":["Thunderclap+1","Juggernaut"],"picked":"Metallicize","floor":23.0},{"not_picked":["Headbutt+1","Wild Strike","Warcry"],"picked":"SKIP","floor":25.0},{"not_picked":["Uppercut","Shockwave","Second Wind"],"picked":"SKIP","floor":28.0},{"not_picked":["Anger","Sword Boomerang"],"picked":"Battle Trance","floor":31.0},{"not_picked":["Sword Boomerang","Havoc","Thunderclap+1"],"picked":"SKIP","floor":35.0},{"not_picked":["Disarm","Bloodletting"],"picked":"Armaments+1","floor":36},{"not_picked":["Anger+1","Dropkick+1"],"picked":"Entrench","floor":37},{"not_picked":["True Grit","Corruption","Warcry+1"],"picked":"SKIP","floor":39},{"not_picked":["Second Wind","Clash+1","Thunderclap+1"],"picked":"SKIP","floor":41},{"not_picked":["Clash","Feel No Pain","Heavy Blade+1"],"picked":"SKIP","floor":45},{"not_picked":["Armaments","Havoc","Clash"],"picked":"SKIP","floor":46},{"not_picked":["Intimidate","True Grit","Exhume"],"picked":"SKIP","floor":47},{"not_picked":["Searing Blow","Thunderclap+1","Carnage"],"picked":"SKIP","floor":48}],"player_experience":98960,"relics_obtained":[{"floor":7.0,"key":"Mango"},{"floor":10.0,"key":"Ancient Tea Set"},{"floor":23.0,"key":"Darkstone Periapt"},{"floor":26.0,"key":"Whetstone"},{"floor":31.0,"key":"Pantograph"},{"floor":37,"key":"Ginger"},{"floor":41,"key":"Magic Flower"},{"floor":43,"key":"Mummified Hand"},{"floor":46,"key":"Incense Burner"},{"floor":48,"key":"InkBottle"}],"event_choices":[{"damage_healed":0.0,"max_hp_gain":0.0,"max_hp_loss":0.0,"gold_gain":0.0,"event_name":"Shining Light","player_choice":"Entered Light","floor":2.0,"gold_loss":0.0,"damage_taken":16.0,"cards_upgraded":["Strike_R","Strike_R"]},{"damage_healed":0.0,"max_hp_gain":0.0,"max_hp_loss":0.0,"gold_gain":0.0,"event_name":"Upgrade Shrine","player_choice":"Upgraded","floor":3.0,"gold_loss":0.0,"damage_taken":0.0,"cards_upgraded":["Body Slam"]},{"damage_healed":0.0,"max_hp_gain":0.0,"max_hp_loss":0.0,"gold_gain":75.0,"event_name":"World of Goop","player_choice":"Gather Gold","floor":11.0,"gold_loss":0.0,"damage_taken":11.0},{"damage_healed":0.0,"max_hp_gain":0.0,"max_hp_loss":0.0,"gold_gain":0.0,"event_name":"Golden Wing","player_choice":"Ignored","floor":12.0,"gold_loss":0.0,"damage_taken":0.0},{"damage_healed":0.0,"max_hp_gain":0.0,"max_hp_loss":0.0,"gold_gain":0.0,"event_name":"Upgrade Shrine","player_choice":"Upgraded","floor":19.0,"gold_loss":0.0,"damage_taken":0.0,"cards_upgraded":["Body Slam"]},{"damage_healed":0.0,"max_hp_gain":0.0,"max_hp_loss":0.0,"gold_gain":0.0,"event_name":"Drug Dealer","player_choice":"Inject Mutagens","floor":21.0,"gold_loss":0.0,"damage_taken":0.0,"relics_obtained":["MutagenicStrength"]},{"damage_healed":0.0,"max_hp_gain":0.0,"max_hp_loss":0.0,"gold_gain":0.0,"event_name":"The Mausoleum","player_choice":"Opened","floor":24.0,"gold_loss":0.0,"damage_taken":0.0,"relics_obtained":["Happy Flower"]},{"cards_removed":["Regret"],"damage_healed":0.0,"max_hp_gain":0.0,"max_hp_loss":0.0,"gold_gain":0.0,"event_name":"Designer","player_choice":"Upgrade and Remove","floor":29.0,"gold_loss":90.0,"damage_taken":0.0,"cards_upgraded":["Defend_R"]},{"damage_healed":0,"gold_gain":0,"player_choice":"Fight","damage_taken":0,"max_hp_gain":0,"max_hp_loss":0,"event_name":"MindBloom","floor":37,"gold_loss":0},{"damage_healed":0,"gold_gain":0,"player_choice":"Damaged","damage_taken":10,"max_hp_gain":0,"max_hp_loss":0,"event_name":"Wheel of Change","floor":42,"gold_loss":0}],"is_beta":false,"boss_relics":[{"not_picked":["Snecko Eye","Busted Crown"],"picked":"Cursed Key"},{"not_picked":["SlaversCollar","Runic Dome"],"picked":"Sozu"}],"items_purged_floors":[13,30,44],"is_endless":false,"potions_floor_spawned":[7,8,14,18,20,25,28,31,36,41,45,48],"ascension_level":3}}