{"host":"uv5ws9rdk87e8i5k","time":1611339092,"event":{"mods":["AchievementEnabler","BaseMod","Colored Map","Minty Spire (QoL Compilation)","StSLib","SuperFastMode"],"gold_per_floor":[136,86,11,11,11,11,111,150,150,213,273,312,312,346,346,472,472,483,494,80,80,121,121,149,217,217,229,275,21,66,66,66],"floor_reached":31,"language":"ENG","playtime":905,"items_purged":["Strike_G","Strike_G"],"score":419,"play_id":"26262610-32e9-457b-9b80-6bde03df5036","local_time":"20210122121132","is_ascension_mode":true,"campfire_choices":[{"data":"HandOfGreed","floor":6.0,"key":"SMITH"},{"data":"Adrenaline","floor":13.0,"key":"SMITH"},{"floor":15.0,"key":"REST"},{"data":"Adrenaline","floor":23.0,"key":"SMITH"},{"data":"Dash","floor":27.0,"key":"SMITH"}],"circlet_count":0,"master_deck":["Strike_G","Strike_G","Defend_G+1","Defend_G+1","Defend_G","Defend_G","Survivor","Neutralize","HandOfGreed+1","Quick Slash","Adrenaline+1","Cloak And Dagger","Adrenaline+1","Dagger Throw","Backstab","Dash","Tactician","Quick Slash+1","Dash+1","Glass Knife","Backflip","Dagger Throw"],"relics":["Ring of the Serpent","Tingsha","Ornamental Fan","FossilizedHelix","Tough Bandages","TungstenRod","CaptainsWheel","MawBank","Orichalcum"],"acts_visited":["Exordium","TheCity"],"potions_floor_usage":[],"damage_taken":[{"damage":7.0,"enemies":"Jaw Worm","floor":1.0,"turns":5.0},{"damage":14.0,"enemies":"3 Sentries","floor":7.0,"turns":10.0},{"damage":0.0,"enemies":"Small Slimes","floor":8.0,"turns":2.0},{"damage":0.0,"enemies":"2 Louse","floor":10.0,"turns":4.0},{"damage":0.0,"enemies":"Exordium Thugs","floor":11.0,"turns":6.0},{"damage":0.0,"enemies":"Red Slaver","floor":12.0,"turns":3.0},{"damage":0.0,"enemies":"Gremlin Nob","floor":14.0,"turns":3.0},{"damage":42.0,"enemies":"The Guardian","floor":16.0,"turns":17.0},{"damage":0.0,"enemies":"Chosen","floor":18.0,"turns":4.0},{"damage":0.0,"enemies":"Spheric Guardian","floor":19.0,"turns":3.0},{"damage":0.0,"enemies":"Snecko","floor":22.0,"turns":4.0},{"damage":13.0,"enemies":"Gremlin Leader","floor":24.0,"turns":7.0},{"damage":0.0,"enemies":"Centurion and Healer","floor":25.0,"turns":3.0},{"damage":0.0,"enemies":"Book of Stabbing","floor":28.0,"turns":4.0},{"damage":0.0,"enemies":"Shelled Parasite and Fungi","floor":30.0,"turns":3.0},{"damage":0,"enemies":"Cultist and Chosen","floor":31,"turns":1}],"seed_played":"3145680558357505666","potions_obtained":[{"floor":8.0,"key":"SmokeBomb"},{"floor":11.0,"key":"CunningPotion"},{"floor":12.0,"key":"Weak Potion"},{"floor":16.0,"key":"LiquidMemories"},{"floor":22.0,"key":"Poison Potion"},{"floor":24.0,"key":"SkillPotion"}],"is_trial":false,"path_per_floor":["M","?","$","?","T","R","E","M","T","M","M","M","R","E","R","B",null,"M","M","$","?","M","R","E","M","T","R","E","$","M","M"],"character_chosen":"THE_SILENT","items_purchased":["TungstenRod","Backstab","Dash","Glass Knife","Backflip"],"campfire_rested":1,"item_purchase_floors":[20,20,20,29,29],"current_hp_per_floor":[56,56,56,43,43,43,29,29,29,29,29,29,29,29,47,5,49,49,49,49,49,49,49,36,36,36,36,36,36,36,36,36],"gold":66,"neow_bonus":"RANDOM_COLORLESS_2","is_daily":false,"chose_seed":false,"campfire_upgraded":4,"win_rate":0.0,"timestamp":1611339092,"path_taken":["M","?","?","?","?","R","E","M","T","M","M","M","R","E","R","BOSS","M","M","$","?","M","R","E","M","T","R","E","?","M","M"],"items_purchased_type":["Relic","Card","Card","Card","Card"],"build_version":"2020-12-22","purchased_purges":2,"victory":false,"max_hp_per_floor":[63,63,63,63,63,63,63,63,63,63,63,63,63,63,63,63,63,63,63,63,63,63,63,63,63,63,63,63,63,63,63,63],"card_choices":[{"not_picked":["Mayhem","Chrysalis"],"picked":"HandOfGreed","floor":0.0},{"not_picked":["Acrobatics","Prepared"],"picked":"Quick Slash","floor":1.0},{"not_picked":["Quick Slash","Sucker Punch","Flying Knee"],"picked":"SKIP","floor":7.0},{"not_picked":["Flying Knee","Slice","Dodge and Roll"],"picked":"SKIP","floor":8.0},{"not_picked":["Tactician","Accuracy"],"picked":"Adrenaline","floor":10.0},{"not_picked":["Acrobatics","Dodge and Roll"],"picked":"Cloak And Dagger","floor":11.0},{"not_picked":["Blade Dance","Acrobatics","Bane"],"picked":"SKIP","floor":12.0},{"not_picked":["Caltrops","Sucker Punch","Flying Knee"],"picked":"SKIP","floor":14.0},{"not_picked":["Storm of Steel","Doppelganger"],"picked":"Adrenaline","floor":16.0},{"not_picked":["Deadly Poison","Eviscerate"],"picked":"Dagger Throw","floor":18.0},{"not_picked":["Blade Dance","Dodge and Roll+1","Quick Slash"],"picked":"SKIP","floor":19.0},{"not_picked":["Reflex","Prepared"],"picked":"Quick Slash+1","floor":22.0},{"not_picked":["Concentrate","Underhanded Strike"],"picked":"Dash","floor":24.0},{"not_picked":["Tools of the Trade","Predator","Acrobatics"],"picked":"SKIP","floor":25.0},{"not_picked":["Finisher","Quick Slash","Cloak And Dagger"],"picked":"SKIP","floor":28.0},{"not_picked":["Outmaneuver","Deflect"],"picked":"Dagger Throw","floor":30.0}],"player_experience":160922,"relics_obtained":[{"floor":5.0,"key":"Tingsha"},{"floor":7.0,"key":"Ornamental Fan"},{"floor":9.0,"key":"FossilizedHelix"},{"floor":14.0,"key":"Tough Bandages"},{"floor":24.0,"key":"CaptainsWheel"},{"floor":26.0,"key":"MawBank"},{"floor":28.0,"key":"Orichalcum"}],"event_choices":[{"cards_removed":["Strike_G"],"damage_healed":0.0,"max_hp_gain":0.0,"max_hp_loss":0.0,"gold_gain":0.0,"event_name":"The Cleric","player_choice":"Card Removal","floor":2.0,"gold_loss":50.0,"damage_taken":0.0},{"damage_healed":0.0,"max_hp_gain":0.0,"max_hp_loss":0.0,"gold_gain":0.0,"event_name":"Shining Light","player_choice":"Entered Light","floor":4.0,"gold_loss":0.0,"damage_taken":13.0,"cards_upgraded":["Defend_G","Defend_G"]},{"damage_healed":0.0,"max_hp_gain":0.0,"max_hp_loss":0.0,"gold_gain":0.0,"cards_transformed":["Defend_G"],"event_name":"Transmorgrifier","player_choice":"Transformed","floor":21.0,"gold_loss":0.0,"damage_taken":0.0,"cards_obtained":["Tactician"]}],"is_beta":false,"boss_relics":[{"not_picked":["Fusion Hammer","Empty Cage"],"picked":"Ring of the Serpent"}],"items_purged_floors":[3,29],"is_endless":false,"potions_floor_spawned":[8,11,12,16,22,24],"killed_by":"Cultist and Chosen","ascension_level":5}}