{"host":"6p0attdrtjqaih7v","time":1611287436,"event":{"mods":["2.2 Compatiblity","AchievementEnabler","Bard","BaseMod","Better Skull","Better Third Choice","Colored Powertips","Hermit","Highlight Path","Jorbs\u0027s Wanderer Trilogy","Key Reminder","Minty Spire (QoL Compilation)","Permanent Neow","Quick Restart","Random Character Button","Relic Stats","Replay The Spire","Robot Space Explorer","StSLib"],"gold_per_floor":[112,24,99,118,118,145,145,163,163,163,178,212,227,252,252,329,329,347,363,375,375,375,375,409,409,409,434,467,483,515,447,447,524,524,542,557,166,184,394,394,411,411,464,496,496,508,508,527,527,527],"floor_reached":51,"language":"ENG","playtime":2514,"items_purged":["RobotSpaceExplorer:Strike"],"score":1401,"play_id":"b8e01301-89a5-4870-806f-a2a88c34806f","local_time":"20210121225036","is_ascension_mode":true,"campfire_choices":[{"data":"RobotSpaceExplorer:ShovelStrike","floor":7,"key":"SMITH"},{"data":"RobotSpaceExplorer:MiniLasers","floor":10,"key":"SMITH"},{"floor":15,"key":"REST"},{"floor":23,"key":"REST"},{"data":"J.A.X.","floor":25,"key":"SMITH"},{"data":"RobotSpaceExplorer:FrostMissile","floor":32,"key":"SMITH"},{"floor":40,"key":"REST"},{"floor":45,"key":"REST"},{"data":"RobotSpaceExplorer:IronShell","floor":47,"key":"SMITH"},{"floor":49,"key":"REST"}],"circlet_count":0,"master_deck":["AscendersBane","RobotSpaceExplorer:Strike","RobotSpaceExplorer:Strike","RobotSpaceExplorer:Defend","RobotSpaceExplorer:Defend","RobotSpaceExplorer:Defend","RobotSpaceExplorer:Defend","RobotSpaceExplorer:Scan","RobotSpaceExplorer:MiniLasers+1","RobotSpaceExplorer:FrostMissile+1","RobotSpaceExplorer:SurgingShield","Flash of Steel","RobotSpaceExplorer:MetalStrike+1","RobotSpaceExplorer:ShovelStrike+1","RobotSpaceExplorer:GearShield","AbeCurse","RobotSpaceExplorer:GearShield","RobotSpaceExplorer:GearShield","J.A.X.+1","RobotSpaceExplorer:ShovelStrike+1","RobotSpaceExplorer:GearShield","RobotSpaceExplorer:Accelerator","RobotSpaceExplorer:StunGrenade+1","Crow Ritual","Finesse","RobotSpaceExplorer:IronShell+1","RobotSpaceExplorer:ImprovisedAttack","Master of Strategy","Secret Technique","Secret Technique","RobotSpaceExplorer:Smokescreen","RobotSpaceExplorer:SwiftStep+1"],"relics":["RobotSpaceExplorer:TurboCore","The Courier","ReplayTheSpireMod:Shallot","Orichalcum","Prayer Wheel","Abe\u0027s Treasure","Incense Burner","StrikeDummy","RobotSpaceExplorer:ClockworkSextant","Nunchaku","Replay:Baseball","Bag of Marbles","ReplayTheSpireMod:Lightbulb","Mummified Hand","keyreminder:keyreminder"],"acts_visited":["Exordium","TheCity","TheBeyond"],"potions_floor_usage":[14,16,20,28,33,41,41,44,50],"damage_taken":[{"damage":2,"enemies":"Jaw Worm","floor":1,"turns":3},{"damage":0,"enemies":"2 Louse","floor":4,"turns":3},{"damage":13,"enemies":"3 Sentries","floor":6,"turns":11},{"damage":1,"enemies":"Small Slimes","floor":8,"turns":3},{"damage":0,"enemies":"3 Louse","floor":11,"turns":3},{"damage":11,"enemies":"Lagavulin","floor":12,"turns":6},{"damage":0,"enemies":"Blue Slaver","floor":13,"turns":3},{"damage":9,"enemies":"3 Sentries","floor":14,"turns":5},{"damage":14,"enemies":"The Guardian","floor":16,"turns":11},{"damage":10,"enemies":"Shell Parasite","floor":18,"turns":5},{"damage":0,"enemies":"Spheric Guardian","floor":19,"turns":2},{"damage":32,"enemies":"Chosen and Byrds","floor":20,"turns":10},{"damage":3,"enemies":"Book of Stabbing","floor":24,"turns":4},{"damage":5,"enemies":"Replay:Snechameleon","floor":28,"turns":4},{"damage":3,"enemies":"Centurion and Healer","floor":29,"turns":5},{"damage":16,"enemies":"Book of Stabbing","floor":30,"turns":6},{"damage":10,"enemies":"Collector","floor":33,"turns":5},{"damage":5,"enemies":"3 Darklings","floor":35,"turns":4},{"damage":0,"enemies":"Orb Walker","floor":36,"turns":2},{"damage":16,"enemies":"Transient","floor":38,"turns":5},{"damage":5,"enemies":"3 Darklings","floor":41,"turns":4},{"damage":21,"enemies":"Reptomancer","floor":44,"turns":6},{"damage":0,"enemies":"4 Shapes","floor":46,"turns":4},{"damage":3,"enemies":"Sphere and 2 Shapes","floor":48,"turns":6},{"damage":34,"enemies":"Awakened One","floor":50,"turns":11}],"seed_played":"3364446180989335489","potions_obtained":[{"floor":6,"key":"Explosive Potion"},{"floor":8,"key":"SneckoOil"},{"floor":12,"key":"Explosive Potion"},{"floor":16,"key":"FearPotion"},{"floor":18,"key":"ColorlessPotion"},{"floor":24,"key":"Death Potion"},{"floor":30,"key":"ColorlessPotion"},{"floor":35,"key":"Regen Potion"},{"floor":38,"key":"Block Potion"},{"floor":41,"key":"BlessingOfTheForge"},{"floor":46,"key":"SteroidPotion"}],"is_trial":false,"path_per_floor":["M","$","?","M","?","E","R","M","T","R","M","E","M","E","R","B",null,"M","M","M","?","?","R","E","R","T","T","E","M","E","?","R","B",null,"M","M","$","M","?","R","M","?","T","E","R","M","R","M","R","B",null],"character_chosen":"RobotSpaceExplorer","items_purchased":["Flash of Steel","Bag of Marbles","Crow Ritual","Finesse"],"campfire_rested":5,"item_purchase_floors":[2,37,37,37],"current_hp_per_floor":[62,62,51,51,51,38,38,37,37,37,37,26,26,17,38,24,59,49,49,17,17,17,38,35,35,35,35,30,27,11,31,31,21,59,54,54,54,38,21,42,42,32,32,11,32,32,32,29,50,16],"gold":527,"neow_bonus":"THREE_CARDS","is_daily":false,"chose_seed":false,"campfire_upgraded":5,"win_rate":0.0,"timestamp":1611287436,"path_taken":["M","$","?","M","?","E","R","M","T","R","M","E","M","E","R","BOSS","M","M","M","?","?","R","E","R","T","?","E","M","E","?","R","BOSS","M","M","$","M","?","R","M","?","T","E","R","M","R","M","R","BOSS"],"items_purchased_type":["Card","Relic","Card","Card"],"build_version":"2020-12-22","purchased_purges":1,"victory":true,"max_hp_per_floor":[71,71,71,71,71,71,71,71,71,71,71,71,71,71,71,71,71,71,71,71,71,71,71,71,71,71,71,71,71,71,71,71,71,71,71,71,71,71,71,71,71,71,71,71,71,71,71,71,71,71],"relic_stats":{"Nunchaku":[15],"counters":[25,131],"Mummified Hand":[5],"Prayer Wheel":10,"Orichalcum":[48],"obtain_stats":[{"RobotSpaceExplorer:ClockworkSextant":27,"RobotSpaceExplorer:RoboCore":0,"The Courier":6,"Incense Burner":24,"Orichalcum":12,"RobotSpaceExplorer:TurboCore":34,"keyreminder:keyreminder":44,"Nunchaku":28,"Replay:Baseball":30,"ReplayTheSpireMod:Shallot":9,"Mummified Hand":44,"Prayer Wheel":14,"Bag of Marbles":37,"StrikeDummy":26,"ReplayTheSpireMod:Lightbulb":43,"Abe\u0027s Treasure":17},{"RobotSpaceExplorer:ClockworkSextant":13,"RobotSpaceExplorer:RoboCore":0,"The Courier":3,"Incense Burner":13,"Orichalcum":6,"RobotSpaceExplorer:TurboCore":17,"keyreminder:keyreminder":22,"Nunchaku":14,"Replay:Baseball":16,"ReplayTheSpireMod:Shallot":4,"Mummified Hand":22,"Prayer Wheel":8,"Bag of Marbles":19,"StrikeDummy":13,"ReplayTheSpireMod:Lightbulb":21,"Abe\u0027s Treasure":9},{"RobotSpaceExplorer:ClockworkSextant":69,"RobotSpaceExplorer:RoboCore":0,"The Courier":17,"Incense Burner":69,"Orichalcum":29,"RobotSpaceExplorer:TurboCore":89,"keyreminder:keyreminder":110,"Nunchaku":73,"Replay:Baseball":84,"ReplayTheSpireMod:Shallot":20,"Mummified Hand":110,"Prayer Wheel":37,"Bag of Marbles":95,"StrikeDummy":69,"ReplayTheSpireMod:Lightbulb":104,"Abe\u0027s Treasure":48}]},"card_choices":[{"not_picked":["RobotSpaceExplorer:SurgingShield","RobotSpaceExplorer:ShockKick"],"picked":"RobotSpaceExplorer:FrostMissile","floor":0},{"not_picked":["RobotSpaceExplorer:ImprovisedAttack","RobotSpaceExplorer:FranticSearch"],"picked":"RobotSpaceExplorer:SurgingShield","floor":1},{"not_picked":["RobotSpaceExplorer:Pulsar","RobotSpaceExplorer:StarLightning"],"picked":"RobotSpaceExplorer:MetalStrike","floor":4},{"not_picked":["RobotSpaceExplorer:ToxicBomb","RobotSpaceExplorer:ScrapMissile"],"picked":"RobotSpaceExplorer:ShovelStrike","floor":6},{"not_picked":["RobotSpaceExplorer:ExhaustFan","RobotSpaceExplorer:SurgingShield"],"picked":"RobotSpaceExplorer:GearShield","floor":8},{"not_picked":["RobotSpaceExplorer:StunGrenade","RobotSpaceExplorer:RigExplosive","RobotSpaceExplorer:ShovelStrike"],"picked":"SKIP","floor":11},{"not_picked":["RobotSpaceExplorer:MetalStrike","RobotSpaceExplorer:GlueShot","RobotSpaceExplorer:ShockKick"],"picked":"SKIP","floor":12},{"not_picked":["RobotSpaceExplorer:Calculate","RobotSpaceExplorer:GlueShot","RobotSpaceExplorer:FranticSearch"],"picked":"SKIP","floor":13},{"not_picked":["RobotSpaceExplorer:Discharger","RobotSpaceExplorer:Jetpack","RobotSpaceExplorer:ImprovisedAttack"],"picked":"SKIP","floor":14},{"not_picked":["RobotSpaceExplorer:Explosion","RobotSpaceExplorer:BlastShield"],"picked":"RobotSpaceExplorer:Wormhole","floor":16},{"not_picked":["RobotSpaceExplorer:FrostMissile","RobotSpaceExplorer:MiniDrones","RobotSpaceExplorer:Ammunition"],"picked":"SKIP","floor":18},{"not_picked":["RobotSpaceExplorer:FrostMissile","RobotSpaceExplorer:MetalStrike","RobotSpaceExplorer:ShovelStrike"],"picked":"SKIP","floor":18},{"not_picked":["RobotSpaceExplorer:FrostMissile","RobotSpaceExplorer:Jetpack+1"],"picked":"RobotSpaceExplorer:GearShield","floor":19},{"not_picked":["RobotSpaceExplorer:Electroshield","RobotSpaceExplorer:Jetpack","RobotSpaceExplorer:SurgingStrike"],"picked":"SKIP","floor":19},{"not_picked":["RobotSpaceExplorer:ScrapShield","RobotSpaceExplorer:PowerCollector"],"picked":"RobotSpaceExplorer:GearShield","floor":20},{"not_picked":["RobotSpaceExplorer:DoubleBlock","RobotSpaceExplorer:MetalStrike","RobotSpaceExplorer:ShovelStrike"],"picked":"SKIP","floor":20},{"not_picked":["RobotSpaceExplorer:Jetpack","RobotSpaceExplorer:LaserBurst"],"picked":"RobotSpaceExplorer:ShovelStrike+1","floor":24},{"not_picked":["RobotSpaceExplorer:TurboDodge","RobotSpaceExplorer:SlimeMissile","RobotSpaceExplorer:BlastShield"],"picked":"SKIP","floor":28},{"not_picked":["RobotSpaceExplorer:Probe","RobotSpaceExplorer:ShovelStrike","RobotSpaceExplorer:PlasmaMissile"],"picked":"SKIP","floor":29},{"not_picked":["RobotSpaceExplorer:Discharger","RobotSpaceExplorer:SurgingShield+1","RobotSpaceExplorer:FranticSearch"],"picked":"SKIP","floor":29},{"not_picked":["RobotSpaceExplorer:DualCore","RobotSpaceExplorer:GlueSpray"],"picked":"RobotSpaceExplorer:GearShield","floor":30},{"not_picked":["RobotSpaceExplorer:Arsenal","RobotSpaceExplorer:Autoloader"],"picked":"RobotSpaceExplorer:Accelerator","floor":33},{"not_picked":["RobotSpaceExplorer:Ammunition","RobotSpaceExplorer:ShovelStrike"],"picked":"RobotSpaceExplorer:StunGrenade+1","floor":35},{"not_picked":["RobotSpaceExplorer:DualCore","RobotSpaceExplorer:Probe","RobotSpaceExplorer:Electropulse"],"picked":"SKIP","floor":35},{"not_picked":["RobotSpaceExplorer:MetalStrike","RobotSpaceExplorer:DoubleBlock","RobotSpaceExplorer:Arsenal"],"picked":"SKIP","floor":36},{"not_picked":["RobotSpaceExplorer:MiniDrones","RobotSpaceExplorer:Probe","RobotSpaceExplorer:PowerCollector"],"picked":"SKIP","floor":36},{"not_picked":["RobotSpaceExplorer:SurgingShield+1","RobotSpaceExplorer:ShovelStrike+1"],"picked":"RobotSpaceExplorer:IronShell","floor":38},{"not_picked":["RobotSpaceExplorer:TurboDodge","RobotSpaceExplorer:MiniDrones"],"picked":"RobotSpaceExplorer:ImprovisedAttack","floor":38},{"not_picked":["RobotSpaceExplorer:Fix","RobotSpaceExplorer:Electroshield","RobotSpaceExplorer:SlimeMissile"],"picked":"SKIP","floor":41},{"not_picked":["RobotSpaceExplorer:Probe","RobotSpaceExplorer:GlueShot","RobotSpaceExplorer:Electropulse"],"picked":"SKIP","floor":41},{"not_picked":["Metamorphosis","Jack Of All Trades"],"picked":"Master of Strategy","floor":42},{"not_picked":["Swift Strike","Apotheosis"],"picked":"Secret Technique","floor":42},{"not_picked":["Transmutation","HandOfGreed"],"picked":"Secret Technique","floor":42},{"not_picked":["RobotSpaceExplorer:Ammunition+1","RobotSpaceExplorer:StunGrenade","RobotSpaceExplorer:DualCore"],"picked":"SKIP","floor":44},{"not_picked":["RobotSpaceExplorer:ShockKick+1","RobotSpaceExplorer:SurgingStrike"],"picked":"RobotSpaceExplorer:Smokescreen","floor":46},{"not_picked":["RobotSpaceExplorer:GlueShot","RobotSpaceExplorer:Blitz+1"],"picked":"RobotSpaceExplorer:SwiftStep+1","floor":46},{"not_picked":["RobotSpaceExplorer:Jetpack+1","RobotSpaceExplorer:GlueShot+1","RobotSpaceExplorer:Ammunition+1"],"picked":"SKIP","floor":48},{"not_picked":["RobotSpaceExplorer:StarDust","RobotSpaceExplorer:ImprovisedAttack","RobotSpaceExplorer:Comet"],"picked":"SKIP","floor":48}],"player_experience":909554,"relics_obtained":[{"floor":6,"key":"The Courier"},{"floor":9,"key":"ReplayTheSpireMod:Shallot"},{"floor":12,"key":"Orichalcum"},{"floor":14,"key":"Prayer Wheel"},{"floor":24,"key":"Incense Burner"},{"floor":26,"key":"StrikeDummy"},{"floor":27,"key":"RobotSpaceExplorer:ClockworkSextant"},{"floor":28,"key":"Nunchaku"},{"floor":30,"key":"Replay:Baseball"},{"floor":43,"key":"ReplayTheSpireMod:Lightbulb"},{"floor":44,"key":"Mummified Hand"}],"event_choices":[{"damage_healed":0,"gold_gain":75,"player_choice":"Gather Gold","damage_taken":11,"max_hp_gain":0,"max_hp_loss":0,"event_name":"World of Goop","floor":3,"gold_loss":0},{"damage_healed":0,"gold_gain":0,"player_choice":"Ignored","damage_taken":0,"max_hp_gain":0,"max_hp_loss":0,"event_name":"The Mausoleum","floor":21,"gold_loss":0},{"damage_healed":0,"gold_gain":0,"player_choice":"Obtain J.A.X.","damage_taken":0,"max_hp_gain":0,"max_hp_loss":0,"event_name":"Drug Dealer","floor":22,"gold_loss":0,"cards_obtained":["J.A.X."]},{"damage_healed":0,"gold_gain":0,"player_choice":"Memory 3","damage_taken":10,"max_hp_gain":0,"max_hp_loss":0,"event_name":"SensoryStone","floor":42,"gold_loss":0}],"is_beta":false,"boss_relics":[{"not_picked":["Philosopher\u0027s Stone","RobotSpaceExplorer:SearchSpecs"],"picked":"Abe\u0027s Treasure"},{"not_picked":["Empty Cage","Sozu"],"picked":"RobotSpaceExplorer:TurboCore"}],"items_purged_floors":[37],"is_endless":false,"potions_floor_spawned":[6,8,12,16,18,24,30,35,38,41,46],"ascension_level":14}}