{"host":"323inwdaz59hfocs","time":1611290200,"event":{"mods":["AchievementEnabler","BaseMod","BetterRewards","Colored Powertips","Conspire","Good Game Mod","Minty Spire (QoL Compilation)","Relic Stats","Replay The Spire","Shop Mod","StSLib","SuperFastMode","The Construct","The Cursed","The Gatherer","The Poker Player","Thieving Mod","[GremlinLeader]The Maniac","óô»ðÖ¸ÄÏ"],"gold_per_floor":[116,11636,10904,10914,10914,10914,10914],"floor_reached":6,"language":"ZHS","playtime":556,"items_purged":["Defend_R"],"score":39,"play_id":"ab200395-0218-4f07-85a9-b6bf175084a6","local_time":"20210122123640","is_ascension_mode":true,"campfire_choices":[],"circlet_count":0,"master_deck":["Strike_R","Strike_R","Strike_R","Strike_R","Strike_R","Defend_R","Defend_R","Defend_R","Bash","Burning Pact","Carnage","Armaments","ReplayTheSpireMod:Stacked","ReplayTheSpireMod:Stacked","Armaments","Body Slam","Offering","Flame Barrier"],"relics":["Burning Blood","REME:ComplimentaryCards","Mango","conspire:TopHat","construct:FoamFinger","Omamori","Orrery","Golden Idol"],"acts_visited":["Exordium"],"potions_floor_usage":[],"damage_taken":[{"damage":6,"enemies":"conspire:RoseBush","floor":1,"turns":4},{"damage":21,"enemies":"conspire:MimicChest","floor":2,"turns":5},{"damage":0,"enemies":"2 Louse","floor":4,"turns":3},{"damage":39,"enemies":"3 Sentries","floor":6,"turns":14}],"seed_played":"5056532832387020835","potions_obtained":[{"floor":1,"key":"SmokeBomb"},{"floor":4,"key":"DuplicationPotion"}],"is_trial":false,"path_per_floor":["M","?","$","M","?","E"],"character_chosen":"IRONCLAD","items_purchased":["construct:FoamFinger","Omamori","ReplayTheSpireMod:Stacked","Armaments","Orrery"],"campfire_rested":0,"item_purchase_floors":[3,3,3,3,3],"current_hp_per_floor":[70,55,55,61,38,0,0],"gold":10914,"neow_bonus":"ONE_RARE_RELIC","is_daily":false,"chose_seed":false,"campfire_upgraded":0,"win_rate":0.0,"timestamp":1611290200,"path_taken":["M","?","$","M","?","E"],"items_purchased_type":["Relic","Relic","Card","Card","Relic"],"build_version":"2020-12-22","purchased_purges":1,"victory":false,"max_hp_per_floor":[94,94,94,94,94,94,94],"relic_stats":{"counters":[4,26],"Golden Idol":0,"obtain_stats":[{"REME:ComplimentaryCards":0,"construct:FoamFinger":3,"Golden Idol":5,"Orrery":3,"Mango":0,"Omamori":3,"Burning Blood":0,"conspire:TopHat":2},{"REME:ComplimentaryCards":0,"construct:FoamFinger":2,"Golden Idol":3,"Orrery":2,"Mango":0,"Omamori":2,"Burning Blood":0,"conspire:TopHat":2},{"REME:ComplimentaryCards":0,"construct:FoamFinger":9,"Golden Idol":12,"Orrery":9,"Mango":0,"Omamori":9,"Burning Blood":0,"conspire:TopHat":9}],"Burning Blood":18},"card_choices":[{"not_picked":["ReplayTheSpireMod:Corrosion Curse","Bloodletting"],"picked":"Carnage","floor":1},{"not_picked":["Havoc","Clash"],"picked":"Armaments","floor":2},{"not_picked":["Wild Strike","Blood for Blood"],"picked":"Body Slam","floor":3},{"not_picked":["Rage","Armaments"],"picked":"Offering","floor":3},{"not_picked":["ReplayReversal","Clash"],"picked":"Flame Barrier","floor":4}],"player_experience":151508,"relics_obtained":[{"floor":2,"key":"conspire:TopHat"}],"event_choices":[{"damage_healed":0,"gold_gain":0,"player_choice":"Take Damage","damage_taken":23,"relics_obtained":["Golden Idol"],"max_hp_gain":0,"max_hp_loss":0,"event_name":"Golden Idol","floor":5,"gold_loss":0}],"is_beta":false,"boss_relics":[],"items_purged_floors":[3],"is_endless":false,"potions_floor_spawned":[1,4],"killed_by":"3 Sentries","ascension_level":3}}