{"host":"2e3z4r48quhw80cc","time":1611334651,"event":{"mods":["BaseMod","Minty Spire (QoL Compilation)","Quick Restart","StSLib","SuperFastMode"],"gold_per_floor":[115,37,37,37,49,49,78,92,116,133,167,195,224,249,261,373,385,412,424,206,226,325,325,325,325],"floor_reached":24,"language":"KOR","playtime":3022,"items_purged":["Strike_B"],"score":310,"play_id":"b4c31398-5d69-4d64-86e0-ece1432c223c","local_time":"20210123015731","is_ascension_mode":true,"campfire_choices":[{"data":"Zap","floor":6.0,"key":"SMITH"},{"data":"Fission","floor":15.0,"key":"SMITH"},{"data":"Glacier","floor":23.0,"key":"SMITH"}],"circlet_count":0,"master_deck":["Strike_B","Strike_B","Strike_B+1","Defend_B","Defend_B","Defend_B","Defend_B","Zap+1","Dualcast","Self Repair","Ball Lightning+1","Fission+1","Reinforced Body","Conserve Battery","Storm+1","CurseOfTheBell","Self Repair+1","Glacier+1"],"relics":["Cracked Core","Odd Mushroom","Whetstone","MawBank","Calling Bell","Anchor","Question Card","Calipers","Runic Capacitor"],"acts_visited":["Exordium","TheCity"],"potions_floor_usage":[24],"damage_taken":[{"damage":0.0,"enemies":"Cultist","floor":1.0,"turns":3.0},{"damage":10.0,"enemies":"Small Slimes","floor":5.0,"turns":4.0},{"damage":25.0,"enemies":"The Mushroom Lair","floor":7.0,"turns":4.0},{"damage":2.0,"enemies":"Jaw Worm","floor":8.0,"turns":3.0},{"damage":10.0,"enemies":"Gremlin Gang","floor":10.0,"turns":5.0},{"damage":26.0,"enemies":"3 Sentries","floor":11.0,"turns":8.0},{"damage":7.0,"enemies":"Large Slime","floor":12.0,"turns":6.0},{"damage":8.0,"enemies":"Exordium Thugs","floor":13.0,"turns":5.0},{"damage":14.0,"enemies":"Lots of Slimes","floor":14.0,"turns":5.0},{"damage":0.0,"enemies":"Slime Boss","floor":16.0,"turns":6.0},{"damage":25.0,"enemies":"2 Thieves","floor":18.0,"turns":4.0},{"damage":19.0,"enemies":"Spheric Guardian","floor":21.0,"turns":4.0},{"damage":44,"enemies":"Gremlin Leader","floor":24,"turns":7}],"seed_played":"6930126257326582823","potions_obtained":[{"floor":7.0,"key":"CultistPotion"},{"floor":11.0,"key":"PowerPotion"},{"floor":14.0,"key":"ColorlessPotion"},{"floor":16.0,"key":"FocusPotion"},{"floor":18.0,"key":"PotionOfCapacity"}],"is_trial":false,"path_per_floor":["M","$","?","$","M","R","?","M","T","M","E","M","M","M","R","B",null,"M","?","$","M","?","R","E"],"character_chosen":"DEFECT","items_purchased":["Self Repair","Runic Capacitor"],"campfire_rested":0,"item_purchase_floors":[2,20],"current_hp_per_floor":[82,82,87,87,84,84,66,71,71,68,49,42,41,34,34,41,76,58,58,58,56,56,56,12,12],"gold":325,"neow_bonus":"TEN_PERCENT_HP_BONUS","is_daily":false,"chose_seed":false,"campfire_upgraded":3,"win_rate":0.0,"timestamp":1611334651,"path_taken":["M","?","?","?","?","R","?","M","T","M","E","M","M","M","R","BOSS","M","?","?","?","?","R","E"],"items_purchased_type":["Card","Relic"],"build_version":"2020-12-22","purchased_purges":1,"victory":false,"max_hp_per_floor":[82,82,87,87,87,87,87,87,87,87,87,87,87,87,87,87,87,87,87,87,87,87,87,87,87],"card_choices":[{"not_picked":["Coolheaded","Rebound","Blizzard"],"picked":"SKIP","floor":1.0},{"not_picked":["Coolheaded","Double Energy"],"picked":"Ball Lightning","floor":5.0},{"not_picked":["Sweeping Beam","Ball Lightning"],"picked":"Fission","floor":7.0},{"not_picked":["Ball Lightning","Stack"],"picked":"Reinforced Body","floor":8.0},{"not_picked":["Recycle","Darkness"],"picked":"Conserve Battery","floor":10.0},{"not_picked":["Melter","Blizzard","Cold Snap"],"picked":"SKIP","floor":11.0},{"not_picked":["Redo","Amplify","Beam Cell"],"picked":"SKIP","floor":12.0},{"not_picked":["Cold Snap","Sweeping Beam"],"picked":"Storm","floor":13.0},{"not_picked":["Ball Lightning","Redo","Rip and Tear"],"picked":"SKIP","floor":14.0},{"not_picked":["Amplify","Barrage","Streamline"],"picked":"Self Repair+1","floor":18.0},{"not_picked":["Ball Lightning","Beam Cell","Genetic Algorithm"],"picked":"Glacier","floor":21.0}],"player_experience":65430,"relics_obtained":[{"floor":7.0,"key":"Odd Mushroom"},{"floor":9.0,"key":"Whetstone"},{"floor":11.0,"key":"MawBank"},{"floor":17.0,"key":"Anchor"},{"floor":17.0,"key":"Question Card"},{"floor":17.0,"key":"Calipers"}],"event_choices":[{"damage_healed":0.0,"max_hp_gain":5.0,"max_hp_loss":0.0,"gold_gain":0.0,"event_name":"Big Fish","player_choice":"Donut","floor":3.0,"gold_loss":0.0,"damage_taken":0.0},{"damage_healed":0.0,"max_hp_gain":0.0,"max_hp_loss":0.0,"gold_gain":0.0,"event_name":"Mushrooms","player_choice":"Fought Mushrooms","floor":7.0,"gold_loss":0.0,"damage_taken":0.0},{"damage_healed":0.0,"max_hp_gain":0.0,"max_hp_loss":0.0,"gold_gain":0.0,"event_name":"Upgrade Shrine","player_choice":"Upgraded","floor":19.0,"gold_loss":0.0,"damage_taken":0.0,"cards_upgraded":["Storm"]},{"damage_healed":0.0,"max_hp_gain":0.0,"max_hp_loss":0.0,"gold_gain":99.0,"event_name":"Nest","player_choice":"Stole From Cult","floor":22.0,"gold_loss":0.0,"damage_taken":0.0}],"is_beta":false,"boss_relics":[{"not_picked":["Sozu","Empty Cage"],"picked":"Calling Bell"}],"items_purged_floors":[20],"is_endless":false,"potions_floor_spawned":[7,11,14,16,18],"killed_by":"Gremlin Leader","ascension_level":5}}