{"host":"p7cjtxxrilhp4dw7","time":1611347417,"event":{"mods":["BaseMod","Block Reminder","Colored Map","Highlight Path","Minty Spire (QoL Compilation)","Replay The Spire","StSLib","The Hierophant"],"gold_per_floor":[94,113,118,127,122,122,180,180,180,180,180,180,92,113,113,182,232,224,149,104,203,169,147,138,138,138,106,101,101,117,65,65,154,154,180,180,140,146,106,55,55,54,54,54,68,72,72,71,71,33,33],"floor_reached":50,"language":"ENG","playtime":5637,"items_purged":[],"score":659,"play_id":"4696786d-387f-4d69-853d-0ebf0b7b5ae9","local_time":"20210122133017","daily_mods":["Heirloom","Time Dilation","Night Terrors"],"is_ascension_mode":false,"campfire_choices":[{"data":"hierophant:ChurchCoffers","floor":6,"key":"SMITH"},{"data":"hierophant:Anathema","floor":10,"key":"SMITH"},{"data":"hierophant:Punish","floor":12,"key":"SMITH"},{"floor":15,"key":"REST"},{"data":"Panacea","floor":25,"key":"SMITH"},{"floor":44,"key":"REST"},{"data":"Panacea","floor":49,"key":"SMITH"}],"circlet_count":0,"master_deck":["hierophant:Punish+1","hierophant:Defend_Hierophant","hierophant:Defend_Hierophant","hierophant:Defend_Hierophant+1","hierophant:Defend_Hierophant","hierophant:ChurchCoffers+1","hierophant:OrnateJavelin+1","hierophant:Sermon","hierophant:AuricBeam+1","hierophant:Anathema+1","Panacea+1","hierophant:MorningPrayer","hierophant:Invocation","hierophant:Alms","hierophant:Doubloon","hierophant:OrnateBuckler","Bite+1","Bite","Bite","Bite+1","Bite+1","hierophant:Bribe+1","hierophant:Determination","hierophant:Smite+1","hierophant:Glossolalia+1","hierophant:HolyVerse+1","hierophant:DisplayOfPower+1","Panacea+1","hierophant:OrnateBuckler+1"],"relics":["hierophant:PropheticMaskRelic","Dead Branch","Ornamental Fan","Mummified Hand","Pear","Tiny House","Red Mask","Vajra","Chameleon Ring","Shuriken","Replay:Bronze Core","Happy Flower","Peace Pipe","Onion Ring","Whetstone"],"acts_visited":["Exordium","TheCity","TheBeyond"],"potions_floor_usage":[7,23,23,27,31,33,33,40,42,42,48,50,50],"damage_taken":[{"damage":1,"enemies":"Cultist","floor":1,"turns":3},{"damage":0,"enemies":"Small Slimes","floor":2,"turns":3},{"damage":1,"enemies":"Jaw Worm","floor":3,"turns":3},{"damage":0,"enemies":"3 Louse","floor":4,"turns":1},{"damage":2,"enemies":"Blue Slaver","floor":5,"turns":4},{"damage":8,"enemies":"3 Sentries","floor":7,"turns":6},{"damage":9,"enemies":"Lagavulin","floor":11,"turns":5},{"damage":0,"enemies":"Exordium Thugs","floor":14,"turns":2},{"damage":17,"enemies":"Fading Forest","floor":16,"turns":11},{"damage":0,"enemies":"Chosen","floor":18,"turns":3},{"damage":0,"enemies":"Shell Parasite","floor":20,"turns":2},{"damage":0,"enemies":"Masked Bandits","floor":22,"turns":2},{"damage":19,"enemies":"Book of Stabbing","floor":23,"turns":8},{"damage":3,"enemies":"Shelled Parasite and Fungi","floor":24,"turns":5},{"damage":0,"enemies":"Centurion and Healer","floor":27,"turns":3},{"damage":4,"enemies":"3 Cultists","floor":28,"turns":5},{"damage":0,"enemies":"Snecko","floor":30,"turns":4},{"damage":12,"enemies":"Replay:Snechameleon","floor":31,"turns":6},{"damage":6,"enemies":"Pondfish","floor":33,"turns":9},{"damage":0,"enemies":"3 Shapes","floor":35,"turns":3},{"damage":0,"enemies":"3 Darklings","floor":38,"turns":2},{"damage":28,"enemies":"Writhing Mass","floor":39,"turns":4},{"damage":30,"enemies":"Nemesis","floor":40,"turns":3},{"damage":18,"enemies":"Giant Head","floor":42,"turns":6},{"damage":11,"enemies":"Maw","floor":45,"turns":7},{"damage":0,"enemies":"Jaw Worm Horde","floor":46,"turns":3},{"damage":10,"enemies":"R_Hoarder","floor":48,"turns":5},{"damage":88,"enemies":"Replay:Hell Engine","floor":50,"turns":10}],"seed_played":"8945501730091475425","potions_obtained":[{"floor":1,"key":"Languid Potion"},{"floor":3,"key":"DistilledChaos"},{"floor":16,"key":"Flashbang"},{"floor":17,"key":"Block Potion"},{"floor":24,"key":"ColorlessPotion"},{"floor":27,"key":"Venom Potion"},{"floor":32,"key":"BlessingOfTheForge"},{"floor":32,"key":"CultistPotion"},{"floor":40,"key":"DistilledChaos"},{"floor":41,"key":"DistilledChaos"},{"floor":41,"key":"CultistPotion"},{"floor":45,"key":"EssenceOfSteel"},{"floor":48,"key":"Fruit Juice"}],"is_trial":false,"path_per_floor":["M","M","M","M","M","R","E","?","T","R","E","R","$","M","R","B",null,"M","?","M","?","?","E","M","R","T","M","M","?","M","E","R","B",null,"M","?","?","M","M","E","R","E","T","R","M","M","?","E","R","B"],"character_chosen":"HIEROPHANT","items_purchased":["Panacea"],"campfire_rested":2,"item_purchase_floors":[13],"current_hp_per_floor":[74,74,73,73,71,71,63,48,48,48,49,49,49,49,80,63,85,85,85,85,85,85,66,63,63,63,63,59,59,59,51,51,59,59,59,59,59,59,38,22,22,23,23,54,50,54,54,51,51,0,0],"gold":33,"neow_bonus":"","is_daily":true,"chose_seed":false,"campfire_upgraded":5,"win_rate":0.0,"timestamp":1611347417,"path_taken":["M","?","M","?","M","R","E","?","T","R","E","R","?","M","R","BOSS","M","?","M","?","?","E","M","R","T","M","?","?","M","E","R","BOSS","M","?","?","M","M","E","R","E","T","R","M","?","?","E","R","BOSS"],"items_purchased_type":["Card"],"build_version":"2020-12-22","purchased_purges":0,"victory":false,"max_hp_per_floor":[75,75,75,75,75,75,75,75,75,75,85,85,85,85,80,80,85,85,85,85,85,85,85,85,85,85,85,85,59,59,59,59,59,59,59,59,59,59,59,59,59,59,59,54,54,54,54,61,61,61,61],"card_choices":[{"not_picked":["hierophant:Shelter","hierophant:Purify"],"picked":"hierophant:OrnateJavelin","floor":1},{"not_picked":["hierophant:EyeForCoin","hierophant:Martyrdom","hierophant:Zeal"],"picked":"SKIP","floor":2},{"not_picked":["hierophant:Martyrdom","hierophant:Smite"],"picked":"hierophant:Sermon","floor":3},{"not_picked":["hierophant:Patience","hierophant:Exaltation"],"picked":"hierophant:AuricBeam","floor":4},{"not_picked":["hierophant:Sermon","hierophant:SealAway","hierophant:Zeal"],"picked":"SKIP","floor":5},{"not_picked":["hierophant:Charity","hierophant:Anathema","hierophant:Smite"],"picked":"SKIP","floor":7},{"not_picked":["hierophant:Charity","hierophant:Smite"],"picked":"hierophant:Anathema","floor":7},{"not_picked":["hierophant:Generosity","hierophant:Mercenaries","hierophant:Patience"],"picked":"SKIP","floor":11},{"not_picked":["hierophant:HammerAndAnvil","hierophant:HolyVerse"],"picked":"hierophant:MorningPrayer","floor":14},{"not_picked":["hierophant:Anathema","hierophant:Cornucopia"],"picked":"hierophant:Invocation","floor":16},{"not_picked":["hierophant:Shelter","hierophant:Encroach"],"picked":"hierophant:Alms","floor":17},{"not_picked":["hierophant:RepressedViolence","hierophant:Racketeering","hierophant:Remorse"],"picked":"SKIP","floor":18},{"not_picked":["hierophant:MorningPrayer","hierophant:ThreeLashes+1","hierophant:AuricBeam"],"picked":"SKIP","floor":20},{"not_picked":["hierophant:RustyCrate","hierophant:AuricForm"],"picked":"hierophant:Doubloon","floor":23},{"not_picked":["hierophant:FlamingChariot","hierophant:MorningPrayer","hierophant:Encroach"],"picked":"SKIP","floor":24},{"not_picked":["hierophant:FlamingChariot","hierophant:FieryStrike"],"picked":"hierophant:OrnateBuckler","floor":27},{"not_picked":["hierophant:HolyVerse","hierophant:Rebuild+1","hierophant:Patience"],"picked":"SKIP","floor":28},{"not_picked":["hierophant:Purify","hierophant:Repentance+1"],"picked":"hierophant:Bribe+1","floor":30},{"not_picked":["hierophant:Charity","hierophant:Racketeering+1","hierophant:Purify"],"picked":"SKIP","floor":31},{"not_picked":["hierophant:Invocation","hierophant:LocustPlague"],"picked":"hierophant:Determination","floor":33},{"not_picked":["hierophant:Cornucopia","hierophant:Exaltation"],"picked":"hierophant:Smite+1","floor":35},{"not_picked":["hierophant:Remorse+1","hierophant:Purify+1"],"picked":"hierophant:Glossolalia+1","floor":38},{"not_picked":["hierophant:RepressedViolence","hierophant:Encroach+1"],"picked":"hierophant:HolyVerse+1","floor":39},{"not_picked":["hierophant:Invocation","hierophant:PassingBell+1","hierophant:Martyrdom"],"picked":"SKIP","floor":40},{"not_picked":["hierophant:FlamingChariot+1","hierophant:Martyrdom+1","hierophant:Upheaval+1"],"picked":"SKIP","floor":42},{"not_picked":["hierophant:Shelter+1","hierophant:FieryStrike","hierophant:Doomsaying"],"picked":"SKIP","floor":45},{"not_picked":["hierophant:Doomsaying","hierophant:PassingBell+1"],"picked":"hierophant:DisplayOfPower+1","floor":46},{"not_picked":["Magnetism","Secret Weapon"],"picked":"Panacea","floor":47},{"not_picked":["hierophant:Shelter","hierophant:HolyVerse"],"picked":"hierophant:OrnateBuckler+1","floor":48}],"player_experience":556556,"relics_obtained":[{"floor":7,"key":"Ornamental Fan"},{"floor":9,"key":"Mummified Hand"},{"floor":11,"key":"Pear"},{"floor":22,"key":"Red Mask"},{"floor":23,"key":"Vajra"},{"floor":26,"key":"Chameleon Ring"},{"floor":31,"key":"Shuriken"},{"floor":40,"key":"Happy Flower"},{"floor":42,"key":"Peace Pipe"},{"floor":43,"key":"Onion Ring"},{"floor":48,"key":"Whetstone"}],"event_choices":[{"damage_healed":0,"gold_gain":0,"player_choice":"Entered Light","damage_taken":15,"max_hp_gain":0,"max_hp_loss":0,"event_name":"Shining Light","floor":8,"gold_loss":0,"cards_upgraded":["hierophant:Defend_Hierophant","hierophant:OrnateJavelin"]},{"cards_removed":["hierophant:Strike_Hierophant"],"damage_healed":0,"gold_gain":0,"player_choice":"Gave Gold","damage_taken":0,"max_hp_gain":0,"max_hp_loss":0,"event_name":"Beggar","floor":19,"gold_loss":75},{"damage_healed":0,"gold_gain":99,"player_choice":"Stole From Cult","damage_taken":0,"max_hp_gain":0,"max_hp_loss":0,"event_name":"Nest","floor":21,"gold_loss":0},{"damage_healed":0,"gold_gain":0,"player_choice":"Fought Bandits","damage_taken":0,"max_hp_gain":0,"max_hp_loss":0,"event_name":"Masked Bandits","floor":22,"gold_loss":0},{"damage_healed":0,"gold_gain":0,"player_choice":"Became a vampire","damage_taken":0,"max_hp_gain":0,"max_hp_loss":26,"event_name":"Vampires","floor":29,"gold_loss":0,"cards_obtained":["Bite","Bite","Bite","Bite","Bite"]},{"damage_healed":0,"gold_gain":0,"player_choice":"Upgrade","damage_taken":0,"max_hp_gain":0,"max_hp_loss":0,"event_name":"Designer","floor":37,"gold_loss":40,"cards_upgraded":["Bite"]},{"damage_healed":0,"gold_gain":0,"player_choice":"Memory 1","damage_taken":0,"max_hp_gain":0,"max_hp_loss":0,"event_name":"SensoryStone","floor":47,"gold_loss":0}],"is_beta":false,"boss_relics":[{"not_picked":["Replay:Wanted Poster","Kintsugi"],"picked":"Tiny House"},{"not_picked":["Sozu","Abe\u0027s Treasure"],"picked":"Replay:Bronze Core"}],"items_purged_floors":[],"is_endless":false,"potions_floor_spawned":[1,3,16,18,24,27,40,45,48],"killed_by":"Replay:Hell Engine","ascension_level":0}}