{"host":"neeznpvpgo0qgfkd","time":1611346014,"event":{"mods":["AchievementEnabler","BaseMod","BetterRewards","Colored Map","Colored Powertips","Exacting","Minty Spire (QoL Compilation)","Permanent Neow","Quick Restart","Shop Mod"],"gold_per_floor":[125,135,135,145,145,145,211,239,239,268,297,297,324,185,185,256,256,273,273,548,575,500,531,531,531,531],"floor_reached":25,"language":"ENG","playtime":1543,"items_purged":[],"score":590,"play_id":"b653e1b7-20f4-4118-8845-a1135948ec79","local_time":"20210122150654","is_ascension_mode":true,"campfire_choices":[{"floor":6,"key":"REST"},{"floor":12,"key":"REST"},{"floor":15,"key":"REST"}],"circlet_count":0,"master_deck":["AscendersBane","Strike_G","Strike_G","Strike_G","Defend_G","Defend_G","Defend_G","Survivor","Neutralize","Apotheosis+1","Cloak And Dagger","Sadistic Nature","Dash","Cloak And Dagger","Finisher","Bouncing Flask","Prepared","Well Laid Plans","Cloak And Dagger","Bane","After Image","Acrobatics+1","Poisoned Stab+1","Distraction+1","Choke","Bouncing Flask"],"relics":["Ring of the Snake","WingedGreaves","Paper Crane","Bag of Marbles","Ornamental Fan","Unceasing Top","Akabeko","Sundial","Bird Faced Urn","Pen Nib","Omamori","Singing Bowl","Astrolabe","Mercury Hourglass"],"acts_visited":["Exordium","TheCity"],"potions_floor_usage":[4,4,13,16,18,23,25],"damage_taken":[{"damage":0,"enemies":"Jaw Worm","floor":1,"turns":2},{"damage":0,"enemies":"Small Slimes","floor":2,"turns":2},{"damage":0,"enemies":"2 Louse","floor":4,"turns":1},{"damage":6,"enemies":"3 Sentries","floor":8,"turns":6},{"damage":7,"enemies":"Lagavulin","floor":10,"turns":4},{"damage":0,"enemies":"Gremlin Gang","floor":11,"turns":3},{"damage":10,"enemies":"3 Sentries","floor":13,"turns":4},{"damage":4,"enemies":"The Guardian","floor":16,"turns":7},{"damage":23,"enemies":"2 Thieves","floor":18,"turns":3},{"damage":0,"enemies":"Spheric Guardian","floor":21,"turns":3},{"damage":43,"enemies":"Slavers","floor":23,"turns":5},{"damage":25,"enemies":"Gremlin Leader","floor":25,"turns":2}],"seed_played":"1269225675465741931","potions_obtained":[{"floor":2,"key":"DistilledChaos"},{"floor":11,"key":"Weak Potion"},{"floor":13,"key":"Fruit Juice"},{"floor":16,"key":"Regen Potion"},{"floor":21,"key":"Dexterity Potion"},{"floor":23,"key":"Energy Potion"}],"is_trial":false,"path_per_floor":["M","M","?","M","?","R","?","E","T","E","M","R","E","$","R","B",null,"M","?","?","M","?","E","?","E"],"character_chosen":"THE_SILENT","items_purchased":["Apotheosis","Paper Crane","Bag of Marbles","Ornamental Fan","Cloak And Dagger","Sadistic Nature","Akabeko","Dash","Explosive Potion","After Image"],"campfire_rested":3,"item_purchase_floors":[0,0,0,0,0,0,0,0,0,14],"current_hp_per_floor":[59,59,14,14,14,33,33,27,27,22,24,43,40,40,61,65,71,59,38,38,42,42,5,21,0,0],"gold":531,"neow_bonus":"","is_daily":false,"chose_seed":false,"campfire_upgraded":0,"win_rate":0.0,"timestamp":1611346014,"path_taken":["M","M","?","M","?","R","?","E","T","E","M","R","E","$","R","BOSS","M","?","?","?","?","E","?","E"],"items_purchased_type":["Card","Relic","Relic","Relic","Card","Card","Relic","Card","Potion","Card"],"build_version":"2020-12-22","purchased_purges":0,"victory":false,"max_hp_per_floor":[66,66,66,66,66,66,66,66,66,66,66,66,71,71,71,73,73,73,78,78,80,80,80,80,80,80],"card_choices":[{"not_picked":["Dagger Throw","Underhanded Strike"],"picked":"Cloak And Dagger","floor":1},{"not_picked":["Escape Plan","Sucker Punch"],"picked":"Finisher","floor":2},{"not_picked":["Cloak And Dagger","Quick Slash"],"picked":"Bouncing Flask","floor":4},{"not_picked":["Finisher","Unload"],"picked":"Prepared","floor":8},{"not_picked":["Quick Slash","Bullet Time"],"picked":"Well Laid Plans","floor":10},{"not_picked":["Riddle With Holes","Sucker Punch"],"picked":"Cloak And Dagger","floor":11},{"not_picked":["Dodge and Roll","Poisoned Stab"],"picked":"Bane","floor":13},{"not_picked":["Grand Finale","After Image","Night Terror"],"picked":"Singing Bowl","floor":16},{"not_picked":["Escape Plan","Underhanded Strike"],"picked":"Choke","floor":18},{"not_picked":["Acrobatics","PiercingWail","Quick Slash"],"picked":"Singing Bowl","floor":21},{"not_picked":["Bane","PiercingWail"],"picked":"Bouncing Flask","floor":23}],"player_experience":1893645,"relics_obtained":[{"floor":8,"key":"Bird Faced Urn"},{"floor":9,"key":"Pen Nib"},{"floor":10,"key":"Omamori"},{"floor":13,"key":"Singing Bowl"},{"floor":23,"key":"Mercury Hourglass"}],"event_choices":[{"damage_healed":0,"gold_gain":0,"player_choice":"Success","damage_taken":45,"relics_obtained":["Sundial"],"max_hp_gain":0,"max_hp_loss":0,"event_name":"Scrap Ooze","floor":3,"gold_loss":0},{"damage_healed":0,"gold_gain":0,"player_choice":"Grow","damage_taken":0,"max_hp_gain":0,"max_hp_loss":0,"event_name":"Living Wall","floor":5,"gold_loss":0,"cards_upgraded":["Apotheosis"]},{"damage_healed":0,"gold_gain":66,"player_choice":"Gained Gold","damage_taken":0,"max_hp_gain":0,"max_hp_loss":0,"event_name":"Golden Wing","floor":7,"gold_loss":0},{"damage_healed":0,"gold_gain":0,"player_choice":"Shed Blood","damage_taken":26,"max_hp_gain":5,"max_hp_loss":0,"event_name":"Forgotten Altar","floor":19,"gold_loss":0},{"damage_healed":0,"gold_gain":275,"player_choice":"Desecrate","damage_taken":0,"max_hp_gain":0,"max_hp_loss":0,"event_name":"Golden Shrine","floor":20,"gold_loss":0,"cards_obtained":["Regret"]},{"cards_removed":["Defend_G"],"damage_healed":0,"gold_gain":0,"player_choice":"Gave Gold","damage_taken":0,"max_hp_gain":0,"max_hp_loss":0,"event_name":"Beggar","floor":22,"gold_loss":75},{"damage_healed":16,"gold_gain":0,"player_choice":"Heal","damage_taken":0,"max_hp_gain":0,"max_hp_loss":0,"event_name":"The Library","floor":24,"gold_loss":0}],"is_beta":false,"boss_relics":[{"not_picked":["Busted Crown","Ectoplasm"],"picked":"Astrolabe"}],"items_purged_floors":[],"is_endless":false,"potions_floor_spawned":[2,11,13,16,21,23],"killed_by":"Gremlin Leader","ascension_level":15}}