{"host":"7qoz5gmva6til3yp","time":1611325465,"event":{"mods":["AchievementEnabler","BaseMod","Minty Spire (QoL Compilation)","StSLib","SuperFastMode"],"gold_per_floor":[17,33,33,46,46,46,78,78,78,113,17,17,30,40,40,140,140,153,171,185,185,51,51,69,69,69,79,110,110,210,224,224,322,322,336,353,373,423,107,141,141,173,173,173,173,184,200,209,236,236],"floor_reached":51,"language":"KOR","playtime":1826,"items_purged":["Strike_G","Defend_G","Distraction+1"],"score":1099,"play_id":"e7c17735-9149-4846-91c2-e60ed4e06472","local_time":"20210122232425","is_ascension_mode":true,"campfire_choices":[{"data":"Accuracy","floor":6.0,"key":"SMITH"},{"floor":12.0,"key":"REST"},{"data":"Survivor","floor":15.0,"key":"SMITH"},{"data":"Accuracy","floor":23.0,"key":"SMITH"},{"floor":25.0,"key":"REST"},{"data":"Wraith Form v2","floor":32.0,"key":"SMITH"},{"data":"Terror","floor":41.0,"key":"SMITH"},{"data":"Blade Dance","floor":44.0,"key":"SMITH"},{"data":"Prepared","floor":49,"key":"SMITH"}],"circlet_count":0,"master_deck":["Survivor+1","Neutralize","Infinite Blades","Prepared+1","After Image","Blur+1","Reflex","Backflip+1","Wraith Form v2+1","Cloak And Dagger+1","Blade Dance+1","Terror+1","PiercingWail+1","Accuracy+1","Accuracy+1"],"relics":["Ring of the Snake","TungstenRod","The Courier","Incense Burner","Astrolabe","Eternal Feather","Question Card","Snake Skull","Empty Cage","Mango","Sling","Nunchaku","CeramicFish","Pocketwatch"],"acts_visited":["Exordium","TheCity","TheBeyond"],"potions_floor_usage":[50,50,50],"damage_taken":[{"damage":2.0,"enemies":"Small Slimes","floor":1.0,"turns":4.0},{"damage":4.0,"enemies":"Jaw Worm","floor":2.0,"turns":5.0},{"damage":2.0,"enemies":"2 Louse","floor":4.0,"turns":4.0},{"damage":10.0,"enemies":"Lagavulin","floor":7.0,"turns":8.0},{"damage":11.0,"enemies":"Gremlin Nob","floor":10.0,"turns":3.0},{"damage":3.0,"enemies":"Lots of Slimes","floor":13.0,"turns":4.0},{"damage":0.0,"enemies":"2 Fungi Beasts","floor":14.0,"turns":3.0},{"damage":3.0,"enemies":"Hexaghost","floor":16.0,"turns":9.0},{"damage":0.0,"enemies":"Chosen","floor":18.0,"turns":4.0},{"damage":11.0,"enemies":"Spheric Guardian","floor":19.0,"turns":4.0},{"damage":26.0,"enemies":"Snake Plant","floor":20.0,"turns":7.0},{"damage":5.0,"enemies":"Centurion and Healer","floor":24.0,"turns":3.0},{"damage":5.0,"enemies":"Cultist and Chosen","floor":27.0,"turns":5.0},{"damage":14.0,"enemies":"Book of Stabbing","floor":28.0,"turns":5.0},{"damage":1.0,"enemies":"Snecko","floor":31.0,"turns":4.0},{"damage":50.0,"enemies":"Champ","floor":33.0,"turns":10.0},{"damage":22.0,"enemies":"3 Shapes","floor":35.0,"turns":4.0},{"damage":9.0,"enemies":"3 Darklings","floor":36.0,"turns":5.0},{"damage":6.0,"enemies":"Maw","floor":37.0,"turns":7.0},{"damage":19.0,"enemies":"Mind Bloom Boss Battle","floor":38.0,"turns":6.0},{"damage":2.0,"enemies":"Giant Head","floor":40.0,"turns":4.0},{"damage":47.0,"enemies":"Nemesis","floor":42.0,"turns":5.0},{"damage":0,"enemies":"Transient","floor":46,"turns":5},{"damage":24,"enemies":"Sphere and 2 Shapes","floor":47,"turns":5},{"damage":22,"enemies":"Donu and Deca","floor":50,"turns":5}],"seed_played":"-4069709250688033978","potions_obtained":[{"floor":1.0,"key":"GamblersBrew"},{"floor":2.0,"key":"Dexterity Potion"},{"floor":4.0,"key":"Fire Potion"},{"floor":16.0,"key":"BlessingOfTheForge"},{"floor":18.0,"key":"GamblersBrew"},{"floor":27.0,"key":"Weak Potion"},{"floor":28.0,"key":"Fire Potion"},{"floor":33.0,"key":"SpeedPotion"},{"floor":36.0,"key":"CunningPotion"},{"floor":40.0,"key":"CunningPotion"}],"is_trial":false,"path_per_floor":["M","M","?","M","$","R","E","?","T","E","$","R","M","M","R","B",null,"M","M","M","?","$","R","M","R","T","M","E","?","?","M","R","B",null,"M","M","M","?","$","E","R","E","T","R","?","M","M","?","R","B",null],"character_chosen":"THE_SILENT","items_purchased":["Prepared","Accuracy","Sling","Blade Dance","Terror"],"campfire_rested":2,"item_purchase_floors":[11,22,39,39,39],"current_hp_per_floor":[68,64,64,62,62,62,52,39,39,28,28,49,46,46,46,43,70,70,59,33,33,33,33,28,49,49,44,30,30,30,29,41,40,70,48,39,33,28,28,26,35,37,37,46,46,46,22,43,52,30],"gold":236,"neow_bonus":"THREE_RARE_CARDS","is_daily":false,"chose_seed":false,"campfire_upgraded":7,"win_rate":0.0,"timestamp":1611325465,"path_taken":["M","M","?","M","$","R","E","?","T","E","?","R","M","M","R","BOSS","M","M","M","?","$","R","M","R","T","M","E","?","?","M","R","BOSS","M","M","?","?","$","E","R","E","T","R","?","?","M","?","R","BOSS"],"items_purchased_type":["Card","Card","Relic","Card","Card"],"build_version":"2020-12-22","purchased_purges":3,"victory":true,"max_hp_per_floor":[70,70,70,70,70,70,70,70,70,70,70,70,70,70,70,70,70,70,70,70,70,70,70,70,70,70,70,70,70,70,70,70,70,70,70,70,70,84,84,84,84,84,84,84,84,84,84,84,84,84],"card_choices":[{"not_picked":["Corpse Explosion","Unload"],"picked":"Adrenaline","floor":0.0},{"not_picked":["Noxious Fumes","Dagger Throw"],"picked":"Accuracy","floor":1.0},{"not_picked":["Setup","Blur"],"picked":"Infinite Blades","floor":2.0},{"not_picked":["Blur","All Out Attack","Deflect"],"picked":"SKIP","floor":4.0},{"not_picked":["Bane","Slice"],"picked":"Blade Dance","floor":7.0},{"not_picked":["Dagger Spray","Deadly Poison","Masterful Stab"],"picked":"SKIP","floor":10.0},{"not_picked":["Blade Dance","Flying Knee"],"picked":"Cloak And Dagger","floor":13.0},{"not_picked":["Prepared","Bane","Quick Slash"],"picked":"SKIP","floor":14.0},{"not_picked":["Wraith Form v2","Unload"],"picked":"After Image","floor":16.0},{"not_picked":["Sucker Punch+1","Poisoned Stab+1"],"picked":"Reflex","floor":18.0},{"not_picked":["Setup","Poisoned Stab+1","Dodge and Roll"],"picked":"SKIP","floor":19.0},{"not_picked":["Blur+1","Predator"],"picked":"Backflip+1","floor":20.0},{"not_picked":["Flying Knee","Quick Slash"],"picked":"Choke","floor":24.0},{"not_picked":["Outmaneuver","Setup+1","Dagger Spray"],"picked":"SKIP","floor":27.0},{"not_picked":["Sucker Punch","Eviscerate"],"picked":"Wraith Form v2","floor":28.0},{"not_picked":["Predator+1","All Out Attack","Outmaneuver","Sucker Punch"],"picked":"SKIP","floor":31.0},{"not_picked":["Deflect","Caltrops","Outmaneuver+1"],"picked":"Cloak And Dagger+1","floor":35.0},{"not_picked":["Riddle With Holes","Backstab","Deflect+1","All Out Attack"],"picked":"SKIP","floor":36.0},{"not_picked":["Choke+1","Slice+1","Reflex+1","Dagger Spray"],"picked":"SKIP","floor":37.0},{"not_picked":["Acrobatics","Dagger Spray","After Image"],"picked":"PiercingWail+1","floor":40.0},{"not_picked":["Underhanded Strike","Reflex","Poisoned Stab+1","Cloak And Dagger"],"picked":"SKIP","floor":42.0},{"not_picked":["Infinite Blades","Distraction","Backflip","Poisoned Stab+1"],"picked":"SKIP","floor":46},{"not_picked":["Dagger Spray","Finisher","Glass Knife","Masterful Stab+1"],"picked":"SKIP","floor":47}],"player_experience":413344,"relics_obtained":[{"floor":7.0,"key":"TungstenRod"},{"floor":9.0,"key":"The Courier"},{"floor":10.0,"key":"Incense Burner"},{"floor":26.0,"key":"Eternal Feather"},{"floor":28.0,"key":"Question Card"},{"floor":38.0,"key":"Mango"},{"floor":40.0,"key":"Nunchaku"},{"floor":42.0,"key":"CeramicFish"},{"floor":43.0,"key":"Pocketwatch"}],"event_choices":[{"cards_removed":["Strike_G"],"damage_healed":0.0,"max_hp_gain":0.0,"max_hp_loss":0.0,"gold_gain":0.0,"event_name":"Living Wall","player_choice":"Forget","floor":3.0,"gold_loss":0.0,"damage_taken":0.0},{"damage_healed":0.0,"max_hp_gain":0.0,"max_hp_loss":0.0,"gold_gain":0.0,"event_name":"Shining Light","player_choice":"Entered Light","floor":8.0,"gold_loss":0.0,"damage_taken":14.0,"cards_upgraded":["Blade Dance","Defend_G"]},{"damage_healed":0.0,"max_hp_gain":0.0,"max_hp_loss":0.0,"gold_gain":0.0,"event_name":"Vampires","player_choice":"Ignored","floor":21.0,"gold_loss":0.0,"damage_taken":0.0},{"damage_healed":0.0,"max_hp_gain":0.0,"max_hp_loss":0.0,"gold_gain":0.0,"event_name":"The Mausoleum","player_choice":"Opened","floor":29.0,"gold_loss":0.0,"damage_taken":0.0,"relics_obtained":["Snake Skull"],"cards_obtained":["Writhe"]},{"damage_healed":0.0,"max_hp_gain":0.0,"max_hp_loss":0.0,"gold_gain":100.0,"event_name":"Golden Shrine","player_choice":"Pray","floor":30.0,"gold_loss":0.0,"damage_taken":0.0},{"damage_healed":0.0,"max_hp_gain":0.0,"max_hp_loss":0.0,"gold_gain":0.0,"event_name":"MindBloom","player_choice":"Fight","floor":38.0,"gold_loss":0.0,"damage_taken":0.0},{"cards_removed":["Blade Dance"],"damage_healed":0.0,"max_hp_gain":0.0,"max_hp_loss":0.0,"gold_gain":0.0,"event_name":"Purifier","player_choice":"Purged","floor":45.0,"gold_loss":0.0,"damage_taken":0.0},{"damage_healed":21,"gold_gain":0,"player_choice":"Writhe","damage_taken":0,"max_hp_gain":0,"max_hp_loss":0,"event_name":"Winding Halls","floor":48,"gold_loss":0,"cards_obtained":["Writhe"]}],"is_beta":false,"boss_relics":[{"not_picked":["Ring of the Serpent","Tiny House"],"picked":"Astrolabe"},{"not_picked":["Busted Crown","Coffee Dripper"],"picked":"Empty Cage"}],"items_purged_floors":[11,22,39],"is_endless":false,"potions_floor_spawned":[1,2,4,16,18,20,27,28,33,36,38,40,46],"ascension_level":3}}