{"host":"axuns55dzq466eei","time":1611322851,"event":{"mods":["BaseMod","Colored Map","Keyboard Shortcuts","Minty Spire (QoL Compilation)","StSLib","SuperFastMode"],"gold_per_floor":[210,230,280,291,24,24,40,40,40,60,75,86,111,122,122,122,122],"floor_reached":16,"language":"KOR","playtime":438,"items_purged":["Defend_B"],"score":212,"play_id":"c7c8373a-ce2e-4b17-83c9-ca6134d9b343","local_time":"20210122224051","is_ascension_mode":true,"campfire_choices":[{"data":"Zap","floor":6.0,"key":"SMITH"},{"floor":15,"key":"REST"}],"circlet_count":0,"master_deck":["AscendersBane","Strike_B","Strike_B","Strike_B","Strike_B+1","Defend_B","Defend_B","Defend_B","Zap+1","Dualcast","Gash","Self Repair","Coolheaded+1","Coolheaded","Defragment","Consume"],"relics":["Cracked Core","Runic Capacitor","Singing Bowl","WingedGreaves"],"acts_visited":["Exordium"],"potions_floor_usage":[14,14],"damage_taken":[{"damage":1.0,"enemies":"Cultist","floor":1.0,"turns":4.0},{"damage":4.0,"enemies":"Jaw Worm","floor":2.0,"turns":4.0},{"damage":8.0,"enemies":"Small Slimes","floor":4.0,"turns":3.0},{"damage":6.0,"enemies":"Looter","floor":7.0,"turns":4.0},{"damage":12.0,"enemies":"Large Slime","floor":10.0,"turns":5.0},{"damage":12.0,"enemies":"Red Slaver","floor":11.0,"turns":3.0},{"damage":8.0,"enemies":"Looter","floor":12.0,"turns":4.0},{"damage":9.0,"enemies":"3 Sentries","floor":13.0,"turns":8.0},{"damage":5,"enemies":"Exordium Wildlife","floor":14,"turns":5},{"damage":37,"enemies":"Slime Boss","floor":16,"turns":7}],"seed_played":"4519194461945109489","potions_obtained":[{"floor":4.0,"key":"Block Potion"},{"floor":7.0,"key":"Strength Potion"},{"floor":12.0,"key":"Dexterity Potion"},{"floor":13.0,"key":"Swift Potion"}],"is_trial":false,"path_per_floor":["M","M","?","M","$","R","M","?","T","M","M","M","E","M","R","B"],"character_chosen":"DEFECT","items_purchased":["Runic Capacitor","Coolheaded"],"campfire_rested":1,"item_purchase_floors":[5,5],"current_hp_per_floor":[63,59,52,44,44,44,45,24,24,21,9,10,10,14,37,0,0],"gold":122,"neow_bonus":"HUNDRED_GOLD","is_daily":false,"chose_seed":false,"campfire_upgraded":1,"win_rate":0.0,"timestamp":1611322851,"path_taken":["M","?","?","?","?","R","M","?","T","M","M","M","E","M","R","BOSS"],"items_purchased_type":["Relic","Card"],"build_version":"2020-12-22","purchased_purges":1,"victory":false,"max_hp_per_floor":[71,71,71,71,71,71,71,71,71,73,73,75,77,79,79,79,79],"card_choices":[{"not_picked":["Streamline","Leap"],"picked":"Gash","floor":1.0},{"not_picked":["Cold Snap","Redo"],"picked":"Self Repair","floor":2.0},{"not_picked":["Streamline","BootSequence"],"picked":"Coolheaded","floor":4.0},{"not_picked":["Turbo","Self Repair"],"picked":"Defragment","floor":7.0},{"not_picked":["White Noise","Beam Cell","Turbo"],"picked":"Singing Bowl","floor":10.0},{"not_picked":["Hologram","Coolheaded"],"picked":"Consume","floor":11.0},{"not_picked":["Capacitor","White Noise","Chaos"],"picked":"Singing Bowl","floor":12.0},{"not_picked":["Heatsinks","Redo","Fusion"],"picked":"Singing Bowl","floor":13.0},{"not_picked":["Fission","Ball Lightning","Coolheaded"],"picked":"Singing Bowl","floor":14}],"player_experience":1097729,"relics_obtained":[{"floor":9.0,"key":"Singing Bowl"},{"floor":13.0,"key":"WingedGreaves"}],"event_choices":[{"damage_healed":0.0,"max_hp_gain":0.0,"max_hp_loss":0.0,"gold_gain":50.0,"event_name":"FaceTrader","player_choice":"Touch","floor":3.0,"gold_loss":0.0,"damage_taken":7.0},{"damage_healed":0.0,"max_hp_gain":0.0,"max_hp_loss":0.0,"gold_gain":0.0,"event_name":"Shining Light","player_choice":"Entered Light","floor":8.0,"gold_loss":0.0,"damage_taken":21.0,"cards_upgraded":["Strike_B","Coolheaded"]}],"is_beta":false,"boss_relics":[],"items_purged_floors":[5],"is_endless":false,"potions_floor_spawned":[4,7,12,13],"killed_by":"Slime Boss","ascension_level":20}}