{"host":"dxmdoimsvept8qwy","time":1611350813,"event":{"mods":["BaseMod","Colored Powertips","Custom Start","Minty Spire (QoL Compilation)","StSLib","The Hierophant"],"gold_per_floor":[109,109,127,144,163,163,183,217,217,236,236,262,262,292,292,394,394,412,262,262,276,276,276,224,224,224,224,224,224],"floor_reached":28,"language":"ENG","playtime":1555,"items_purged":[],"score":301,"play_id":"94a338ef-56d6-4632-af17-efff621a982b","local_time":"20210122162653","is_ascension_mode":true,"campfire_choices":[{"floor":6,"key":"REST"},{"floor":11,"key":"REST"},{"data":"Eruption","floor":13,"key":"SMITH"},{"floor":15,"key":"REST"},{"floor":23,"key":"REST"},{"data":"DevaForm","floor":25,"key":"SMITH"}],"circlet_count":0,"master_deck":["Defend_P","Defend_P","Defend_P","Defend_P","Eruption+1","Vigilance","Evaluate","PathToVictory","CutThroughFate","MentalFortress","JustLucky","PathToVictory","MentalFortress","Tantrum","DevaForm+1","Prostrate","Bite","Bite","Bite","Bite","Bite","Crescendo","InnerPeace"],"relics":["PureWater","Lantern","Nunchaku","Juzu Bracelet","Odd Mushroom","Black Star","Letter Opener","Eternal Feather"],"acts_visited":["Exordium","TheCity"],"potions_floor_usage":[4,8,12,16,16,18],"damage_taken":[{"damage":1,"enemies":"2 Louse","floor":1,"turns":4},{"damage":0,"enemies":"Small Slimes","floor":3,"turns":2},{"damage":12,"enemies":"Cultist","floor":4,"turns":3},{"damage":51,"enemies":"Gremlin Gang","floor":5,"turns":5},{"damage":0,"enemies":"Large Slime","floor":7,"turns":3},{"damage":0,"enemies":"Lagavulin","floor":8,"turns":6},{"damage":4,"enemies":"Exordium Wildlife","floor":10,"turns":4},{"damage":10,"enemies":"Gremlin Nob","floor":12,"turns":3},{"damage":13,"enemies":"The Mushroom Lair","floor":14,"turns":3},{"damage":30,"enemies":"Slime Boss","floor":16,"turns":8},{"damage":70,"enemies":"Chosen","floor":18,"turns":6},{"damage":48,"enemies":"2 Thieves","floor":21,"turns":3},{"damage":66,"enemies":"Gremlin Leader","floor":28,"turns":4}],"seed_played":"7798843232648257948","potions_obtained":[{"floor":1,"key":"BlessingOfTheForge"},{"floor":3,"key":"PowerPotion"},{"floor":8,"key":"Swift Potion"},{"floor":12,"key":"BottledMiracle"},{"floor":14,"key":"BlessingOfTheForge"},{"floor":16,"key":"Block Potion"}],"is_trial":false,"path_per_floor":["M","?","M","M","M","R","M","E","T","M","R","E","R","?","R","B",null,"M","?","?","M","?","R","$","R","T","?","E"],"character_chosen":"WATCHER","items_purchased":["Crescendo"],"campfire_rested":4,"item_purchase_floors":[24],"current_hp_per_floor":[71,64,64,52,1,22,22,22,22,18,39,29,29,16,37,7,72,2,2,72,24,24,39,39,39,39,39,0,0],"gold":224,"neow_bonus":"THREE_CARDS","is_daily":false,"chose_seed":false,"campfire_upgraded":2,"win_rate":0.0,"timestamp":1611350813,"path_taken":["M","?","M","M","M","R","M","E","T","M","R","E","R","?","R","BOSS","M","?","?","M","?","R","$","R","T","?","E"],"items_purchased_type":["Card"],"build_version":"2020-12-22","purchased_purges":0,"victory":false,"max_hp_per_floor":[72,72,72,72,72,72,72,72,72,72,72,72,72,72,72,72,72,72,72,72,72,50,50,50,50,50,50,50,50],"card_choices":[{"not_picked":["LikeWater","SandsOfTime"],"picked":"Evaluate","floor":0},{"not_picked":["LikeWater","Conclude"],"picked":"PathToVictory","floor":1},{"not_picked":["Protect","DeceiveReality"],"picked":"CutThroughFate","floor":3},{"not_picked":["EmptyFist","LikeWater"],"picked":"MentalFortress","floor":4},{"not_picked":["Protect","EmptyBody"],"picked":"JustLucky","floor":5},{"not_picked":["InnerPeace","FollowUp"],"picked":"PathToVictory","floor":7},{"not_picked":["SandsOfTime","SignatureMove"],"picked":"Adaptation","floor":8},{"not_picked":["Consecrate","Study"],"picked":"MentalFortress","floor":10},{"not_picked":["CrushJoints","CarveReality","Consecrate"],"picked":"SKIP","floor":12},{"not_picked":["ThirdEye","Omniscience"],"picked":"Tantrum","floor":14},{"not_picked":["Wish","Establishment"],"picked":"DevaForm","floor":16},{"not_picked":["Pray","FearNoEvil"],"picked":"Prostrate","floor":18},{"not_picked":["WindmillStrike+1","FollowUp","CarveReality"],"picked":"SKIP","floor":21}],"player_experience":1045640,"relics_obtained":[{"floor":8,"key":"Lantern"},{"floor":9,"key":"Nunchaku"},{"floor":12,"key":"Juzu Bracelet"},{"floor":14,"key":"Odd Mushroom"},{"floor":26,"key":"Eternal Feather"}],"event_choices":[{"cards_removed":["Strike_P"],"damage_healed":0,"gold_gain":0,"player_choice":"Card Removal","damage_taken":7,"max_hp_gain":0,"max_hp_loss":0,"event_name":"Golden Wing","floor":2,"gold_loss":0},{"damage_healed":0,"gold_gain":0,"player_choice":"Fought Mushrooms","damage_taken":0,"max_hp_gain":0,"max_hp_loss":0,"event_name":"Mushrooms","floor":14,"gold_loss":0},{"damage_healed":0,"gold_gain":0,"player_choice":"Paid Gold","damage_taken":0,"relics_obtained":["Letter Opener"],"max_hp_gain":0,"max_hp_loss":0,"event_name":"WeMeetAgain","floor":19,"gold_loss":150},{"cards_removed":["Adaptation"],"damage_healed":70,"gold_gain":0,"player_choice":"Offered Uncommon","damage_taken":0,"max_hp_gain":0,"max_hp_loss":0,"event_name":"Bonfire Elementals","floor":20,"gold_loss":0},{"damage_healed":0,"gold_gain":0,"player_choice":"Became a vampire","damage_taken":0,"max_hp_gain":0,"max_hp_loss":22,"event_name":"Vampires","floor":22,"gold_loss":0,"cards_obtained":["Bite","Bite","Bite","Bite","Bite"]},{"damage_healed":0,"gold_gain":0,"player_choice":"Read","damage_taken":0,"max_hp_gain":0,"max_hp_loss":0,"event_name":"The Library","floor":27,"gold_loss":0,"cards_obtained":["InnerPeace"]}],"is_beta":false,"boss_relics":[{"not_picked":["SacredBark","Busted Crown"],"picked":"Black Star"}],"items_purged_floors":[],"is_endless":false,"potions_floor_spawned":[1,3,8,12,14,16],"killed_by":"Gremlin Leader","ascension_level":2}}