{"host":"m3rs92yjkwi06hli","time":1611347306,"event":{"mods":["Act Like it!","Aspiration","BaseMod","Colored Map","Conspire","Defuse TimeMaze Blight","Downfall","Energized Spire","Hubris","Infinite Spire","Minty Spire (QoL Compilation)","Relic Stats","Spicy Shops","StSLib"],"gold_per_floor":[99,119,119,119,132,42,68,168,183,199,36,51,62,80,96,96,96,96],"floor_reached":16,"language":"ENG","playtime":684,"items_purged":["hubris:Lust","infinitespire:Pacifist"],"score":151,"play_id":"fd01bc33-0bae-4a12-ac9f-11545852d38a","local_time":"20210122142826","is_ascension_mode":true,"campfire_choices":[{"data":"conspire:Banana","floor":1,"key":"SMITH"}],"circlet_count":0,"master_deck":["bronze:Strike","bronze:Strike","bronze:Strike","bronze:Strike+1","bronze:Defend+1","bronze:Defend","bronze:Defend","bronze:Defend","bronze:Replicate+1","bronze:Goto","conspire:Banana+1","bronze:Separator","downfall:Haunted","downfall:Haunted","bronze:HardenedForm","downfall:Malfunctioning","bronze:Optimize","bronze:FineTuning","bronze:Flail","bronze:DelayedSlice","bronze:Branch","bronze:Separator","bronze:Flail","bronze:Branch","bronze:WhirlingStrike","bronze:ItsAFeature"],"relics":["bronze:BronzeCore","Darkstone Periapt","Orichalcum"],"acts_visited":["Exordium"],"potions_floor_usage":[13,16],"damage_taken":[{"damage":7,"enemies":"2 Louse","floor":2,"turns":4},{"damage":22,"enemies":"Small Slimes","floor":5,"turns":5},{"damage":17,"enemies":"downfall:FleeingMerchant","floor":6,"turns":4},{"damage":4,"enemies":"conspire:RoseBush","floor":9,"turns":4},{"damage":0,"enemies":"Lots of Slimes","floor":10,"turns":1},{"damage":10,"enemies":"downfall:FleeingMerchant","floor":11,"turns":4},{"damage":6,"enemies":"Large Slime","floor":12,"turns":2},{"damage":3,"enemies":"3 Louse","floor":13,"turns":2},{"damage":2,"enemies":"Gremlin Gang","floor":14,"turns":3},{"damage":10,"enemies":"Large Slime","floor":15,"turns":5},{"damage":43,"enemies":"SI_SHIV_ARCHETYPE","floor":16,"turns":7}],"seed_played":"-2387636048181243854","potions_obtained":[{"floor":9,"key":"BlessingOfTheForge"},{"floor":10,"key":"Energy Potion"},{"floor":13,"key":"bronze:CleanCodePotion"},{"floor":15,"key":"PowerPotion"}],"is_trial":false,"path_per_floor":["R","M","?","?","M","$","T","?","M","M","$","M","M","M","M","B"],"character_chosen":"THE_AUTOMATON","items_purchased":["bronze:Separator"],"campfire_rested":0,"item_purchase_floors":[11],"current_hp_per_floor":[70,65,94,100,80,65,65,65,63,63,55,49,46,46,38,0,0,0],"gold":96,"neow_bonus":"RANDOM_COLORLESS","is_daily":false,"chose_seed":false,"campfire_upgraded":1,"win_rate":0.0,"timestamp":1611347306,"path_taken":["R","M","?","?","M","$","T","?","M","M","$","M","M","?","M","BOSS"],"items_purchased_type":["Card"],"build_version":"2020-12-22","purchased_purges":2,"victory":false,"max_hp_per_floor":[70,72,101,107,109,111,111,111,113,113,115,115,115,117,119,121,121,121],"relic_stats":{"Darkstone Periapt":30,"counters":[11,41],"Orichalcum":[36],"obtain_stats":[{"Darkstone Periapt":3,"bronze:BronzeCore":0,"Orichalcum":7},{"Darkstone Periapt":1,"bronze:BronzeCore":0,"Orichalcum":3},{"Darkstone Periapt":4,"bronze:BronzeCore":0,"Orichalcum":13}]},"card_choices":[{"not_picked":["Impatience","Trip"],"picked":"conspire:Banana","floor":0},{"not_picked":["bronze:BitShift","bronze:BugBarrage"],"picked":"bronze:Separator","floor":2},{"not_picked":["bronze:Turbo","bronze:CutThrough"],"picked":"bronze:Optimize","floor":5},{"not_picked":["bronze:Philosophize","bronze:Allocate"],"picked":"bronze:FineTuning","floor":6},{"not_picked":["bronze:BitShift","bronze:Invalidate"],"picked":"bronze:Flail","floor":9},{"not_picked":["bronze:ClassDefault","bronze:Branch"],"picked":"bronze:DelayedSlice","floor":10},{"not_picked":["bronze:Mutator","bronze:Return"],"picked":"bronze:Branch","floor":11},{"not_picked":["bronze:Shield","bronze:Separator"],"picked":"bronze:Flail","floor":12},{"not_picked":["bronze:Backtrace","bronze:DelayedGuard"],"picked":"bronze:Branch","floor":13},{"not_picked":["bronze:DigitalCarnage","bronze:Overheat"],"picked":"bronze:WhirlingStrike","floor":14},{"not_picked":["bronze:BronzeArmor","bronze:NullPointer"],"picked":"bronze:ItsAFeature","floor":15}],"player_experience":908662,"relics_obtained":[{"floor":7,"key":"Orichalcum"}],"event_choices":[{"damage_healed":0,"gold_gain":100,"player_choice":"Gold","damage_taken":0,"max_hp_gain":0,"max_hp_loss":0,"event_name":"Wheel of Change","floor":8,"gold_loss":0}],"is_beta":false,"boss_relics":[],"items_purged_floors":[6,11],"is_endless":false,"potions_floor_spawned":[9,10,13,15],"killed_by":"SI_SHIV_ARCHETYPE","ascension_level":1}}