{"host":"qm4rv4rkpk76sbxu","time":1611344312,"event":{"mods":["BaseMod","Bestiary","Block Reminder","DeckTracker","Filter the Spire","Keyboard Shortcuts","Minty Spire (QoL Compilation)","MonsterHotkey","Quick Restart","Random Character Button","Relic Stats","Slay-I","StSLib","Unceasing Turn Reminder","ojb\u0027s Better Paths Mod","ojb\u0027s Info Mod"],"gold_per_floor":[117,132,207,207,80,114,289,307,334,367,367,399,399,5,5,100,100,118,68,68,68,100,100,128,128,153,165,176,202,222,257,269,281,281],"floor_reached":33,"language":"ENG","playtime":714,"items_purged":["Regret","Doubt","Strike_R"],"score":387,"play_id":"275e04d6-ef09-4927-84fc-c09e39c8ef27","local_time":"20210122203832","is_ascension_mode":true,"campfire_choices":[{"data":"Uppercut","floor":11.0,"key":"SMITH"},{"data":"Uppercut","floor":15.0,"key":"SMITH"},{"data":"Shockwave","floor":23.0,"key":"SMITH"},{"data":"Bloodletting","floor":25.0,"key":"SMITH"},{"data":"Seeing Red","floor":32.0,"key":"SMITH"}],"circlet_count":0,"master_deck":["Strike_R","Strike_R+1","Strike_R","Strike_R","Defend_R","Defend_R","Defend_R","Defend_R","Bash+1","Seeing Red+1","Whirlwind+1","Uppercut+1","Bloodletting+1","Uppercut+1","Shockwave+1","Limit Break","Armaments+1","Bloodletting","Shame","Seeing Red+1","True Grit+1","Flex+1","Impervious+1"],"relics":["Burning Blood","NeowsBlessing","Bag of Preparation","Lizard Tail","Dream Catcher","Smiling Mask","Pen Nib","OrangePellets","Vajra","SlaversCollar","Boot","Red Mask","Toxic Egg 2","Whetstone","MawBank"],"acts_visited":["Exordium","TheCity"],"potions_floor_usage":[33,33],"damage_taken":[{"damage":0.0,"enemies":"Cultist","floor":1.0,"turns":1.0},{"damage":0.0,"enemies":"2 Louse","floor":2.0,"turns":1.0},{"damage":0.0,"enemies":"Gremlin Nob","floor":6.0,"turns":1.0},{"damage":0.0,"enemies":"Small Slimes","floor":8.0,"turns":3.0},{"damage":30.0,"enemies":"3 Sentries","floor":10.0,"turns":6.0},{"damage":44.0,"enemies":"Gremlin Nob","floor":12.0,"turns":6.0},{"damage":15.0,"enemies":"Slime Boss","floor":16.0,"turns":6.0},{"damage":0.0,"enemies":"Spheric Guardian","floor":18.0,"turns":1.0},{"damage":3.0,"enemies":"Masked Bandits","floor":22.0,"turns":2.0},{"damage":39.0,"enemies":"Book of Stabbing","floor":24.0,"turns":4.0},{"damage":5.0,"enemies":"Shell Parasite","floor":27.0,"turns":3.0},{"damage":6.0,"enemies":"Chosen and Byrds","floor":28.0,"turns":4.0},{"damage":3.0,"enemies":"Slavers","floor":29.0,"turns":1.0},{"damage":31.0,"enemies":"Centurion and Healer","floor":30.0,"turns":7.0},{"damage":18.0,"enemies":"Gremlin Leader","floor":31.0,"turns":4.0},{"damage":66,"enemies":"Automaton","floor":33,"turns":8}],"seed_played":"-6262740588340644338","potions_obtained":[{"floor":6.0,"key":"FearPotion"},{"floor":8.0,"key":"Weak Potion"},{"floor":16.0,"key":"Energy Potion"},{"floor":18.0,"key":"LiquidBronze"},{"floor":24.0,"key":"SkillPotion"},{"floor":30.0,"key":"Weak Potion"}],"is_trial":false,"path_per_floor":["M","M","?","?","$","E","?","M","T","E","R","E","?","$","R","B",null,"M","$","?","?","?","R","E","R","T","M","M","E","M","E","R","B"],"character_chosen":"IRONCLAD","items_purchased":["Fire Potion","OrangePellets","Vajra","AttackPotion"],"campfire_rested":0,"item_purchase_floors":[5,14,14,14],"current_hp_per_floor":[80,80,69,69,69,75,75,80,80,56,56,18,18,18,18,9,80,80,80,80,80,80,80,47,47,47,48,48,51,26,14,14,0,0],"gold":281,"neow_bonus":"THREE_ENEMY_KILL","is_daily":false,"chose_seed":false,"campfire_upgraded":5,"win_rate":0.0,"timestamp":1611344312,"path_taken":["M","M","?","?","$","E","?","?","T","E","R","E","?","$","R","BOSS","M","$","?","?","?","R","E","R","T","M","M","E","?","E","R","BOSS"],"items_purchased_type":["Potion","Relic","Relic","Potion"],"build_version":"2020-12-22","purchased_purges":3,"victory":false,"max_hp_per_floor":[80,80,80,80,80,80,80,80,80,80,80,80,80,80,80,80,80,80,80,80,80,80,80,80,80,80,80,80,80,80,80,80,80,80],"relic_stats":{"OrangePellets":[0],"Lizard Tail":40,"Dream Catcher":0,"counters":[16,58],"Pen Nib":[5],"Bag of Preparation":[28],"Whetstone":["Bash","Strike_R"],"Smiling Mask":125,"Boot":[7],"MawBank":24,"obtain_stats":[{"NeowsBlessing":0,"Vajra":14,"Pen Nib":12,"Bag of Preparation":4,"Whetstone":29,"Smiling Mask":10,"Boot":21,"MawBank":31,"Burning Blood":0,"OrangePellets":14,"SlaversCollar":17,"Lizard Tail":6,"Dream Catcher":9,"Red Mask":22,"Toxic Egg 2":24},{"NeowsBlessing":0,"Vajra":6,"Pen Nib":6,"Bag of Preparation":2,"Whetstone":13,"Smiling Mask":5,"Boot":8,"MawBank":15,"Burning Blood":0,"OrangePellets":6,"SlaversCollar":7,"Lizard Tail":3,"Dream Catcher":4,"Red Mask":9,"Toxic Egg 2":10},{"NeowsBlessing":0,"Vajra":18,"Pen Nib":18,"Bag of Preparation":2,"Whetstone":39,"Smiling Mask":12,"Boot":25,"MawBank":50,"Burning Blood":0,"OrangePellets":18,"SlaversCollar":24,"Lizard Tail":3,"Dream Catcher":6,"Red Mask":27,"Toxic Egg 2":31}],"Burning Blood":68},"card_choices":[{"not_picked":["Armaments","Sentinel"],"picked":"Seeing Red","floor":1.0},{"not_picked":["Wild Strike","Perfected Strike"],"picked":"Whirlwind","floor":2.0},{"not_picked":["Power Through","Hemokinesis"],"picked":"Uppercut","floor":6.0},{"not_picked":["Twin Strike","Blood for Blood"],"picked":"Bloodletting","floor":8.0},{"not_picked":["Searing Blow","Pummel"],"picked":"Uppercut","floor":10.0},{"not_picked":["Dual Wield","Clash"],"picked":"Shockwave","floor":12.0},{"not_picked":["Demon Form","Reaper"],"picked":"Limit Break","floor":16.0},{"not_picked":["Headbutt","Metallicize"],"picked":"Armaments+1","floor":18.0},{"not_picked":["Pummel","Dropkick"],"picked":"Seeing Red+1","floor":24.0},{"not_picked":["Cleave","Thunderclap"],"picked":"True Grit+1","floor":27.0},{"not_picked":["Hemokinesis","Clothesline"],"picked":"Flex+1","floor":28.0},{"not_picked":["Headbutt","Bludgeon"],"picked":"Impervious+1","floor":29.0},{"not_picked":["Dropkick","Flex+1","Sword Boomerang"],"picked":"SKIP","floor":30.0},{"not_picked":["Wild Strike+1","Clothesline","Flex+1"],"picked":"SKIP","floor":31.0}],"player_experience":1378443,"relics_obtained":[{"floor":6.0,"key":"Lizard Tail"},{"floor":9.0,"key":"Dream Catcher"},{"floor":10.0,"key":"Smiling Mask"},{"floor":12.0,"key":"Pen Nib"},{"floor":22.0,"key":"Red Mask"},{"floor":24.0,"key":"Toxic Egg 2"},{"floor":29.0,"key":"Whetstone"},{"floor":31.0,"key":"MawBank"}],"event_choices":[{"damage_healed":0.0,"max_hp_gain":0.0,"max_hp_loss":0.0,"gold_gain":75.0,"event_name":"World of Goop","player_choice":"Gather Gold","floor":3.0,"gold_loss":0.0,"damage_taken":11.0},{"damage_healed":0.0,"max_hp_gain":0.0,"max_hp_loss":0.0,"gold_gain":0.0,"event_name":"Big Fish","player_choice":"Box","floor":4.0,"gold_loss":0.0,"damage_taken":0.0,"relics_obtained":["Bag of Preparation"],"cards_obtained":["Regret"]},{"damage_healed":0.0,"max_hp_gain":0.0,"max_hp_loss":0.0,"gold_gain":175.0,"event_name":"Liars Game","player_choice":"AGREE","floor":7.0,"gold_loss":0.0,"damage_taken":0.0,"cards_obtained":["Doubt"]},{"damage_healed":0.0,"max_hp_gain":0.0,"max_hp_loss":0.0,"gold_gain":0.0,"event_name":"Living Wall","player_choice":"Grow","floor":13.0,"gold_loss":0.0,"damage_taken":0.0,"cards_upgraded":["Whirlwind"]},{"damage_healed":0.0,"max_hp_gain":0.0,"max_hp_loss":0.0,"gold_gain":0.0,"event_name":"The Library","player_choice":"Read","floor":20.0,"gold_loss":0.0,"damage_taken":0.0,"cards_obtained":["Bloodletting"]},{"damage_healed":0.0,"max_hp_gain":0.0,"max_hp_loss":0.0,"gold_gain":0.0,"event_name":"Addict","player_choice":"Stole Relic","floor":21.0,"gold_loss":0.0,"damage_taken":0.0,"relics_obtained":["Boot"],"cards_obtained":["Shame"]},{"damage_healed":0.0,"max_hp_gain":0.0,"max_hp_loss":0.0,"gold_gain":0.0,"event_name":"Masked Bandits","player_choice":"Fought Bandits","floor":22.0,"gold_loss":0.0,"damage_taken":0.0}],"is_beta":false,"boss_relics":[{"not_picked":["Empty Cage","Runic Dome"],"picked":"SlaversCollar"}],"items_purged_floors":[5,14,19],"is_endless":false,"potions_floor_spawned":[6,8,16,18,24,30],"killed_by":"Automaton","ascension_level":1}}