{"host":"hb254truj5uxpodn","time":1611303514,"event":{"mods":["2.2 Compatiblity","AchievementEnabler","Aspiration","BaseMod","Bestiary","Better Altar","Better Match","Better Note","Better Sensory Stone","Better Skull","Better Third Choice","Better Vampires","BetterRewards","CapriCore","Chen","Colored Map","Colored Powertips","Conspire","Energized Spire","Friendly Minions","GifTheSpireLib","Highlight Path","Hubris","Infinite Spire","Minty Spire (QoL Compilation)","Permanent Neow","Practice Mode","Quick Restart","Relic Stats","Replay The Spire","Shop Mod","Spicy Shops","StSLib","SuperFastMode","Uncapped","vexMod"],"gold_per_floor":[112,130,130,130,130,130,161,161,188,188,113,139,158,158,174,187,198,198,198,198,148,148,172,172,72,82,98,116,116,212,212,229,37,51,51,101,101,151,176,255,255,255,316,281,296,296,393,393,404,504,554,570,586,615,615,633,633,646,658,720,398,398,398,114,468,494,544,594,644,700,788,788,788,788,819,191,233,266,266,431,431,483,144,212,187,298,364,364,433,433,433,533,583,633,683,683,892,892,1021,1071,1185,1280,1429,1429,1578,1628,1628,1811,2043,2093,2143,2143,2143,2233,2233,2233,1646,1884,1969],"floor_reached":120,"language":"ENG","playtime":7916,"items_purged":["Chen:Strike","Chen:Strike","Chen:Defend","Chen:Defend","Chen:Defend+1","Languid","Chen:StudySharpen+1","Chen:Spray+1"],"score":2324,"play_id":"9c744ebd-7e6d-4bd3-872c-a3e93d2b8c17","local_time":"20210122001834","is_ascension_mode":false,"campfire_choices":[{"floor":6.0,"key":"RECALL"},{"floor":8.0,"key":"REST"},{"data":"Chen:Tear","floor":10.0,"key":"SMITH"},{"data":"Chen:StudySharpen","floor":20.0,"key":"SMITH"},{"data":"Chen:Lacerate","floor":22.0,"key":"SMITH"},{"data":"Chen:GlitterPoke","floor":24.0,"key":"SMITH"},{"floor":29.0,"key":"REST"},{"data":"Chen:Barrier","floor":37.0,"key":"SMITH"},{"data":"Chen:Nimbleness","floor":42.0,"key":"SMITH"},{"data":"Chen:StudySharpen","floor":46.0,"key":"SMITH"},{"data":"Chen:Gash","floor":55.0,"key":"SMITH"},{"floor":63,"key":"REST"},{"data":"ReplayTheSpireMod:Haul","floor":63,"key":"SMITH"},{"data":"Bandage Up","floor":72,"key":"SMITH"},{"data":"Crow Ritual","floor":72,"key":"SMITH"},{"data":"Chen:Scratch","floor":79,"key":"SMITH"},{"data":"Chen:UpperHand","floor":79,"key":"SMITH"},{"data":"Chen:Spray","floor":88,"key":"SMITH"},{"floor":96,"key":"DIG"},{"floor":104,"key":"REST"},{"data":"infinitespire:Collect","floor":113,"key":"SMITH"},{"data":"Chen:Scratch","floor":113,"key":"SMITH"}],"circlet_count":0,"master_deck":["Chen:GlitterPoke+1","Chen:Tear+1","Chen:StudySharpen+1","Chen:UpperHand+1","Chen:Nimbleness+1","Chen:Barrier+1","Chen:RecklessLeap+1","Chen:Scratch+1","Chen:Gash+1","ReplayTheSpireMod:Haul+1","Bandage Up+1","Crow Ritual+1","Chen:SurpriseAttack+1","Chen:Recuperate+1","Chen:Scratch+1","Forethought+1","Chen:Afterimages+1","Secret Technique+1","Chen:Stability+1","Chen:Recuperate+1","Chen:Scratch+1","infinitespire:Collect+1","Replay:Bootleg Shield Generator+1","Chen:Scratch+1"],"relics":["Chen:Catnip","hubris:Icosahedron","Gremlin Food","Mirror","Blood Vial","vexMod:NewClearReactor","SsserpentHead","Quantum Egg","Matryoshka","hubris:BottledRain","Shuriken","infinitespire:Magic Flask","Unceasing Top","hubris:SphereOfDissonance","infinitespire:Eraser","Replay:Bandana","Bag of Marbles","Ornamental Fan","Replay:Arrowhead","infinitespire:CheckeredPen","Golden Egg","ClockworkSouvenir","Orrery","Ring of Fury","Sundial","Bottled Lightning","vexMod:RetaliationKit","vexMod:BarristanHead","Snack Pack","hubris:HerbalPaste","Medical Kit","FossilizedHelix","Garlic","Replay:Accelerometer","hubris:TinFlute","infinitespire:EvilPickle","conspire:RunicOctahedron","Replay:Baseball","Art of War","Replay:Ringing Soul","aspiration:TomeofQuesting","infinitespire:WardingShard","infinitespire:FocusingShard","aspiration:FrozenJewel"],"acts_visited":["Exordium","Exordium","TheCity","TheBeyond","Exordium","TheCity","TheBeyond","TheEnding"],"potions_floor_usage":[119],"damage_taken":[{"damage":6.0,"enemies":"Cultist","floor":1.0,"turns":3.0},{"damage":7.0,"enemies":"2 Louse","floor":2.0,"turns":2.0},{"damage":36.0,"enemies":"Replay:BlueRogue","floor":7.0,"turns":6.0},{"damage":34.0,"enemies":"Lagavulin","floor":12.0,"turns":5.0},{"damage":7.0,"enemies":"Small Slimes","floor":13.0,"turns":3.0},{"damage":0.0,"enemies":"Small Slimes","floor":15.0,"turns":2.0},{"damage":3.0,"enemies":"2 Louse","floor":16.0,"turns":2.0},{"damage":6.0,"enemies":"Cultist","floor":17.0,"turns":2.0},{"damage":10.0,"enemies":"Looter","floor":26.0,"turns":3.0},{"damage":0.0,"enemies":"Large Slime","floor":27.0,"turns":5.0},{"damage":12.0,"enemies":"Gremlin Gang","floor":28.0,"turns":3.0},{"damage":45.0,"enemies":"Slime Boss","floor":30.0,"turns":12.0},{"damage":0.0,"enemies":"Shell Parasite","floor":32.0,"turns":3.0},{"damage":0.0,"enemies":"Spheric Guardian","floor":34.0,"turns":2.0},{"damage":5.0,"enemies":"Gremlin Leader","floor":39.0,"turns":4.0},{"damage":7.0,"enemies":"Snecko","floor":43.0,"turns":2.0},{"damage":0.0,"enemies":"Snake Plant","floor":45.0,"turns":2.0},{"damage":16.0,"enemies":"Champ","floor":47.0,"turns":2.0},{"damage":0.0,"enemies":"3 Shapes","floor":49.0,"turns":8.0},{"damage":6.0,"enemies":"Mind Bloom Boss Battle","floor":50.0,"turns":2.0},{"damage":0.0,"enemies":"Orb Walker","floor":52.0,"turns":1.0},{"damage":0.0,"enemies":"Writhing Mass","floor":53.0,"turns":2.0},{"damage":0.0,"enemies":"R_Hoarder","floor":54.0,"turns":2.0},{"damage":0.0,"enemies":"3 Darklings","floor":56.0,"turns":1.0},{"damage":0.0,"enemies":"Jaw Worm Horde","floor":58.0,"turns":2.0},{"damage":0.0,"enemies":"Writhing Mass","floor":59.0,"turns":1.0},{"damage":30,"enemies":"4 Shapes","floor":60,"turns":4},{"damage":0,"enemies":"2 Louse","floor":65,"turns":1},{"damage":4,"enemies":"conspire:RoseBush","floor":66,"turns":1},{"damage":0,"enemies":"Gremlin Nob","floor":70,"turns":1},{"damage":0,"enemies":"Jaw Worm","floor":71,"turns":1},{"damage":0,"enemies":"2 Fungi Beasts","floor":75,"turns":1},{"damage":0,"enemies":"Lots of Slimes","floor":77,"turns":1},{"damage":0,"enemies":"Looter","floor":78,"turns":1},{"damage":0,"enemies":"Hexaghost","floor":80,"turns":2},{"damage":0,"enemies":"conspire:FuzzyDice","floor":82,"turns":2},{"damage":0,"enemies":"3 Byrds","floor":84,"turns":2},{"damage":0,"enemies":"Sentry and Sphere","floor":86,"turns":2},{"damage":0,"enemies":"conspire:Head Lice","floor":87,"turns":2},{"damage":0,"enemies":"3 Cultists","floor":89,"turns":2},{"damage":0,"enemies":"Centurion and Healer","floor":95,"turns":2},{"damage":0,"enemies":"Pondfish","floor":97,"turns":2},{"damage":0,"enemies":"3 Darklings","floor":99,"turns":2},{"damage":0,"enemies":"Orb Walker","floor":101,"turns":1},{"damage":0,"enemies":"Writhing Mass","floor":103,"turns":1},{"damage":0,"enemies":"Spire Growth","floor":105,"turns":1},{"damage":0,"enemies":"Jaw Worm Horde","floor":108,"turns":1},{"damage":0,"enemies":"Transient","floor":109,"turns":5},{"damage":0,"enemies":"Donu and Deca","floor":114,"turns":1},{"damage":0,"enemies":"Shield and Spear","floor":118,"turns":1},{"damage":0,"enemies":"The Heart","floor":119,"turns":3}],"seed_played":"-6789036046726611103","potions_obtained":[{"floor":13.0,"key":"Fire Potion"},{"floor":15.0,"key":"FairyPotion"},{"floor":26.0,"key":"Swift Potion"}],"is_trial":false,"path_per_floor":["M","M","?","?","?","R","E","R","T","R","$","E","M","M","M","M","M","?","?","R","?","R","T","R","$","M","M","M","R","B",null,"M","$","M","?","?","R","?","E","T","AVR","R","M","?","M","R","B",null,"M","?","?","M","M","E","R","M","T","M","M","M","$","AVR","R","B","M","M","?","?","?","E","M","R","T","AVR","M","$","M","M","R","B",null,"M","$","M","?","M","E","R","M","T","AVR","?","?","?","M","R_BF","B",null,"M","?","M","?","M","R","M","?","T","M","M","?","?","AVR","R","B",null,"R","$","E","B",null],"character_chosen":"CHEN","items_purchased":["Chen:Barrier","Replay:Bandana","Bag of Marbles","Bandage Up","infinitespire:CheckeredPen","Crow Ritual","Golden Egg","ClockworkSouvenir","Orrery","hubris:HerbalPaste","Replay:Baseball","Forethought","Medical Kit","Secret Technique","infinitespire:WardingShard","infinitespire:FocusingShard","Replay:Bootleg Shield Generator"],"campfire_rested":4,"item_purchase_floors":[33,61,61,64,64,64,64,64,64,76,76,76,83,83,117,117,117],"current_hp_per_floor":[71,64,57,57,57,57,21,44,44,44,44,10,3,84,84,81,75,83,76,76,76,76,76,76,76,68,70,60,84,39,84,84,84,84,84,84,84,84,79,79,79,79,74,74,76,76,62,84,84,78,78,80,82,84,84,84,84,84,84,54,54,54,79,84,84,80,80,83,83,87,87,87,87,87,87,87,87,87,87,87,87,87,87,87,87,87,87,87,87,87,87,87,87,87,87,87,87,87,87,87,87,53,67,87,87,87,87,87,87,87,87,90,90,90,90,90,93,96,96],"gold":1969,"neow_bonus":"TEN_PERCENT_HP_BONUS","is_daily":false,"chose_seed":false,"campfire_upgraded":16,"win_rate":0.0,"timestamp":1611303514,"path_taken":["M","M","?","?","?","R","E","R","T","R","$","E","?","M","M","M","M","?","?","R","?","R","T","R","$","M","M","M","R","BOSS","M","$","M","?","?","R","?","E","T","AVR","R","?","?","M","R","BOSS","M","?","?","M","M","E","R","M","T","M","M","?","?","AVR","R","BOSS","M","M","?","?","?","E","?","R","T","AVR","M","?","M","M","R","BOSS","M","$","M","?","?","E","R","M","T","AVR","?","?","?","M","R_BF","BOSS","M","?","M","?","M","R","M","?","T","M","M","?","?","AVR","R","BOSS","R","$","E","BOSS"],"items_purchased_type":["Card","Relic","Relic","Card","Relic","Card","Relic","Relic","Relic","Relic","Relic","Card","Relic","Card","Relic","Relic","Card"],"build_version":"2020-12-22","purchased_purges":8,"victory":true,"max_hp_per_floor":[77,77,77,77,77,77,77,77,77,77,77,77,77,84,84,84,84,84,84,84,84,84,84,84,84,84,84,84,84,84,84,84,84,84,84,84,84,84,84,84,84,84,84,84,84,84,84,84,84,84,84,84,84,84,84,84,84,84,84,84,84,84,84,84,84,84,84,87,87,87,87,87,87,87,87,87,87,87,87,87,87,87,87,87,87,87,87,87,87,87,87,87,87,87,87,87,87,87,87,87,87,87,87,87,87,87,87,87,87,87,87,90,90,90,90,90,93,96,96],"relic_stats":{"Blood Vial":26,"SsserpentHead":1150,"counters":[71,216],"Shuriken":[106],"Ornamental Fan":[252],"Sundial":[86],"Art of War":[0],"Medical Kit":[11],"obtain_stats":[{"Golden Egg":64,"Replay:Accelerometer":91,"Vajra":40,"Blood Vial":49,"Replay:Ringing Soul":9,"Lizard Tail":87,"aspiration:PoetsPen":34,"hubris:HerbalPaste":76,"Sundial":69,"vexMod:RetaliationKit":73,"vexMod:NewClearReactor":100,"hubris:TinFlute":96,"aspiration:Nostalgia":37,"Counterbalance":43,"hubris:SphereOfDissonance":100,"infinitespire:Beetle Shell":46,"infinitespire:Magic Flask":100,"War Paint":91,"aspiration:FrozenJewel":118,"infinitespire:EvilPickle":97,"Replay:Baseball":76,"infinitespire:Lychee Nut":75,"Shuriken":100,"Bronze Scales":11,"ReplayTheSpireMod:TigerMarble":47,"Mirror":100,"Unceasing Top":100,"Meat on the Bone":8,"ReplayFunnel":42,"ReplayTheSpireMod:Ring of Exchange":84,"Painkiller Herb":17,"Blue Doll":39,"aspiration:TomeofQuesting":112,"ClockworkSouvenir":61,"SsserpentHead":100,"Replay:Bandana":100,"hubris:Icosahedron":3,"Matryoshka":100,"Chen:Catnip":0,"hubris:Stopwatch":54,"infinitespire:Eraser":80,"Gremlin Food":100,"Quantum Egg":100,"conspire:RunicOctahedron":98,"infinitespire:FocusingShard":117,"infinitespire:CheckeredPen":64,"Orichalcum":63,"Medical Kit":27,"Replay:Arrowhead":64,"vexMod:BarristanHead":73,"infinitespire:WardingShard":117,"Ornamental Fan":100,"betterThird:SlimedRelic":14,"Orrery":24,"Ring of Fury":67,"Coffee Dripper":71,"Snack Pack":74,"Garlic":90,"Bag of Marbles":100,"Art of War":102,"Membership Card":11,"Bottled Lightning":70,"PureWater":37,"TungstenRod":64,"hubris:Potato":90,"FossilizedHelix":87,"hubris:BottledRain":100},{"Golden Egg":47,"Replay:Accelerometer":60,"Vajra":21,"Blood Vial":25,"Replay:Ringing Soul":4,"Lizard Tail":45,"aspiration:PoetsPen":17,"hubris:HerbalPaste":52,"Sundial":49,"vexMod:RetaliationKit":51,"vexMod:NewClearReactor":63,"hubris:TinFlute":61,"aspiration:Nostalgia":20,"Counterbalance":22,"hubris:SphereOfDissonance":63,"infinitespire:Beetle Shell":23,"infinitespire:Magic Flask":63,"War Paint":46,"aspiration:FrozenJewel":70,"infinitespire:EvilPickle":62,"Replay:Baseball":52,"infinitespire:Lychee Nut":41,"Shuriken":63,"Bronze Scales":5,"ReplayTheSpireMod:TigerMarble":23,"Mirror":63,"Unceasing Top":63,"Meat on the Bone":4,"ReplayFunnel":22,"ReplayTheSpireMod:Ring of Exchange":43,"Painkiller Herb":7,"Blue Doll":21,"aspiration:TomeofQuesting":68,"ClockworkSouvenir":33,"SsserpentHead":63,"Replay:Bandana":63,"hubris:Icosahedron":1,"Matryoshka":63,"Chen:Catnip":0,"hubris:Stopwatch":28,"infinitespire:Eraser":42,"Gremlin Food":63,"Quantum Egg":63,"conspire:RunicOctahedron":62,"infinitespire:FocusingShard":69,"infinitespire:CheckeredPen":47,"Orichalcum":34,"Medical Kit":13,"Replay:Arrowhead":47,"vexMod:BarristanHead":51,"infinitespire:WardingShard":69,"Ornamental Fan":63,"betterThird:SlimedRelic":6,"Orrery":12,"Ring of Fury":49,"Coffee Dripper":38,"Snack Pack":51,"Garlic":60,"Bag of Marbles":63,"Art of War":64,"Membership Card":5,"Bottled Lightning":50,"PureWater":20,"TungstenRod":34,"hubris:Potato":45,"FossilizedHelix":59,"hubris:BottledRain":63},{"Golden Egg":177,"Replay:Accelerometer":196,"Vajra":96,"Blood Vial":105,"Replay:Ringing Soul":17,"Lizard Tail":170,"aspiration:PoetsPen":83,"hubris:HerbalPaste":182,"Sundial":179,"vexMod:RetaliationKit":181,"vexMod:NewClearReactor":202,"hubris:TinFlute":198,"aspiration:Nostalgia":94,"Counterbalance":98,"hubris:SphereOfDissonance":202,"infinitespire:Beetle Shell":100,"infinitespire:Magic Flask":202,"War Paint":172,"aspiration:FrozenJewel":213,"infinitespire:EvilPickle":200,"Replay:Baseball":182,"infinitespire:Lychee Nut":155,"Shuriken":202,"Bronze Scales":20,"ReplayTheSpireMod:TigerMarble":100,"Mirror":202,"Unceasing Top":202,"Meat on the Bone":17,"ReplayFunnel":98,"ReplayTheSpireMod:Ring of Exchange":162,"Painkiller Herb":32,"Blue Doll":96,"aspiration:TomeofQuesting":211,"ClockworkSouvenir":131,"SsserpentHead":202,"Replay:Bandana":202,"hubris:Icosahedron":3,"Matryoshka":202,"Chen:Catnip":0,"hubris:Stopwatch":115,"infinitespire:Eraser":157,"Gremlin Food":202,"Quantum Egg":202,"conspire:RunicOctahedron":200,"infinitespire:FocusingShard":212,"infinitespire:CheckeredPen":177,"Orichalcum":133,"Medical Kit":61,"Replay:Arrowhead":177,"vexMod:BarristanHead":181,"infinitespire:WardingShard":212,"Ornamental Fan":202,"betterThird:SlimedRelic":23,"Orrery":57,"Ring of Fury":179,"Coffee Dripper":146,"Snack Pack":181,"Garlic":196,"Bag of Marbles":202,"Art of War":203,"Membership Card":20,"Bottled Lightning":180,"PureWater":94,"TungstenRod":133,"hubris:Potato":170,"FossilizedHelix":194,"hubris:BottledRain":202}],"Unceasing Top":[27]},"card_choices":[{"not_picked":["Chen:Instinct","Chen:BlueOniRedOni"],"picked":"Chen:Spray","floor":1.0},{"not_picked":["Chen:Shot","Chen:Panic"],"picked":"Chen:Tear","floor":2.0},{"not_picked":["Chen:SelfConfidence","Chen:Sneak","Chen:TauntHiss"],"picked":"SKIP","floor":7.0},{"not_picked":["Chen:Instinct","Chen:EmergencyEscape"],"picked":"Chen:Lacerate","floor":12.0},{"not_picked":["Chen:GuardCounter","Chen:RecklessLeap","Chen:Flicker"],"picked":"SKIP","floor":13.0},{"not_picked":["Chen:Adaptability","Chen:EmergencyEscape","Chen:SurpriseAttack"],"picked":"SKIP","floor":15.0},{"not_picked":["Chen:Sweep","Chen:TauntHiss","Chen:Tear"],"picked":"SKIP","floor":16.0},{"not_picked":["Chen:Shot","Chen:Barrier"],"picked":"Chen:StudySharpen","floor":17.0},{"not_picked":["Chen:Exploit","Chen:Sneak","Chen:CatPunch"],"picked":"SKIP","floor":26.0},{"not_picked":["Chen:Tear","Chen:StudySharpen"],"picked":"Chen:UpperHand","floor":27.0},{"not_picked":["Chen:Barrier","Chen:Flit"],"picked":"Chen:StudySharpen","floor":28.0},{"not_picked":["Chen:FinalSpellCard","Chen:Gash"],"picked":"Chen:Nimbleness","floor":30.0},{"not_picked":["Chen:Instinct+1","Chen:Adaptability","Chen:Mixup"],"picked":"SKIP","floor":32.0},{"not_picked":["Chen:Knockout","Chen:Sneak","Chen:Lacerate"],"picked":"SKIP","floor":34.0},{"not_picked":["Chen:EvasiveFireShift","Chen:Sneak","Chen:Stability"],"picked":"SKIP","floor":39.0},{"not_picked":["Chen:Instinct","Chen:PentagramFlight+1","Chen:Sneak"],"picked":"SKIP","floor":43.0},{"not_picked":["Chen:EmergencyEscape","Chen:Lacerate","Chen:Spray"],"picked":"SKIP","floor":45.0},{"not_picked":["Chen:ResistTemptation","Chen:SelfControl+1"],"picked":"Chen:RecklessLeap","floor":49.0},{"not_picked":["Chen:Impale+1","Chen:Fadeout+1","Chen:Barrier+1"],"picked":"SKIP","floor":52.0},{"not_picked":["Chen:Sidestep","Chen:BlueOniRedOni+1"],"picked":"Chen:Scratch+1","floor":53.0},{"not_picked":["Chen:SelfControl+1","Chen:Recuperate+1"],"picked":"Chen:Gash","floor":54.0},{"not_picked":["Chen:EvasiveFireShift+1","Chen:Barrier+1","Chen:Instinct+1"],"picked":"SKIP","floor":56.0},{"not_picked":["Chen:Adaptability+1","Chen:Flit","Chen:StudySharpen"],"picked":"SKIP","floor":58.0},{"not_picked":["Chen:Shot+1","Chen:Sweep+1","Chen:DazzleFlash"],"picked":"SKIP","floor":59},{"not_picked":["Chen:CatPunch","Chen:TauntHiss+1","Chen:Tear+1"],"picked":"SKIP","floor":60},{"not_picked":["Chen:PentagramFlight","Chen:EmergencyEscape"],"picked":"Chen:SurpriseAttack","floor":64},{"not_picked":["Chen:Sidestep","Chen:GuardCounter"],"picked":"Chen:Recuperate","floor":64},{"not_picked":["Chen:Shot","Chen:Catseye","Chen:Fadeout"],"picked":"SKIP","floor":65},{"not_picked":["Chen:RecklessLeap","Chen:Gash","Chen:MisdirectSwipe"],"picked":"SKIP","floor":66},{"not_picked":["Chen:Spray","Chen:Instinct","Chen:Stability"],"picked":"SKIP","floor":70},{"not_picked":["Chen:Adaptability","Chen:Sweep","Chen:Sidestep"],"picked":"SKIP","floor":71},{"not_picked":["Chen:Adaptability","Chen:Spray"],"picked":"Chen:Scratch","floor":75},{"not_picked":["Chen:Tear","Chen:Spray","Chen:Shot"],"picked":"SKIP","floor":77},{"not_picked":["Chen:Instinct","Chen:Adaptability","Chen:CatPunch"],"picked":"SKIP","floor":78},{"not_picked":["Chen:FinalSpellCard","Chen:Clarity"],"picked":"Chen:Afterimages","floor":80},{"not_picked":["Chen:RecklessLeap","Chen:Tear","Chen:Adaptability+1"],"picked":"SKIP","floor":82},{"not_picked":["Chen:FollowUp","Chen:CatPunch"],"picked":"Chen:Stability","floor":84},{"not_picked":["Chen:Catseye","Chen:ResistTemptation"],"picked":"Chen:Recuperate+1","floor":86},{"not_picked":["Chen:Afterimages","Chen:Spray","Chen:GuardCounter"],"picked":"SKIP","floor":87},{"not_picked":["Chen:Salvo","Chen:Excitement+1","Chen:Adaptability"],"picked":"SKIP","floor":89},{"not_picked":["Chen:Flicker+1","Chen:Sweep","Chen:Instinct"],"picked":"SKIP","floor":95},{"not_picked":["Chen:EvasiveFireShift","Chen:MeditateFrenzy","Chen:PentagramFlight+1"],"picked":"SKIP","floor":99},{"not_picked":["Chen:PentagramFlight","Chen:Recuperate","Chen:Exploit"],"picked":"SKIP","floor":101},{"not_picked":["Chen:Sweep+1","Chen:BlueOniRedOni+1","Chen:Spray+1"],"picked":"SKIP","floor":103},{"not_picked":["Chen:Flit+1","Chen:EmergencyEscape"],"picked":"Chen:Scratch","floor":105},{"not_picked":["Chen:ResistTemptation","Chen:CatPunch+1","Chen:Flicker"],"picked":"SKIP","floor":108},{"not_picked":["Chen:RecklessLeap","Chen:Sneak","Chen:Instinct+1"],"picked":"SKIP","floor":109},{"not_picked":["Chen:Spray+1","Chen:Sneak+1"],"picked":"Chen:Scratch+1","floor":118}],"player_experience":837028,"relics_obtained":[{"floor":7.0,"key":"Gremlin Food"},{"floor":12.0,"key":"Mirror"},{"floor":23.0,"key":"Blood Vial"},{"floor":39.0,"key":"Quantum Egg"},{"floor":40.0,"key":"Matryoshka"},{"floor":50.0,"key":"infinitespire:Magic Flask"},{"floor":54.0,"key":"Unceasing Top"},{"floor":57.0,"key":"hubris:SphereOfDissonance"},{"floor":57.0,"key":"infinitespire:Eraser"},{"floor":67,"key":"Ring of Fury"},{"floor":69,"key":"Sundial"},{"floor":70,"key":"Bottled Lightning"},{"floor":73,"key":"vexMod:RetaliationKit"},{"floor":73,"key":"vexMod:BarristanHead"},{"floor":87,"key":"FossilizedHelix"},{"floor":90,"key":"Garlic"},{"floor":96,"key":"hubris:TinFlute"},{"floor":102,"key":"Art of War"},{"floor":107,"key":"Replay:Ringing Soul"},{"floor":118,"key":"aspiration:FrozenJewel"}],"event_choices":[{"cards_removed":["Chen:Strike"],"damage_healed":0.0,"max_hp_gain":0.0,"max_hp_loss":0.0,"gold_gain":0.0,"event_name":"Golden Wing","player_choice":"Card Removal","floor":3.0,"gold_loss":0.0,"damage_taken":7.0},{"cards_removed":["Chen:Strike"],"damage_healed":0.0,"max_hp_gain":0.0,"max_hp_loss":0.0,"gold_gain":0.0,"event_name":"Golden Wing","player_choice":"Card Removal","floor":19.0,"gold_loss":0.0,"damage_taken":7.0},{"cards_removed":["Chen:Strike"],"damage_healed":0.0,"max_hp_gain":0.0,"max_hp_loss":0.0,"gold_gain":0.0,"event_name":"The Cleric","player_choice":"Card Removal","floor":21.0,"gold_loss":50.0,"damage_taken":0.0},{"damage_healed":0.0,"max_hp_gain":0.0,"max_hp_loss":0.0,"gold_gain":0.0,"event_name":"FaceTrader","player_choice":"Trade","floor":35.0,"gold_loss":0.0,"damage_taken":0.0,"relics_obtained":["SsserpentHead"]},{"damage_healed":0.0,"max_hp_gain":0.0,"max_hp_loss":0.0,"gold_gain":0.0,"event_name":"The Woman in Blue","player_choice":"Bought 0 Potions","floor":36.0,"gold_loss":0.0,"damage_taken":0.0},{"cards_removed":["Chen:Nimbleness"],"damage_healed":0.0,"max_hp_gain":0.0,"max_hp_loss":0.0,"gold_gain":0.0,"event_name":"betterNote:BetterNote","player_choice":"Give","floor":38.0,"gold_loss":0.0,"damage_taken":0.0,"cards_obtained":["None"]},{"damage_healed":0.0,"max_hp_gain":0.0,"max_hp_loss":0.0,"gold_gain":0.0,"event_name":"Addict","player_choice":"Obtained Relic","floor":44.0,"gold_loss":85.0,"damage_taken":0.0,"relics_obtained":["Shuriken"]},{"damage_healed":0.0,"max_hp_gain":0.0,"max_hp_loss":0.0,"gold_gain":0.0,"event_name":"MindBloom","player_choice":"Fight","floor":50.0,"gold_loss":0.0,"damage_taken":0.0},{"damage_healed":0.0,"max_hp_gain":0.0,"max_hp_loss":0.0,"gold_gain":0.0,"event_name":"Upgrade Shrine","player_choice":"Upgraded","floor":51.0,"gold_loss":0.0,"damage_taken":0.0,"cards_upgraded":["Chen:RecklessLeap"]},{"damage_healed":0,"gold_gain":0,"player_choice":"Relic","damage_taken":0,"max_hp_gain":0,"max_hp_loss":0,"event_name":"Wheel of Change","floor":69,"gold_loss":0},{"damage_healed":0,"gold_gain":0,"player_choice":"2","damage_taken":0,"max_hp_gain":0,"max_hp_loss":0,"event_name":"betterMatch:BetterMatch","floor":85,"gold_loss":0,"cards_obtained":[]},{"damage_healed":0,"gold_gain":100,"player_choice":"Bet on Murderer","damage_taken":0,"max_hp_gain":0,"max_hp_loss":0,"event_name":"The Joust","floor":92,"gold_loss":50},{"cards_removed":["Chen:PounceTurnTail"],"damage_healed":0,"gold_gain":0,"player_choice":"Purged","damage_taken":0,"max_hp_gain":0,"max_hp_loss":0,"event_name":"Purifier","floor":93,"gold_loss":0},{"damage_healed":0,"gold_gain":0,"player_choice":"Ignored","damage_taken":0,"max_hp_gain":0,"max_hp_loss":0,"event_name":"Ghosts","floor":94,"gold_loss":0},{"cards_removed":["Chen:Lacerate"],"damage_healed":0,"gold_gain":0,"player_choice":"Removed Attack","damage_taken":0,"max_hp_gain":0,"max_hp_loss":0,"event_name":"Falling","floor":100,"gold_loss":0},{"damage_healed":0,"gold_gain":0,"player_choice":"Leave","damage_taken":0,"max_hp_gain":0,"max_hp_loss":0,"event_name":"conspire:Investor","floor":106,"gold_loss":0},{"damage_healed":0,"gold_gain":0,"player_choice":"Ignored","damage_taken":0,"max_hp_gain":0,"max_hp_loss":0,"event_name":"Transmorgrifier","floor":111,"gold_loss":0}],"is_beta":false,"boss_relics":[{"not_picked":["vexMod:EndlessSickness","Pandora\u0027s Box"],"picked":"vexMod:NewClearReactor"},{"not_picked":["energizedSpire:NeverEndingSparkler","infinitespire:Cupcake","energizedSpire:StickyHand"]},{"not_picked":["Philosopher\u0027s Stone","Snecko Heart","energizedSpire:EnergizedDie"]},{"not_picked":["conspire:SeveredTorchhead","Pandora\u0027s Box"],"picked":"conspire:RunicOctahedron"}],"items_purged_floors":[11,25,33,41,61,74,76,91],"is_endless":false,"potions_floor_spawned":[13,15,26,30,45,47,50,52,54,60,65,77,78,80,82,86,95,103,105,108,118],"ascension_level":0}}