{"host":"nsz9w3nbq5dzmcfk","time":1611276902,"event":{"mods":["AchievementEnabler","Bard","Bartender","BaseMod","Beaked The Cultist","Better Skull","Better Third Choice","Block Reminder","Card Forge","Challenge The Spire","Colored Map","DeckTracker","Downfall","Gremlin Mod","Gremlin Skip","Hermit","Magitek Elite","Marked Mod","Minty Spire (QoL Compilation)","Quick Restart","Robot Space Explorer","Shade Mod","StSLib","Td1madao Mod","The Bladedancer","The Bug Knight","The Clintock","The Construct","The Dragon Tamer","The Edgeheg","The Exalted","The Florist","The Hayseed","The Hierophant","The IronCluck","The Judge","The Jungle","The Marked","The Necromancer","The Spell Scribe"],"gold_per_floor":[113,123,134,409,419,419,431,458,458,458,414,433,446,466,466,565,565,585,684,698,698,368,395,395,395,419,431,431,465,465,479,479,578,578,588,588,638,494,511,511,542,426,426,437,466,485,505,519,519,519,519,519,216,246,246],"floor_reached":56,"language":"ENG","playtime":1715,"items_purged":[],"score":1531,"play_id":"6d1aff4c-f562-4ca8-a403-a95a2af6d1ae","local_time":"20210121195502","is_ascension_mode":true,"campfire_choices":[{"floor":6.0,"key":"REST"},{"floor":15.0,"key":"REST"},{"floor":24.0,"key":"RECALL"},{"floor":32.0,"key":"REST"},{"floor":40.0,"key":"REST"},{"floor":49.0,"key":"REST"},{"floor":52.0,"key":"REST"}],"circlet_count":0,"master_deck":["Defend_P+1","Defend_P+1","Defend_P+1","Defend_P+1","PathToVictory+1","MarkedMod:Acupuncture+1","PathToVictory+1","MarkedMod:PinPointDefense+1","MarkedMod:PinPointDefense+1","MarkedMod:PinPointDefense+1","PathToVictory+1","MarkedMod:GracefulMovements+1","MarkedMod:GentlePulse+1"],"relics":["PureWater","Hammer of Thor","Seething Fire","Anvil of the Gods","Meat on the Bone","Gremlin Horn","Cleaning_Rag","Busted Crown","Sundial","Bromod:ArcaneConsequence","TeardropLocket","construct:ClawGrip","Peace Pipe","Anchor","StoneCalendar","Toy Ornithopter","Oddly Smooth Stone","Pocketwatch","HollowMod:StagPassRelic"],"acts_visited":["Exordium","TheCity","TheBeyond","TheEnding"],"potions_floor_usage":[55,55],"damage_taken":[{"damage":0.0,"enemies":"Jaw Worm","floor":1.0,"turns":2.0},{"damage":0.0,"enemies":"Cultist","floor":2.0,"turns":2.0},{"damage":0.0,"enemies":"2 Louse","floor":3.0,"turns":2.0},{"damage":2.0,"enemies":"Looter","floor":5.0,"turns":2.0},{"damage":0.0,"enemies":"2 Fungi Beasts","floor":7.0,"turns":2.0},{"damage":8.0,"enemies":"Lagavulin","floor":8.0,"turns":3.0},{"damage":4.0,"enemies":"Blue Slaver","floor":12.0,"turns":2.0},{"damage":0.0,"enemies":"Large Slime","floor":13.0,"turns":2.0},{"damage":0.0,"enemies":"Gremlin Gang","floor":14.0,"turns":3.0},{"damage":1.0,"enemies":"The Guardian","floor":16.0,"turns":4.0},{"damage":0.0,"enemies":"Spheric Guardian","floor":18.0,"turns":2.0},{"damage":0.0,"enemies":"3 Byrds","floor":20.0,"turns":2.0},{"damage":0.0,"enemies":"Gremlin Leader","floor":23.0,"turns":3.0},{"damage":0.0,"enemies":"Sentry and Sphere","floor":27.0,"turns":4.0},{"damage":0.0,"enemies":"Slavers","floor":29.0,"turns":3.0},{"damage":0.0,"enemies":"Snake Plant","floor":31.0,"turns":3.0},{"damage":0.0,"enemies":"Champ","floor":33.0,"turns":5.0},{"damage":0.0,"enemies":"Orb Walker","floor":35.0,"turns":3.0},{"damage":0.0,"enemies":"Mind Bloom Boss Battle","floor":37.0,"turns":3.0},{"damage":0.0,"enemies":"3 Shapes","floor":39.0,"turns":3.0},{"damage":0.0,"enemies":"Reptomancer","floor":41.0,"turns":5.0},{"damage":0.0,"enemies":"Sphere and 2 Shapes","floor":44.0,"turns":3.0},{"damage":0.0,"enemies":"Giant Head","floor":45.0,"turns":5.0},{"damage":9.0,"enemies":"Jaw Worm Horde","floor":46.0,"turns":2.0},{"damage":0.0,"enemies":"Maw","floor":47.0,"turns":4.0},{"damage":0.0,"enemies":"Writhing Mass","floor":48.0,"turns":4.0},{"damage":10.0,"enemies":"Time Eater","floor":50.0,"turns":4.0},{"damage":31.0,"enemies":"Shield and Spear","floor":54.0,"turns":4.0},{"damage":33,"enemies":"The Heart","floor":55,"turns":5}],"seed_played":"-1707206262333078979","potions_obtained":[{"floor":1.0,"key":"Fire Potion"},{"floor":3.0,"key":"Dexterity Potion"},{"floor":5.0,"key":"Fire Potion"},{"floor":13.0,"key":"LiquidMemories"},{"floor":14.0,"key":"champ:CounterPotion"},{"floor":20.0,"key":"Explosive Potion"},{"floor":31.0,"key":"GamblersBrew"},{"floor":33.0,"key":"EssenceOfSteel"},{"floor":35.0,"key":"Strength Potion"},{"floor":46.0,"key":"ColorlessPotion"},{"floor":47.0,"key":"Regen Potion"},{"floor":48.0,"key":"BottledMiracle"},{"floor":54.0,"key":"ColorlessPotion"}],"is_trial":false,"path_per_floor":["M","M","M","?","M","R","M","E","T","?","?","M","M","M","R","B",null,"M","?","M","?","$","E","R","?","T","M","$","E","?","M","R","B",null,"M","?","?","$","M","R","E","$","T","M","E","M","M","M","R","B",null,"R","$","E","B",null],"character_chosen":"WATCHER","items_purchased":["MarkedMod:PinPointDefense","Sundial","Anchor","PathToVictory","MarkedMod:GracefulMovements","Pocketwatch"],"campfire_rested":6,"item_purchase_floors":[22,22,38,42,42,53],"current_hp_per_floor":[79,79,79,79,77,79,79,71,71,59,59,55,55,55,78,77,79,79,79,79,79,79,79,79,79,79,79,79,79,79,79,79,79,79,79,79,79,79,79,79,79,79,79,79,79,70,70,75,76,66,76,76,76,45,46],"gold":246,"neow_bonus":"TEN_PERCENT_HP_BONUS","is_daily":false,"chose_seed":false,"campfire_upgraded":0,"win_rate":0.0,"timestamp":1611276902,"path_taken":["M","M","M","?","?","R","M","E","T","?","?","M","M","M","R","BOSS","M","?","M","?","$","E","R","?","T","M","$","E","?","?","R","BOSS","M","?","?","?","M","R","E","$","T","M","E","?","M","M","R","BOSS","R","$","E","BOSS"],"items_purchased_type":["Card","Relic","Relic","Card","Card","Relic"],"build_version":"2020-12-22","purchased_purges":0,"victory":true,"max_hp_per_floor":[79,79,79,79,79,79,79,79,79,79,79,79,79,79,79,79,79,79,79,79,79,79,79,79,79,79,79,79,79,79,79,79,79,79,79,79,79,79,79,79,79,79,79,79,79,79,79,76,76,76,76,76,76,76,76],"card_choices":[{"not_picked":["WaveOfTheHand","Pray","Adaptation"],"picked":"SKIP","floor":1.0},{"not_picked":["EmptyFist","Wireheading"],"picked":"PathToVictory","floor":2.0},{"not_picked":["TalkToTheHand","Indignation"],"picked":"MarkedMod:Acupuncture","floor":3.0},{"not_picked":["InnerPeace","Judgement"],"picked":"PathToVictory","floor":5.0},{"not_picked":["WindmillStrike","DeceiveReality","Wallop"],"picked":"SKIP","floor":7.0},{"not_picked":["BowlingBash","MasterReality"],"picked":"MarkedMod:Acupuncture","floor":8.0},{"not_picked":["FollowUp","Conclude","ReachHeaven"],"picked":"SKIP","floor":12.0},{"not_picked":["Evaluate","Crescendo","JustLucky"],"picked":"SKIP","floor":13.0},{"not_picked":["FollowUp","FlurryOfBlows","EmptyFist"],"picked":"SKIP","floor":14.0},{"not_picked":["FlurryOfBlows"],"picked":"SKIP","floor":18.0},{"not_picked":[],"picked":"MarkedMod:PinPointDefense","floor":20.0},{"not_picked":["TalkToTheHand"],"picked":"SKIP","floor":23.0},{"not_picked":["Swivel+1"],"picked":"SKIP","floor":27.0},{"not_picked":["FlurryOfBlows"],"picked":"SKIP","floor":29.0},{"not_picked":["Consecrate"],"picked":"SKIP","floor":31.0},{"not_picked":[],"picked":"MarkedMod:PinPointDefense+1","floor":35.0},{"not_picked":["Crescendo+1"],"picked":"SKIP","floor":39.0},{"not_picked":["MasterReality"],"picked":"SKIP","floor":41.0},{"not_picked":["Wireheading+1"],"picked":"SKIP","floor":44.0},{"not_picked":["SandsOfTime"],"picked":"SKIP","floor":45.0},{"not_picked":["FollowUp"],"picked":"SKIP","floor":46.0},{"not_picked":["FearNoEvil"],"picked":"SKIP","floor":47.0},{"not_picked":[],"picked":"MarkedMod:GentlePulse","floor":48.0},{"not_picked":["TalkToTheHand"],"picked":"SKIP","floor":54.0}],"player_experience":474331,"relics_obtained":[{"floor":8.0,"key":"Meat on the Bone"},{"floor":9.0,"key":"Gremlin Horn"},{"floor":23.0,"key":"Bromod:ArcaneConsequence"},{"floor":29.0,"key":"TeardropLocket"},{"floor":37.0,"key":"Peace Pipe"},{"floor":41.0,"key":"StoneCalendar"},{"floor":43.0,"key":"Toy Ornithopter"},{"floor":45.0,"key":"Oddly Smooth Stone"},{"floor":54.0,"key":"HollowMod:StagPassRelic"}],"event_choices":[{"damage_healed":0.0,"max_hp_gain":0.0,"max_hp_loss":0.0,"gold_gain":275.0,"event_name":"Golden Shrine","player_choice":"Desecrate","floor":4.0,"gold_loss":0.0,"damage_taken":0.0,"cards_obtained":["Regret"]},{"damage_healed":0.0,"max_hp_gain":0.0,"max_hp_loss":0.0,"gold_gain":0.0,"event_name":"betterThird:BetterScrap","player_choice":"Relic ","floor":10.0,"gold_loss":0.0,"damage_taken":12.0,"cards_obtained":["Tactician"]},{"damage_healed":0.0,"max_hp_gain":0.0,"max_hp_loss":0.0,"gold_gain":0.0,"event_name":"betterThird:BetterGoop","player_choice":"Left","floor":11.0,"gold_loss":44.0,"damage_taken":0.0},{"damage_healed":0.0,"max_hp_gain":0.0,"max_hp_loss":0.0,"gold_gain":99.0,"event_name":"betterThird:BetterNest","player_choice":"Steal","floor":19.0,"gold_loss":0.0,"damage_taken":0.0},{"cards_removed":["MarkedMod:Acupuncture"],"damage_healed":0.0,"max_hp_gain":0.0,"max_hp_loss":0.0,"gold_gain":0.0,"event_name":"betterThird:BetterWriting","player_choice":"Elegance","floor":21.0,"gold_loss":0.0,"damage_taken":0.0},{"damage_healed":0.0,"max_hp_gain":0.0,"max_hp_loss":0.0,"gold_gain":0.0,"event_name":"The Woman in Blue","player_choice":"Bought 0 Potions","floor":30.0,"gold_loss":0.0,"damage_taken":0.0},{"damage_healed":0.0,"max_hp_gain":0.0,"max_hp_loss":0.0,"gold_gain":0.0,"event_name":"SensoryStone","player_choice":"Memory 1","floor":36.0,"gold_loss":0.0,"damage_taken":0.0},{"damage_healed":0.0,"max_hp_gain":0.0,"max_hp_loss":0.0,"gold_gain":0.0,"event_name":"MindBloom","player_choice":"Fight","floor":37.0,"gold_loss":0.0,"damage_taken":0.0}],"is_beta":false,"boss_relics":[{"not_picked":["Bromod:ArcaneGrace","beaked:SacredDeck"],"picked":"Busted Crown"},{"not_picked":["Coffee Dripper","Cursed Key"],"picked":"construct:ClawGrip"}],"items_purged_floors":[],"is_endless":false,"potions_floor_spawned":[1,3,5,13,14,20,31,33,35,46,47,48,54],"ascension_level":1}}