{"host":"hwrdjx5eod2cxh09","time":1611295527,"event":{"mods":["AchievementEnabler","BaseMod","Bestiary","Minty Spire (QoL Compilation)","Relic Stats"],"gold_per_floor":[119,130,130,150,150,150,184,204,229,263,277,277,277,277,277,380,380,393,163,163,180,180,205,205,222,247,274,274,274,303,314,314,416,416,430,86,86,106,120,153,163,196,221,221,256,33,81,81,81,81,81,81,29,62,62,62],"floor_reached":55,"language":"ENG","playtime":2827,"items_purged":[],"score":887,"play_id":"9f6a06b7-f78c-4e22-8f3f-f8eae6f119ad","local_time":"20210122150527","is_ascension_mode":true,"campfire_choices":[{"data":"Bash","floor":6,"key":"SMITH"},{"data":"Double Tap","floor":12,"key":"SMITH"},{"data":"Pommel Strike","floor":15,"key":"SMITH"},{"data":"Demon Form","floor":24,"key":"SMITH"},{"floor":28,"key":"REST"},{"data":"Body Slam","floor":32,"key":"SMITH"},{"data":"Clothesline","floor":44,"key":"SMITH"},{"floor":49,"key":"RECALL"},{"data":"Perfected Strike","floor":52,"key":"SMITH"}],"circlet_count":0,"master_deck":["Strike_R","Strike_R","Strike_R","Strike_R","Defend_R+1","Defend_R+1","Bash+1","Pommel Strike+1","Burning Pact","Iron Wave+1","Double Tap+1","Demon Form+1","Perfected Strike+1","Shrug It Off","Twin Strike","Body Slam+1","Clothesline+1","Shrug It Off+1","Offering+1","Power Through+1","Shrug It Off+1","Flame Barrier+1","Limit Break+1","Perfected Strike+1","Wild Strike+1","Entrench+1","Dual Wield+1","Reaper","Shrug It Off+1"],"relics":["Burning Blood","NeowsBlessing","Oddly Smooth Stone","Art of War","PreservedInsect","Busted Crown","Toy Ornithopter","Enchiridion","Vajra","Ancient Tea Set","Toxic Egg 2","MutagenicStrength","Strawberry","Astrolabe","Centennial Puzzle","InkBottle","Question Card","Bag of Marbles","Omamori","FossilizedHelix","Lantern"],"acts_visited":["Exordium","TheCity","TheBeyond","TheEnding"],"potions_floor_usage":[16,23,41,54,55,55,55,55,55],"damage_taken":[{"damage":0,"enemies":"2 Louse","floor":1,"turns":1},{"damage":0,"enemies":"Small Slimes","floor":2,"turns":1},{"damage":0,"enemies":"Cultist","floor":4,"turns":1},{"damage":27,"enemies":"Gremlin Nob","floor":7,"turns":5},{"damage":9,"enemies":"Large Slime","floor":8,"turns":7},{"damage":28,"enemies":"3 Sentries","floor":10,"turns":11},{"damage":1,"enemies":"Looter","floor":11,"turns":3},{"damage":35,"enemies":"Hexaghost","floor":16,"turns":14},{"damage":0,"enemies":"Chosen","floor":18,"turns":3},{"damage":16,"enemies":"2 Thieves","floor":21,"turns":4},{"damage":12,"enemies":"Slavers","floor":23,"turns":5},{"damage":6,"enemies":"Centurion and Healer","floor":25,"turns":3},{"damage":20,"enemies":"Gremlin Leader","floor":27,"turns":3},{"damage":12,"enemies":"Slavers","floor":30,"turns":3},{"damage":1,"enemies":"Cultist and Chosen","floor":31,"turns":5},{"damage":16,"enemies":"Champ","floor":33,"turns":10},{"damage":2,"enemies":"Orb Walker","floor":35,"turns":4},{"damage":6,"enemies":"3 Darklings","floor":38,"turns":6},{"damage":24,"enemies":"Spire Growth","floor":39,"turns":3},{"damage":13,"enemies":"Reptomancer","floor":40,"turns":3},{"damage":6,"enemies":"4 Shapes","floor":41,"turns":5},{"damage":6,"enemies":"Giant Head","floor":42,"turns":5},{"damage":8,"enemies":"Nemesis","floor":45,"turns":3},{"damage":29,"enemies":"2 Orb Walkers","floor":47,"turns":6},{"damage":20,"enemies":"Awakened One","floor":50,"turns":9},{"damage":12,"enemies":"Shield and Spear","floor":54,"turns":4},{"damage":103,"enemies":"The Heart","floor":55,"turns":8}],"seed_played":"-2914682279680212744","potions_obtained":[{"floor":1,"key":"Weak Potion"},{"floor":2,"key":"Dexterity Potion"},{"floor":10,"key":"ColorlessPotion"},{"floor":16,"key":"LiquidMemories"},{"floor":18,"key":"SkillPotion"},{"floor":23,"key":"ElixirPotion"},{"floor":31,"key":"EntropicBrew"},{"floor":39,"key":"Block Potion"},{"floor":41,"key":"EssenceOfSteel"},{"floor":47,"key":"LiquidBronze"}],"is_trial":false,"path_per_floor":["M","M","?","M","?","R","E","M","T","E","M","R","?","?","R","B",null,"M","$","?","M","?","E","R","M","T","E","R","?","E","M","R","B",null,"M","$","?","M","M","E","M","E","T","R","E","$","?","?","R","B",null,"R","$","E","B"],"character_chosen":"IRONCLAD","items_purchased":["Shrug It Off","Toy Ornithopter","Twin Strike","Limit Break+1","Perfected Strike","Centennial Puzzle","Dual Wield+1","Reaper","Shrug It Off+1"],"campfire_rested":1,"item_purchase_floors":[19,19,19,36,36,36,46,46,53],"current_hp_per_floor":[80,80,80,80,80,80,59,56,56,34,39,39,65,49,49,20,80,80,80,64,54,54,53,53,53,53,39,63,63,64,69,69,59,87,87,87,87,87,69,62,67,67,67,67,65,65,42,42,42,70,83,83,83,82,0,0],"gold":62,"neow_bonus":"THREE_ENEMY_KILL","is_daily":false,"chose_seed":false,"campfire_upgraded":7,"win_rate":0.0,"timestamp":1611295527,"path_taken":["M","M","?","M","?","R","E","?","T","E","M","R","?","?","R","BOSS","M","$","?","M","?","E","R","M","T","E","R","?","E","M","R","BOSS","M","$","?","?","M","E","M","E","T","R","E","$","?","?","R","BOSS","R","$","E","BOSS"],"items_purchased_type":["Card","Relic","Card","Card","Card","Relic","Card","Card","Card"],"build_version":"2020-12-22","purchased_purges":0,"victory":false,"max_hp_per_floor":[80,80,80,80,80,80,80,80,80,80,80,80,80,80,80,80,80,80,80,80,80,80,80,80,80,80,80,80,80,87,87,87,87,87,87,87,87,87,87,87,87,87,87,87,87,87,87,83,83,83,83,83,83,83,83,83],"relic_stats":{"Centennial Puzzle":[27],"Busted Crown":34,"counters":[27,135],"Astrolabe":["Power Through","Shrug It Off","Flame Barrier"],"PreservedInsect":421,"Art of War":[12],"Question Card":3,"obtain_stats":[{"Lantern":54,"NeowsBlessing":0,"Astrolabe":34,"Oddly Smooth Stone":7,"Enchiridion":20,"Vajra":22,"PreservedInsect":10,"Omamori":45,"Ancient Tea Set":23,"Question Card":42,"Burning Blood":0,"Centennial Puzzle":36,"Busted Crown":17,"MutagenicStrength":29,"Strawberry":30,"Art of War":9,"Bag of Marbles":43,"Toxic Egg 2":27,"Toy Ornithopter":19,"InkBottle":40,"FossilizedHelix":47},{"Lantern":26,"NeowsBlessing":0,"Astrolabe":16,"Oddly Smooth Stone":4,"Enchiridion":9,"Vajra":10,"PreservedInsect":6,"Omamori":23,"Ancient Tea Set":11,"Question Card":22,"Burning Blood":0,"Centennial Puzzle":17,"Busted Crown":8,"MutagenicStrength":13,"Strawberry":14,"Art of War":5,"Bag of Marbles":22,"Toxic Egg 2":13,"Toy Ornithopter":9,"InkBottle":20,"FossilizedHelix":24},{"Lantern":127,"NeowsBlessing":0,"Astrolabe":79,"Oddly Smooth Stone":8,"Enchiridion":46,"Vajra":50,"PreservedInsect":26,"Omamori":108,"Ancient Tea Set":55,"Question Card":105,"Burning Blood":0,"Centennial Puzzle":83,"Busted Crown":43,"MutagenicStrength":61,"Strawberry":64,"Art of War":15,"Bag of Marbles":105,"Toxic Egg 2":61,"Toy Ornithopter":46,"InkBottle":95,"FossilizedHelix":114}],"Burning Blood":128,"Toy Ornithopter":25,"InkBottle":[13]},"card_choices":[{"not_picked":["Evolve","Clash"],"picked":"Pommel Strike","floor":1},{"not_picked":["Anger","Warcry"],"picked":"Intimidate","floor":2},{"not_picked":["Thunderclap","Headbutt"],"picked":"Iron Wave","floor":4},{"not_picked":["Feel No Pain","Body Slam"],"picked":"Dropkick","floor":7},{"not_picked":["Body Slam","Heavy Blade","Cleave"],"picked":"SKIP","floor":8},{"not_picked":["Burning Pact","Anger"],"picked":"Double Tap","floor":10},{"not_picked":["Feel No Pain","Sword Boomerang","Anger"],"picked":"SKIP","floor":11},{"not_picked":["Juggernaut","Fiend Fire"],"picked":"Demon Form","floor":16},{"not_picked":[],"picked":"Perfected Strike+1","floor":18},{"not_picked":["Second Wind"],"picked":"SKIP","floor":21},{"not_picked":[],"picked":"Body Slam","floor":23},{"not_picked":[],"picked":"Clothesline","floor":25},{"not_picked":[],"picked":"Shrug It Off+1","floor":27},{"not_picked":["Havoc+1"],"picked":"SKIP","floor":30},{"not_picked":["Havoc+1"],"picked":"SKIP","floor":31},{"not_picked":[],"picked":"Offering+1","floor":33},{"not_picked":["Flex+1"],"picked":"SKIP","floor":35},{"not_picked":[],"picked":"Wild Strike+1","floor":38},{"not_picked":["Sword Boomerang"],"picked":"SKIP","floor":39},{"not_picked":["Whirlwind"],"picked":"SKIP","floor":40},{"not_picked":["Clash"],"picked":"SKIP","floor":41},{"not_picked":["Thunderclap+1"],"picked":"SKIP","floor":42},{"not_picked":["Havoc+1"],"picked":"Entrench+1","floor":45},{"not_picked":["Heavy Blade","Cleave+1"],"picked":"SKIP","floor":54}],"player_experience":221660,"relics_obtained":[{"floor":7,"key":"Oddly Smooth Stone"},{"floor":9,"key":"Art of War"},{"floor":10,"key":"PreservedInsect"},{"floor":20,"key":"Enchiridion"},{"floor":23,"key":"Ancient Tea Set"},{"floor":27,"key":"Toxic Egg 2"},{"floor":30,"key":"Strawberry"},{"floor":40,"key":"InkBottle"},{"floor":42,"key":"Question Card"},{"floor":43,"key":"Bag of Marbles"},{"floor":45,"key":"Omamori"},{"floor":47,"key":"FossilizedHelix"},{"floor":54,"key":"Lantern"}],"event_choices":[{"damage_healed":0,"gold_gain":0,"cards_transformed":["Strike_R"],"player_choice":"Change","damage_taken":0,"max_hp_gain":0,"max_hp_loss":0,"event_name":"Living Wall","floor":3,"gold_loss":0,"cards_obtained":["Burning Pact"]},{"damage_healed":0,"gold_gain":0,"player_choice":"Forge","damage_taken":0,"max_hp_gain":0,"max_hp_loss":0,"event_name":"Accursed Blacksmith","floor":5,"gold_loss":0,"cards_upgraded":["Iron Wave"]},{"damage_healed":26,"gold_gain":0,"player_choice":"Banana","damage_taken":0,"max_hp_gain":0,"max_hp_loss":0,"event_name":"Big Fish","floor":13,"gold_loss":0},{"damage_healed":0,"gold_gain":0,"player_choice":"Entered Light","damage_taken":16,"max_hp_gain":0,"max_hp_loss":0,"event_name":"Shining Light","floor":14,"gold_loss":0,"cards_upgraded":["Defend_R","Defend_R"]},{"damage_healed":0,"gold_gain":0,"player_choice":"Obtained Book","damage_taken":16,"max_hp_gain":0,"max_hp_loss":0,"event_name":"Cursed Tome","floor":20,"gold_loss":0},{"damage_healed":0,"gold_gain":0,"player_choice":"Opened","damage_taken":0,"relics_obtained":["Vajra"],"max_hp_gain":0,"max_hp_loss":0,"event_name":"The Mausoleum","floor":22,"gold_loss":0},{"damage_healed":0,"gold_gain":0,"player_choice":"Inject Mutagens","damage_taken":0,"relics_obtained":["MutagenicStrength"],"max_hp_gain":0,"max_hp_loss":0,"event_name":"Drug Dealer","floor":29,"gold_loss":0},{"cards_removed":["Defend_R"],"damage_healed":0,"gold_gain":0,"player_choice":"Offered Basic","damage_taken":0,"max_hp_gain":0,"max_hp_loss":0,"event_name":"Bonfire Elementals","floor":37,"gold_loss":0},{"damage_healed":0,"gold_gain":0,"player_choice":"Fight","damage_taken":0,"max_hp_gain":0,"max_hp_loss":0,"event_name":"Mysterious Sphere","floor":47,"gold_loss":0},{"damage_healed":0,"gold_gain":0,"player_choice":"Max HP","damage_taken":0,"max_hp_gain":0,"max_hp_loss":4,"event_name":"Winding Halls","floor":48,"gold_loss":0}],"is_beta":false,"boss_relics":[{"not_picked":["Black Blood","Coffee Dripper"],"picked":"Busted Crown"},{"not_picked":["Runic Cube","SlaversCollar"],"picked":"Astrolabe"}],"items_purged_floors":[],"is_endless":false,"potions_floor_spawned":[1,2,10,16,18,23,31,38,39,41,47],"killed_by":"The Heart","ascension_level":1}}