{"host":"yuhy0i501zzmn1iz","time":1611278954,"event":{"mods":["AchievementEnabler","AlwaysNeverKeys","BaseMod","Bestiary","Better Match","Better Third Choice","Curses Come First","Downfall","Minty Spire (QoL Compilation)","StSLib","slay the spire mod where everything is the same but ironclad has a cowboy hat"],"gold_per_floor":[13,31,43,43,57,85,85,117,191,191,223,282,282,282,282,377,377,389,143,143,143,155,186,186,216,216,234,266,266,25,36,36,138,138,154,174,191,202,202,202,232,256,256,256,267,296,63,63,63],"floor_reached":48,"language":"ENG","playtime":2280,"items_purged":["Strike_B"],"score":705,"play_id":"0e54a625-0e81-45bc-8c19-899a7392784d","local_time":"20210121202914","is_ascension_mode":true,"campfire_choices":[{"floor":7,"key":"REST"},{"floor":13,"key":"REST"},{"data":"Electrodynamics","floor":15,"key":"SMITH"},{"floor":24,"key":"RECALL"},{"data":"Mayhem","floor":32,"key":"SMITH"},{"data":"Rainbow","floor":40,"key":"SMITH"},{"data":"BootSequence","floor":44,"key":"SMITH"}],"circlet_count":0,"master_deck":["Zap","Dualcast","Panache","Genetic Algorithm","Beam Cell","BootSequence+1","Steam","Electrodynamics+1","Tempest","Parasite","Gash","Sunder","Echo Form","Hologram+1","Mayhem+1","Static Discharge","Beam Cell+1","Self Repair","Go for the Eyes+1","Amplify","Gash","Go for the Eyes","Ball Lightning","Electrodynamics","Scrape","Barrage","Steam Power","Rainbow+1","Melter","Chill","Skim","Gash","Lockon","Steam+1","Sweeping Beam","Stack+1","Redo+1","Melter","Blizzard"],"relics":["FrozenCore","Orichalcum","Torii","Bronze Scales","Letter Opener","HornCleat","Tiny Chest","Art of War","CaptainsWheel","StrikeDummy","Mango","Symbiotic Virus","Anchor","Lee\u0027s Waffle","Pandora\u0027s Box","Centennial Puzzle","Omamori","Eternal Feather","Boot"],"acts_visited":["Exordium","TheCity","TheBeyond"],"potions_floor_usage":[8,11,23,27,41,48],"damage_taken":[{"damage":9,"enemies":"Jaw Worm","floor":1,"turns":3},{"damage":0,"enemies":"2 Louse","floor":2,"turns":2},{"damage":4,"enemies":"Small Slimes","floor":3,"turns":3},{"damage":11,"enemies":"3 Louse","floor":5,"turns":4},{"damage":27,"enemies":"3 Sentries","floor":6,"turns":11},{"damage":8,"enemies":"Lagavulin","floor":8,"turns":6},{"damage":1,"enemies":"3 Sentries","floor":11,"turns":2},{"damage":34,"enemies":"Gremlin Nob","floor":12,"turns":5},{"damage":14,"enemies":"Hexaghost","floor":16,"turns":9},{"damage":0,"enemies":"3 Byrds","floor":18,"turns":2},{"damage":0,"enemies":"Shell Parasite","floor":22,"turns":3},{"damage":0,"enemies":"Slavers","floor":23,"turns":5},{"damage":20,"enemies":"Gremlin Leader","floor":25,"turns":6},{"damage":6,"enemies":"Centurion and Healer","floor":27,"turns":6},{"damage":23,"enemies":"Slavers","floor":28,"turns":3},{"damage":7,"enemies":"Chosen and Byrds","floor":31,"turns":5},{"damage":47,"enemies":"Automaton","floor":33,"turns":7},{"damage":0,"enemies":"3 Shapes","floor":35,"turns":3},{"damage":1,"enemies":"Orb Walker","floor":36,"turns":4},{"damage":20,"enemies":"Transient","floor":37,"turns":5},{"damage":51,"enemies":"Writhing Mass","floor":38,"turns":5},{"damage":27,"enemies":"Reptomancer","floor":41,"turns":5},{"damage":0,"enemies":"Jaw Worm Horde","floor":45,"turns":3},{"damage":30,"enemies":"Nemesis","floor":46,"turns":7},{"damage":46,"enemies":"Giant Head","floor":48,"turns":6}],"seed_played":"5986231592670760918","potions_obtained":[{"floor":3,"key":"FairyPotion"},{"floor":6,"key":"EssenceOfSteel"},{"floor":8,"key":"DuplicationPotion"},{"floor":11,"key":"Ancient Potion"},{"floor":18,"key":"Swift Potion"},{"floor":23,"key":"LiquidMemories"},{"floor":35,"key":"SpeedPotion"},{"floor":38,"key":"PotionOfCapacity"},{"floor":46,"key":"LiquidBronze"}],"is_trial":false,"path_per_floor":["M","M","M","?","M","E","R","E","T","?","E","?","R","?","R","B",null,"M","$","?","T","M","E","R","E","T","M","E","?","$","M","R","B",null,"M","M","M","M","?","R","E","T","T","R","M","E","$","E"],"character_chosen":"DEFECT","items_purchased":["Mayhem","Lee\u0027s Waffle","Gash","Go for the Eyes","Boot","Blizzard"],"campfire_rested":2,"item_purchase_floors":[19,30,30,30,47,47],"current_hp_per_floor":[66,66,62,24,13,8,30,22,22,40,39,5,27,52,52,38,75,75,75,75,75,75,75,75,69,69,70,47,47,96,96,96,56,96,96,95,82,38,84,84,64,64,64,64,64,41,41,0,0],"gold":63,"neow_bonus":"RANDOM_COLORLESS_2","is_daily":false,"chose_seed":false,"campfire_upgraded":4,"win_rate":0.0,"timestamp":1611278954,"path_taken":["M","M","M","?","M","E","R","E","T","?","E","?","R","?","R","BOSS","M","$","?","?","M","E","R","E","T","?","E","?","$","M","R","BOSS","M","M","M","M","?","R","E","?","T","R","M","E","?","E"],"items_purchased_type":["Card","Relic","Card","Card","Relic","Card"],"build_version":"2020-12-22","purchased_purges":1,"victory":false,"max_hp_per_floor":[75,75,75,75,75,75,75,75,75,75,75,75,75,75,75,75,75,75,75,75,75,75,75,75,89,89,89,89,89,96,96,96,96,96,96,96,96,96,84,84,84,84,84,84,84,84,84,84,84],"card_choices":[{"not_picked":["The Bomb","Sadistic Nature"],"picked":"Panache","floor":0},{"not_picked":["Barrage","Doom and Gloom"],"picked":"Genetic Algorithm","floor":1},{"not_picked":["Chill","Sweeping Beam"],"picked":"Beam Cell","floor":2},{"not_picked":["Rip and Tear","Recycle"],"picked":"BootSequence","floor":3},{"not_picked":["Rebound","Hologram"],"picked":"Steam","floor":5},{"not_picked":["Sweeping Beam","Conserve Battery"],"picked":"Electrodynamics","floor":6},{"not_picked":["Hologram","Turbo"],"picked":"Tempest","floor":8},{"not_picked":["Melter","White Noise"],"picked":"Gash","floor":11},{"not_picked":["Hologram","Turbo"],"picked":"Sunder","floor":12},{"not_picked":["Rainbow","Fission"],"picked":"Echo Form","floor":16},{"not_picked":["Leap","Redo"],"picked":"Hologram+1","floor":18},{"not_picked":["Turbo","Redo"],"picked":"Static Discharge","floor":22},{"not_picked":["Tempest","Compile Driver+1"],"picked":"Beam Cell+1","floor":23},{"not_picked":["Recycle+1","Auto Shields+1"],"picked":"Self Repair","floor":25},{"not_picked":["Self Repair","Rebound+1"],"picked":"Go for the Eyes+1","floor":27},{"not_picked":["Chaos","Rebound"],"picked":"Amplify","floor":28},{"not_picked":["Steam+1","Coolheaded"],"picked":"Ball Lightning","floor":31},{"not_picked":["Rainbow","Machine Learning"],"picked":"Electrodynamics","floor":33},{"not_picked":["Hologram","Coolheaded+1"],"picked":"Gash","floor":35},{"not_picked":["Redo+1","Static Discharge"],"picked":"Lockon","floor":36},{"not_picked":["Echo Form","Cold Snap"],"picked":"Steam+1","floor":37},{"not_picked":["Coolheaded+1","Cold Snap"],"picked":"Sweeping Beam","floor":38},{"not_picked":["Heatsinks","Steam+1"],"picked":"Stack+1","floor":41},{"not_picked":["Sweeping Beam","Streamline"],"picked":"Redo+1","floor":45},{"not_picked":["Genetic Algorithm","Stack"],"picked":"Melter","floor":46}],"player_experience":329839,"relics_obtained":[{"floor":6,"key":"Bronze Scales"},{"floor":8,"key":"Letter Opener"},{"floor":9,"key":"HornCleat"},{"floor":11,"key":"Tiny Chest"},{"floor":12,"key":"Art of War"},{"floor":21,"key":"CaptainsWheel"},{"floor":23,"key":"StrikeDummy"},{"floor":25,"key":"Mango"},{"floor":26,"key":"Symbiotic Virus"},{"floor":28,"key":"Anchor"},{"floor":41,"key":"Centennial Puzzle"},{"floor":42,"key":"Omamori"},{"floor":46,"key":"Eternal Feather"}],"event_choices":[{"damage_healed":0,"gold_gain":1,"player_choice":"Relic Relic ","damage_taken":38,"max_hp_gain":0,"max_hp_loss":0,"event_name":"betterThird:BetterScrap","floor":4,"gold_loss":0,"cards_obtained":["Blur"]},{"damage_healed":18,"gold_gain":0,"player_choice":"Healed and dodged fight","damage_taken":0,"max_hp_gain":0,"max_hp_loss":0,"event_name":"Mushrooms","floor":10,"gold_loss":0,"cards_obtained":["Parasite"]},{"damage_healed":0,"gold_gain":0,"player_choice":"Searched \u00271\u0027 times","damage_taken":0,"max_hp_gain":0,"max_hp_loss":0,"event_name":"Dead Adventurer","floor":12,"gold_loss":0},{"damage_healed":25,"gold_gain":0,"player_choice":"Banana","damage_taken":0,"max_hp_gain":0,"max_hp_loss":0,"event_name":"Big Fish","floor":14,"gold_loss":0},{"damage_healed":0,"gold_gain":0,"player_choice":"Adaptability","damage_taken":0,"max_hp_gain":0,"max_hp_loss":0,"event_name":"betterThird:BetterWriting","floor":20,"gold_loss":0},{"damage_healed":0,"gold_gain":0,"player_choice":"Ignored","damage_taken":0,"max_hp_gain":0,"max_hp_loss":0,"event_name":"Cursed Tome","floor":29,"gold_loss":0},{"damage_healed":84,"gold_gain":0,"player_choice":"Heal","damage_taken":0,"max_hp_gain":0,"max_hp_loss":12,"event_name":"The Moai Head","floor":39,"gold_loss":0}],"is_beta":false,"boss_relics":[{"not_picked":["Velvet Choker","bronze:MakeshiftBattery"],"picked":"FrozenCore"},{"not_picked":["SacredBark","Philosopher\u0027s Stone"],"picked":"Pandora\u0027s Box"}],"items_purged_floors":[19],"is_endless":false,"potions_floor_spawned":[3,6,8,11,18,23,35,38,46],"killed_by":"Giant Head","ascension_level":3}}