{"host":"fmb9x04chdot191d","time":1611353341,"event":{"mods":["2.2 Compatiblity","AchievementEnabler","BaseMod","BetterRewards","Downfall","Hermit","Highlight Path","Marisa（霧雨　魔理沙）","Minty Spire (QoL Compilation)","Permanent Neow","Quick Restart","Rare Cards Sparkle","StSLib","The Cursed","[IsaacMod]以撒尖塔"],"gold_per_floor":[118,135,146,7,21,49,49,83,164,216,181,181,196,215,215,215,215],"floor_reached":16,"language":"ENG","playtime":811,"items_purged":[],"score":137,"play_id":"576f4f2c-304a-414b-90b4-cc0aa059dd95","local_time":"20210123110901","is_ascension_mode":false,"campfire_choices":[{"floor":7,"key":"REST"},{"data":"Tactician","floor":12,"key":"SMITH"},{"data":"Blade Dance","floor":15,"key":"SMITH"}],"circlet_count":0,"master_deck":["Strike_G","Strike_G","Strike_G","Strike_G","Defend_G","Defend_G","Defend_G","Defend_G","Defend_G","Survivor","Neutralize","Reflex","Riddle With Holes","Tactician+1","Choke","Backstab","Night Terror","Blade Dance+1","Acrobatics"],"relics":["Ring of the Snake","HushsDoor","GuppysTail","Sundial","Darkstone Periapt","Mercury Hourglass"],"acts_visited":["Exordium"],"potions_floor_usage":[2],"damage_taken":[{"damage":0,"enemies":"Cultist","floor":1,"turns":2},{"damage":2,"enemies":"Jaw Worm","floor":2,"turns":5},{"damage":0,"enemies":"2 Louse","floor":3,"turns":1},{"damage":1,"enemies":"Exordium Wildlife","floor":5,"turns":4},{"damage":22,"enemies":"Gremlin Nob","floor":6,"turns":5},{"damage":0,"enemies":"3 Sentries","floor":8,"turns":1},{"damage":0,"enemies":"3 Louse","floor":13,"turns":3},{"damage":0,"enemies":"2 Fungi Beasts","floor":14,"turns":2},{"damage":14,"enemies":"Hexaghost","floor":16,"turns":4}],"seed_played":"2598736236554969407","potions_obtained":[{"floor":1,"key":"BlessingOfTheForge"},{"floor":5,"key":"SmokeBomb"},{"floor":13,"key":"Strength Potion"}],"is_trial":false,"path_per_floor":["M","M","M","$","M","E","R","E","T","?","?","R","M","M","R","B"],"character_chosen":"THE_SILENT","items_purchased":["Tactician","Choke"],"campfire_rested":1,"item_purchase_floors":[4,4],"current_hp_per_floor":[70,68,68,68,67,45,66,66,66,51,68,68,68,68,68,54,54],"gold":215,"neow_bonus":"REMOVE_CARD","is_daily":false,"chose_seed":false,"campfire_upgraded":2,"win_rate":0.0,"timestamp":1611353341,"path_taken":["M","?","M","$","M","E","R","E","T","?","?","R","M","M","R","BOSS"],"items_purchased_type":["Card","Card"],"build_version":"2020-12-22","purchased_purges":0,"victory":false,"max_hp_per_floor":[70,70,70,70,70,70,70,70,70,70,70,70,70,70,70,70,70],"card_choices":[{"not_picked":[],"picked":"ChaosCard","floor":0},{"not_picked":["Dodge and Roll","All Out Attack"],"picked":"Reflex","floor":1},{"not_picked":["Predator","Noxious Fumes"],"picked":"Bomb","floor":2},{"not_picked":["Distraction","Acrobatics"],"picked":"Riddle With Holes","floor":3},{"not_picked":["Bomb","Calculated Gamble"],"picked":"Backstab","floor":5},{"not_picked":["Sucker Punch","Masterful Stab"],"picked":"Bomb","floor":6},{"not_picked":["Skewer","Outmaneuver"],"picked":"Night Terror","floor":8},{"not_picked":["Slice","Poisoned Stab"],"picked":"Blade Dance","floor":13},{"not_picked":["Noxious Fumes","Sucker Punch"],"picked":"Acrobatics","floor":14}],"player_experience":26189,"relics_obtained":[{"floor":6,"key":"Sundial"},{"floor":8,"key":"Darkstone Periapt"},{"floor":9,"key":"Mercury Hourglass"}],"event_choices":[{"damage_healed":17,"gold_gain":0,"player_choice":"Healed","damage_taken":0,"max_hp_gain":0,"max_hp_loss":0,"event_name":"The Cleric","floor":11,"gold_loss":35}],"is_beta":false,"boss_relics":[],"items_purged_floors":[],"is_endless":false,"potions_floor_spawned":[1,5,13],"killed_by":"Hexaghost","ascension_level":0}}