{"host":"p25bz88bsavvfmyg","time":1611356101,"event":{"mods":["BaseMod","Minty Spire (QoL Compilation)","Permanent Neow","StSLib"],"gold_per_floor":[112,125,144,144,156,184,184,213,213,231,245,260,286,286,286,388,388,406,406,423,441,461,489,509,509,509,541,561,574,574,605,605,704,704,717,730,740,759,779,809,809,844,844,844,844,869,889,902,902,902,902,902,222,247,247],"floor_reached":56,"language":"ENG","playtime":3932,"items_purged":["Pain"],"score":2072,"play_id":"622300f7-0ca2-448e-8a21-9b679794da75","local_time":"20210122235501","is_ascension_mode":true,"campfire_choices":[{"data":"Feed","floor":7.0,"key":"SMITH"},{"data":"Disarm","floor":15.0,"key":"SMITH"},{"data":"Corruption","floor":32.0,"key":"SMITH"},{"data":"Flame Barrier","floor":41,"key":"SMITH"},{"data":"Heavy Blade","floor":44,"key":"SMITH"},{"floor":49,"key":"RECALL"},{"data":"Impervious","floor":52,"key":"SMITH"}],"circlet_count":0,"master_deck":["AscendersBane","Strike_R+1","Strike_R","Strike_R","Strike_R","Strike_R","Defend_R","Defend_R","Defend_R","Defend_R","Bash","Feed+1","Iron Wave+1","Cleave","Fiend Fire","Heavy Blade+1","Pommel Strike","Disarm+1","Immolate","Corruption+1","Flame Barrier+1","Uppercut","Warcry+1","Fiend Fire","J.A.X.","Power Through","Ghostly Armor","Burning Pact+1","Rupture+1","Impervious+1","Shrug It Off+1","Rupture","Bloodletting","Battle Trance+1","Dark Embrace+1","Pain","Warcry","True Grit+1","Armaments+1","True Grit","Dark Embrace","Warcry","Armaments+1"],"relics":["Burning Blood","Sundial","Meat on the Bone","Mummified Hand","Dead Branch","Cursed Key","Ornamental Fan","Juzu Bracelet","HornCleat","Gremlin Horn","Red Skull","Runic Cube","Orichalcum","FossilizedHelix","Happy Flower","Kunai","Strange Spoon","Eternal Feather"],"acts_visited":["Exordium","TheCity","TheBeyond","TheEnding"],"potions_floor_usage":[50,55,55],"damage_taken":[{"damage":14.0,"enemies":"Jaw Worm","floor":1.0,"turns":4.0},{"damage":4.0,"enemies":"Cultist","floor":2.0,"turns":5.0},{"damage":0.0,"enemies":"2 Louse","floor":3.0,"turns":2.0},{"damage":0.0,"enemies":"2 Fungi Beasts","floor":5.0,"turns":3.0},{"damage":25.0,"enemies":"Gremlin Nob","floor":6.0,"turns":4.0},{"damage":36.0,"enemies":"3 Sentries","floor":8.0,"turns":7.0},{"damage":9.0,"enemies":"Blue Slaver","floor":10.0,"turns":4.0},{"damage":15.0,"enemies":"Lots of Slimes","floor":11.0,"turns":4.0},{"damage":14.0,"enemies":"Red Slaver","floor":12.0,"turns":4.0},{"damage":36.0,"enemies":"Lagavulin","floor":13.0,"turns":7.0},{"damage":87.0,"enemies":"Hexaghost","floor":16.0,"turns":11.0},{"damage":6.0,"enemies":"Chosen","floor":18.0,"turns":3.0},{"damage":3.0,"enemies":"3 Byrds","floor":20.0,"turns":4.0},{"damage":19.0,"enemies":"Snake Plant","floor":21.0,"turns":3.0},{"damage":13.0,"enemies":"Centurion and Healer","floor":22.0,"turns":5.0},{"damage":19.0,"enemies":"Gremlin Leader","floor":23.0,"turns":7.0},{"damage":7.0,"enemies":"3 Cultists","floor":24.0,"turns":3.0},{"damage":38.0,"enemies":"Slavers","floor":27.0,"turns":11.0},{"damage":15.0,"enemies":"Cultist and Chosen","floor":28.0,"turns":4.0},{"damage":13.0,"enemies":"Snake Plant","floor":29.0,"turns":2.0},{"damage":12.0,"enemies":"Gremlin Leader","floor":31.0,"turns":4.0},{"damage":19.0,"enemies":"Collector","floor":33.0,"turns":6.0},{"damage":9.0,"enemies":"3 Darklings","floor":35.0,"turns":2.0},{"damage":6.0,"enemies":"Orb Walker","floor":36.0,"turns":3.0},{"damage":24.0,"enemies":"Writhing Mass","floor":37.0,"turns":7.0},{"damage":5,"enemies":"3 Darklings","floor":38,"turns":3},{"damage":13,"enemies":"4 Shapes","floor":39,"turns":4},{"damage":30,"enemies":"Nemesis","floor":40,"turns":9},{"damage":7,"enemies":"Reptomancer","floor":42,"turns":4},{"damage":10,"enemies":"Nemesis","floor":46,"turns":5},{"damage":15,"enemies":"Jaw Worm Horde","floor":47,"turns":4},{"damage":13,"enemies":"Maw","floor":48,"turns":5},{"damage":23,"enemies":"Awakened One","floor":50,"turns":7},{"damage":13,"enemies":"Shield and Spear","floor":54,"turns":3},{"damage":61,"enemies":"The Heart","floor":55,"turns":7}],"seed_played":"832784510959054122","potions_obtained":[{"floor":2.0,"key":"Dexterity Potion"},{"floor":8.0,"key":"Regen Potion"},{"floor":13.0,"key":"SpeedPotion"},{"floor":18.0,"key":"BloodPotion"},{"floor":28.0,"key":"SneckoOil"},{"floor":33.0,"key":"Energy Potion"},{"floor":35.0,"key":"DistilledChaos"},{"floor":37.0,"key":"Dexterity Potion"},{"floor":47,"key":"HeartOfIron"}],"is_trial":false,"path_per_floor":["M","M","M","?","M","E","R","E","T","M","M","M","E","?","R","B",null,"M","?","M","M","M","E","M","?","T","E","M","M","?","E","R","B",null,"M","M","M","M","M","E","R","E","T","R","?","E","M","M","R","B",null,"R","$","E","B",null],"character_chosen":"IRONCLAD","items_purchased":["LiquidBronze","True Grit","Dark Embrace","Warcry","Kunai","Strange Spoon"],"campfire_rested":0,"item_purchase_floors":[53,53,53,53,53,53],"current_hp_per_floor":[67,72,81,63,72,56,56,30,30,39,46,50,48,107,107,38,90,94,94,101,92,89,76,79,79,79,59,62,67,40,50,50,80,125,122,122,104,105,102,90,90,89,89,89,89,85,92,85,85,80,131,131,131,124,81],"gold":247,"neow_bonus":"ONE_RANDOM_RARE_CARD","is_daily":false,"chose_seed":false,"campfire_upgraded":6,"win_rate":0.0,"timestamp":1611356101,"path_taken":["M","M","M","?","M","E","R","E","T","M","M","M","E","?","R","BOSS","M","?","M","M","M","E","M","?","T","E","M","M","?","E","R","BOSS","M","M","M","M","M","E","R","E","T","R","?","E","M","M","R","BOSS","R","$","E","BOSS"],"items_purchased_type":["Potion","Card","Card","Card","Relic","Relic"],"build_version":"2020-12-22","purchased_purges":1,"victory":true,"max_hp_per_floor":[83,86,89,89,92,95,95,99,99,99,103,103,107,107,107,107,107,111,111,115,119,123,123,127,127,127,127,127,127,132,136,136,140,140,140,140,140,140,144,144,144,144,144,144,144,144,148,148,148,148,148,148,148,148,148],"card_choices":[{"not_picked":["Warcry","Reckless Charge"],"picked":"Iron Wave","floor":1.0},{"not_picked":["Seeing Red","Burning Pact","Body Slam"],"picked":"SKIP","floor":2.0},{"not_picked":["Iron Wave","Fire Breathing"],"picked":"Cleave","floor":3.0},{"not_picked":["Wild Strike","Whirlwind"],"picked":"Fiend Fire","floor":5.0},{"not_picked":["Cleave","Rupture"],"picked":"Heavy Blade","floor":6.0},{"not_picked":["Power Through","Burning Pact"],"picked":"Pommel Strike","floor":8.0},{"not_picked":["Wild Strike","Intimidate","Iron Wave"],"picked":"SKIP","floor":10.0},{"not_picked":["Pummel","Armaments","Hemokinesis"],"picked":"SKIP","floor":11.0},{"not_picked":["Armaments","Perfected Strike"],"picked":"Disarm","floor":12.0},{"not_picked":["Bloodletting","Sentinel"],"picked":"Immolate","floor":13.0},{"not_picked":["Reaper","Impervious"],"picked":"Corruption","floor":16.0},{"not_picked":["Headbutt","Rage"],"picked":"Flame Barrier","floor":18.0},{"not_picked":["Reckless Charge","Dropkick","Anger"],"picked":"SKIP","floor":20.0},{"not_picked":["Twin Strike","Sword Boomerang"],"picked":"Uppercut","floor":21.0},{"not_picked":["Body Slam","Sword Boomerang","Flex"],"picked":"SKIP","floor":22.0},{"not_picked":["Cleave","Power Through"],"picked":"Warcry+1","floor":23.0},{"not_picked":["Sever Soul","Anger"],"picked":"Fiend Fire","floor":24.0},{"not_picked":["Anger","Dropkick"],"picked":"Power Through","floor":27.0},{"not_picked":["Perfected Strike","Second Wind"],"picked":"Ghostly Armor","floor":28.0},{"not_picked":["Armaments","Entrench+1"],"picked":"Burning Pact+1","floor":29.0},{"not_picked":["Rage","True Grit"],"picked":"Rupture+1","floor":31.0},{"not_picked":["Berserk","Corruption"],"picked":"Impervious","floor":33.0},{"not_picked":["Dropkick+1","Combust"],"picked":"Shrug It Off+1","floor":35.0},{"not_picked":["Clash","Uppercut+1","Twin Strike+1"],"picked":"SKIP","floor":36.0},{"not_picked":["Body Slam+1","Warcry+1"],"picked":"Rupture","floor":37.0},{"not_picked":["Clothesline+1","Pummel+1"],"picked":"Bloodletting","floor":38},{"not_picked":["Flex+1","Ghostly Armor+1"],"picked":"Battle Trance+1","floor":39},{"not_picked":["Havoc","Power Through"],"picked":"Dark Embrace+1","floor":40},{"not_picked":["Perfected Strike","Second Wind","Pommel Strike+1"],"picked":"SKIP","floor":42},{"not_picked":["Twin Strike","Shrug It Off+1"],"picked":"Warcry","floor":46},{"not_picked":["Brutality","Rampage"],"picked":"True Grit+1","floor":47},{"not_picked":["Wild Strike+1","Perfected Strike+1"],"picked":"Armaments+1","floor":48},{"not_picked":["Hemokinesis+1","Shrug It Off"],"picked":"Armaments+1","floor":54}],"player_experience":479353,"relics_obtained":[{"floor":6.0,"key":"Sundial"},{"floor":8.0,"key":"Meat on the Bone"},{"floor":9.0,"key":"Mummified Hand"},{"floor":13.0,"key":"Dead Branch"},{"floor":19.0,"key":"Ornamental Fan"},{"floor":23.0,"key":"Juzu Bracelet"},{"floor":26.0,"key":"HornCleat"},{"floor":27.0,"key":"Gremlin Horn"},{"floor":31.0,"key":"Red Skull"},{"floor":40,"key":"Orichalcum"},{"floor":42,"key":"FossilizedHelix"},{"floor":46,"key":"Happy Flower"},{"floor":54,"key":"Eternal Feather"}],"event_choices":[{"damage_healed":0.0,"max_hp_gain":0.0,"max_hp_loss":0.0,"gold_gain":0.0,"event_name":"Shining Light","player_choice":"Entered Light","floor":4.0,"gold_loss":0.0,"damage_taken":18.0,"cards_upgraded":["Strike_R","Iron Wave"]},{"damage_healed":59.0,"max_hp_gain":0.0,"max_hp_loss":0.0,"gold_gain":0.0,"event_name":"Wheel of Change","player_choice":"Full Heal","floor":14.0,"gold_loss":0.0,"damage_taken":0.0},{"damage_healed":0.0,"max_hp_gain":0.0,"max_hp_loss":0.0,"gold_gain":0.0,"event_name":"Wheel of Change","player_choice":"Relic","floor":19.0,"gold_loss":0.0,"damage_taken":0.0},{"damage_healed":0.0,"max_hp_gain":0.0,"max_hp_loss":0.0,"gold_gain":0.0,"event_name":"Drug Dealer","player_choice":"Obtain J.A.X.","floor":25.0,"gold_loss":0.0,"damage_taken":0.0,"cards_obtained":["J.A.X."]},{"damage_healed":0.0,"max_hp_gain":5.0,"max_hp_loss":0.0,"gold_gain":0.0,"event_name":"Forgotten Altar","player_choice":"Shed Blood","floor":30.0,"gold_loss":0.0,"damage_taken":32.0},{"damage_healed":0,"gold_gain":0,"player_choice":"Ignored","damage_taken":0,"max_hp_gain":0,"max_hp_loss":0,"event_name":"Tomb of Lord Red Mask","floor":45,"gold_loss":0}],"is_beta":false,"boss_relics":[{"not_picked":["Runic Dome","Busted Crown"],"picked":"Cursed Key"},{"not_picked":["Black Star","SlaversCollar"],"picked":"Runic Cube"}],"items_purged_floors":[53],"is_endless":false,"potions_floor_spawned":[2,8,11,12,13,18,21,22,28,33,35,37,42,47],"ascension_level":11}}