{"host":"2ixd8xwebcm7gar8","time":1611364081,"event":{"mods":["AchievementEnabler","Act Like it!","BaseMod","Conspire","Defuse TimeMaze Blight","Downfall","Googly Eyes","Minty Spire (QoL Compilation)","StSLib"],"gold_per_floor":[399,414,424,437,437,470,470,745,216,56,56,56,56,66,81,182,182,182,202,217,1,1,103,151,89,89,89,89,89,89,89,113,226,226,226,246,268,268,268,114,195,235,10,42,42,88,100,120,120,120],"floor_reached":48,"language":"ENG","playtime":2695,"items_purged":["Regret"],"score":714,"play_id":"f0491b40-8183-4625-8148-c42574cbfc10","local_time":"20210122170801","daily_mods":["Draft","Heirloom","Time Dilation","Flight","Elite Swarm"],"is_ascension_mode":true,"campfire_choices":[{"data":"bronze:ItsAFeature","floor":1.0,"key":"SMITH"},{"floor":11,"key":"REST"},{"floor":12,"key":"DIG"},{"floor":13,"key":"DIG"},{"floor":18,"key":"DIG"},{"floor":26,"key":"REST"},{"floor":27,"key":"REST"},{"floor":28,"key":"DIG"},{"floor":29,"key":"DIG"},{"floor":30,"key":"DIG"},{"data":"bronze:Format","floor":35,"key":"SMITH"},{"floor":45,"key":"DIG"},{"floor":47,"key":"DIG"}],"circlet_count":0,"master_deck":["bronze:WhirlingStrike","bronze:Separator","bronze:Overheat","bronze:Constructor","bronze:Separator","bronze:DelayedSlice","bronze:Branch","bronze:Flail","bronze:Turbo","bronze:ItsAFeature+1","bronze:OilSpill","bronze:WhirlingStrike","bronze:OilSpill","bronze:WhirlingStrike","bronze:Format","bronze:GetLatest","bronze:Turbo","bronze:Shell","bronze:Turbo","bronze:DelayedSlice","bronze:AlphaBuild","bronze:GetLatest","bronze:Turbo","bronze:Turbo","bronze:DonuBeam","bronze:DecaBeam","bronze:ClassDefault+1","bronze:Format+1","bronze:Terminator+1","bronze:Format","bronze:Assembly"],"relics":["bronze:BronzeCore","Old Coin","Dead Branch","Nunchaku","conspire:Flyswatter","Shovel","Orrery","Regal Pillow","Akabeko","Bag of Marbles","Philosopher\u0027s Stone","Pen Nib","Lee\u0027s Waffle","CeramicFish","conspire:TreasureMap","HornCleat","Bag of Preparation","InkBottle","conspire:GlowingRock","Black Star","bronze:ProtectiveGoggles","Matryoshka","Pocketwatch","MealTicket","Membership Card","Anchor","Bird Faced Urn","Boot","MawBank","Unceasing Top","Toxic Egg 2"],"acts_visited":["Exordium","TheCity","TheBeyond"],"potions_floor_usage":[10,16,23,33,33,44,48],"damage_taken":[{"damage":0.0,"enemies":"Cultist","floor":2.0,"turns":2.0},{"damage":0.0,"enemies":"Small Slimes","floor":3.0,"turns":1.0},{"damage":0.0,"enemies":"2 Louse","floor":4.0,"turns":1.0},{"damage":15.0,"enemies":"3 Sentries","floor":6.0,"turns":4.0},{"damage":13.0,"enemies":"downfall:FleeingMerchant","floor":9.0,"turns":4.0},{"damage":0,"enemies":"downfall:FleeingMerchant","floor":10,"turns":4},{"damage":0,"enemies":"Gremlin Gang","floor":14,"turns":1},{"damage":0,"enemies":"Blue Slaver","floor":15,"turns":1},{"damage":13,"enemies":"IC_STATUS_ARCHETYPE","floor":16,"turns":3},{"damage":14,"enemies":"Shell Parasite","floor":19,"turns":3},{"damage":0,"enemies":"Centurion and Healer","floor":20,"turns":1},{"damage":19,"enemies":"downfall:FleeingMerchant","floor":21,"turns":4},{"damage":49,"enemies":"downfall:FleeingMerchant","floor":23,"turns":6},{"damage":0,"enemies":"downfall:FleeingMerchant","floor":25,"turns":1},{"damage":0,"enemies":"Snake Plant","floor":32,"turns":1},{"damage":7,"enemies":"WA_ARCHETYPE_CALM","floor":33,"turns":5},{"damage":0,"enemies":"3 Shapes","floor":36,"turns":1},{"damage":0,"enemies":"Orb Walker","floor":37,"turns":1},{"damage":0,"enemies":"Reptomancer","floor":42,"turns":1},{"damage":0,"enemies":"Nemesis","floor":44,"turns":1},{"damage":0,"enemies":"Reptomancer","floor":46,"turns":2},{"damage":92,"enemies":"Giant Head","floor":48,"turns":8}],"seed_played":"-4966655016016632148","potions_obtained":[{"floor":6.0,"key":"hexamod:SoulburnPotion"},{"floor":14,"key":"SkillPotion"},{"floor":15,"key":"FearPotion"},{"floor":23,"key":"AttackPotion"},{"floor":32,"key":"DuplicationPotion"},{"floor":33,"key":"ColorlessPotion"},{"floor":36,"key":"Explosive Potion"},{"floor":46,"key":"champ:CounterPotion"}],"is_trial":true,"path_per_floor":["R","M","M","M","?","E","T","?","$","$","R","R","R","M","M","B",null,"R","M","M","$","?","?","T","$","R","R","R","R","R","?","M","B",null,"R","M","M","?","?","$","T","E","$","E","R","E","R","E"],"character_chosen":"THE_AUTOMATON","items_purchased":["Shovel","Orrery","Regal Pillow","bronze:Turbo","Lee\u0027s Waffle","conspire:TreasureMap","HornCleat","bronze:ProtectiveGoggles","Membership Card","Anchor"],"campfire_rested":3,"item_purchase_floors":[9,9,10,21,21,25,25,40,43,43],"current_hp_per_floor":[70,70,70,70,58,43,43,43,30,30,66,66,66,66,66,53,70,70,56,56,77,77,28,28,28,66,77,77,77,77,77,77,70,77,77,77,77,77,77,77,77,77,77,77,77,77,77,0,0,0],"gold":120,"neow_bonus":"","is_daily":false,"chose_seed":false,"campfire_upgraded":2,"win_rate":0.0,"timestamp":1611364081,"path_taken":["R","M","M","?","?","E","T","?","$","$","R","R","R","?","M","BOSS","R","M","M","$","?","?","T","$","R","R","R","R","R","?","M","BOSS","R","M","?","?","?","$","T","E","$","E","R","E","R","E"],"items_purchased_type":["Relic","Relic","Relic","Card","Relic","Relic","Relic","Relic","Relic","Relic"],"build_version":"2020-12-22","purchased_purges":1,"victory":false,"max_hp_per_floor":[70,70,70,70,70,70,70,70,70,70,70,70,70,70,70,70,70,70,70,70,77,77,77,77,77,77,77,77,77,77,77,77,77,77,77,77,77,77,77,77,77,77,77,77,77,77,77,77,77,77],"card_choices":[{"not_picked":["bronze:Deprecate","bronze:Frontload"],"picked":"bronze:WhirlingStrike","floor":0.0},{"not_picked":["bronze:Safeguard","bronze:Branch"],"picked":"bronze:Separator","floor":0.0},{"not_picked":["bronze:Fortify","bronze:GetLatest"],"picked":"bronze:Overheat","floor":0.0},{"not_picked":["bronze:Frontload","bronze:Boost"],"picked":"bronze:Constructor","floor":0.0},{"not_picked":["bronze:Boost","bronze:BuggyMess"],"picked":"bronze:Separator","floor":0.0},{"not_picked":["bronze:Shield","bronze:Repulsor"],"picked":"bronze:DelayedSlice","floor":0.0},{"not_picked":["bronze:ForLoop","bronze:Iterate"],"picked":"bronze:Branch","floor":0.0},{"not_picked":["bronze:Safeguard","bronze:Shield"],"picked":"bronze:Shell","floor":0.0},{"not_picked":["bronze:BugBarrage","bronze:Shield"],"picked":"bronze:Flail","floor":0.0},{"not_picked":["bronze:Philosophize","bronze:NullPointer"],"picked":"bronze:Turbo","floor":0.0},{"not_picked":["bronze:Constructor","bronze:Overload"],"picked":"bronze:ItsAFeature","floor":0.0},{"not_picked":["bronze:BronzeOrb","bronze:Branch"],"picked":"bronze:OilSpill","floor":0.0},{"not_picked":["bronze:ItsAFeature","bronze:ChosenStrike"],"picked":"bronze:WhirlingStrike","floor":0.0},{"not_picked":["bronze:Iterate","bronze:OilSpill"],"picked":"bronze:WhirlingStrike","floor":0.0},{"not_picked":["bronze:Deprecate","bronze:Shield"],"picked":"bronze:OilSpill","floor":0.0},{"not_picked":["bronze:Deprecate","bronze:BronzeOrb"],"picked":"bronze:WhirlingStrike","floor":2.0},{"not_picked":["bronze:CloningBeam","bronze:Overheat","bronze:Shell"],"picked":"SKIP","floor":3.0},{"not_picked":["bronze:Frontload","bronze:BugBarrage","bronze:Repulsor"],"picked":"SKIP","floor":4.0},{"not_picked":["bronze:FindAndReplace","bronze:Assembly"],"picked":"bronze:Format","floor":6.0},{"not_picked":["bronze:ForLoop","bronze:Invalidate","bronze:Overheat"],"picked":"SKIP","floor":9.0},{"not_picked":["bronze:OilSpill","bronze:BuggyMess"],"picked":"bronze:GetLatest","floor":9.0},{"not_picked":["bronze:ForceShield","bronze:BuggyMess"],"picked":"bronze:Turbo","floor":9.0},{"not_picked":["bronze:Philosophize","bronze:Overheat"],"picked":"bronze:Shell","floor":9.0},{"not_picked":["bronze:Overload","bronze:Flail"],"picked":"bronze:Turbo","floor":9.0},{"not_picked":["bronze:ChildClass","bronze:ChosenStrike"],"picked":"bronze:DelayedSlice","floor":10},{"not_picked":["bronze:Invalidate","bronze:Frontload","bronze:CutThrough"],"picked":"SKIP","floor":14},{"not_picked":["bronze:Shield","bronze:WhirlingStrike","bronze:CutThrough"],"picked":"SKIP","floor":15},{"not_picked":["bronze:Format","bronze:Assembly"],"picked":"bronze:AlphaBuild","floor":16},{"not_picked":["bronze:ForceShield","bronze:Iterate+1","bronze:NullPointer+1"],"picked":"SKIP","floor":19},{"not_picked":["bronze:DelayedSlice","bronze:Deprecate"],"picked":"bronze:GetLatest","floor":20},{"not_picked":["bronze:Deprecate","bronze:BronzeOrb"],"picked":"bronze:Turbo","floor":21},{"not_picked":[],"picked":"bronze:DonuBeam","floor":23},{"not_picked":[],"picked":"bronze:DecaBeam","floor":23},{"not_picked":["bronze:Overload","bronze:WildBeam","bronze:Frontload+1"],"picked":"SKIP","floor":25},{"not_picked":["bronze:BitShift+1","bronze:BurnOut"],"picked":"bronze:ClassDefault+1","floor":32},{"not_picked":["bronze:RecursiveStrike","bronze:Assembly"],"picked":"bronze:Format","floor":33},{"not_picked":["bronze:Safeguard+1","bronze:Iterate","bronze:DelayedGuard+1"],"picked":"SKIP","floor":36},{"not_picked":["bronze:Constructor+1","bronze:Separator"],"picked":"bronze:Terminator+1","floor":37},{"not_picked":["bronze:HyperBeam","bronze:ThunderWave"],"picked":"bronze:Format","floor":42},{"not_picked":["bronze:Format","bronze:CleanCode","bronze:ShipIt"],"picked":"SKIP","floor":44},{"not_picked":["bronze:AlphaBuild","bronze:ThunderWave"],"picked":"bronze:Assembly","floor":46}],"player_experience":446355,"relics_obtained":[{"floor":6.0,"key":"Nunchaku"},{"floor":7.0,"key":"conspire:Flyswatter"},{"floor":12,"key":"Akabeko"},{"floor":13,"key":"Bag of Marbles"},{"floor":18,"key":"Pen Nib"},{"floor":24,"key":"CeramicFish"},{"floor":28,"key":"Bag of Preparation"},{"floor":29,"key":"InkBottle"},{"floor":30,"key":"conspire:GlowingRock"},{"floor":41,"key":"Matryoshka"},{"floor":42,"key":"Pocketwatch"},{"floor":42,"key":"MealTicket"},{"floor":44,"key":"Bird Faced Urn"},{"floor":44,"key":"Boot"},{"floor":45,"key":"MawBank"},{"floor":46,"key":"Unceasing Top"},{"floor":47,"key":"Toxic Egg 2"}],"event_choices":[{"damage_healed":0.0,"max_hp_gain":0.0,"max_hp_loss":0.0,"gold_gain":0.0,"event_name":"Scrap Ooze","player_choice":"Success","floor":5.0,"gold_loss":0.0,"damage_taken":12.0,"relics_obtained":["Dead Branch"]},{"damage_healed":0,"gold_gain":0,"player_choice":"Leave","damage_taken":0,"max_hp_gain":0,"max_hp_loss":0,"event_name":"conspire:Investor","floor":22,"gold_loss":0},{"cards_removed":["bronze:Shell"],"damage_healed":0,"gold_gain":0,"player_choice":"Offered Uncommon","damage_taken":0,"max_hp_gain":0,"max_hp_loss":0,"event_name":"Bonfire Elementals","floor":31,"gold_loss":0},{"cards_removed":["bronze:WhirlingStrike"],"damage_healed":0,"gold_gain":0,"player_choice":"Removed Attack","damage_taken":0,"max_hp_gain":0,"max_hp_loss":0,"event_name":"Falling","floor":39,"gold_loss":0}],"is_beta":false,"boss_relics":[{"not_picked":["Velvet Choker","Busted Crown"],"picked":"Philosopher\u0027s Stone"},{"not_picked":["SacredBark","Fusion Hammer"],"picked":"Black Star"}],"items_purged_floors":[9],"is_endless":true,"potions_floor_spawned":[6,14,15,23,32,33,36,46],"killed_by":"Giant Head","ascension_level":1}}