{"host":"r6jigiblrojhp6xe","time":1611323672,"event":{"mods":["AchievementEnabler","BaseMod","DeckTracker","Hermit","Minty Spire (QoL Compilation)","Quick Restart","Rare Cards Sparkle","Relic Stats","StSLib","SuperFastMode","everything is the same but u backflip on backflip"],"gold_per_floor":[110,127,127,127,146,146,156,156,204,204,233,233,233,291,291,396,396,424,452,551,551,561,561,561,152,152,185,185,185,218,252,252,347,347,364,364,13,39,104,104,165,179,179,205,1,15,42,53,53,53],"floor_reached":51,"language":"KOR","playtime":2369,"items_purged":["hermit:Strike_Hermit","Injury","hermit:Strike_Hermit+1"],"score":806,"play_id":"f297ec3f-46f5-482f-aba5-672d0ff2a78d","local_time":"20210122225432","is_ascension_mode":true,"campfire_choices":[{"data":"hermit:CalledShot","floor":6.0,"key":"SMITH"},{"data":"hermit:FlashPowder","floor":12.0,"key":"SMITH"},{"data":"hermit:Snapshot","floor":15.0,"key":"SMITH"},{"floor":23.0,"key":"REST"},{"data":"hermit:HeroicBravado","floor":28,"key":"SMITH"},{"data":"hermit:Determination","floor":32,"key":"SMITH"},{"data":"hermit:HighNoon","floor":40,"key":"SMITH"},{"floor":49,"key":"REST"}],"circlet_count":0,"master_deck":["hermit:Defend_Hermit+1","hermit:Defend_Hermit","hermit:Defend_Hermit+1","hermit:Snapshot+1","hermit:Covet","Master of Strategy","hermit:CalledShot+1","hermit:FlashPowder+1","hermit:GoldenBullet","hermit:DeadOrAlive","hermit:HeroicBravado+1","hermit:Determination+1","Necronomicurse","hermit:Gestalt+1","hermit:TakeCover+1","hermit:Dissolve","hermit:HighCaliber","hermit:HighNoon+1","hermit:Dive+1","hermit:SprayPray","hermit:CalledShot+1"],"relics":["hermit:Momento","Juzu Bracelet","Happy Flower","The Courier","Vajra","Cursed Key","Necronomicon","Toy Ornithopter","PreservedInsect","Regal Pillow","Sling","hermit:BartenderGlass","Membership Card","Omamori","Dead Branch","Lizard Tail","War Paint","White Beast Statue","hermit:RyeStalk","Frozen Eye"],"acts_visited":["Exordium","TheCity","TheBeyond"],"potions_floor_usage":[27,31,31,33,46,46,47,47,50,50,50],"damage_taken":[{"damage":1.0,"enemies":"Cultist","floor":1.0,"turns":3.0},{"damage":2.0,"enemies":"Jaw Worm","floor":2.0,"turns":4.0},{"damage":0.0,"enemies":"Small Slimes","floor":5.0,"turns":2.0},{"damage":1.0,"enemies":"Red Slaver","floor":7.0,"turns":4.0},{"damage":10.0,"enemies":"Lagavulin","floor":11.0,"turns":5.0},{"damage":13.0,"enemies":"Lagavulin Event","floor":14.0,"turns":5.0},{"damage":14.0,"enemies":"The Guardian","floor":16.0,"turns":12.0},{"damage":10.0,"enemies":"Shell Parasite","floor":18.0,"turns":5.0},{"damage":1.0,"enemies":"3 Byrds","floor":19.0,"turns":5.0},{"damage":25.0,"enemies":"Snake Plant","floor":22.0,"turns":3.0},{"damage":2,"enemies":"Centurion and Healer","floor":27,"turns":5},{"damage":1,"enemies":"Snecko","floor":30,"turns":4},{"damage":1,"enemies":"Snake Plant","floor":31,"turns":3},{"damage":15,"enemies":"Automaton","floor":33,"turns":16},{"damage":8,"enemies":"3 Darklings","floor":35,"turns":7},{"damage":1,"enemies":"3 Shapes","floor":38,"turns":5},{"damage":1,"enemies":"Mind Bloom Boss Battle","floor":39,"turns":6},{"damage":4,"enemies":"Reptomancer","floor":41,"turns":5},{"damage":17,"enemies":"Transient","floor":42,"turns":5},{"damage":2,"enemies":"Giant Head","floor":44,"turns":6},{"damage":1,"enemies":"Jaw Worm Horde","floor":46,"turns":4},{"damage":41,"enemies":"4 Shapes","floor":47,"turns":7},{"damage":6,"enemies":"Sphere and 2 Shapes","floor":48,"turns":6},{"damage":18,"enemies":"Donu and Deca","floor":50,"turns":13}],"seed_played":"6348517676548967072","potions_obtained":[{"floor":1.0,"key":"Block Potion"},{"floor":5.0,"key":"Fire Potion"},{"floor":7.0,"key":"SpeedPotion"},{"floor":18.0,"key":"LiquidBronze"},{"floor":22.0,"key":"ColorlessPotion"},{"floor":27,"key":"PowerPotion"},{"floor":33,"key":"SpeedPotion"},{"floor":35,"key":"SpeedPotion"},{"floor":41,"key":"EssenceOfSteel"},{"floor":47,"key":"Swift Potion"}],"is_trial":false,"path_per_floor":["M","M","?","?","M","R","M","?","T","?","E","R","?","?","R","B",null,"M","M","?","?","M","R","?","$","T","M","R","?","M","M","R","B",null,"M","?","$","M","?","R","E","M","T","E","$","M","M","M","R","B",null],"character_chosen":"HERMIT","items_purchased":["PreservedInsect","Regal Pillow","Sling","Membership Card","Omamori","Dead Branch","hermit:RyeStalk","Frozen Eye","hermit:SprayPray"],"campfire_rested":2,"item_purchase_floors":[25,25,25,37,37,37,45,45,45],"current_hp_per_floor":[67,65,51,56,56,56,55,55,55,55,45,45,45,32,32,18,73,63,62,62,46,21,42,42,42,42,45,45,45,44,53,53,43,73,65,65,65,64,63,63,59,42,42,40,40,49,18,12,48,45],"gold":53,"neow_bonus":"RANDOM_COLORLESS_2","is_daily":false,"chose_seed":false,"campfire_upgraded":6,"win_rate":0.0,"timestamp":1611323672,"path_taken":["M","M","?","?","M","R","M","?","T","?","E","R","?","?","R","BOSS","M","M","?","?","M","R","?","$","T","M","R","?","M","M","R","BOSS","M","?","$","M","?","R","E","M","T","E","$","M","M","M","R","BOSS"],"items_purchased_type":["Relic","Relic","Relic","Relic","Relic","Relic","Relic","Relic","Card"],"build_version":"2020-12-22","purchased_purges":3,"victory":true,"max_hp_per_floor":[68,68,68,73,73,73,73,73,73,73,73,73,73,73,73,73,73,73,73,73,73,73,73,73,73,73,73,73,73,73,73,73,73,73,73,73,73,73,73,73,73,73,73,73,73,73,73,73,73,73],"relic_stats":{"Regal Pillow":15,"Lizard Tail":0,"Happy Flower":[42],"counters":[24,140],"Dead Branch":[109],"PreservedInsect":184,"Juzu Bracelet":2,"Necronomicon":[28],"War Paint":["hermit:Gestalt","hermit:Defend_Hermit"],"Cursed Key":1,"obtain_stats":[{"Regal Pillow":25,"Happy Flower":9,"Dead Branch":37,"Vajra":14,"The Courier":11,"PreservedInsect":25,"Juzu Bracelet":8,"Omamori":37,"War Paint":41,"Cursed Key":17,"Sling":25,"White Beast Statue":44,"hermit:RyeStalk":45,"Frozen Eye":45,"Lizard Tail":39,"hermit:BartenderGlass":34,"Necronomicon":21,"Membership Card":37,"hermit:Momento":0,"Toy Ornithopter":24},{"Regal Pillow":10,"Happy Flower":4,"Dead Branch":15,"Vajra":6,"The Courier":5,"PreservedInsect":10,"Juzu Bracelet":4,"Omamori":15,"War Paint":18,"Cursed Key":7,"Sling":10,"White Beast Statue":20,"hermit:RyeStalk":20,"Frozen Eye":20,"Lizard Tail":17,"hermit:BartenderGlass":14,"Necronomicon":9,"Membership Card":15,"hermit:Momento":0,"Toy Ornithopter":10},{"Regal Pillow":48,"Happy Flower":13,"Dead Branch":83,"Vajra":23,"The Courier":18,"PreservedInsect":48,"Juzu Bracelet":13,"Omamori":83,"War Paint":99,"Cursed Key":35,"Sling":48,"White Beast Statue":110,"hermit:RyeStalk":110,"Frozen Eye":110,"Lizard Tail":94,"hermit:BartenderGlass":76,"Necronomicon":45,"Membership Card":83,"hermit:Momento":0,"Toy Ornithopter":48}],"Toy Ornithopter":55},"card_choices":[{"not_picked":["Metamorphosis","Violence"],"picked":"Master of Strategy","floor":0.0},{"not_picked":["hermit:Brawl","hermit:Headshot"],"picked":"hermit:CalledShot","floor":1.0},{"not_picked":["hermit:SprayPray","hermit:ItchyTrigger","hermit:Virtue"],"picked":"SKIP","floor":2.0},{"not_picked":["hermit:LowProfile","hermit:NoHoldsBarred","hermit:Ricochet"],"picked":"SKIP","floor":5.0},{"not_picked":["hermit:Combo","hermit:Quickdraw"],"picked":"hermit:FlashPowder","floor":7.0},{"not_picked":["hermit:TrackingShot","hermit:PistolWhip","hermit:Combo"],"picked":"SKIP","floor":11.0},{"not_picked":["hermit:Feint","hermit:LowProfile"],"picked":"hermit:DeadOrAlive","floor":14.0},{"not_picked":["hermit:Adapt","hermit:OverwhelmingPower"],"picked":"hermit:HeroicBravado","floor":16.0},{"not_picked":["hermit:Misfire+1","hermit:Coalescence+1","hermit:Feint"],"picked":"SKIP","floor":18.0},{"not_picked":["hermit:Snipe","hermit:TrackingShot"],"picked":"hermit:Determination","floor":19.0},{"not_picked":["hermit:ShadowCloak","hermit:BodyArmor"],"picked":"hermit:Gestalt","floor":22.0},{"not_picked":["hermit:LuckOfTheDraw","hermit:Snipe"],"picked":"hermit:TakeCover+1","floor":27},{"not_picked":["hermit:Headshot+1","hermit:TakeCover+1","hermit:TakeAim"],"picked":"SKIP","floor":30},{"not_picked":["hermit:CursedWeapon","hermit:Ricochet","hermit:Midnight"],"picked":"SKIP","floor":31},{"not_picked":["hermit:FinalCanter","hermit:EternalForm"],"picked":"hermit:HighNoon","floor":33},{"not_picked":["hermit:Scavenge","hermit:Midnight+1","hermit:Glare"],"picked":"SKIP","floor":35},{"not_picked":["hermit:Grudge+1","hermit:SprayPray","hermit:HoleUp"],"picked":"SKIP","floor":38},{"not_picked":["hermit:Scavenge+1","hermit:CursedWeapon+1"],"picked":"hermit:Dive+1","floor":41},{"not_picked":["hermit:SprayPray+1","hermit:WideOpen","hermit:Horror"],"picked":"SKIP","floor":42},{"not_picked":["hermit:Dive","hermit:Purgatory","hermit:TrackingShot+1"],"picked":"SKIP","floor":44},{"not_picked":["hermit:Ricochet+1","hermit:Shortfuse"],"picked":"hermit:CalledShot+1","floor":46},{"not_picked":["hermit:LowProfile+1","hermit:Snipe","hermit:Brawl"],"picked":"SKIP","floor":47},{"not_picked":["hermit:Enervate+1","hermit:Misfire+1","hermit:Scavenge+1"],"picked":"SKIP","floor":48}],"player_experience":584071,"relics_obtained":[{"floor":9.0,"key":"Happy Flower"},{"floor":11.0,"key":"The Courier"},{"floor":14.0,"key":"Vajra"},{"floor":21.0,"key":"Necronomicon"},{"floor":24.0,"key":"Toy Ornithopter"},{"floor":39,"key":"Lizard Tail"},{"floor":41,"key":"War Paint"},{"floor":44,"key":"White Beast Statue"}],"event_choices":[{"damage_healed":0.0,"max_hp_gain":0.0,"max_hp_loss":0.0,"gold_gain":0.0,"event_name":"Shining Light","player_choice":"Entered Light","floor":3.0,"gold_loss":0.0,"damage_taken":14.0,"cards_upgraded":["hermit:Strike_Hermit","hermit:Defend_Hermit"]},{"damage_healed":0.0,"max_hp_gain":5.0,"max_hp_loss":0.0,"gold_gain":0.0,"event_name":"Big Fish","player_choice":"Donut","floor":4.0,"gold_loss":0.0,"damage_taken":0.0},{"damage_healed":0.0,"max_hp_gain":0.0,"max_hp_loss":0.0,"gold_gain":0.0,"event_name":"WeMeetAgain","player_choice":"Gave Potion","floor":8.0,"gold_loss":0.0,"damage_taken":0.0,"relics_obtained":["Juzu Bracelet"]},{"damage_healed":0.0,"max_hp_gain":0.0,"max_hp_loss":0.0,"gold_gain":0.0,"cards_transformed":["hermit:Defend_Hermit"],"event_name":"Living Wall","player_choice":"Change","floor":10.0,"gold_loss":0.0,"damage_taken":0.0,"cards_obtained":["hermit:GoldenBullet"]},{"damage_healed":0.0,"max_hp_gain":0.0,"max_hp_loss":0.0,"gold_gain":0.0,"event_name":"Liars Game","player_choice":"Ignored","floor":13.0,"gold_loss":0.0,"damage_taken":0.0},{"damage_healed":0.0,"max_hp_gain":0.0,"max_hp_loss":0.0,"gold_gain":30.0,"event_name":"Dead Adventurer","player_choice":"Searched \u00273\u0027 times","floor":14.0,"gold_loss":0.0,"damage_taken":0.0},{"damage_healed":0.0,"max_hp_gain":0.0,"max_hp_loss":0.0,"gold_gain":99.0,"event_name":"Nest","player_choice":"Stole From Cult","floor":20.0,"gold_loss":0.0,"damage_taken":0.0},{"damage_healed":0.0,"max_hp_gain":0.0,"max_hp_loss":0.0,"gold_gain":0.0,"event_name":"Cursed Tome","player_choice":"Obtained Book","floor":21.0,"gold_loss":0.0,"damage_taken":16.0},{"damage_healed":0.0,"max_hp_gain":0.0,"max_hp_loss":0.0,"gold_gain":0.0,"event_name":"Wheel of Change","player_choice":"Relic","floor":24.0,"gold_loss":0.0,"damage_taken":0.0},{"damage_healed":0,"gold_gain":0,"cards_transformed":["hermit:Strike_Hermit","hermit:Strike_Hermit"],"player_choice":"Became Test Subject","damage_taken":0,"max_hp_gain":0,"max_hp_loss":0,"event_name":"Drug Dealer","floor":29,"gold_loss":0,"cards_obtained":["hermit:Dissolve","hermit:HighCaliber"]},{"damage_healed":0,"gold_gain":0,"player_choice":"Ignored","damage_taken":0,"max_hp_gain":0,"max_hp_loss":0,"event_name":"Mysterious Sphere","floor":36,"gold_loss":0},{"damage_healed":0,"gold_gain":0,"player_choice":"Fight","damage_taken":0,"max_hp_gain":0,"max_hp_loss":0,"event_name":"MindBloom","floor":39,"gold_loss":0}],"is_beta":false,"boss_relics":[{"not_picked":["Fusion Hammer","Ectoplasm"],"picked":"Cursed Key"},{"not_picked":["SlaversCollar","Runic Dome"],"picked":"hermit:BartenderGlass"}],"items_purged_floors":[25,37,45],"is_endless":false,"potions_floor_spawned":[1,5,7,18,22,27,33,35,41,44,46,47,48],"ascension_level":3}}