{"host":"oqhjdqr9xcmboomw","time":1611301486,"event":{"mods":["2.2 Compatiblity","AchievementEnabler","Act Like it!","Aspiration","BaseMod","Beaked The Cultist","Better Third Choice","Conjunction","Conspire","Disable Question Mark Monsters","Elementarium","Energized Spire","GifTheSpireLib","Halation","Hallownest","Hermit","Hubris","Infinite Spire","Jorbs\u0027s Wanderer Trilogy","Mimic Mod","Minty Spire (QoL Compilation)","Random Character Button","Rare Cards Sparkle","Replay The Spire","Spicy Shops","Spikes Relics","StSLib","Stuff the Spire","The Blackbeard","The Blue Laboratory","The Cursed","The Disciple","The Gatherer","The Hierophant","The Judge","The Mystic","The Saiyan","The Wild Card","Unceasing Turn Reminder","Wandering Minibosses","vexMod"],"gold_per_floor":[114,39,5,5,19,19,45,45,71,99,119,138,153,170,170,244,244,255,274,274,274,288,322,322,322,347,373,373,373,573,608,608,690,690,705,735,791,825,825,825,878,880,880,880],"floor_reached":42,"language":"ENG","playtime":1739,"items_purged":["blackbeard:BlackbeardDefend"],"score":952,"play_id":"bc189397-94c9-4b96-b691-8770a3f960d6","local_time":"20210122024446","is_ascension_mode":true,"campfire_choices":[{"data":"blackbeard:Toast","floor":6,"key":"SMITH"},{"data":"blackbeard:BeatUp","floor":8,"key":"SMITH"},{"data":"blackbeard:Cutlass","floor":15,"key":"SMITH"},{"data":"infinitespire:TheBestDefense","floor":24,"key":"SMITH"},{"data":"blackbeard:FieryDefense","floor":29,"key":"SMITH"},{"floor":32,"key":"REST"},{"floor":40,"key":"REST"}],"circlet_count":0,"master_deck":["AscendersBane","blackbeard:BlackbeardStrike","blackbeard:BlackbeardStrike","blackbeard:BlackbeardStrike","blackbeard:IntimidatingStrike","blackbeard:BlackbeardDefend","blackbeard:BlackbeardDefend","blackbeard:BlackbeardDefend","blackbeard:Cutlass+1","blackbeard:PiratesWill+1","blackbeard:Toast+1","blackbeard:RemoveScurvy","blackbeard:BeatUp+1","blackbeard:DangerousBlow","blackbeard:Fencing","blackbeard:Rum","blackbeard:Boarding","blackbeard:WiseDefense","blackbeard:Halberd","blackbeard:CannonballSupply","infinitespire:TheBestDefense+1","blackbeard:PiratesWill+1","blackbeard:FieryDefense+1","blackbeard:ArmorUp+1","blackbeard:PirateStrength","blackbeard:PowerHungry","infinitespire:Fortify","blackbeard:InfiniteBarrage","blackbeard:FinalBarrage","blackbeard:Rum","blackbeard:PiratesWill","Parasite"],"relics":["blackbeard:LoadTheCannons","NeowsBlessing","PreservedInsect","conspire:Boomerang","halation:ForbiddenBikini","wanderingMiniBosses:CarrionFlame","blackbeard:Karategi","halation:Sosunser","Singing Bowl","Nunchaku","StuffTheSpire:GrapeVine","halation:IllGainedPizza","vexMod:MysteryBossChallenge","energizedSpire:RedRose","Turnip","StuffTheSpire:Wildfire"],"acts_visited":["Exordium","TheCity","TheBeyond"],"potions_floor_usage":[14,16,19,27,33,36],"damage_taken":[{"damage":0,"enemies":"conspire:RoseBush","floor":1,"turns":1},{"damage":0,"enemies":"infinitespire:Voidling","floor":5,"turns":1},{"damage":0,"enemies":"3 Sentries","floor":7,"turns":2},{"damage":25,"enemies":"Lagavulin","floor":10,"turns":5},{"damage":0,"enemies":"Cultist","floor":11,"turns":2},{"damage":3,"enemies":"Large Slime","floor":12,"turns":7},{"damage":0,"enemies":"2 Fungi Beasts","floor":13,"turns":3},{"damage":10,"enemies":"Red Slaver","floor":14,"turns":2},{"damage":24,"enemies":"The Guardian","floor":16,"turns":11},{"damage":11,"enemies":"Spheric Guardian","floor":18,"turns":3},{"damage":0,"enemies":"Chosen","floor":19,"turns":5},{"damage":10,"enemies":"conspire:HollyBat","floor":22,"turns":5},{"damage":0,"enemies":"Replay:Snechameleon","floor":23,"turns":4},{"damage":6,"enemies":"conspire:Head Lice","floor":27,"turns":3},{"damage":51,"enemies":"Nightmare","floor":31,"turns":5},{"damage":15,"enemies":"Automaton","floor":33,"turns":5},{"damage":0,"enemies":"3 Shapes","floor":35,"turns":3},{"damage":5,"enemies":"3 Darklings","floor":36,"turns":2},{"damage":22,"enemies":"Writhing Mass","floor":37,"turns":9},{"damage":6,"enemies":"Writhing Mass","floor":38,"turns":5},{"damage":58,"enemies":"Nemesis","floor":41,"turns":5},{"damage":2,"enemies":"Maw","floor":42,"turns":2}],"seed_played":"2380877652224312910","potions_obtained":[{"floor":7,"key":"blueLaboratory:PhilterOfMotion"},{"floor":11,"key":"infinitespire:BlackPotion"},{"floor":14,"key":"SpeedPotion"},{"floor":16,"key":"AttackPotion"},{"floor":19,"key":"blueLaboratory:FruitPunch"},{"floor":33,"key":"blueLaboratory:AbyssPotion"},{"floor":35,"key":"Adrenaline Potion"},{"floor":38,"key":"SpeedPotion"}],"is_trial":false,"path_per_floor":["M","?","$","?","M","R","E","R","T","E","M","M","M","M","R","B",null,"M","M","AVR","?","M","E","R","?","T","E","$","R","?","NM","R","B",null,"M","M","MIM","M","?","R","E","M"],"character_chosen":"BLACKBEARD_CLASS","items_purchased":["blackbeard:Toast"],"campfire_rested":2,"item_purchase_floors":[3],"current_hp_per_floor":[64,64,64,64,64,64,69,69,69,44,44,41,46,46,46,27,60,49,49,49,49,44,49,49,56,56,52,52,52,52,1,22,12,58,60,55,38,34,36,59,3,1,1,1],"gold":880,"neow_bonus":"THREE_ENEMY_KILL","is_daily":false,"chose_seed":false,"campfire_upgraded":5,"win_rate":0.0,"timestamp":1611301486,"path_taken":["M","?","$","?","M","R","E","R","T","E","M","M","M","?","R","BOSS","M","M","AVR","?","?","E","R","?","T","E","$","R","?","NM","R","BOSS","M","M","?","M","?","R","E","M"],"items_purchased_type":["Card"],"build_version":"2020-12-22","purchased_purges":1,"victory":false,"max_hp_per_floor":[71,71,71,71,71,71,71,71,71,71,71,71,71,71,71,71,71,71,71,71,71,71,71,71,71,71,73,73,73,73,73,73,73,73,75,75,75,77,79,79,81,81,81,81],"card_choices":[{"not_picked":["blackbeard:CloakAndCannonball","blackbeard:Sharpening"],"picked":"blackbeard:PiratesWill","floor":1},{"not_picked":["blackbeard:TacticalRetreat","blackbeard:PiratesWill"],"picked":"blackbeard:RemoveScurvy","floor":5},{"not_picked":["blackbeard:Parrot","blackbeard:Sword"],"picked":"blackbeard:BeatUp","floor":7},{"not_picked":["blackbeard:GhostInTheRum","blackbeard:Dagger"],"picked":"blackbeard:DangerousBlow","floor":10},{"not_picked":["blackbeard:GoldenStrike","blackbeard:BeatUp"],"picked":"blackbeard:Fencing","floor":11},{"not_picked":["blackbeard:InfiniteBarrage","blackbeard:Bandana"],"picked":"blackbeard:Rum","floor":12},{"not_picked":["blackbeard:Provisioning","blackbeard:Dagger"],"picked":"blackbeard:Boarding","floor":13},{"not_picked":["blackbeard:Revenge","blackbeard:Spear"],"picked":"blackbeard:WiseDefense","floor":14},{"not_picked":["blackbeard:MegaUpgrade","blackbeard:BountyHunter"],"picked":"blackbeard:Halberd","floor":16},{"not_picked":["blackbeard:SwordDance","blackbeard:Shrapnel","blackbeard:Sharpening"],"picked":"SKIP","floor":18},{"not_picked":["blackbeard:Spear","blackbeard:GhostInTheRum"],"picked":"blackbeard:CannonballSupply","floor":19},{"not_picked":["blackbeard:WoodenLeg","blackbeard:BeatUp+1"],"picked":"blackbeard:FieryDefense","floor":22},{"not_picked":["blackbeard:PiratesWill","blackbeard:Bandana"],"picked":"blackbeard:ArmorUp+1","floor":23},{"not_picked":["blackbeard:CloakAndCannonball","blackbeard:BeatUp"],"picked":"blackbeard:PirateStrength","floor":27},{"not_picked":["blackbeard:GoldenGuillotine","blackbeard:Lifeboat"],"picked":"blackbeard:PowerHungry","floor":30},{"not_picked":["infinitespire:Execution","infinitespire:UltimateForm"],"picked":"infinitespire:Fortify","floor":31},{"not_picked":["blackbeard:Upgrade","blackbeard:Spear"],"picked":"blackbeard:InfiniteBarrage","floor":31},{"not_picked":["blackbeard:HumongousCannonball","blackbeard:MegaUpgrade"],"picked":"blackbeard:FinalBarrage","floor":33},{"not_picked":["blackbeard:WiseDefense","blackbeard:PiratesWill","blackbeard:DeadlyArsenal+1"],"picked":"Singing Bowl","floor":35},{"not_picked":["blackbeard:GoldenDefense","blackbeard:Shrapnel+1"],"picked":"blackbeard:Rum","floor":36},{"not_picked":["blackbeard:Toast","blackbeard:DelayedPain+1"],"picked":"blackbeard:PiratesWill","floor":37},{"not_picked":["blackbeard:Bandana","blackbeard:Fencing+1","blackbeard:RearmingStrike"],"picked":"Singing Bowl","floor":38},{"not_picked":["Impatience","Blind","Violence"],"picked":"Singing Bowl","floor":39},{"not_picked":["blackbeard:Sharpening","blackbeard:BeatUp+1","blackbeard:DeadlyArsenal+1"],"picked":"Singing Bowl","floor":41}],"player_experience":982679,"relics_obtained":[{"floor":7,"key":"PreservedInsect"},{"floor":9,"key":"Pet Ghost"},{"floor":10,"key":"conspire:Boomerang"},{"floor":19,"key":"wanderingMiniBosses:CarrionFlame"},{"floor":23,"key":"Singing Bowl"},{"floor":26,"key":"Nunchaku"},{"floor":27,"key":"StuffTheSpire:GrapeVine"},{"floor":31,"key":"halation:IllGainedPizza"},{"floor":37,"key":"Turnip"},{"floor":41,"key":"StuffTheSpire:Wildfire"}],"event_choices":[{"cards_removed":["blackbeard:BlackbeardStrike"],"damage_healed":0,"gold_gain":0,"player_choice":"Card Removal","damage_taken":0,"max_hp_gain":0,"max_hp_loss":0,"event_name":"The Cleric","floor":2,"gold_loss":75},{"damage_healed":0,"gold_gain":0,"player_choice":"Upgraded","damage_taken":0,"max_hp_gain":0,"max_hp_loss":0,"event_name":"Upgrade Shrine","floor":4,"gold_loss":0,"cards_upgraded":["blackbeard:PiratesWill"]},{"damage_healed":0,"gold_gain":0,"player_choice":"Copied","damage_taken":0,"max_hp_gain":0,"max_hp_loss":0,"event_name":"Duplicator","floor":21,"gold_loss":0,"cards_obtained":["blackbeard:PiratesWill"]},{"damage_healed":0,"gold_gain":0,"player_choice":"Memory 1","damage_taken":0,"max_hp_gain":0,"max_hp_loss":0,"event_name":"SensoryStone","floor":39,"gold_loss":0}],"is_beta":false,"boss_relics":[{"not_picked":["SlaversCollar","conspire:SeveredTorchhead"],"picked":"halation:ForbiddenBikini"},{"not_picked":["Philosopher\u0027s Stone","Runic Dome"],"picked":"vexMod:MysteryBossChallenge"}],"items_purged_floors":[20],"is_endless":false,"potions_floor_spawned":[7,11,12,14,16,19,22,33,35,38],"killed_by":"Maw","ascension_level":15}}