{"host":"tlbgt7ns5r9s9fgj","time":1611285309,"event":{"mods":["2.2 Compatiblity","AchievementEnabler","Act Like it!","Ascension Reborn","BaseMod","Better Altar","Better Match","Better Note","Better Sensory Stone","Better Skull","Better Third Choice","Better Vampires","BetterRewards","Block Reminder","Card Filter","Card Forge","Colored Map","Colored Powertips","Colorless Booster Pack","Conspire","Downfall","Energized Spire","GifTheSpireLib","Halation","Highlight Path","Hubris","Jedi Mod","Key Reminder","Minty Spire (QoL Compilation)","Permanent Neow","Potionbrewer","Quick Restart","Relic Filter","Relic Sorter","SCP261 Mod","Shop Mod","Spicy Shops","Spikes Relics","StSLib","Stuff the Spire","Synergy Search","vexMod"],"gold_per_floor":[114,131,151,151,601,601,601,601,620,595,141,141,173,188,88,189,189,204,221,221,221,221,221],"floor_reached":21,"language":"ENG","playtime":1075,"items_purged":["Regret","downfall:Icky"],"score":179,"play_id":"455c4874-cd73-44d0-ba9b-3afe97884c2d","local_time":"20210121221509","is_ascension_mode":true,"campfire_choices":[{"data":"champ:CheapShot","floor":8,"key":"SMITH"},{"data":"champ:ShieldWall","floor":12,"key":"SMITH"},{"floor":15,"key":"RECALL"}],"circlet_count":0,"master_deck":["champ:Strike","champ:Strike","champ:Strike","champ:Strike","champ:Defend","champ:Defend","champ:Defend","champ:Defend","champ:Execute","champ:Taunt+1","champ:CrownThrow","champ:Endure","champ:CheapShot+1","downfall:Icky","downfall:Icky","champ:FanOfKnives+1","champ:Improvising+1","champ:ShieldWall+1","champ:BerserkersShout","champ:CrownThrow","Bandage Up+1","champ:CrownThrow","champ:Haymaker","champ:LastStand+1","champ:Haymaker","champ:GutPunch+1"],"relics":["Hammer of Thor","Seething Fire","Anvil of the Gods","vexMod:FluxCapacitor","StuffTheSpire:RedRose","halation:YellowSoulGem","Thread and Needle","vexMod:BarristanHead","keyreminder:keyreminder","downfall:HeartBlessingGreen","vexMod:ImprovementManual"],"acts_visited":["Exordium","TheCity"],"potions_floor_usage":[],"damage_taken":[{"damage":13,"enemies":"Small Slimes","floor":1,"turns":4},{"damage":10,"enemies":"Jaw Worm","floor":2,"turns":3},{"damage":1,"enemies":"conspire:RoseBush","floor":3,"turns":3},{"damage":16,"enemies":"Large Slime","floor":9,"turns":4},{"damage":18,"enemies":"downfall:FleeingMerchant","floor":11,"turns":5},{"damage":54,"enemies":"Lagavulin","floor":13,"turns":7},{"damage":9,"enemies":"2 Fungi Beasts","floor":14,"turns":3},{"damage":46,"enemies":"WA_ARCHETYPE_RETAIN","floor":16,"turns":7},{"damage":21,"enemies":"conspire:FuzzyDice","floor":18,"turns":3},{"damage":0,"enemies":"Chosen","floor":19,"turns":4}],"seed_played":"6947993577305364603","potions_obtained":[{"floor":1,"key":"Strength Potion"},{"floor":13,"key":"Weak Potion"},{"floor":18,"key":"champ:CounterPotion"}],"is_trial":false,"path_per_floor":["M","M","M","?","?","?","T","R","M","?","$","R","E","M","R","B",null,"M","M","?","?"],"character_chosen":"THE_CHAMP","items_purchased":["champ:ShieldWall","champ:BerserkersShout","champ:CrownThrow","Bandage Up"],"campfire_rested":0,"item_purchase_floors":[11,11,11,11],"current_hp_per_floor":[87,87,86,86,86,86,86,86,80,80,77,77,62,57,57,35,90,85,85,85,0,0,0],"gold":221,"neow_bonus":"BOSS_RELIC","is_daily":false,"chose_seed":false,"campfire_upgraded":2,"win_rate":0.0,"timestamp":1611285309,"path_taken":["M","M","M","?","?","?","T","R","M","?","?","R","E","M","R","BOSS","M","M","?","?"],"items_purchased_type":["Card","Card","Card","Card"],"build_version":"2020-12-22","purchased_purges":2,"victory":false,"max_hp_per_floor":[90,90,90,90,90,90,90,90,90,90,90,90,90,90,90,90,90,90,90,90,90,90,90],"card_choices":[{"not_picked":["champ:AdrenalArmor","champ:Circumvent"],"picked":"champ:CrownThrow","floor":1},{"not_picked":["champ:PreciseThrust","champ:Backstep"],"picked":"champ:Endure","floor":2},{"not_picked":["champ:AdrenalArmor","champ:Haymaker"],"picked":"champ:CheapShot","floor":3},{"not_picked":["champ:Haymaker","champ:Shatter"],"picked":"champ:FanOfKnives","floor":9},{"not_picked":["champ:Encircle","champ:BerserkersShout"],"picked":"champ:Improvising","floor":11},{"not_picked":["champ:Lariat","champ:RisingSlash"],"picked":"champ:CrownThrow","floor":13},{"not_picked":["champ:BladeFlurry","champ:Shatter"],"picked":"champ:Haymaker","floor":14},{"not_picked":["champ:GladiatorForm","champ:HeavySlash"],"picked":"champ:LastStand","floor":16},{"not_picked":["champ:ArenaPreparation","champ:BladeFlurry"],"picked":"champ:Haymaker","floor":18},{"not_picked":["champ:FalseCounter","champ:PreciseThrust"],"picked":"champ:GutPunch+1","floor":19}],"player_experience":269046,"relics_obtained":[{"floor":7,"key":"Thread and Needle"},{"floor":13,"key":"vexMod:BarristanHead"}],"event_choices":[{"cards_removed":["champ:ShieldWall"],"damage_healed":0,"gold_gain":0,"player_choice":"Give","damage_taken":0,"max_hp_gain":0,"max_hp_loss":0,"event_name":"betterNote:BetterNote","floor":20,"gold_loss":0,"cards_obtained":["None"]}],"is_beta":false,"boss_relics":[{"not_picked":["jedi:battlestandard","vexMod:RockOfEvil"],"picked":"vexMod:ImprovementManual"}],"items_purged_floors":[11,11],"is_endless":false,"potions_floor_spawned":[1,13,18],"ascension_level":0}}