{"host":"c6uvvgqwlxq4k23y","time":1611348220,"event":{"mods":["Arknights The Spire","BaseMod","CapriCore","DeckTracker","Hermit","Minty Spire (QoL Compilation)","StSLib","SuperFastMode","The Cursed"],"gold_per_floor":[12,31,31,55,130,174,189,189,189,189,202,202,221,239,239,368,368,383,404,9,9,25,25,58,58,58],"floor_reached":25,"language":"KOR","playtime":780,"items_purged":["ats:Strike G"],"score":225,"play_id":"b74a43e5-beb0-4115-b486-9f2ca388964e","local_time":"20210123054340","is_ascension_mode":false,"campfire_choices":[{"data":"ats:Calcification","floor":8.0,"key":"SMITH"},{"data":"ats:Emotion Absorption","floor":10.0,"key":"SMITH"},{"data":"ats:Armor Crushing Shot","floor":12.0,"key":"SMITH"},{"data":"ats:Mental Burst","floor":15.0,"key":"SMITH"},{"floor":23.0,"key":"REST"}],"circlet_count":0,"master_deck":["ats:Strike C","ats:Strike S","ats:Strike V","ats:Armor Crushing Shot+1","ats:Defend","ats:Defend","ats:Defend","ats:Defend","ats:Emotion Absorption+1","ats:Shell Defense","ats:Poison Spread","ats:Neurotoxin","ats:Calcification+1","ats:Healing Drone","ats:Explosion Area Strengthen","ats:Mental Burst+1","ats:Flame Of Heaven","ats:Calcification","ats:Guardian Obelisk","ats:Revitalization","ats:Calcification","Sadistic Nature"],"relics":["ats:Sanity","Golden Idol","ats:Originium","Boot","ats:Berate","Runic Pyramid","Orrery","Molten Egg 2"],"acts_visited":["TheCity"],"potions_floor_usage":[],"damage_taken":[{"damage":1.0,"enemies":"Jaw Worm","floor":1.0,"turns":3.0},{"damage":5.0,"enemies":"Small Slimes","floor":2.0,"turns":5.0},{"damage":9.0,"enemies":"Cultist","floor":4.0,"turns":5.0},{"damage":23.0,"enemies":"Lagavulin","floor":6.0,"turns":6.0},{"damage":19.0,"enemies":"Exordium Wildlife","floor":7.0,"turns":8.0},{"damage":13.0,"enemies":"Blue Slaver","floor":11.0,"turns":12.0},{"damage":12.0,"enemies":"2 Fungi Beasts","floor":13.0,"turns":4.0},{"damage":4.0,"enemies":"Exordium Wildlife","floor":14.0,"turns":5.0},{"damage":54.0,"enemies":"Hexaghost","floor":16.0,"turns":8.0},{"damage":26.0,"enemies":"2 Thieves","floor":18.0,"turns":4.0},{"damage":20.0,"enemies":"Spheric Guardian","floor":19.0,"turns":5.0},{"damage":56.0,"enemies":"Snecko","floor":22.0,"turns":8.0},{"damage":45,"enemies":"Book of Stabbing","floor":24,"turns":6},{"damage":25,"enemies":"Snake Plant","floor":25,"turns":2}],"seed_played":"7193013240954020617","potions_obtained":[{"floor":2.0,"key":"SpeedPotion"},{"floor":4.0,"key":"AttackPotion"},{"floor":7.0,"key":"Ancient Potion"},{"floor":22.0,"key":"SteroidPotion"}],"is_trial":false,"path_per_floor":["M","M","?","M","?","E","M","R","T","R","M","R","M","M","R","B",null,"M","M","$","?","M","R","E","M"],"character_chosen":"DOCTOR_CLASS","items_purchased":["Orrery","Sadistic Nature"],"campfire_rested":1,"item_purchase_floors":[20,20],"current_hp_per_floor":[85,81,60,56,48,31,25,25,25,25,66,66,63,72,72,33,86,61,52,52,52,30,55,19,0,0],"gold":58,"neow_bonus":"TWENTY_PERCENT_HP_BONUS","is_daily":false,"chose_seed":false,"campfire_upgraded":4,"win_rate":0.0,"timestamp":1611348220,"path_taken":["M","M","?","M","?","E","M","R","T","R","M","R","M","M","R","BOSS","M","M","$","?","M","R","E","M"],"items_purchased_type":["Relic","Card"],"build_version":"2020-12-22","purchased_purges":1,"victory":false,"max_hp_per_floor":[86,86,86,86,86,86,86,86,86,86,86,86,86,86,86,86,86,86,86,86,86,86,86,86,86,86],"card_choices":[{"not_picked":["ats:Phantom","ats:Healing Strengthening"],"picked":"ats:Shell Defense","floor":1.0},{"not_picked":["ats:Childhood Dance","ats:Very Hot Blade"],"picked":"ats:Poison Spread","floor":2.0},{"not_picked":["ats:Assault Order","ats:Leaping Hammer"],"picked":"ats:Neurotoxin","floor":4.0},{"not_picked":["ats:Wolf Pack","ats:Soul Absorption"],"picked":"ats:Calcification","floor":6.0},{"not_picked":["ats:Blood Oath","ats:Assault Order"],"picked":"ats:Healing Drone","floor":7.0},{"not_picked":["ats:Powerful Strike","ats:Very Hot Blade"],"picked":"ats:Explosion Area Strengthen","floor":11.0},{"not_picked":["ats:Hammer On","ats:True Silver Slash"],"picked":"ats:Mental Burst","floor":13.0},{"not_picked":["ats:Sunburst","ats:Beaten Up"],"picked":"ats:Flame Of Heaven","floor":14.0},{"not_picked":["ats:Soul Rend","ats:Fractured Body"],"picked":"ats:Calcification","floor":16.0},{"not_picked":["ats:Powerful Strike","ats:Charging Defense"],"picked":"ats:Guardian Obelisk","floor":18.0},{"not_picked":["ats:Curse Doll","ats:Blood Oath","ats:Consecutive Shot Auto"],"picked":"SKIP","floor":19.0},{"not_picked":["ats:Red Shift","ats:Healing Drone"],"picked":"ats:Revitalization","floor":20.0},{"not_picked":["ats:Explosion Area Strengthen","ats:Automatic Cover"],"picked":"ats:Calcification","floor":20.0},{"not_picked":["ats:Hammer On+1","ats:Closed Bolt Burst Fire","ats:Explosion Area Strengthen"],"picked":"SKIP","floor":22.0},{"not_picked":["ats:Rapid Magazine","ats:Revitalization","ats:Sashimi Platter+1"],"picked":"SKIP","floor":24}],"player_experience":332196,"relics_obtained":[{"floor":6.0,"key":"ats:Originium"},{"floor":6.0,"key":"Boot"},{"floor":9.0,"key":"ats:Berate"},{"floor":24,"key":"ats:Originium"},{"floor":24,"key":"Molten Egg 2"}],"event_choices":[{"damage_healed":0.0,"max_hp_gain":0.0,"max_hp_loss":0.0,"gold_gain":0.0,"event_name":"Golden Idol","player_choice":"Take Damage","floor":3.0,"gold_loss":0.0,"damage_taken":21.0,"relics_obtained":["Golden Idol"]},{"damage_healed":0.0,"max_hp_gain":0.0,"max_hp_loss":0.0,"gold_gain":75.0,"event_name":"FaceTrader","player_choice":"Touch","floor":5.0,"gold_loss":0.0,"damage_taken":8.0},{"damage_healed":0.0,"max_hp_gain":0.0,"max_hp_loss":0.0,"gold_gain":0.0,"event_name":"Cursed Tome","player_choice":"Ignored","floor":21.0,"gold_loss":0.0,"damage_taken":0.0}],"is_beta":false,"boss_relics":[{"not_picked":["Pandora\u0027s Box","Snecko Eye"],"picked":"Runic Pyramid"}],"items_purged_floors":[20],"is_endless":false,"potions_floor_spawned":[2,4,7,22,24],"killed_by":"Snake Plant","ascension_level":0}}