{"host":"61y0z9o9vf3ujftj","time":1611299749,"event":{"mods":["2.2 Compatiblity","BaseMod","Colored Map","Colored Powertips","GifTheSpireLib","HexUI Lib","Highlight Path","Minty Spire (QoL Compilation)","Relic Stats","StSLib","Unknown Chances","ojb\u0027s Info Mod"],"gold_per_floor":[109,128,138,154,168,168,195,215,215,215,247,262,281,298,298,375,375,395,427,427,452,90,122,122,141,164,64,64,64,64,98,98,175,175,185,203,203,218,231,264,264,486,533,159,173,173,193,209,209,209],"floor_reached":51,"language":"ENG","playtime":3686,"items_purged":["Strike_G","Strike_G","Strike_G"],"score":1271,"play_id":"1bad426c-ae59-4138-af5e-e8283dcc8d64","local_time":"20210122011549","is_ascension_mode":true,"campfire_choices":[{"data":"Skewer","floor":6.0,"key":"SMITH"},{"data":"Catalyst","floor":10.0,"key":"SMITH"},{"data":"Noxious Fumes","floor":15.0,"key":"SMITH"},{"floor":24.0,"key":"DIG"},{"floor":28.0,"key":"DIG"},{"floor":30.0,"key":"DIG"},{"floor":32.0,"key":"REST"},{"floor":41.0,"key":"DIG"},{"floor":46.0,"key":"DIG"},{"floor":49.0,"key":"DIG"}],"circlet_count":0,"master_deck":["AscendersBane","Strike_G","Defend_G","Defend_G","Defend_G","Defend_G","Survivor","Neutralize","Deadly Poison","Noxious Fumes+1","Endless Agony","Skewer+1","Prepared","Catalyst+1","Leg Sweep","Dagger Throw","Acrobatics","Backstab","Doppelganger+1","Deadly Poison+1","Die Die Die","Backflip+1","Bouncing Flask+1","Wraith Form v2","Catalyst+1","Catalyst+1","Well Laid Plans","PiercingWail+1","Leg Sweep+1"],"relics":["Ring of the Snake","Meat on the Bone","Shovel","Dream Catcher","Fusion Hammer","Red Mask","Bronze Scales","Toxic Egg 2","Unceasing Top","StrikeDummy","Nunchaku","Oddly Smooth Stone","Enchiridion","Letter Opener","Omamori","Velvet Choker","Blood Vial","Bottled Lightning","Pen Nib","Strange Spoon","Toy Ornithopter","Akabeko"],"acts_visited":["TheCity","TheBeyond"],"potions_floor_usage":[50,50],"damage_taken":[{"damage":4.0,"enemies":"Small Slimes","floor":1.0,"turns":6.0},{"damage":1.0,"enemies":"Jaw Worm","floor":2.0,"turns":4.0},{"damage":2.0,"enemies":"2 Louse","floor":3.0,"turns":2.0},{"damage":9.0,"enemies":"Blue Slaver","floor":4.0,"turns":4.0},{"damage":0.0,"enemies":"3 Louse","floor":5.0,"turns":5.0},{"damage":15.0,"enemies":"Lagavulin","floor":7.0,"turns":6.0},{"damage":2.0,"enemies":"2 Fungi Beasts","floor":8.0,"turns":3.0},{"damage":5.0,"enemies":"Gremlin Nob","floor":11.0,"turns":3.0},{"damage":0.0,"enemies":"Exordium Wildlife","floor":12.0,"turns":2.0},{"damage":6.0,"enemies":"Looter","floor":13.0,"turns":2.0},{"damage":7.0,"enemies":"Exordium Thugs","floor":14.0,"turns":5.0},{"damage":19.0,"enemies":"The Guardian","floor":16.0,"turns":9.0},{"damage":11.0,"enemies":"Chosen","floor":18.0,"turns":5.0},{"damage":16.0,"enemies":"Masked Bandits","floor":19.0,"turns":4.0},{"damage":3.0,"enemies":"Gremlin Leader","floor":23.0,"turns":6.0},{"damage":0.0,"enemies":"3 Byrds","floor":25.0,"turns":2.0},{"damage":15.0,"enemies":"Book of Stabbing","floor":31.0,"turns":5.0},{"damage":32.0,"enemies":"Collector","floor":33.0,"turns":7.0},{"damage":20.0,"enemies":"3 Darklings","floor":35.0,"turns":4.0},{"damage":6.0,"enemies":"3 Shapes","floor":36.0,"turns":4.0},{"damage":19.0,"enemies":"Maw","floor":38.0,"turns":5.0},{"damage":1.0,"enemies":"3 Darklings","floor":39.0,"turns":4.0},{"damage":9.0,"enemies":"Giant Head","floor":40.0,"turns":6.0},{"damage":0.0,"enemies":"4 Shapes","floor":45.0,"turns":4.0},{"damage":0.0,"enemies":"Writhing Mass","floor":47.0,"turns":3.0},{"damage":3.0,"enemies":"Sphere and 2 Shapes","floor":48.0,"turns":4.0},{"damage":21,"enemies":"Time Eater","floor":50,"turns":3}],"seed_played":"-1563445146103044580","potions_obtained":[{"floor":2.0,"key":"DuplicationPotion"},{"floor":3.0,"key":"Ancient Potion"},{"floor":8.0,"key":"Swift Potion"},{"floor":13.0,"key":"Block Potion"},{"floor":18.0,"key":"ColorlessPotion"},{"floor":25.0,"key":"ColorlessPotion"},{"floor":31.0,"key":"LiquidMemories"},{"floor":36.0,"key":"Explosive Potion"},{"floor":39.0,"key":"Poison Potion"},{"floor":40.0,"key":"BlessingOfTheForge"}],"is_trial":false,"path_per_floor":["M","M","M","M","M","R","E","M","T","R","E","M","M","M","R","B",null,"M","?","?","T","$","E","R","M","T","$","R","?","R","E","R","B",null,"M","M","?","M","M","E","R","?","T","$","M","R","M","M","R","B",null],"character_chosen":"THE_SILENT","items_purchased":["Toxic Egg 2","Strange Spoon","Catalyst+1"],"campfire_rested":1,"item_purchase_floors":[22,44,44],"current_hp_per_floor":[40,39,37,28,28,28,13,23,23,23,30,42,36,41,41,34,58,47,43,43,43,43,40,40,40,40,40,40,19,19,16,35,15,53,45,39,39,32,43,34,34,34,34,34,36,36,38,37,37,40],"gold":209,"neow_bonus":"REMOVE_TWO","is_daily":false,"chose_seed":false,"campfire_upgraded":3,"win_rate":0.0,"timestamp":1611299749,"path_taken":["M","M","M","M","M","R","E","M","T","R","E","M","M","M","R","BOSS","M","?","?","?","$","E","R","M","T","$","R","?","R","E","R","BOSS","M","M","?","M","M","E","R","?","T","$","M","R","M","M","R","BOSS"],"items_purchased_type":["Relic","Relic","Card"],"build_version":"2020-12-22","purchased_purges":3,"victory":true,"max_hp_per_floor":[66,66,66,66,66,66,66,66,66,66,66,66,66,66,66,66,66,66,66,66,66,66,66,66,66,66,66,66,66,66,66,66,66,66,66,66,63,63,63,63,63,63,63,63,63,63,63,63,63,63],"relic_stats":{"counters":[27,117],"Pen Nib":[1],"Letter Opener":[209],"Blood Vial":8,"Strange Spoon":[4],"Dream Catcher":1,"Nunchaku":[6],"Shovel":6,"Bronze Scales":[233],"obtain_stats":[{"Oddly Smooth Stone":28,"Enchiridion":29,"Velvet Choker":34,"Pen Nib":43,"Omamori":31,"Letter Opener":30,"Akabeko":49,"Blood Vial":40,"Strange Spoon":44,"Dream Catcher":11,"Nunchaku":26,"Shovel":9,"Bronze Scales":21,"Fusion Hammer":17,"Red Mask":19,"Bottled Lightning":41,"Toxic Egg 2":22,"StrikeDummy":24,"Unceasing Top":23,"Toy Ornithopter":46,"Ring of the Snake":0,"Meat on the Bone":7},{"Oddly Smooth Stone":16,"Enchiridion":16,"Velvet Choker":18,"Pen Nib":23,"Omamori":17,"Letter Opener":16,"Akabeko":26,"Blood Vial":23,"Strange Spoon":23,"Dream Catcher":8,"Nunchaku":16,"Shovel":7,"Bronze Scales":14,"Fusion Hammer":12,"Red Mask":14,"Bottled Lightning":23,"Toxic Egg 2":14,"StrikeDummy":15,"Unceasing Top":15,"Toy Ornithopter":24,"Ring of the Snake":0,"Meat on the Bone":6},{"Oddly Smooth Stone":68,"Enchiridion":68,"Velvet Choker":80,"Pen Nib":103,"Omamori":73,"Letter Opener":68,"Akabeko":114,"Blood Vial":103,"Strange Spoon":103,"Dream Catcher":33,"Nunchaku":68,"Shovel":30,"Bronze Scales":60,"Fusion Hammer":51,"Red Mask":60,"Bottled Lightning":103,"Toxic Egg 2":60,"StrikeDummy":66,"Unceasing Top":66,"Toy Ornithopter":107,"Ring of the Snake":0,"Meat on the Bone":27}],"Unceasing Top":[12],"Toy Ornithopter":10,"Ring of the Snake":[56],"Meat on the Bone":144},"card_choices":[{"not_picked":["Deflect","Prepared"],"picked":"Deadly Poison","floor":1.0},{"not_picked":["Masterful Stab","Slice"],"picked":"Noxious Fumes","floor":2.0},{"not_picked":["Well Laid Plans","Cloak And Dagger"],"picked":"Endless Agony","floor":3.0},{"not_picked":["Deadly Poison","Storm of Steel","Riddle With Holes"],"picked":"SKIP","floor":4.0},{"not_picked":["Noxious Fumes","Finisher"],"picked":"Skewer","floor":5.0},{"not_picked":["Bane","Setup"],"picked":"Prepared","floor":7.0},{"not_picked":["Calculated Gamble","Eviscerate"],"picked":"Catalyst","floor":8.0},{"not_picked":["Infinite Blades","Flechettes"],"picked":"Leg Sweep","floor":11.0},{"not_picked":["Deadly Poison","Deflect"],"picked":"Dagger Throw","floor":12.0},{"not_picked":["Flechettes","Poisoned Stab","Deadly Poison"],"picked":"SKIP","floor":13.0},{"not_picked":["Dagger Throw","Poisoned Stab"],"picked":"Acrobatics","floor":14.0},{"not_picked":["Bane","Dagger Spray"],"picked":"Backstab","floor":18.0},{"not_picked":["Quick Slash","Backflip+1"],"picked":"Doppelganger+1","floor":23.0},{"not_picked":["Expertise+1","Choke"],"picked":"Deadly Poison+1","floor":25.0},{"not_picked":["All Out Attack","Flechettes","Predator"],"picked":"SKIP","floor":31.0},{"not_picked":["Storm of Steel+1","Glass Knife"],"picked":"Die Die Die","floor":33.0},{"not_picked":["Slice","Dagger Spray"],"picked":"Backflip+1","floor":35.0},{"not_picked":["Poisoned Stab+1","Sucker Punch"],"picked":"Bouncing Flask+1","floor":36.0},{"not_picked":["PiercingWail+1","Flying Knee"],"picked":"Wraith Form v2","floor":38.0},{"not_picked":["Acrobatics+1","Cloak And Dagger+1","Dagger Throw"],"picked":"SKIP","floor":39.0},{"not_picked":["Setup+1","Bullet Time+1"],"picked":"Catalyst+1","floor":40.0},{"not_picked":["Endless Agony","Acrobatics+1"],"picked":"Well Laid Plans","floor":45.0},{"not_picked":["Reflex+1","Escape Plan+1"],"picked":"PiercingWail+1","floor":47.0},{"not_picked":["Finisher","Eviscerate+1"],"picked":"Leg Sweep+1","floor":48.0}],"player_experience":384189,"relics_obtained":[{"floor":7.0,"key":"Meat on the Bone"},{"floor":9.0,"key":"Shovel"},{"floor":11.0,"key":"Dream Catcher"},{"floor":19.0,"key":"Red Mask"},{"floor":21.0,"key":"Bronze Scales"},{"floor":23.0,"key":"Unceasing Top"},{"floor":24.0,"key":"StrikeDummy"},{"floor":26.0,"key":"Nunchaku"},{"floor":28.0,"key":"Oddly Smooth Stone"},{"floor":29.0,"key":"Enchiridion"},{"floor":30.0,"key":"Letter Opener"},{"floor":31.0,"key":"Omamori"},{"floor":40.0,"key":"Blood Vial"},{"floor":41.0,"key":"Bottled Lightning"},{"floor":43.0,"key":"Pen Nib"},{"floor":46.0,"key":"Toy Ornithopter"},{"floor":49.0,"key":"Akabeko"}],"event_choices":[{"damage_healed":0.0,"max_hp_gain":0.0,"max_hp_loss":0.0,"gold_gain":0.0,"event_name":"Masked Bandits","player_choice":"Fought Bandits","floor":19.0,"gold_loss":0.0,"damage_taken":0.0},{"damage_healed":0.0,"max_hp_gain":0.0,"max_hp_loss":0.0,"gold_gain":0.0,"event_name":"Ghosts","player_choice":"Ignored","floor":20.0,"gold_loss":0.0,"damage_taken":0.0},{"damage_healed":0.0,"max_hp_gain":0.0,"max_hp_loss":0.0,"gold_gain":0.0,"event_name":"Cursed Tome","player_choice":"Obtained Book","floor":29.0,"gold_loss":0.0,"damage_taken":21.0},{"damage_healed":0.0,"max_hp_gain":0.0,"max_hp_loss":3.0,"gold_gain":0.0,"event_name":"Winding Halls","player_choice":"Max HP","floor":37.0,"gold_loss":0.0,"damage_taken":0.0},{"damage_healed":0.0,"max_hp_gain":0.0,"max_hp_loss":0.0,"gold_gain":222.0,"event_name":"Tomb of Lord Red Mask","player_choice":"Wore Mask","floor":42.0,"gold_loss":0.0,"damage_taken":0.0}],"is_beta":false,"boss_relics":[{"not_picked":["Cursed Key","Runic Pyramid"],"picked":"Fusion Hammer"},{"not_picked":["HoveringKite","SlaversCollar"],"picked":"Velvet Choker"}],"items_purged_floors":[22,27,44],"is_endless":false,"potions_floor_spawned":[2,3,7,8,13,18,25,31,36,39,40],"ascension_level":16}}