{"host":"qsusua7l529r8z9k","time":1611312118,"event":{"mods":["BaseMod","Minty Spire (QoL Compilation)","Spicy Shops","StSLib"],"gold_per_floor":[117,130,145,163,88,88,115,40,109,109,143,168,183,202,202,202,202],"floor_reached":16,"language":"ZHS","playtime":378,"items_purged":["Defend_P"],"score":324,"play_id":"d2d83ed1-2951-4914-951a-7caf95d051a5","local_time":"20210122184158","is_ascension_mode":true,"campfire_choices":[{"data":"Eruption","floor":6.0,"key":"SMITH"},{"floor":10.0,"key":"REST"},{"data":"Wish","floor":15.0,"key":"SMITH"}],"circlet_count":0,"master_deck":["AscendersBane","Strike_P","Strike_P","Defend_P","Defend_P","Defend_P","Eruption+1","Vigilance","Alpha+1","FlurryOfBlows","LessonLearned","Wish+1","EmptyMind"],"relics":["PureWater","Du-Vu Doll","Blue Candle","PreservedInsect","Toy Ornithopter"],"acts_visited":["Exordium"],"potions_floor_usage":[],"damage_taken":[{"damage":6.0,"enemies":"Cultist","floor":1.0,"turns":4.0},{"damage":7.0,"enemies":"Jaw Worm","floor":2.0,"turns":3.0},{"damage":1.0,"enemies":"Small Slimes","floor":3.0,"turns":3.0},{"damage":8.0,"enemies":"Blue Slaver","floor":4.0,"turns":3.0},{"damage":15.0,"enemies":"Lagavulin","floor":7.0,"turns":5.0},{"damage":11.0,"enemies":"Gremlin Nob","floor":11.0,"turns":3.0},{"damage":12.0,"enemies":"Exordium Wildlife","floor":13.0,"turns":5.0},{"damage":9.0,"enemies":"Red Slaver","floor":14.0,"turns":3.0},{"damage":38,"enemies":"Slime Boss","floor":16,"turns":3}],"seed_played":"3873687647005303217","potions_obtained":[{"floor":7.0,"key":"Ambrosia"},{"floor":11.0,"key":"Block Potion"}],"is_trial":false,"path_per_floor":["M","M","M","M","?","R","E","$","T","R","E","T","M","M","R","B"],"character_chosen":"WATCHER","items_purchased":[],"campfire_rested":1,"item_purchase_floors":[],"current_hp_per_floor":[55,48,47,39,39,39,24,24,24,44,33,33,26,17,17,0,0],"gold":202,"neow_bonus":"TRANSFORM_CARD","is_daily":false,"chose_seed":false,"campfire_upgraded":2,"win_rate":0.0,"timestamp":1611312118,"path_taken":["M","?","M","M","?","R","E","$","T","R","E","?","M","M","R","BOSS"],"items_purchased_type":[],"build_version":"2020-12-22","purchased_purges":1,"victory":false,"max_hp_per_floor":[68,68,68,68,68,68,68,68,68,68,68,68,68,68,68,68,68],"card_choices":[{"not_picked":["Protect","FollowUp","DeceiveReality"],"picked":"SKIP","floor":1.0},{"not_picked":["PathToVictory","SandsOfTime"],"picked":"FlurryOfBlows","floor":2.0},{"not_picked":["EmptyFist","Perseverance","Consecrate"],"picked":"SKIP","floor":3.0},{"not_picked":["Perseverance","Halt","Evaluate"],"picked":"SKIP","floor":4.0},{"not_picked":["EmptyFist","PathToVictory"],"picked":"LessonLearned","floor":7.0},{"not_picked":["FearNoEvil","PathToVictory"],"picked":"Wish","floor":11.0},{"not_picked":["FollowUp","BowlingBash"],"picked":"EmptyMind","floor":13.0},{"not_picked":["DeceiveReality","Crescendo","Halt"],"picked":"SKIP","floor":14.0}],"player_experience":455624,"relics_obtained":[{"floor":7.0,"key":"Du-Vu Doll"},{"floor":9.0,"key":"Blue Candle"},{"floor":11.0,"key":"PreservedInsect"},{"floor":12.0,"key":"Toy Ornithopter"}],"event_choices":[{"cards_removed":["Strike_P"],"damage_healed":0.0,"max_hp_gain":0.0,"max_hp_loss":0.0,"gold_gain":0.0,"event_name":"The Cleric","player_choice":"Card Removal","floor":5.0,"gold_loss":75.0,"damage_taken":0.0}],"is_beta":false,"boss_relics":[],"items_purged_floors":[8],"is_endless":false,"potions_floor_spawned":[7,11],"killed_by":"Slime Boss","ascension_level":20}}