{"host":"srk2drlvga69hbot","time":1611316598,"event":{"mods":["BaseMod","Colored Map","Colored Powertips","Highlight Path","Minty Spire (QoL Compilation)","Quick Restart","Rare Cards Sparkle","Relic Stats"],"gold_per_floor":[111,125,136,136,150,150,160,189,215,226,226,226],"floor_reached":11,"language":"ZHS","playtime":1923,"items_purged":[],"score":85,"play_id":"f3e7a5d2-f349-4df6-b864-62adaabba2e7","local_time":"20210122195638","is_ascension_mode":true,"campfire_choices":[{"data":"Setup","floor":6,"key":"SMITH"}],"circlet_count":0,"master_deck":["Strike_G","Strike_G","Strike_G","Strike_G","Strike_G","Defend_G","Defend_G","Defend_G","Defend_G","Defend_G","Survivor","Neutralize","Expertise","Bandage Up","Setup+1","Underhanded Strike","Tactician","Underhanded Strike"],"relics":["Ring of the Snake","NeowsBlessing","Pantograph","Vajra"],"acts_visited":["Exordium"],"potions_floor_usage":[8],"damage_taken":[{"damage":0,"enemies":"Cultist","floor":1,"turns":1},{"damage":0,"enemies":"Small Slimes","floor":2,"turns":1},{"damage":0,"enemies":"Jaw Worm","floor":3,"turns":1},{"damage":12,"enemies":"Blue Slaver","floor":5,"turns":6},{"damage":6,"enemies":"2 Fungi Beasts","floor":7,"turns":5},{"damage":41,"enemies":"Gremlin Nob","floor":8,"turns":7},{"damage":12,"enemies":"Looter","floor":10,"turns":4},{"damage":21,"enemies":"3 Sentries","floor":11,"turns":5}],"seed_played":"-8236626350547660887","potions_obtained":[{"floor":1,"key":"GhostInAJar"},{"floor":3,"key":"SmokeBomb"},{"floor":7,"key":"PowerPotion"},{"floor":10,"key":"Fire Potion"}],"is_trial":false,"path_per_floor":["M","M","M","?","M","R","M","E","T","M","E"],"character_chosen":"THE_SILENT","items_purchased":[],"campfire_rested":0,"item_purchase_floors":[],"current_hp_per_floor":[70,70,70,70,62,62,60,23,23,15,0,0],"gold":226,"neow_bonus":"THREE_ENEMY_KILL","is_daily":false,"chose_seed":false,"campfire_upgraded":1,"win_rate":0.0,"timestamp":1611316598,"path_taken":["M","?","M","?","M","R","M","E","T","?","E"],"items_purchased_type":[],"build_version":"2020-12-22","purchased_purges":0,"victory":false,"max_hp_per_floor":[70,70,70,70,70,70,70,70,70,70,70,70],"relic_stats":{"counters":[8,30],"Pantograph":0,"obtain_stats":[{"NeowsBlessing":0,"Pantograph":8,"Vajra":9,"Ring of the Snake":0},{"NeowsBlessing":0,"Pantograph":6,"Vajra":6,"Ring of the Snake":0},{"NeowsBlessing":0,"Pantograph":21,"Vajra":21,"Ring of the Snake":0}],"Ring of the Snake":[16]},"card_choices":[{"not_picked":["Quick Slash","Flechettes"],"picked":"Expertise","floor":1},{"not_picked":["Slice","Quick Slash","Dagger Spray"],"picked":"SKIP","floor":2},{"not_picked":["Quick Slash","Flying Knee","Slice"],"picked":"SKIP","floor":3},{"not_picked":["Dagger Spray","Quick Slash"],"picked":"Underhanded Strike","floor":5},{"not_picked":["Poisoned Stab","Backflip"],"picked":"Tactician","floor":7},{"not_picked":["Blade Dance","Slice"],"picked":"Underhanded Strike","floor":8},{"not_picked":["Riddle With Holes","Predator","PiercingWail"],"picked":"SKIP","floor":10},{"not_picked":["Riddle With Holes","Predator","PiercingWail"],"picked":"SKIP","floor":10}],"player_experience":138107,"relics_obtained":[{"floor":8,"key":"Pantograph"},{"floor":9,"key":"Vajra"}],"event_choices":[{"damage_healed":0,"gold_gain":0,"player_choice":"2 cards matched","damage_taken":0,"max_hp_gain":0,"max_hp_loss":0,"event_name":"Match and Keep!","floor":4,"gold_loss":0,"cards_obtained":["Bandage Up","Setup"]}],"is_beta":false,"boss_relics":[],"items_purged_floors":[],"is_endless":false,"potions_floor_spawned":[1,3,7,10],"killed_by":"3 Sentries","ascension_level":2}}