{"host":"zaw2ll3ecp1xl5l4","time":1611313947,"event":{"mods":["BaseMod","Minty Spire (QoL Compilation)"],"gold_per_floor":[118,118,135,135,62,91,91,103,103,116,116,141,159,169,169,271,271,281,281,281,21,32,32,49,49,49,49,75,8,41,58,58,161,161,174,187,187,187,239,239,23,33,33,33,6,18,36,36,36,36,36,36,0,27,27,27],"floor_reached":55,"language":"POL","playtime":5877,"items_purged":[],"score":705,"play_id":"6e8e0c06-c49b-4fd3-b272-93a2460e2036","local_time":"20210122121227","is_ascension_mode":false,"campfire_choices":[{"data":"Dash","floor":7.0,"key":"SMITH"},{"data":"Survivor","floor":11.0,"key":"SMITH"},{"data":"Footwork","floor":15.0,"key":"SMITH"},{"data":"Cloak And Dagger","floor":23.0,"key":"SMITH"},{"data":"Footwork","floor":25.0,"key":"SMITH"},{"data":"Footwork","floor":27.0,"key":"SMITH"},{"data":"Neutralize","floor":32.0,"key":"SMITH"},{"floor":40.0,"key":"RECALL"},{"floor":44.0,"key":"REST"},{"data":"Cloak And Dagger","floor":49.0,"key":"SMITH"},{"data":"Leg Sweep","floor":52.0,"key":"SMITH"}],"circlet_count":0,"master_deck":["Strike_G+1","Strike_G+1","Strike_G+1","Defend_G+1","Defend_G+1","Defend_G+1","Defend_G+1","Defend_G+1","Survivor+1","Neutralize+1","Footwork+1","Accuracy+1","Footwork+1","Dash+1","Tactician+1","PiercingWail+1","Cloak And Dagger+1","Dodge and Roll+1","Footwork+1","After Image+1","Backflip+1","Necronomicurse","Caltrops+1","PiercingWail+1","Infinite Blades+1","Deflect+1","Wraith Form v2+1","Skewer+1","Deflect+1","Accuracy+1","Cloak And Dagger+1","Cloak And Dagger+1","Leg Sweep+1","Phantasmal Killer"],"relics":["Ring of the Snake","NeowsBlessing","HornCleat","Pantograph","Odd Mushroom","Black Star","Necronomicon","MutagenicStrength","Bottled Lightning","Centennial Puzzle","Lizard Tail","Ninja Scroll","Letter Opener","WristBlade","Mark of the Bloom","Pocketwatch","Membership Card","Strawberry","Du-Vu Doll","Kunai","Blood Vial"],"acts_visited":["TheBeyond","TheEnding"],"potions_floor_usage":[55],"damage_taken":[{"damage":0.0,"enemies":"Jaw Worm","floor":1.0,"turns":1.0},{"damage":0.0,"enemies":"2 Louse","floor":3.0,"turns":1.0},{"damage":0.0,"enemies":"3 Sentries","floor":6.0,"turns":2.0},{"damage":6.0,"enemies":"Small Slimes","floor":8.0,"turns":6.0},{"damage":0.0,"enemies":"Looter","floor":10.0,"turns":4.0},{"damage":0.0,"enemies":"The Mushroom Lair","floor":12.0,"turns":7.0},{"damage":0.0,"enemies":"Blue Slaver","floor":13.0,"turns":4.0},{"damage":0.0,"enemies":"Large Slime","floor":14.0,"turns":10.0},{"damage":21.0,"enemies":"The Guardian","floor":16.0,"turns":20.0},{"damage":0.0,"enemies":"Shell Parasite","floor":18.0,"turns":13.0},{"damage":0.0,"enemies":"2 Thieves","floor":22.0,"turns":5.0},{"damage":0.0,"enemies":"3 Cultists","floor":24.0,"turns":7.0},{"damage":38.0,"enemies":"Slavers","floor":28.0,"turns":13.0},{"damage":1.0,"enemies":"Gremlin Leader","floor":30.0,"turns":10.0},{"damage":18.0,"enemies":"Chosen and Byrds","floor":31.0,"turns":7.0},{"damage":8.0,"enemies":"Collector","floor":33.0,"turns":13.0},{"damage":0.0,"enemies":"3 Shapes","floor":35.0,"turns":6.0},{"damage":0.0,"enemies":"Orb Walker","floor":36.0,"turns":3.0},{"damage":25.0,"enemies":"2 Orb Walkers","floor":39.0,"turns":5.0},{"damage":7.0,"enemies":"4 Shapes","floor":42.0,"turns":7.0},{"damage":2.0,"enemies":"Maw","floor":46.0,"turns":6.0},{"damage":0.0,"enemies":"Jaw Worm Horde","floor":47.0,"turns":5.0},{"damage":12.0,"enemies":"Time Eater","floor":50.0,"turns":13.0},{"damage":0.0,"enemies":"Shield and Spear","floor":54.0,"turns":5.0},{"damage":24,"enemies":"The Heart","floor":55,"turns":6}],"seed_played":"-8895837665804713489","potions_obtained":[{"floor":1.0,"key":"ColorlessPotion"},{"floor":3.0,"key":"Regen Potion"},{"floor":12.0,"key":"Swift Potion"},{"floor":16.0,"key":"Energy Potion"},{"floor":24.0,"key":"SkillPotion"},{"floor":35.0,"key":"ColorlessPotion"},{"floor":36.0,"key":"Explosive Potion"},{"floor":47.0,"key":"Weak Potion"},{"floor":54.0,"key":"Energy Potion"}],"is_trial":false,"path_per_floor":["M","?","M","?","$","E","R","M","T","M","R","?","M","M","R","B",null,"M","?","?","$","M","R","M","R","T","R","E","$","E","M","R","B",null,"M","M","?","?","?","R","$","M","T","R","$","M","M","?","R","B",null,"R","$","E","B"],"character_chosen":"THE_SILENT","items_purchased":["Footwork","Bottled Lightning","Infinite Blades","Membership Card","Strawberry","Cloak And Dagger","Phantasmal Killer"],"campfire_rested":1,"item_purchase_floors":[5,21,29,41,41,45,53],"current_hp_per_floor":[70,63,63,49,49,49,49,43,43,43,43,43,43,58,58,49,70,70,54,54,54,54,54,54,54,54,54,16,16,15,35,35,52,70,70,70,70,70,45,45,45,38,38,38,38,36,36,36,36,24,24,24,24,24,0,0],"gold":27,"neow_bonus":"THREE_ENEMY_KILL","is_daily":false,"chose_seed":false,"campfire_upgraded":9,"win_rate":0.0,"timestamp":1611313947,"path_taken":["M","?","M","?","$","E","R","M","T","M","R","?","M","M","R","BOSS","M","?","?","$","M","R","M","R","T","R","E","?","E","M","R","BOSS","M","M","?","?","?","R","$","M","T","R","$","M","?","?","R","BOSS","R","$","E","BOSS"],"items_purchased_type":["Card","Relic","Card","Relic","Relic","Card","Card"],"build_version":"2020-12-22","purchased_purges":0,"victory":false,"max_hp_per_floor":[70,70,70,70,70,70,70,70,70,70,70,70,70,70,70,70,70,70,70,70,70,70,70,70,70,70,70,70,70,70,70,70,70,70,70,70,70,70,70,70,77,77,77,77,77,77,77,77,77,77,77,77,77,77,77,77],"card_choices":[{"not_picked":["Catalyst","Deflect"],"picked":"Footwork","floor":1.0},{"not_picked":["Outmaneuver","Bane"],"picked":"Accuracy","floor":3.0},{"not_picked":["Endless Agony","Deflect"],"picked":"Dash","floor":6.0},{"not_picked":["Masterful Stab","Choke"],"picked":"Tactician","floor":8.0},{"not_picked":["Expertise","Riddle With Holes"],"picked":"PiercingWail","floor":10.0},{"not_picked":["Dash","Calculated Gamble"],"picked":"Cloak And Dagger","floor":12.0},{"not_picked":["Slice","Expertise"],"picked":"Dodge and Roll","floor":13.0},{"not_picked":["Quick Slash","Infinite Blades"],"picked":"Footwork","floor":14.0},{"not_picked":["Night Terror","Adrenaline"],"picked":"After Image","floor":16.0},{"not_picked":["Slice","Setup"],"picked":"Backflip+1","floor":18.0},{"not_picked":["Deflect","Bane"],"picked":"Caltrops","floor":22.0},{"not_picked":["Prepared","Poisoned Stab","Quick Slash"],"picked":"SKIP","floor":24.0},{"not_picked":["Backstab+1","Slice"],"picked":"PiercingWail","floor":28.0},{"not_picked":["Expertise","Dodge and Roll"],"picked":"Deflect","floor":30.0},{"not_picked":["Sucker Punch","Dagger Spray","Envenom"],"picked":"SKIP","floor":31.0},{"not_picked":["Corpse Explosion","Venomology"],"picked":"Wraith Form v2","floor":33.0},{"not_picked":["Quick Slash","Noxious Fumes+1"],"picked":"Skewer+1","floor":35.0},{"not_picked":["Quick Slash","Sucker Punch"],"picked":"Deflect+1","floor":36.0},{"not_picked":["Riddle With Holes","Sucker Punch"],"picked":"Accuracy+1","floor":42.0},{"not_picked":["Dagger Throw","Sucker Punch+1"],"picked":"Cloak And Dagger+1","floor":46.0},{"not_picked":["Prepared+1","Crippling Poison+1","Outmaneuver+1"],"picked":"SKIP","floor":47.0},{"not_picked":["Crippling Poison+1","Outmaneuver+1"],"picked":"Prepared+1","floor":47.0},{"not_picked":["Backstab+1","Endless Agony+1","Outmaneuver"],"picked":"SKIP","floor":54.0}],"player_experience":182466,"relics_obtained":[{"floor":6.0,"key":"HornCleat"},{"floor":9.0,"key":"Pantograph"},{"floor":12.0,"key":"Odd Mushroom"},{"floor":19.0,"key":"Necronomicon"},{"floor":28.0,"key":"Centennial Puzzle"},{"floor":28.0,"key":"Lizard Tail"},{"floor":30.0,"key":"Ninja Scroll"},{"floor":30.0,"key":"Letter Opener"},{"floor":39.0,"key":"Pocketwatch"},{"floor":43.0,"key":"Du-Vu Doll"},{"floor":54.0,"key":"Kunai"},{"floor":54.0,"key":"Blood Vial"}],"event_choices":[{"cards_removed":["Strike_G"],"damage_healed":0.0,"max_hp_gain":0.0,"max_hp_loss":0.0,"gold_gain":0.0,"event_name":"Golden Wing","player_choice":"Card Removal","floor":2.0,"gold_loss":0.0,"damage_taken":7.0},{"damage_healed":0.0,"max_hp_gain":0.0,"max_hp_loss":0.0,"gold_gain":0.0,"event_name":"Shining Light","player_choice":"Entered Light","floor":4.0,"gold_loss":0.0,"damage_taken":14.0,"cards_upgraded":["Strike_G","Strike_G"]},{"damage_healed":0.0,"max_hp_gain":0.0,"max_hp_loss":0.0,"gold_gain":0.0,"event_name":"Mushrooms","player_choice":"Fought Mushrooms","floor":12.0,"gold_loss":0.0,"damage_taken":0.0},{"damage_healed":0.0,"max_hp_gain":0.0,"max_hp_loss":0.0,"gold_gain":0.0,"event_name":"Cursed Tome","player_choice":"Obtained Book","floor":19.0,"gold_loss":0.0,"damage_taken":16.0},{"damage_healed":0.0,"max_hp_gain":0.0,"max_hp_loss":0.0,"gold_gain":0.0,"event_name":"Drug Dealer","player_choice":"Inject Mutagens","floor":20.0,"gold_loss":0.0,"damage_taken":0.0,"relics_obtained":["MutagenicStrength"]},{"cards_removed":["Strike_G"],"damage_healed":0.0,"max_hp_gain":0.0,"max_hp_loss":0.0,"gold_gain":0.0,"event_name":"Falling","player_choice":"Removed Attack","floor":37.0,"gold_loss":0.0,"damage_taken":0.0},{"damage_healed":0.0,"max_hp_gain":0.0,"max_hp_loss":0.0,"gold_gain":0.0,"event_name":"MindBloom","player_choice":"Upgrade","floor":38.0,"gold_loss":0.0,"damage_taken":0.0,"cards_upgraded":["Strike_G","Defend_G","Defend_G","Defend_G","Defend_G","Defend_G","Accuracy","Tactician","PiercingWail","Dodge and Roll","After Image","Caltrops","PiercingWail","Infinite Blades","Deflect","Wraith Form v2"],"relics_obtained":["Mark of the Bloom"]},{"damage_healed":0.0,"max_hp_gain":0.0,"max_hp_loss":0.0,"gold_gain":0.0,"event_name":"Mysterious Sphere","player_choice":"Fight","floor":39.0,"gold_loss":0.0,"damage_taken":0.0},{"cards_removed":["Prepared"],"damage_healed":0.0,"max_hp_gain":0.0,"max_hp_loss":0.0,"gold_gain":0.0,"event_name":"NoteForYourself","player_choice":"Took Card","floor":48.0,"gold_loss":0.0,"damage_taken":0.0,"cards_obtained":["Leg Sweep"]}],"is_beta":false,"boss_relics":[{"not_picked":["Runic Pyramid","Coffee Dripper"],"picked":"Black Star"},{"not_picked":["Cursed Key","Snecko Eye"],"picked":"WristBlade"}],"items_purged_floors":[],"is_endless":false,"potions_floor_spawned":[1,3,12,13,16,18,22,24,35,36,47,54],"killed_by":"The Heart","ascension_level":0}}