{"host":"foq4mrde4mssg7vt","time":1611317861,"event":{"mods":["AchievementEnabler","BaseMod","Colored Map","Colored Powertips","Highlight Path","Minty Spire (QoL Compilation)","Relic Stats","everything is the same but u backflip on backflip"],"gold_per_floor":[118,132,132,142,155,155,188,188,215,241,341,372,389,399,399,477,477,491,471,484,516,20,20,32,32,32],"floor_reached":25,"language":"ENG","playtime":892,"items_purged":[],"score":430,"play_id":"5978084c-b9e3-4b46-9f72-4b1d79bd6f24","local_time":"20210122201741","is_ascension_mode":true,"campfire_choices":[{"floor":6.0,"key":"REST"},{"floor":8.0,"key":"REST"},{"floor":15.0,"key":"REST"},{"floor":23,"key":"REST"}],"circlet_count":0,"master_deck":["AscendersBane","Strike_B","Strike_B","Strike_B","Strike_B","Defend_B","Defend_B","Defend_B","Defend_B","Zap","Dualcast","Melter","Static Discharge","Go for the Eyes","Ball Lightning","Undo","Electrodynamics","Recycle","Cold Snap","Echo Form","Compile Driver","Compile Driver","Streamline","Chaos","Reinforced Body","Panache","Core Surge"],"relics":["Fusion Hammer","Bag of Marbles","Strawberry","Odd Mushroom","Vajra","SlaversCollar","Red Mask","Ancient Tea Set"],"acts_visited":["Exordium","TheCity"],"potions_floor_usage":[20,25,25,25,25],"damage_taken":[{"damage":4.0,"enemies":"Small Slimes","floor":1.0,"turns":3.0},{"damage":0.0,"enemies":"2 Louse","floor":2.0,"turns":2.0},{"damage":7.0,"enemies":"Jaw Worm","floor":4.0,"turns":4.0},{"damage":18.0,"enemies":"Exordium Thugs","floor":5.0,"turns":5.0},{"damage":25.0,"enemies":"Lagavulin","floor":7.0,"turns":6.0},{"damage":15.0,"enemies":"The Mushroom Lair","floor":10.0,"turns":5.0},{"damage":31.0,"enemies":"Gremlin Nob","floor":12.0,"turns":4.0},{"damage":4.0,"enemies":"Blue Slaver","floor":13.0,"turns":2.0},{"damage":0.0,"enemies":"Exordium Wildlife","floor":14.0,"turns":2.0},{"damage":30.0,"enemies":"The Guardian","floor":16.0,"turns":13.0},{"damage":5.0,"enemies":"Chosen","floor":18.0,"turns":4.0},{"damage":32.0,"enemies":"2 Thieves","floor":19.0,"turns":4.0},{"damage":3,"enemies":"Sentry and Sphere","floor":20,"turns":3},{"damage":10,"enemies":"Masked Bandits","floor":21,"turns":2},{"damage":23,"enemies":"Snake Plant","floor":24,"turns":3},{"damage":9,"enemies":"Shelled Parasite and Fungi","floor":25,"turns":1}],"seed_played":"-4208963398498382775","potions_obtained":[{"floor":2.0,"key":"PowerPotion"},{"floor":5.0,"key":"Explosive Potion"},{"floor":14.0,"key":"Block Potion"},{"floor":16.0,"key":"SpeedPotion"},{"floor":18.0,"key":"LiquidMemories"},{"floor":21,"key":"EntropicBrew"}],"is_trial":false,"path_per_floor":["M","M","?","M","M","R","E","R","T","?","?","E","M","M","R","B",null,"M","M","M","?","$","R","M","M"],"character_chosen":"DEFECT","items_purchased":["Reinforced Body","Panache","FocusPotion","Ancient Tea Set"],"campfire_rested":4,"item_purchase_floors":[22,22,22,22],"current_hp_per_floor":[60,60,60,53,35,56,31,52,59,44,44,13,9,9,32,2,59,54,22,19,9,9,32,9,0,0],"gold":32,"neow_bonus":"BOSS_RELIC","is_daily":false,"chose_seed":false,"campfire_upgraded":0,"win_rate":0.0,"timestamp":1611317861,"path_taken":["M","M","?","M","M","R","E","R","T","?","?","E","M","M","R","BOSS","M","M","M","?","$","R","M","M"],"items_purchased_type":["Card","Card","Potion","Relic"],"build_version":"2020-12-22","purchased_purges":0,"victory":false,"max_hp_per_floor":[71,71,71,71,71,71,71,71,78,78,78,78,78,78,78,78,78,78,78,78,78,78,78,78,78,78],"relic_stats":{"counters":[16,63],"obtain_stats":[{"SlaversCollar":17,"Strawberry":9,"Vajra":12,"Fusion Hammer":0,"Bag of Marbles":7,"Red Mask":21,"Odd Mushroom":10,"Cracked Core":0,"Ancient Tea Set":22},{"SlaversCollar":10,"Strawberry":5,"Vajra":7,"Fusion Hammer":0,"Bag of Marbles":5,"Red Mask":14,"Odd Mushroom":6,"Cracked Core":0,"Ancient Tea Set":14},{"SlaversCollar":46,"Strawberry":20,"Vajra":29,"Fusion Hammer":0,"Bag of Marbles":20,"Red Mask":59,"Odd Mushroom":25,"Cracked Core":0,"Ancient Tea Set":59}]},"card_choices":[{"not_picked":["Hologram","Rebound"],"picked":"Melter","floor":1.0},{"not_picked":["Redo","Rebound"],"picked":"Static Discharge","floor":2.0},{"not_picked":["Reboot","Stack"],"picked":"Go for the Eyes","floor":4.0},{"not_picked":["Streamline","Reinforced Body"],"picked":"Ball Lightning","floor":5.0},{"not_picked":["Beam Cell","Reprogram"],"picked":"Undo","floor":7.0},{"not_picked":["Reprogram","Hello World"],"picked":"Electrodynamics","floor":12.0},{"not_picked":["Fusion","Aggregate"],"picked":"Recycle","floor":13.0},{"not_picked":["Steam Power","Ball Lightning"],"picked":"Cold Snap","floor":14.0},{"not_picked":["Seek","Machine Learning"],"picked":"Echo Form","floor":16.0},{"not_picked":["Undo","Go for the Eyes"],"picked":"Compile Driver","floor":18.0},{"not_picked":["Steam","Beam Cell"],"picked":"Compile Driver","floor":19.0},{"not_picked":["Redo","Recycle"],"picked":"Streamline","floor":20},{"not_picked":["Loop","Turbo"],"picked":"Chaos","floor":21},{"not_picked":["Redo","Coolheaded"],"picked":"Core Surge","floor":24}],"player_experience":544906,"relics_obtained":[{"floor":7.0,"key":"Bag of Marbles"},{"floor":9.0,"key":"Strawberry"},{"floor":10.0,"key":"Odd Mushroom"},{"floor":12.0,"key":"Vajra"},{"floor":21,"key":"Red Mask"}],"event_choices":[{"damage_healed":0.0,"max_hp_gain":0.0,"max_hp_loss":0.0,"gold_gain":0.0,"event_name":"The Cleric","player_choice":"Leave","floor":3.0,"gold_loss":0.0,"damage_taken":0.0},{"damage_healed":0.0,"max_hp_gain":0.0,"max_hp_loss":0.0,"gold_gain":0.0,"event_name":"Mushrooms","player_choice":"Fought Mushrooms","floor":10.0,"gold_loss":0.0,"damage_taken":0.0},{"damage_healed":0.0,"max_hp_gain":0.0,"max_hp_loss":0.0,"gold_gain":100.0,"event_name":"Wheel of Change","player_choice":"Gold","floor":11.0,"gold_loss":0.0,"damage_taken":0.0},{"damage_healed":0,"gold_gain":0,"player_choice":"Fought Bandits","damage_taken":0,"max_hp_gain":0,"max_hp_loss":0,"event_name":"Masked Bandits","floor":21,"gold_loss":0}],"is_beta":false,"boss_relics":[{"not_picked":["Nuclear Battery","Cursed Key"],"picked":"SlaversCollar"}],"items_purged_floors":[],"is_endless":false,"potions_floor_spawned":[2,5,10,14,16,18,21,24],"killed_by":"Shelled Parasite and Fungi","ascension_level":20}}