{"host":"7js0lodln6rvhp1w","time":1611357133,"event":{"mods":["Act Like it!","Aspiration","BaseMod","Better Match","Better Vampires","BetterRewards","Clockwork Mod","Conspire","Elementarium","Energized Spire","GifTheSpireLib","Hallownest","Hubris","Infinite Spire","Minty Spire (QoL Compilation)","Potionbrewer","Replay The Spire","Spicy Shops","StSLib","Stuff the Spire","The Construct","The Death Knight","The Mystic","The Necromancer","vexMod"],"gold_per_floor":[115,130,143,161,179,194,194,227,227,243,243,258,273,284,284,379,379,393,393,412,412,412,444,484,484,484,524,524,524,494,544,544,665,665,687,761,761,781,781],"floor_reached":38,"language":"ENG","playtime":2337,"items_purged":["Delirium"],"score":431,"play_id":"0f0a81e0-299a-472d-bd78-a17e363c0de9","local_time":"20210122181213","is_ascension_mode":false,"campfire_choices":[{"data":"conspire:PoisonWeapons","floor":7,"key":"SMITH"},{"floor":11,"key":"REST"},{"floor":15,"key":"REST"},{"floor":25,"key":"REST"},{"floor":28,"key":"REST"},{"floor":32,"key":"REST"}],"circlet_count":0,"master_deck":["Strike_G+1","Strike_G+1","Strike_G+1","Strike_G+1","Strike_G+1","Defend_G+1","Defend_G+1","Defend_G+1","Defend_G+1","Defend_G+1","Survivor","Neutralize","Slice","Poisoned Stab","Hidden Blade","conspire:PoisonWeapons+1","Flying Knee","Cloak And Dagger","Replay:Poison Smokescreen","Poisoned Stab","Footwork","Blade Dance","After Image","Deadly Poison","StuffTheSpire:ClusterCrunch","Blade Dance+1","Outmaneuver","Tactician","infinitespire:Neurotoxin","ReplayTheSpireMod:Black Plague"],"relics":["Ring of the Snake","PreservedInsect","conspire:TopHat","vexMod:RedPlottingStone","Replay:Bronze Core","vexMod:FocusSash","Replay:Bandana","StuffTheSpire:OldFever","energizedSpire:MagnifyingGlass","OrangePellets","hubris:DisguiseKit","Replay:Rubber Ducky"],"acts_visited":["Exordium","TheCity","TheBeyond"],"potions_floor_usage":[4,6,12,14,16,22,23,33,35],"damage_taken":[{"damage":0,"enemies":"Jaw Worm","floor":1,"turns":4},{"damage":1,"enemies":"conspire:RoseBush","floor":2,"turns":4},{"damage":0,"enemies":"Small Slimes","floor":3,"turns":4},{"damage":0,"enemies":"Red Slaver","floor":4,"turns":4},{"damage":2,"enemies":"3 Louse","floor":5,"turns":4},{"damage":9,"enemies":"Blue Slaver","floor":6,"turns":2},{"damage":28,"enemies":"Replay:BlueRogue","floor":8,"turns":5},{"damage":9,"enemies":"Lots of Slimes","floor":10,"turns":3},{"damage":0,"enemies":"Red Slaver","floor":12,"turns":1},{"damage":7,"enemies":"3 Louse","floor":13,"turns":2},{"damage":4,"enemies":"conspire:2 RoseBushes","floor":14,"turns":5},{"damage":40,"enemies":"Hexaghost","floor":16,"turns":9},{"damage":21,"enemies":"Spheric Guardian","floor":18,"turns":5},{"damage":3,"enemies":"Chosen","floor":20,"turns":5},{"damage":10,"enemies":"3 Cultists","floor":22,"turns":4},{"damage":18,"enemies":"Nightmare","floor":23,"turns":6},{"damage":15,"enemies":"Snake Plant","floor":24,"turns":3},{"damage":12,"enemies":"Centurion and Healer","floor":27,"turns":8},{"damage":11,"enemies":"Sentry and Sphere","floor":31,"turns":6},{"damage":42,"enemies":"Champ","floor":33,"turns":12},{"damage":36,"enemies":"3 Darklings","floor":35,"turns":8},{"damage":0,"enemies":"3 Shapes","floor":38,"turns":2}],"seed_played":"709042402131984680","potions_obtained":[{"floor":1,"key":"potionbrewer:NoxiousPotion"},{"floor":2,"key":"ColorlessPotion"},{"floor":3,"key":"Weak Potion"},{"floor":10,"key":"infinitespire:BlackPotion"},{"floor":13,"key":"Swift Potion"},{"floor":16,"key":"SmokeBomb"},{"floor":20,"key":"PowerPotion"},{"floor":24,"key":"potionbrewer:MidasPotion"},{"floor":30,"key":"construct:ShiftPotion"},{"floor":30,"key":"BlessingOfTheForge"},{"floor":35,"key":"Explosive Potion"}],"is_trial":false,"path_per_floor":["M","M","M","M","M","M","R","E","T","M","R","M","M","M","R","B",null,"M","?","M","?","M","NM","M","R","T","M","R","AVR","?","M","R","B",null,"M","T","AVR","M"],"character_chosen":"THE_SILENT","items_purchased":[],"campfire_rested":5,"item_purchase_floors":[],"current_hp_per_floor":[70,69,69,69,67,58,58,30,30,21,42,42,35,31,52,12,70,49,49,46,46,36,18,3,24,24,12,33,33,33,22,43,1,70,34,34,34,34,34],"gold":781,"neow_bonus":"RANDOM_COMMON_RELIC","is_daily":false,"chose_seed":false,"campfire_upgraded":1,"win_rate":0.0,"timestamp":1611357133,"path_taken":["M","M","M","M","M","M","R","E","T","M","R","M","M","M","R","BOSS","M","?","?","?","M","NM","M","R","T","M","R","AVR","?","?","R","BOSS","M","?","AVR","M"],"items_purchased_type":[],"build_version":"2020-12-22","purchased_purges":1,"victory":false,"max_hp_per_floor":[70,70,70,70,70,70,70,70,70,70,70,70,70,70,70,70,70,70,70,70,70,70,70,70,70,70,70,70,70,70,70,70,70,70,70,70,70,70,70],"card_choices":[{"not_picked":["Dash","Underhanded Strike"],"picked":"Slice","floor":1},{"not_picked":["hubris:SlightOfHand","Blade Dance"],"picked":"Poisoned Stab","floor":2},{"not_picked":["Malaise","Tactician"],"picked":"Hidden Blade","floor":3},{"not_picked":["StuffTheSpire:Repulse","Prepared"],"picked":"conspire:PoisonWeapons","floor":4},{"not_picked":["Caltrops","Replay:Poison Smokescreen"],"picked":"Flying Knee","floor":5},{"not_picked":["Acrobatics","Cloak And Dagger","Underhanded Strike"],"picked":"SKIP","floor":6},{"not_picked":["Acrobatics","Underhanded Strike"],"picked":"Cloak And Dagger","floor":6},{"not_picked":["Sucker Punch","After Image"],"picked":"Replay:Poison Smokescreen","floor":8},{"not_picked":["hubris:SlightOfHand","ReplayTheSpireMod:Scrap Shanks"],"picked":"Poisoned Stab","floor":10},{"not_picked":["Escape Plan","StuffTheSpire:Sprint","ReplayTheSpireMod:The Works"],"picked":"SKIP","floor":12},{"not_picked":["hubris:SlightOfHand","StuffTheSpire:BrimstoneBlast"],"picked":"Footwork","floor":13},{"not_picked":["Backflip","Choke"],"picked":"Blade Dance","floor":14},{"not_picked":["Phantasmal Killer","Bullet Time"],"picked":"After Image","floor":16},{"not_picked":["StuffTheSpire:BumpUp","Dodge and Roll"],"picked":"Deadly Poison","floor":18},{"not_picked":["Deflect+1","Leg Sweep"],"picked":"StuffTheSpire:ClusterCrunch","floor":20},{"not_picked":["Calculated Gamble+1","Dagger Spray+1","Flying Knee"],"picked":"SKIP","floor":23},{"not_picked":["Calculated Gamble+1","Dagger Spray+1","Flying Knee"],"picked":"SKIP","floor":23},{"not_picked":["Leg Sweep","Dagger Throw+1"],"picked":"Blade Dance+1","floor":24},{"not_picked":["Bullet Time","Reflex"],"picked":"Outmaneuver","floor":27},{"not_picked":["StuffTheSpire:ClusterCrunch","hubris:SlightOfHand"],"picked":"Tactician","floor":31},{"not_picked":["ReplayTheSpireMod:Necrosis","Malaise"],"picked":"infinitespire:Neurotoxin","floor":33},{"not_picked":["ReplayTheSpireMod:Shiv Toss","Underhanded Strike","ReplayTheSpireMod:The Works"],"picked":"SKIP","floor":35}],"player_experience":296126,"relics_obtained":[{"floor":8,"key":"conspire:TopHat"},{"floor":9,"key":"vexMod:RedPlottingStone"},{"floor":23,"key":"Replay:Bandana"},{"floor":26,"key":"StuffTheSpire:OldFever"},{"floor":36,"key":"hubris:DisguiseKit"}],"event_choices":[{"damage_healed":0,"gold_gain":0,"player_choice":"Simplicity","damage_taken":0,"max_hp_gain":0,"max_hp_loss":0,"event_name":"Back to Basics","floor":21,"gold_loss":0,"cards_upgraded":["Strike_G","Strike_G","Strike_G","Strike_G","Strike_G","Defend_G","Defend_G","Defend_G","Defend_G","Defend_G"]},{"damage_healed":0,"gold_gain":0,"player_choice":"Bought 2 Potions","damage_taken":0,"max_hp_gain":0,"max_hp_loss":0,"event_name":"The Woman in Blue","floor":30,"gold_loss":0}],"is_beta":false,"boss_relics":[{"not_picked":["vexMod:FluxCapacitor","Ring of the Serpent"],"picked":"Replay:Bronze Core"},{"not_picked":["Kintsugi","Ring of Chaos","energizedSpire:OgreHead"]}],"items_purged_floors":[29],"is_endless":true,"potions_floor_spawned":[1,2,3,10,13,16,20,24,35],"killed_by":"3 Shapes","ascension_level":0}}