{"host":"sc0o2qwpf9j16a4i","time":1611340567,"event":{"mods":["AchievementEnabler","BaseMod","BetterRewards","Block Reminder","Colored Map","Colored Powertips","Custom Start","Highlight Path","Minty Spire (QoL Compilation)","Relic Stats"],"gold_per_floor":[113,129,146,164,178,178,213,268,268,297,316,316,316,336,336,432,432,452,485,485,400,325,325,356,376,376,301,301,336,336,356,356,456,456,467,467,1466,1477,1492,1524,1524,1524,1524,1351,1382,1382,1395,674,674,674],"floor_reached":51,"language":"ENG","playtime":1740,"items_purged":["Rainbow","Strike_G","Strike_G"],"score":978,"play_id":"b2397d0e-061d-4e7d-816b-8b2c8f7fc29a","local_time":"20210122203607","daily_mods":["Cursed Run","Blue Cards","Lethality"],"is_ascension_mode":false,"campfire_choices":[{"data":"Sunder","floor":6,"key":"SMITH"},{"data":"Phantasmal Killer","floor":12,"key":"SMITH"},{"floor":15,"key":"REST"},{"data":"Wraith Form v2","floor":23,"key":"SMITH"},{"data":"Reprogram","floor":30,"key":"SMITH"},{"data":"Reinforced Body","floor":32,"key":"SMITH"},{"floor":41,"key":"REST"},{"data":"Skewer","floor":49,"key":"SMITH"}],"circlet_count":0,"master_deck":["Defend_G","Defend_G","Defend_G","Defend_G","Defend_G","Survivor","Neutralize","Sweeping Beam+1","Phantasmal Killer+1","Sunder+1","BootSequence","Normality","Dagger Throw","Flying Knee+1","Parasite","Wraith Form v2+1","Reprogram+1","Force Field","Reinforced Body+1","Clumsy","RitualDagger","Backflip","Shame","Phantasmal Killer","Leap+1","Normality","Normality","Shame","Leg Sweep","Skewer+1","Parasite"],"relics":["Cursed Key","Darkstone Periapt","Du-Vu Doll","Oddly Smooth Stone","Blue Candle","Sundial","Letter Opener","Snecko Eye","Red Mask","Anchor","Dead Branch","Mummified Hand","Eternal Feather","Busted Crown","Boot","Ice Cream","Regal Pillow","Centennial Puzzle","StoneCalendar"],"acts_visited":["Exordium","TheCity","TheBeyond"],"potions_floor_usage":[8,11,29,40,40,50],"damage_taken":[{"damage":8.0,"enemies":"Small Slimes","floor":1.0,"turns":4.0},{"damage":1.0,"enemies":"Cultist","floor":2.0,"turns":3.0},{"damage":0.0,"enemies":"Jaw Worm","floor":3.0,"turns":2.0},{"damage":3.0,"enemies":"Red Slaver","floor":4.0,"turns":3.0},{"damage":0.0,"enemies":"Exordium Thugs","floor":5.0,"turns":2.0},{"damage":9,"enemies":"Gremlin Nob","floor":7,"turns":3},{"damage":0,"enemies":"3 Sentries","floor":8,"turns":5},{"damage":7,"enemies":"Lagavulin","floor":10,"turns":6},{"damage":0,"enemies":"Exordium Wildlife","floor":11,"turns":3},{"damage":0,"enemies":"Lots of Slimes","floor":14,"turns":2},{"damage":26,"enemies":"The Guardian","floor":16,"turns":8},{"damage":1,"enemies":"Spheric Guardian","floor":18,"turns":2},{"damage":0,"enemies":"Masked Bandits","floor":19,"turns":3},{"damage":4,"enemies":"Book of Stabbing","floor":24,"turns":5},{"damage":1,"enemies":"2 Thieves","floor":25,"turns":2},{"damage":2,"enemies":"Gremlin Leader","floor":29,"turns":6},{"damage":2,"enemies":"Snecko","floor":31,"turns":2},{"damage":16,"enemies":"Collector","floor":33,"turns":13},{"damage":4,"enemies":"3 Shapes","floor":35,"turns":3},{"damage":5,"enemies":"3 Darklings","floor":38,"turns":4},{"damage":25,"enemies":"Jaw Worm Horde","floor":39,"turns":7},{"damage":23,"enemies":"Nemesis","floor":40,"turns":9},{"damage":7,"enemies":"Reptomancer","floor":45,"turns":8},{"damage":10,"enemies":"Writhing Mass","floor":47,"turns":3},{"damage":55,"enemies":"Time Eater","floor":50,"turns":9}],"seed_played":"8430496210997566284","potions_obtained":[{"floor":2.0,"key":"Strength Potion"},{"floor":4.0,"key":"Energy Potion"},{"floor":8,"key":"BlessingOfTheForge"},{"floor":10,"key":"Fire Potion"},{"floor":16,"key":"FairyPotion"},{"floor":18,"key":"Block Potion"},{"floor":19,"key":"Ancient Potion"},{"floor":40,"key":"Dexterity Potion"}],"is_trial":true,"path_per_floor":["M","M","M","M","M","R","E","?","T","E","M","R","?","M","R","B",null,"M","?","?","?","?","R","E","M","T","$","?","E","R","M","R","B",null,"M","?","?","M","M","E","R","?","T","$","E","?","M","$","R","B",null],"character_chosen":"THE_SILENT","items_purchased":["GamblersBrew","Leg Sweep","Centennial Puzzle","StoneCalendar","Skewer"],"campfire_rested":2,"item_purchase_floors":[44,48,48,48,48],"current_hp_per_floor":[62,61,61,58,58,58,49,49,55,48,48,48,33,33,55,35,82,81,81,81,81,81,81,77,76,82,82,76,74,86,84,88,78,94,90,89,101,96,71,48,93,83,89,89,82,82,72,72,90,41],"gold":674,"neow_bonus":"","is_daily":false,"chose_seed":false,"campfire_upgraded":6,"win_rate":0.0,"timestamp":1611340567,"path_taken":["M","?","M","M","M","R","E","?","T","E","M","R","?","M","R","BOSS","M","?","?","?","?","R","E","M","T","$","?","E","R","?","R","BOSS","M","?","?","M","M","E","R","?","T","$","E","?","M","?","R","BOSS"],"items_purchased_type":["Potion","Card","Relic","Relic","Card"],"build_version":"2020-12-22","purchased_purges":3,"victory":true,"max_hp_per_floor":[70,70,70,70,70,70,70,70,76,76,76,76,76,76,76,82,82,82,82,82,82,82,82,82,82,88,88,88,88,88,88,88,94,94,94,89,101,101,101,101,101,101,107,107,107,107,107,107,107,113],"relic_stats":{"Darkstone Periapt":48,"Regal Pillow":0,"counters":[25,117],"Blue Candle":[51],"Dead Branch":[62],"Eternal Feather":49,"StoneCalendar":[52],"Letter Opener":[104],"Cursed Key":3,"Boot":[1],"Centennial Puzzle":[3],"Busted Crown":18,"Sundial":[14],"Mummified Hand":[34],"Snecko Eye":[130,113,126,133],"obtain_stats":[{"Darkstone Periapt":0,"Ice Cream":43,"Regal Pillow":45,"Blue Candle":8,"Dead Branch":24,"Oddly Smooth Stone":7,"Eternal Feather":29,"StoneCalendar":48,"Letter Opener":10,"Cursed Key":0,"Boot":40,"Du-Vu Doll":0,"Anchor":21,"Centennial Puzzle":48,"Busted Crown":34,"Sundial":9,"Mummified Hand":26,"Snecko Eye":17,"Red Mask":19},{"Darkstone Periapt":0,"Ice Cream":22,"Regal Pillow":23,"Blue Candle":7,"Dead Branch":14,"Oddly Smooth Stone":6,"Eternal Feather":16,"StoneCalendar":24,"Letter Opener":8,"Cursed Key":0,"Boot":22,"Du-Vu Doll":0,"Anchor":13,"Centennial Puzzle":24,"Busted Crown":18,"Sundial":7,"Mummified Hand":15,"Snecko Eye":11,"Red Mask":13},{"Darkstone Periapt":0,"Ice Cream":97,"Regal Pillow":105,"Blue Candle":22,"Dead Branch":51,"Oddly Smooth Stone":17,"Eternal Feather":59,"StoneCalendar":108,"Letter Opener":28,"Cursed Key":0,"Boot":97,"Du-Vu Doll":0,"Anchor":46,"Centennial Puzzle":108,"Busted Crown":74,"Sundial":22,"Mummified Hand":53,"Snecko Eye":41,"Red Mask":46}]},"card_choices":[{"not_picked":["Prepared","Barrage","Compile Driver"],"picked":"SKIP","floor":1.0},{"not_picked":["Ball Lightning","Stack"],"picked":"Sweeping Beam","floor":2.0},{"not_picked":["Slice","Rebound"],"picked":"Phantasmal Killer","floor":3.0},{"not_picked":["Deflect","Lockon"],"picked":"Sunder","floor":4.0},{"not_picked":["Tempest","Loop","Lockon"],"picked":"SKIP","floor":5},{"not_picked":["Rebound","Sweeping Beam","Aggregate"],"picked":"SKIP","floor":7},{"not_picked":["Redo","Fission"],"picked":"BootSequence","floor":8},{"not_picked":["Gash","Cold Snap"],"picked":"Dagger Throw","floor":10},{"not_picked":["Concentrate","Blade Dance"],"picked":"Flying Knee","floor":11},{"not_picked":["Deadly Poison","Steam","Masterful Stab"],"picked":"SKIP","floor":14},{"not_picked":["After Image","Creative AI"],"picked":"Wraith Form v2","floor":16},{"not_picked":["Storm+1","Conserve Battery","Deadly Poison"],"picked":"SKIP","floor":18},{"not_picked":["Slice","Bouncing Flask"],"picked":"Force Field","floor":24},{"not_picked":["Turbo","PiercingWail"],"picked":"Reinforced Body","floor":25},{"not_picked":["Slice","Conserve Battery+1","Outmaneuver"],"picked":"SKIP","floor":29},{"not_picked":["Backflip","Darkness+1","Streamline"],"picked":"SKIP","floor":31},{"not_picked":["Darkness+1","Streamline"],"picked":"Backflip","floor":31},{"not_picked":["Glass Knife","Doppelganger"],"picked":"Phantasmal Killer","floor":33},{"not_picked":[],"picked":"Leap+1","floor":35},{"not_picked":["Blade Dance+1"],"picked":"SKIP","floor":38},{"not_picked":["Hologram"],"picked":"SKIP","floor":39},{"not_picked":["Conserve Battery+1"],"picked":"SKIP","floor":40},{"not_picked":[],"picked":"Jack Of All Trades","floor":42},{"not_picked":["Deadly Poison+1"],"picked":"SKIP","floor":45},{"not_picked":["Reflex+1"],"picked":"SKIP","floor":47}],"player_experience":899131,"relics_obtained":[{"floor":7,"key":"Oddly Smooth Stone"},{"floor":8,"key":"Blue Candle"},{"floor":9,"key":"Sundial"},{"floor":10,"key":"Letter Opener"},{"floor":19,"key":"Red Mask"},{"floor":24,"key":"Dead Branch"},{"floor":26,"key":"Mummified Hand"},{"floor":29,"key":"Eternal Feather"},{"floor":40,"key":"Boot"},{"floor":43,"key":"Ice Cream"},{"floor":45,"key":"Regal Pillow"}],"event_choices":[{"damage_healed":0,"gold_gain":30,"player_choice":"Searched \u00273\u0027 times","damage_taken":0,"max_hp_gain":0,"max_hp_loss":0,"event_name":"Dead Adventurer","floor":8,"gold_loss":0},{"damage_healed":0,"gold_gain":0,"player_choice":"Entered Light","damage_taken":15,"max_hp_gain":0,"max_hp_loss":0,"event_name":"Shining Light","floor":13,"gold_loss":0,"cards_upgraded":["Sweeping Beam","Flying Knee"]},{"damage_healed":0,"gold_gain":0,"player_choice":"Fought Bandits","damage_taken":0,"max_hp_gain":0,"max_hp_loss":0,"event_name":"Masked Bandits","floor":19,"gold_loss":0},{"damage_healed":0,"gold_gain":0,"cards_transformed":["Strike_G","Strike_G"],"player_choice":"Became Test Subject","damage_taken":0,"max_hp_gain":0,"max_hp_loss":0,"event_name":"Drug Dealer","floor":20,"gold_loss":0,"cards_obtained":["Reprogram","Rainbow"]},{"damage_healed":0,"gold_gain":0,"player_choice":"Obtained Relic","damage_taken":0,"relics_obtained":["Anchor"],"max_hp_gain":0,"max_hp_loss":0,"event_name":"Addict","floor":21,"gold_loss":85},{"cards_removed":["Strike_G"],"damage_healed":0,"gold_gain":0,"player_choice":"Gave Gold","damage_taken":0,"max_hp_gain":0,"max_hp_loss":0,"event_name":"Beggar","floor":22,"gold_loss":75},{"damage_healed":0,"gold_gain":0,"player_choice":"Joined the Cult","damage_taken":6,"max_hp_gain":0,"max_hp_loss":0,"event_name":"Nest","floor":28,"gold_loss":0,"cards_obtained":["RitualDagger"]},{"damage_healed":0,"gold_gain":0,"player_choice":"Max HP","damage_taken":0,"max_hp_gain":0,"max_hp_loss":5,"event_name":"Winding Halls","floor":36,"gold_loss":0},{"damage_healed":0,"gold_gain":999,"player_choice":"Gold","damage_taken":0,"max_hp_gain":0,"max_hp_loss":0,"event_name":"MindBloom","floor":37,"gold_loss":0,"cards_obtained":["Normality","Normality"]},{"damage_healed":0,"gold_gain":0,"player_choice":"Memory 3","damage_taken":10,"max_hp_gain":0,"max_hp_loss":0,"event_name":"SensoryStone","floor":42,"gold_loss":0},{"cards_removed":["Jack Of All Trades"],"damage_healed":0,"gold_gain":0,"player_choice":"Removed Skill","damage_taken":0,"max_hp_gain":0,"max_hp_loss":0,"event_name":"Falling","floor":46,"gold_loss":0}],"is_beta":false,"boss_relics":[{"not_picked":["SlaversCollar","Astrolabe"],"picked":"Snecko Eye"},{"not_picked":["WristBlade","Runic Dome"],"picked":"Busted Crown"}],"items_purged_floors":[27,44,48],"is_endless":false,"potions_floor_spawned":[2,4,8,10,16,18,19,25,40],"ascension_level":0}}