{"host":"kpyoctgc7jne3jiy","time":1611336720,"event":{"mods":["AchievementEnabler","BaseMod","Minty Spire (QoL Compilation)","Relic Stats","Slay-I"],"gold_per_floor":[115,133,133,133,153,153,185,185,231,242,257,284,284,315,315,413,413,426,441,41,53,68,101,16,16,96,96,109,141,154,188,188,288,288,299,309,309,319,18,18,52,70,94,107,107,138,153,14,14,14],"floor_reached":51,"language":"ENG","playtime":3203,"items_purged":[],"score":986,"play_id":"29343afc-c2e8-4504-ac07-5093f301fd0b","local_time":"20210122183200","is_ascension_mode":true,"campfire_choices":[{"floor":6.0,"key":"REST"},{"floor":8.0,"key":"RECALL"},{"floor":15.0,"key":"REST"},{"floor":25.0,"key":"REST"},{"floor":32.0,"key":"REST"},{"floor":40,"key":"REST"},{"floor":49,"key":"REST"}],"circlet_count":0,"master_deck":["Strike_P+1","Defend_P","Defend_P","Defend_P","Eruption+1","Vigilance+1","EmptyBody+1","TalkToTheHand+1","Fasting2","Protect","Adaptation","Conclude","Tantrum","DevaForm","WreathOfFlame+1","BattleHymn+1","Collect+1","Wallop","Vault","Vengeance","Evaluate+1","Wallop","MentalFortress","Vault","Consecrate","CutThroughFate+1","DeceiveReality","Clumsy","Study+1","Writhe","Halt+1","Dark Shackles","WindmillStrike+1"],"relics":["Fusion Hammer","War Paint","Whetstone","Orichalcum","Pear","Ancient Tea Set","Astrolabe","Dream Catcher","Mercury Hourglass","Pen Nib","Meat on the Bone","Eternal Feather","Potion Belt","Strawberry","Cursed Key","Calipers","Vajra","Bag of Preparation","MealTicket"],"acts_visited":["Exordium","TheCity","TheBeyond"],"potions_floor_usage":[33,44,50],"damage_taken":[{"damage":7.0,"enemies":"Jaw Worm","floor":1.0,"turns":4.0},{"damage":0.0,"enemies":"Small Slimes","floor":2.0,"turns":4.0},{"damage":0.0,"enemies":"2 Louse","floor":5.0,"turns":3.0},{"damage":5.0,"enemies":"3 Sentries","floor":7.0,"turns":8.0},{"damage":0.0,"enemies":"Blue Slaver","floor":10.0,"turns":4.0},{"damage":3.0,"enemies":"Large Slime","floor":11.0,"turns":3.0},{"damage":20.0,"enemies":"Gremlin Nob","floor":12.0,"turns":4.0},{"damage":2.0,"enemies":"3 Sentries","floor":14.0,"turns":7.0},{"damage":33.0,"enemies":"Hexaghost","floor":16.0,"turns":5.0},{"damage":12.0,"enemies":"Spheric Guardian","floor":18.0,"turns":5.0},{"damage":7.0,"enemies":"Shell Parasite","floor":19.0,"turns":4.0},{"damage":4.0,"enemies":"Centurion and Healer","floor":21.0,"turns":5.0},{"damage":15.0,"enemies":"Snake Plant","floor":22.0,"turns":4.0},{"damage":43.0,"enemies":"Book of Stabbing","floor":23.0,"turns":6.0},{"damage":0.0,"enemies":"Shelled Parasite and Fungi","floor":28.0,"turns":2.0},{"damage":0.0,"enemies":"Gremlin Leader","floor":29.0,"turns":5.0},{"damage":0.0,"enemies":"Cultist and Chosen","floor":30.0,"turns":6.0},{"damage":61.0,"enemies":"Slavers","floor":31.0,"turns":8.0},{"damage":26,"enemies":"Collector","floor":33,"turns":7},{"damage":25,"enemies":"3 Shapes","floor":35,"turns":4},{"damage":9,"enemies":"3 Darklings","floor":36,"turns":4},{"damage":0,"enemies":"Transient","floor":38,"turns":7},{"damage":17,"enemies":"Nemesis","floor":41,"turns":6},{"damage":20,"enemies":"Spire Growth","floor":42,"turns":4},{"damage":21,"enemies":"Jaw Worm Horde","floor":44,"turns":5},{"damage":0,"enemies":"Giant Head","floor":46,"turns":7},{"damage":25,"enemies":"Transient","floor":47,"turns":7},{"damage":9,"enemies":"Awakened One","floor":50,"turns":9}],"seed_played":"-8793504307009671440","potions_obtained":[{"floor":1.0,"key":"Fire Potion"},{"floor":5.0,"key":"AttackPotion"},{"floor":10.0,"key":"SteroidPotion"},{"floor":11.0,"key":"Strength Potion"},{"floor":16.0,"key":"StancePotion"},{"floor":19.0,"key":"DuplicationPotion"},{"floor":23.0,"key":"DistilledChaos"},{"floor":30.0,"key":"EntropicBrew"},{"floor":35,"key":"SpeedPotion"},{"floor":44,"key":"Weak Potion"},{"floor":47,"key":"LiquidMemories"}],"is_trial":false,"path_per_floor":["M","M","?","?","M","R","E","R","T","M","M","E","?","E","R","B",null,"M","M","$","M","M","E","?","R","T","?","M","E","M","E","R","B",null,"M","M","?","M","$","R","E","M","T","M","?","E","M","$","R","B",null],"character_chosen":"WATCHER","items_purchased":["Dream Catcher","Mercury Hourglass","Calipers","Dark Shackles","Swift Potion"],"campfire_rested":6,"item_purchase_floors":[20,20,39,48,48],"current_hp_per_floor":[65,65,58,46,46,67,62,62,62,62,59,49,49,47,71,38,82,70,63,63,59,44,1,1,25,25,82,82,82,82,40,78,52,89,64,55,55,55,55,89,72,52,52,45,67,67,54,69,89,80],"gold":14,"neow_bonus":"BOSS_RELIC","is_daily":false,"chose_seed":false,"campfire_upgraded":0,"win_rate":0.0,"timestamp":1611336720,"path_taken":["M","M","?","?","M","R","E","R","T","?","M","E","?","E","R","BOSS","M","M","$","M","M","E","?","R","T","?","M","E","?","E","R","BOSS","M","M","?","M","$","R","E","M","T","M","?","E","?","$","R","BOSS"],"items_purchased_type":["Relic","Relic","Relic","Card","Potion"],"build_version":"2020-12-22","purchased_purges":0,"victory":true,"max_hp_per_floor":[72,72,72,72,72,72,72,72,72,72,72,82,82,82,82,82,82,82,82,82,82,82,82,82,82,82,82,82,82,82,89,89,89,89,89,89,89,89,89,89,89,89,89,89,89,89,89,89,89,89],"relic_stats":{"counters":[28,146],"Astrolabe":["WreathOfFlame","BattleHymn","Collect"],"Eternal Feather":45,"Pen Nib":[13],"Bag of Preparation":[8],"Whetstone":["Strike_P","Eruption"],"War Paint":["EmptyBody","Vigilance"],"Orichalcum":[126],"Cursed Key":1,"Mercury Hourglass":[423],"Dream Catcher":4,"MealTicket":15,"obtain_stats":[{"Potion Belt":29,"Pear":12,"Calipers":39,"Astrolabe":17,"Vajra":41,"Eternal Feather":26,"Pen Nib":23,"Bag of Preparation":43,"Whetstone":7,"War Paint":4,"Orichalcum":9,"Ancient Tea Set":14,"Cursed Key":34,"Mercury Hourglass":20,"Dream Catcher":20,"Strawberry":31,"MealTicket":46,"Fusion Hammer":0,"PureWater":0,"Meat on the Bone":24},{"Potion Belt":16,"Pear":7,"Calipers":22,"Astrolabe":9,"Vajra":23,"Eternal Feather":14,"Pen Nib":14,"Bag of Preparation":24,"Whetstone":4,"War Paint":2,"Orichalcum":4,"Ancient Tea Set":8,"Cursed Key":19,"Mercury Hourglass":11,"Dream Catcher":11,"Strawberry":18,"MealTicket":26,"Fusion Hammer":0,"PureWater":0,"Meat on the Bone":14},{"Potion Belt":73,"Pear":30,"Calipers":108,"Astrolabe":42,"Vajra":114,"Eternal Feather":66,"Pen Nib":66,"Bag of Preparation":118,"Whetstone":19,"War Paint":8,"Orichalcum":19,"Ancient Tea Set":37,"Cursed Key":93,"Mercury Hourglass":51,"Dream Catcher":51,"Strawberry":86,"MealTicket":130,"Fusion Hammer":0,"PureWater":0,"Meat on the Bone":66}],"Meat on the Bone":24},"card_choices":[{"not_picked":["SignatureMove","CutThroughFate"],"picked":"EmptyBody","floor":1.0},{"not_picked":["LikeWater","WaveOfTheHand"],"picked":"TalkToTheHand","floor":2.0},{"not_picked":["Halt","Vengeance"],"picked":"BattleHymn","floor":5.0},{"not_picked":["Vengeance","WindmillStrike"],"picked":"Fasting2","floor":7.0},{"not_picked":["Prostrate","FlyingSleeves"],"picked":"Protect","floor":10.0},{"not_picked":["Judgement","BowlingBash"],"picked":"Adaptation","floor":11.0},{"not_picked":["CutThroughFate","Pray"],"picked":"Conclude","floor":12.0},{"not_picked":["Fasting2","FollowUp"],"picked":"Tantrum","floor":14.0},{"not_picked":["ConjureBlade","Devotion"],"picked":"DevaForm","floor":16.0},{"not_picked":["FollowUp+1","Perseverance"],"picked":"Wallop","floor":18.0},{"not_picked":["ClearTheMind","CarveReality","Worship"],"picked":"SKIP","floor":19.0},{"not_picked":["FlyingSleeves+1","Consecrate","FlurryOfBlows"],"picked":"SKIP","floor":21.0},{"not_picked":["Protect","PathToVictory","EmptyFist"],"picked":"SKIP","floor":22.0},{"not_picked":["Indignation","CarveReality"],"picked":"Vault","floor":23.0},{"not_picked":["FlurryOfBlows","ThirdEye"],"picked":"Vengeance","floor":25.0},{"not_picked":["Protect+1","FlyingSleeves+1"],"picked":"Evaluate+1","floor":28.0},{"not_picked":["Omniscience","PathToVictory+1"],"picked":"Wallop","floor":29.0},{"not_picked":["Tantrum","CutThroughFate"],"picked":"MentalFortress","floor":30.0},{"not_picked":["Tantrum","Halt"],"picked":"Vault","floor":31.0},{"not_picked":["Protect","Wireheading+1"],"picked":"Consecrate","floor":32.0},{"not_picked":["SandsOfTime+1","Halt"],"picked":"CutThroughFate+1","floor":35},{"not_picked":["Pray","Protect","Consecrate+1"],"picked":"SKIP","floor":36},{"not_picked":["Nirvana+1","Halt","FlyingSleeves"],"picked":"SKIP","floor":38},{"not_picked":["Nirvana+1","Devotion"],"picked":"DeceiveReality","floor":41},{"not_picked":["SandsOfTime+1","FollowUp","BattleHymn"],"picked":"SKIP","floor":42},{"not_picked":["Adaptation+1","Pray+1"],"picked":"Study+1","floor":44},{"not_picked":["FlyingSleeves","WreathOfFlame","Tantrum+1"],"picked":"SKIP","floor":46},{"not_picked":["Crescendo+1","JustLucky+1"],"picked":"Halt+1","floor":47},{"not_picked":["FollowUp","Weave"],"picked":"WindmillStrike+1","floor":49}],"player_experience":304415,"relics_obtained":[{"floor":7.0,"key":"Whetstone"},{"floor":9.0,"key":"Orichalcum"},{"floor":12.0,"key":"Pear"},{"floor":14.0,"key":"Ancient Tea Set"},{"floor":23.0,"key":"Pen Nib"},{"floor":26.0,"key":"Eternal Feather"},{"floor":29.0,"key":"Potion Belt"},{"floor":31.0,"key":"Strawberry"},{"floor":41,"key":"Vajra"},{"floor":43,"key":"Bag of Preparation"},{"floor":46,"key":"MealTicket"}],"event_choices":[{"cards_removed":["Strike_P"],"damage_healed":0.0,"max_hp_gain":0.0,"max_hp_loss":0.0,"gold_gain":0.0,"event_name":"Golden Wing","player_choice":"Card Removal","floor":3.0,"gold_loss":0.0,"damage_taken":7.0},{"damage_healed":0.0,"max_hp_gain":0.0,"max_hp_loss":0.0,"gold_gain":0.0,"event_name":"Scrap Ooze","player_choice":"Success","floor":4.0,"gold_loss":0.0,"damage_taken":12.0,"relics_obtained":["War Paint"]},{"damage_healed":0.0,"max_hp_gain":0.0,"max_hp_loss":0.0,"gold_gain":0.0,"event_name":"Living Wall","player_choice":"Grow","floor":13.0,"gold_loss":0.0,"damage_taken":0.0,"cards_upgraded":["TalkToTheHand"]},{"damage_healed":0.0,"max_hp_gain":0.0,"max_hp_loss":0.0,"gold_gain":0.0,"event_name":"Addict","player_choice":"Obtained Relic","floor":24.0,"gold_loss":85.0,"damage_taken":0.0,"relics_obtained":["Meat on the Bone"]},{"cards_removed":["BattleHymn"],"damage_healed":57.0,"max_hp_gain":0.0,"max_hp_loss":0.0,"gold_gain":0.0,"event_name":"Bonfire Elementals","player_choice":"Offered Uncommon","floor":27.0,"gold_loss":0.0,"damage_taken":0.0},{"damage_healed":0,"gold_gain":0,"player_choice":"Ignored","damage_taken":0,"max_hp_gain":0,"max_hp_loss":0,"event_name":"Tomb of Lord Red Mask","floor":37,"gold_loss":0},{"damage_healed":22,"gold_gain":0,"player_choice":"Writhe","damage_taken":0,"max_hp_gain":0,"max_hp_loss":0,"event_name":"Winding Halls","floor":45,"gold_loss":0,"cards_obtained":["Writhe"]}],"is_beta":false,"boss_relics":[{"not_picked":["Velvet Choker","Ectoplasm"],"picked":"Astrolabe"},{"not_picked":["Pandora\u0027s Box","Sozu"],"picked":"Cursed Key"}],"items_purged_floors":[],"is_endless":false,"potions_floor_spawned":[1,5,10,11,16,19,21,23,30,35,44,47],"ascension_level":3}}