{"host":"sc0o2qwpf9j16a4i","time":1611318027,"event":{"mods":["AchievementEnabler","BaseMod","BetterRewards","Block Reminder","Colored Map","Colored Powertips","Custom Start","Highlight Path","Minty Spire (QoL Compilation)","Relic Stats"],"gold_per_floor":[360,24,24,43,59,59,85,85,85,160,179,0,0,35,35,113,113,133,144,144,162,162,162,188,188,188,188,45,45,45,45,45,118,118,138,163,181,30,30,30,63,63,139,139,139],"floor_reached":44,"language":"ENG","playtime":1296,"items_purged":["Regret","Pain","Anger"],"score":941,"play_id":"096c7440-9891-4223-b86c-7919154b3347","local_time":"20210122142027","is_ascension_mode":true,"campfire_choices":[{"data":"Bash","floor":6.0,"key":"SMITH"},{"data":"Spot Weakness","floor":8.0,"key":"SMITH"},{"floor":15.0,"key":"REST"},{"data":"Pommel Strike","floor":23.0,"key":"SMITH"},{"floor":25.0,"key":"REST"},{"data":"Uppercut","floor":27.0,"key":"SMITH"},{"floor":30.0,"key":"REST"},{"data":"J.A.X.","floor":32.0,"key":"SMITH"},{"floor":40.0,"key":"REST"},{"floor":42.0,"key":"REST"}],"circlet_count":0,"master_deck":["AscendersBane","Defend_R","Defend_R","Defend_R","Defend_R","Bash+1","Combust","Spot Weakness+1","Twin Strike","Headbutt","Clothesline","Pommel Strike+1","Immolate","Pommel Strike","Havoc+1","Flame Barrier","Bite","Bite","Bite","Bite","Bite","Uppercut+1","Burning Pact","J.A.X.+1","Feed","Shrug It Off","Warcry","Armaments","Feel No Pain+1"],"relics":["Burning Blood","Medical Kit","WarpedTongs","Pantograph","Dream Catcher","Self Forming Clay","Philosopher\u0027s Stone","Anchor","Pen Nib","Runic Pyramid","Ice Cream","Eternal Feather"],"acts_visited":["Exordium","TheCity","TheBeyond"],"potions_floor_usage":[44],"damage_taken":[{"damage":6.0,"enemies":"2 Louse","floor":1.0,"turns":3.0},{"damage":8.0,"enemies":"Cultist","floor":4.0,"turns":3.0},{"damage":4.0,"enemies":"Jaw Worm","floor":5.0,"turns":3.0},{"damage":26.0,"enemies":"Lagavulin","floor":7.0,"turns":7.0},{"damage":6.0,"enemies":"Looter","floor":11.0,"turns":3.0},{"damage":28.0,"enemies":"Gremlin Nob","floor":14.0,"turns":4.0},{"damage":14.0,"enemies":"Hexaghost","floor":16.0,"turns":7.0},{"damage":7.0,"enemies":"Spheric Guardian","floor":18.0,"turns":3.0},{"damage":17.0,"enemies":"Shell Parasite","floor":19.0,"turns":3.0},{"damage":17.0,"enemies":"Centurion and Healer","floor":21.0,"turns":6.0},{"damage":54.0,"enemies":"Slavers","floor":24.0,"turns":6.0},{"damage":45.0,"enemies":"Champ","floor":33.0,"turns":10.0},{"damage":41.0,"enemies":"3 Darklings","floor":35.0,"turns":4.0},{"damage":14.0,"enemies":"Mind Bloom Boss Battle","floor":36.0,"turns":6.0},{"damage":42.0,"enemies":"3 Shapes","floor":37.0,"turns":6.0},{"damage":35.0,"enemies":"Nemesis","floor":41.0,"turns":7.0},{"damage":78,"enemies":"Reptomancer","floor":44,"turns":5}],"seed_played":"-4036950110770311935","potions_obtained":[{"floor":4.0,"key":"Weak Potion"},{"floor":19.0,"key":"LiquidBronze"},{"floor":24.0,"key":"BloodPotion"},{"floor":37.0,"key":"Dexterity Potion"}],"is_trial":false,"path_per_floor":["M","$","?","M","M","R","E","R","T","?","M","$","?","E","R","B",null,"M","M","?","M","?","R","E","R","T","R","$","?","R","?","R","B",null,"M","?","M","$","?","R","E","R","T","E"],"character_chosen":"IRONCLAD","items_purchased":["Medical Kit","Combust","Block Potion","LiquidBronze","Fruit Juice","Burning Pact","Warcry"],"campfire_rested":5,"item_purchase_floors":[2,2,2,12,28,28,38],"current_hp_per_floor":[68,68,68,66,68,68,48,48,48,37,37,37,37,15,37,54,70,69,58,58,47,47,47,19,34,34,34,49,34,52,52,52,44,58,33,62,30,30,21,40,26,62,62,0,0],"gold":139,"neow_bonus":"TWO_FIFTY_GOLD","is_daily":false,"chose_seed":false,"campfire_upgraded":5,"win_rate":0.0,"timestamp":1611318027,"path_taken":["M","$","?","?","M","R","E","R","T","?","M","$","?","E","R","BOSS","M","M","?","M","?","R","E","R","T","R","$","?","R","?","R","BOSS","M","?","M","$","?","R","E","R","T","E"],"items_purchased_type":["Relic","Card","Potion","Potion","Potion","Card","Card"],"build_version":"2020-12-22","purchased_purges":3,"victory":false,"max_hp_per_floor":[75,75,75,75,75,75,75,75,75,75,75,75,75,75,75,75,75,75,75,75,75,52,52,52,52,52,52,57,62,62,62,62,62,62,62,62,66,66,66,66,70,70,70,70,70],"relic_stats":{"Dream Catcher":5,"counters":[17,86],"Self Forming Clay":[177],"Pantograph":60,"Eternal Feather":15,"Pen Nib":[7],"Medical Kit":[6],"obtain_stats":[{"Ice Cream":36,"Dream Catcher":9,"Anchor":24,"Self Forming Clay":14,"Pantograph":7,"Philosopher\u0027s Stone":17,"Eternal Feather":41,"Pen Nib":26,"Medical Kit":2,"Burning Blood":0,"WarpedTongs":3,"Runic Pyramid":34},{"Ice Cream":14,"Dream Catcher":4,"Anchor":11,"Self Forming Clay":6,"Pantograph":4,"Philosopher\u0027s Stone":7,"Eternal Feather":16,"Pen Nib":11,"Medical Kit":1,"Burning Blood":0,"WarpedTongs":1,"Runic Pyramid":12},{"Ice Cream":68,"Dream Catcher":16,"Anchor":48,"Self Forming Clay":23,"Pantograph":16,"Philosopher\u0027s Stone":30,"Eternal Feather":81,"Pen Nib":48,"Medical Kit":3,"Burning Blood":0,"WarpedTongs":3,"Runic Pyramid":58}],"Burning Blood":95,"WarpedTongs":[83]},"card_choices":[{"not_picked":["Perfected Strike","Havoc"],"picked":"Anger","floor":1.0},{"not_picked":["Warcry","Intimidate"],"picked":"Spot Weakness","floor":4.0},{"not_picked":["Pommel Strike","Thunderclap"],"picked":"Twin Strike","floor":5.0},{"not_picked":["Entrench","Combust"],"picked":"Headbutt","floor":7.0},{"not_picked":["Berserk","Combust"],"picked":"Clothesline","floor":11.0},{"not_picked":["Dual Wield","Hemokinesis"],"picked":"Pommel Strike","floor":14.0},{"not_picked":["Feed","Berserk"],"picked":"Immolate","floor":16.0},{"not_picked":["Clothesline","Iron Wave"],"picked":"Pommel Strike","floor":18.0},{"not_picked":["Headbutt","Heavy Blade"],"picked":"Havoc+1","floor":19.0},{"not_picked":["Sword Boomerang","Thunderclap"],"picked":"Flame Barrier","floor":21.0},{"not_picked":["Armaments","Heavy Blade"],"picked":"Uppercut","floor":24.0},{"not_picked":["Exhume","Corruption"],"picked":"Feed","floor":33.0},{"not_picked":["Whirlwind","Rampage","Body Slam"],"picked":"SKIP","floor":35.0},{"not_picked":["Flame Barrier","Wild Strike"],"picked":"Shrug It Off","floor":36.0},{"not_picked":["Heavy Blade","Pommel Strike+1","Inflame+1"],"picked":"SKIP","floor":37.0},{"not_picked":["Cleave+1","Heavy Blade+1"],"picked":"Armaments","floor":40.0},{"not_picked":["Disarm","Evolve"],"picked":"Feel No Pain+1","floor":41.0}],"player_experience":877564,"relics_obtained":[{"floor":7.0,"key":"Pantograph"},{"floor":9.0,"key":"Dream Catcher"},{"floor":14.0,"key":"Self Forming Clay"},{"floor":24.0,"key":"Anchor"},{"floor":26.0,"key":"Pen Nib"},{"floor":36.0,"key":"Ice Cream"},{"floor":41.0,"key":"Eternal Feather"}],"event_choices":[{"damage_healed":0.0,"max_hp_gain":0.0,"max_hp_loss":0.0,"gold_gain":0.0,"event_name":"Accursed Blacksmith","player_choice":"Rummage","floor":3.0,"gold_loss":0.0,"damage_taken":0.0,"relics_obtained":["WarpedTongs"],"cards_obtained":["Pain"]},{"damage_healed":0.0,"max_hp_gain":0.0,"max_hp_loss":0.0,"gold_gain":75.0,"event_name":"World of Goop","player_choice":"Gather Gold","floor":10.0,"gold_loss":0.0,"damage_taken":11.0},{"damage_healed":0.0,"max_hp_gain":0.0,"max_hp_loss":0.0,"gold_gain":0.0,"event_name":"Scrap Ooze","player_choice":"Fled","floor":13.0,"gold_loss":0.0,"damage_taken":0.0},{"damage_healed":0.0,"max_hp_gain":0.0,"max_hp_loss":0.0,"gold_gain":0.0,"event_name":"Ghosts","player_choice":"Ignored","floor":20.0,"gold_loss":0.0,"damage_taken":0.0},{"damage_healed":0.0,"max_hp_gain":0.0,"max_hp_loss":23.0,"gold_gain":0.0,"event_name":"Vampires","player_choice":"Became a vampire","floor":22.0,"gold_loss":0.0,"damage_taken":0.0,"cards_obtained":["Bite","Bite","Bite","Bite","Bite"]},{"damage_healed":0.0,"max_hp_gain":5.0,"max_hp_loss":0.0,"gold_gain":0.0,"event_name":"Forgotten Altar","player_choice":"Shed Blood","floor":29.0,"gold_loss":0.0,"damage_taken":20.0},{"damage_healed":0.0,"max_hp_gain":0.0,"max_hp_loss":0.0,"gold_gain":0.0,"event_name":"Drug Dealer","player_choice":"Obtain J.A.X.","floor":31.0,"gold_loss":0.0,"damage_taken":0.0,"cards_obtained":["J.A.X."]},{"damage_healed":0.0,"max_hp_gain":0.0,"max_hp_loss":0.0,"gold_gain":0.0,"event_name":"MindBloom","player_choice":"Fight","floor":36.0,"gold_loss":0.0,"damage_taken":0.0},{"damage_healed":0.0,"max_hp_gain":0.0,"max_hp_loss":0.0,"gold_gain":0.0,"event_name":"Wheel of Change","player_choice":"Damaged","floor":39.0,"gold_loss":0.0,"damage_taken":9.0}],"is_beta":false,"boss_relics":[{"not_picked":["Pandora\u0027s Box","Calling Bell"],"picked":"Philosopher\u0027s Stone"},{"not_picked":["Velvet Choker","Empty Cage"],"picked":"Runic Pyramid"}],"items_purged_floors":[2,12,38],"is_endless":false,"potions_floor_spawned":[4,7,11,19,24,37,41],"killed_by":"Reptomancer","ascension_level":20}}