{"host":"kpklgwyuz86bov3e","time":1611347472,"event":{"mods":["Aspiration","BaseMod","Better Third Choice","BetterRewards","Colored Powertips","Conspire","Energized Spire","GifTheSpireLib","Halation","Highlight Path","Hubris","Infinite Spire","Jedi Mod","Minty Spire (QoL Compilation)","Permanent Neow","Rare Cards Sparkle","Relic Sorter","Replay The Spire","Shop Mod","Spicy Shops","Spikes Relics","StSLib","Stuff the Spire","The Blue Laboratory","The Poker Player","Waifu the Spire","slay the spire mod where everything is the same but ironclad has a cowboy hat","vexMod"],"gold_per_floor":[112,37,55,55,71,71,71,85,85,103,103,103,121,136,136,236,236,248,258,283,60,108,125,125,125,150,150,150,150,183,211,231,250,250,352,402,415,432,432,105,117,129,133,133,133],"floor_reached":43,"language":"ENG","playtime":5843,"items_purged":["PokerPlayerMod:Spade1","PokerPlayerMod:Club1"],"score":462,"play_id":"bfa967df-ba30-457c-8c84-ef4dbfe069bc","local_time":"20210122153112","is_ascension_mode":false,"metric_token":1810,"campfire_choices":[{"floor":6,"key":"DIG"},{"data":"PokerPlayerMod:Heart3","floor":15,"key":"SMITH"},{"data":"PokerPlayerMod:GamblerForm","floor":27,"key":"SMITH"},{"floor":34,"key":"DIG"}],"circlet_count":0,"master_deck":["PokerPlayerMod:Diamond1","PokerPlayerMod:Diamond2","PokerPlayerMod:Diamond3","PokerPlayerMod:Diamond4","PokerPlayerMod:Diamond5","PokerPlayerMod:Spade2","PokerPlayerMod:Spade3","PokerPlayerMod:Spade4","PokerPlayerMod:Club2","PokerPlayerMod:Heart4","PokerPlayerMod:TrumpStrike","PokerPlayerMod:BadJoker","PokerPlayerMod:Mulligan","PokerPlayerMod:SpadeStrike","PokerPlayerMod:Diamond4","PokerPlayerMod:MagicTrick","PokerPlayerMod:Fold","StuffTheSpire:Innocence","PokerPlayerMod:CloakAndDiamond","PokerPlayerMod:Heart5","PokerPlayerMod:Diamond10+","PokerPlayerMod:GamblerForm+1","PokerPlayerMod:Club4","PokerPlayerMod:Diamond6","PokerPlayerMod:CardBurn","Languid","PokerPlayerMod:Club9","hubris:Compulsion","Normality","PokerPlayerMod:Harden+1","PokerPlayerMod:Club9","PokerPlayerMod:Raise+1","PokerPlayerMod:Diamond8","PokerPlayerMod:FillThePot+1","PokerPlayerMod:TheDieIsCast"],"relics":["PokerPlayerMod:DeckCase","Shovel","conspire:BottledYoYo","Letter Opener","hubris:Towel","Regal Pillow","Cursed Key","Red Mask","halation:Jellyphish","SnailShell","vexMod:ScavengeHelm","hubris:Teleporter","RoseTintedShades","Oddly Smooth Stone","SpikesRelics:DaevaFist","jedi:firstaidkit","Tiny House","StuffTheSpire:GreaterSneckoEye","Lantern","Replay:Bandana","hubris:GlazedTorus"],"acts_visited":["Exordium","TheCity","TheBeyond"],"potions_floor_usage":[43],"damage_taken":[{"damage":0,"enemies":"Small Slimes","floor":1,"turns":3},{"damage":4,"enemies":"conspire:RoseBush","floor":3,"turns":2},{"damage":0,"enemies":"Jaw Worm","floor":5,"turns":3},{"damage":0,"enemies":"Looter","floor":8,"turns":3},{"damage":0,"enemies":"Blue Slaver","floor":10,"turns":2},{"damage":9,"enemies":"Exordium Wildlife","floor":13,"turns":4},{"damage":0,"enemies":"3 Louse","floor":14,"turns":1},{"damage":9,"enemies":"The Guardian","floor":16,"turns":9},{"damage":6,"enemies":"3 Byrds","floor":18,"turns":4},{"damage":12,"enemies":"Chosen","floor":19,"turns":4},{"damage":8,"enemies":"Masked Bandits","floor":20,"turns":4},{"damage":0,"enemies":"Sentry and Sphere","floor":23,"turns":2},{"damage":9,"enemies":"Replay:Snechameleon","floor":26,"turns":5},{"damage":13,"enemies":"conspire:MimicChest","floor":30,"turns":4},{"damage":21,"enemies":"conspire:SneckoGhost","floor":31,"turns":5},{"damage":9,"enemies":"Centurion and Healer","floor":32,"turns":4},{"damage":0,"enemies":"Cultist and Chosen","floor":33,"turns":3},{"damage":60,"enemies":"hubris:MusketHawk","floor":35,"turns":9},{"damage":0,"enemies":"Orb Walker","floor":37,"turns":3},{"damage":0,"enemies":"3 Shapes","floor":38,"turns":1},{"damage":0,"enemies":"Spire Growth","floor":41,"turns":5},{"damage":0,"enemies":"4 Shapes","floor":42,"turns":5},{"damage":87,"enemies":"Transient","floor":43,"turns":5}],"seed_played":"-7813973440621382972","potions_obtained":[{"floor":1,"key":"blueLaboratory:CorrosionFlask"},{"floor":8,"key":"blueLaboratory:Moonshine"},{"floor":13,"key":"blueLaboratory:BottledHope"},{"floor":33,"key":"Adrenaline Potion"}],"is_trial":false,"path_per_floor":["M","$","M","?","M","R","?","M","T","M","?","T","M","M","R","B",null,"M","M","?","$","T","M","PTL","PTL","E","R","T","T","?","E","M","M","R","B",null,"M","M","?","$","M","M","M"],"character_chosen":"THE_POKER_PLAYER","items_purchased":["Shovel","PokerPlayerMod:SpadeStrike","PokerPlayerMod:Diamond4","PokerPlayerMod:CardBurn","halation:Jellyphish","Lantern","Replay:Bandana"],"campfire_rested":0,"item_purchase_floors":[0,0,0,21,21,40,40],"current_hp_per_floor":[29,29,30,30,36,36,29,36,36,39,39,39,43,43,43,44,52,52,40,43,43,43,43,43,43,45,45,45,45,36,15,24,52,52,16,57,57,57,37,37,37,47,0,0,0],"gold":133,"neow_bonus":"","is_daily":false,"chose_seed":false,"campfire_upgraded":2,"win_rate":0.0,"timestamp":1611347472,"path_taken":["M","$","M","?","M","R","?","M","T","?","?","?","M","M","R","BOSS","M","M","?","$","?","M","PTL","PTL","E","R","T","?","?","E","?","M","R","BOSS","M","M","?","$","M","M","M"],"items_purchased_type":["Relic","Card","Card","Card","Relic","Relic","Relic"],"build_version":"2020-12-22","purchased_purges":2,"victory":false,"max_hp_per_floor":[52,52,52,52,52,52,52,52,52,52,52,52,52,52,52,52,52,52,52,52,52,52,52,52,52,52,52,52,52,52,52,52,52,52,52,57,57,57,57,57,57,57,57,57,57],"card_choices":[{"not_picked":["PokerPlayerMod:Extraction","PokerPlayerMod:Spade1"],"picked":"PokerPlayerMod:MagicTrick","floor":1},{"not_picked":["PokerPlayerMod:Heart1","PokerPlayerMod:ClubDance"],"picked":"PokerPlayerMod:Fold","floor":3},{"not_picked":["PokerPlayerMod:PoorCopy","PokerPlayerMod:HeartStrike","PokerPlayerMod:Diamond6"],"picked":"SKIP","floor":5},{"not_picked":["PokerPlayerMod:PoorCopy","PokerPlayerMod:ClubDance"],"picked":"PokerPlayerMod:CloakAndDiamond","floor":8},{"not_picked":["PokerPlayerMod:Heart4","PokerPlayerMod:Club4"],"picked":"PokerPlayerMod:Heart5","floor":10},{"not_picked":["PokerPlayerMod:Spade3","PokerPlayerMod:CloakAndDiamond"],"picked":"PokerPlayerMod:Diamond9","floor":13},{"not_picked":["PokerPlayerMod:Harden","PokerPlayerMod:Club5","PokerPlayerMod:Raise"],"picked":"SKIP","floor":14},{"not_picked":["PokerPlayerMod:Spade10+","PokerPlayerMod:SecretDealer"],"picked":"PokerPlayerMod:GamblerForm","floor":16},{"not_picked":["PokerPlayerMod:ClubsClub","PokerPlayerMod:Diamond5","PokerPlayerMod:Spade1"],"picked":"SKIP","floor":18},{"not_picked":["PokerPlayerMod:Heart2","PokerPlayerMod:Diamond4"],"picked":"PokerPlayerMod:Club4","floor":19},{"not_picked":["PokerPlayerMod:Diamond2","PokerPlayerMod:Diamond4"],"picked":"PokerPlayerMod:Diamond6","floor":20},{"not_picked":["PokerPlayerMod:CardBurn","PokerPlayerMod:Diamond5","PokerPlayerMod:FillThePot"],"picked":"SKIP","floor":23},{"not_picked":["PokerPlayerMod:MagicTrick+1","PokerPlayerMod:Diamond7"],"picked":"PokerPlayerMod:Club9","floor":26},{"not_picked":["PokerPlayerMod:SpadeStrike","PokerPlayerMod:Spade5"],"picked":"PokerPlayerMod:Harden+1","floor":30},{"not_picked":["PokerPlayerMod:CloakAndDiamond+1","PokerPlayerMod:ClubDance","PokerPlayerMod:Club9"],"picked":"SKIP","floor":31},{"not_picked":["PokerPlayerMod:CloakAndDiamond+1","PokerPlayerMod:ClubDance"],"picked":"PokerPlayerMod:Club9","floor":31},{"not_picked":["PokerPlayerMod:Overdeal","PokerPlayerMod:Diamond8","PokerPlayerMod:DiamondStrike"],"picked":"SKIP","floor":32},{"not_picked":["PokerPlayerMod:Diamond4","PokerPlayerMod:ClubsClub+1"],"picked":"PokerPlayerMod:Raise+1","floor":33},{"not_picked":["PokerPlayerMod:Diamond7","PokerPlayerMod:GamblerForm"],"picked":"PokerPlayerMod:Diamond8","floor":35},{"not_picked":["PokerPlayerMod:Diamond2","PokerPlayerMod:ClubDance+1"],"picked":"PokerPlayerMod:FillThePot+1","floor":36},{"not_picked":["PokerPlayerMod:Club4","PokerPlayerMod:Spade1"],"picked":"PokerPlayerMod:TheDieIsCast","floor":37},{"not_picked":["PokerPlayerMod:Club2","PokerPlayerMod:Spade2","PokerPlayerMod:MagicTrick+1"],"picked":"SKIP","floor":38},{"not_picked":["PokerPlayerMod:Spade4","PokerPlayerMod:MagicTrick","PokerPlayerMod:ClubsClub+1"],"picked":"SKIP","floor":41},{"not_picked":["PokerPlayerMod:SpadeStrike","PokerPlayerMod:CardPrinter+1","PokerPlayerMod:Diamond7"],"picked":"SKIP","floor":42}],"player_experience":366381,"relics_obtained":[{"floor":6,"key":"conspire:BottledYoYo"},{"floor":9,"key":"Letter Opener"},{"floor":12,"key":"Regal Pillow"},{"floor":20,"key":"Red Mask"},{"floor":22,"key":"SnailShell"},{"floor":26,"key":"vexMod:ScavengeHelm"},{"floor":28,"key":"hubris:Teleporter"},{"floor":29,"key":"RoseTintedShades"},{"floor":30,"key":"Oddly Smooth Stone"},{"floor":31,"key":"SpikesRelics:DaevaFist"},{"floor":34,"key":"jedi:firstaidkit"},{"floor":39,"key":"StuffTheSpire:GreaterSneckoEye"}],"event_choices":[{"damage_healed":0,"gold_gain":0,"player_choice":"Fought Bandits","damage_taken":0,"max_hp_gain":0,"max_hp_loss":0,"event_name":"Masked Bandits","floor":20,"gold_loss":0}],"is_beta":false,"boss_relics":[{"not_picked":["energizedSpire:MagnifyingGlass","vexMod:MegatonBomb"],"picked":"Cursed Key"},{"not_picked":["hubris:Stopwatch","halation:CatFaceCupcake"],"picked":"Tiny House"}],"items_purged_floors":[2,40],"is_endless":false,"potions_floor_spawned":[1,8,13,16,18,20,30,33,42],"killed_by":"Transient","ascension_level":0}}