{"host":"8t5dkgm85abdp22d","time":1611277147,"event":{"mods":["Act Like it!","BaseMod","Colored Powertips","Dota2Spire","Downfall","Gensokyo","GungeonMod","Hallownest","Luminous","Marisa£®ÏF”Í°°ƒß¿Ì…≥£©","Minty Spire (QoL Compilation)","StSLib","TheWitcher","UnlockEverythingMod","Waifu the Spire","Yakumo Yukari mod","vexMod","°æ“≈ŒÔø®≈∆°øREMEMod"],"gold_per_floor":[140,155,165,184,197,197,225,243,243,260,260,270,270,322,322,322,322],"floor_reached":16,"language":"ZHS","playtime":559,"items_purged":[],"score":141,"play_id":"18874c87-14be-4743-be48-6fe417edcdf2","local_time":"20210122085907","is_ascension_mode":true,"campfire_choices":[{"data":"GluttonyofRealm_purpleEX","floor":6,"key":"SMITH"},{"data":"MeetDecomposer_purple","floor":15,"key":"SMITH"}],"circlet_count":0,"master_deck":["AT_purpleEX","AT_purpleEX","AT_purpleEX","AT_purpleEX","Defend_purpleEX","Defend_purpleEX","Defend_purpleEX","Defend_purpleEX","Observe_purple_1","Observe_purple_2","DemoMod:BlackHoleGun","GluttonyofRealm_purpleEX+1","StateErode_purple","PurpleNeedle_purple","GluttonyofRealm_purpleEX","AdvanceAttack_purple","MeetDecomposer_purple+1"],"relics":["Boundary_crack","Memoryfragments_purpleEX","REME_ComplimentaryCards","DemoMod:Metronome","Dota2Spire:ShadowBlade","Bag of Preparation"],"acts_visited":["Exordium"],"potions_floor_usage":[5,7],"damage_taken":[{"damage":1,"enemies":"Gensokyo:3_Fairies","floor":1,"turns":5},{"damage":11,"enemies":"Gensokyo:Python","floor":2,"turns":3},{"damage":11,"enemies":"Gensokyo:Gryphon","floor":3,"turns":4},{"damage":14,"enemies":"Gensokyo:Kitsune","floor":4,"turns":3},{"damage":16,"enemies":"Gensokyo:LivingMonolith","floor":5,"turns":4},{"damage":23,"enemies":"Gensokyo:Mamizou","floor":7,"turns":9},{"damage":0,"enemies":"Gensokyo:Python_and_Kodama","floor":8,"turns":4},{"damage":18,"enemies":"Gensokyo:Gryphon_and_Rabbit","floor":10,"turns":5},{"damage":0,"enemies":"Gensokyo:LivingMonolith","floor":12,"turns":1},{"damage":10,"enemies":"Gensokyo:Reimu","floor":16,"turns":7}],"seed_played":"-3322122572565292220","potions_obtained":[{"floor":1,"key":"Guardian:BlockOnCardUsePotion"},{"floor":3,"key":"Strength Potion"},{"floor":5,"key":"Strength Potion"},{"floor":8,"key":"bronze:BurnAndBuffPotion"}],"is_trial":false,"path_per_floor":["M","M","M","M","M","R","E","M","T","M","?","M","?","T","R","B"],"character_chosen":"Youkari","items_purchased":[],"campfire_rested":0,"item_purchase_floors":[],"current_hp_per_floor":[70,63,57,46,34,34,13,21,21,11,20,20,20,20,20,10,10],"gold":322,"neow_bonus":"ONE_RANDOM_RARE_CARD","is_daily":false,"chose_seed":false,"campfire_upgraded":2,"win_rate":0.0,"timestamp":1611277147,"path_taken":["M","M","M","M","M","R","E","M","T","M","?","M","?","?","R","BOSS"],"items_purchased_type":[],"build_version":"2020-12-22","purchased_purges":0,"victory":false,"max_hp_per_floor":[70,73,76,79,82,82,82,89,89,96,96,96,96,96,96,96,96],"card_choices":[{"not_picked":["Fantasy_PerpetualMotionMachine_purple","SfantasyHide_purple"],"picked":"StateErode_purple","floor":1},{"not_picked":["Erosivefilter_purple","RealityDreamConfluencek_purple","OpenedBox_purple"],"picked":"SKIP","floor":2},{"not_picked":["StateErode_purple","CommonSense_AntiCommonSense_purple","WeekHit_purple"],"picked":"SKIP","floor":3},{"not_picked":["Mirror_Drifter_purple","Boundary_LightAndDark_purple","Mirror_FourBoundary_purple"],"picked":"SKIP","floor":4},{"not_picked":["ExistenceContinue_purple","Worldmountain_purple"],"picked":"PurpleNeedle_purple","floor":5},{"not_picked":["ExistenceContinue_purple","RuleDissolution_purple"],"picked":"GluttonyofRealm_purpleEX","floor":7},{"not_picked":["Mirror_FormAndEmptin_purple","Charmbait_purple"],"picked":"AdvanceAttack_purple","floor":8},{"not_picked":["StretchesForeverDream_purple","Worldmountain_purple","ExistenceContinue_purple"],"picked":"SKIP","floor":10},{"not_picked":["Umbrella_purple","AdvanceAttack_purple"],"picked":"MeetDecomposer_purple","floor":12}],"player_experience":119405,"relics_obtained":[{"floor":7,"key":"DemoMod:Metronome"},{"floor":9,"key":"Dota2Spire:ShadowBlade"},{"floor":14,"key":"Bag of Preparation"}],"event_choices":[],"is_beta":false,"boss_relics":[],"items_purged_floors":[],"is_endless":false,"potions_floor_spawned":[1,3,5,8],"killed_by":"Gensokyo:Reimu","ascension_level":2}}