{"host":"eny0bxnatoru6fum","time":1611292028,"event":{"mods":["A Magickal Journey","AchievementEnabler","AlwaysNeverKeys","Aspiration","BaseMod","Beaked The Cultist","BetterRewards","Colored Map","Colored Powertips","Conspire","DeckTracker","Duelist Mod","Energized Spire","Glutton Mod","Halation","Hubris","Infinite Spire","Jedi Mod","Lobotomy","LobotomyExtend","Minty Spire (QoL Compilation)","Relic Sorter","Replay The Spire","Shop Mod","Spicy Shops","Spikes Relics","StSLib","Synergy Search","The Animator","The Blue Laboratory","The Bug Knight","The Cursed","The Hierophant","The Jungle","The Problem Sleuth","The Runesmith","The Sage","The Servant 0.9.4","The Spell Scribe","vexMod"],"gold_per_floor":[130,305,305,316,340,340,374,387,387,387,387,387,387,90,90,107,107,215,215,228,234,258,433,333,346,371,417,433,433,433,491,535,535,535,584,584,595,595,697,697,714,732,732,732,758,758,795,819,867,867,505,521,521,549,549,677,677,699,712,712,730,730,765,784,797,822,822,845,956,956,976,976,1076,1076,1076],"floor_reached":53,"language":"ENG","playtime":6547,"items_purged":["Doubt","Doubt"],"score":1428,"play_id":"3af14936-0929-4644-8ebe-7f1dcd714131","local_time":"20210121230708","is_ascension_mode":false,"campfire_choices":[{"data":"animator:Vesta","floor":6.0,"key":"SMITH"},{"floor":11.0,"key":"RECALL"},{"data":"animator:Shion","floor":15.0,"key":"SMITH"},{"floor":17.0,"key":"REST"},{"floor":8.0,"key":"REST"},{"floor":15.0,"key":"REST"},{"data":"infinitespire:NeuralNetwork","floor":17.0,"key":"SMITH"},{"floor":25.0,"key":"REST"},{"floor":34.0,"key":"REST"},{"data":"animator:HinaKagiyama","floor":49,"key":"SMITH"},{"data":"Accuracy","floor":51,"key":"SMITH"}],"circlet_count":0,"master_deck":["animator:Strike_TenSura","animator:Defend_TenSura+1","animator:Benimaru+1","animator:Shuna+1","Dazed","Dazed","animator:Vesta+1","animator:Shion+1","hubris:NaturalOne","Injury","animator:HigakiRinne+1","animator:Chris+1","animator:Strike_Konosuba+1","animator:Strike_Fate+1","animator:Strike_FullmetalAlchemist+1","animator:Defend_AccelWorld","animator:Defend_Kancolle","animator:Defend_NoGameNoLife","animator:Mitsurugi+1","animator:Mitsurugi+1","infinitespire:NeuralNetwork+1","animator:YunYun+1","animator:Millim+3","animator:Arpeggio+1","animator:Nanami+1","animator:Biyorigo","animator:ChaikaBohdan+1","animator:Wiz","animator:Benimaru+1","animator:NarberalGamma+1","animator:HinaKagiyama+1","animator:Curse_Dizziness","animator:Elsword+1","Eviscerate+1","Underhanded Strike+1","Pain","Concentrate","animator:Rimuru","animator:Vesta","animator:Souei","Delirium","Riddle With Holes+1","CurseOfTheBell","animator:Aisha+1","InfectiousVector","Blade Dance+1","infinitespire:Punishment+1","Replay:Poison Smokescreen+1","Accuracy+1","Burst+1"],"relics":["animator:LivingPicture","Moonlight_r","MagicBullet_r","aspiration:SilentSkillbook","BicycleWheel","Letter Opener","WizardHat","halation:KoshaPiece","hubris:Icosahedron","animator:TheMissingPiece","HornCleat","vexMod:InvisibilityCloak","Molten Egg 2","conspire:TreasureMap","Blood Vial","aspiration:SecretTechniqueScroll","LaetitiaHeart","LaetitiaHeart","LetterFromLob","animator:WornHelmet","Gremlin Horn","RoseTintedShades","jedi:shrinkray","Gremlin Food","aspiration:RitualStick","conspire:DeflatedDodgeball","WarpedTongs","Replay:Grab Bag","Replay:Cursed D8","Replay:Bronze Core","animator:HolyGrailRelic","Ring of Panic","Ring of Hypnosis","Calling Bell","Golden Egg","infinitespire:Broken Mirror","halation:AfternoonTea","hubris:GlazedTorus","hubris:Backtick","Dead Branch"],"acts_visited":["Exordium","TheCity","TheCity","TheBeyond","Exordium"],"potions_floor_usage":[52,52],"damage_taken":[{"damage":0.0,"enemies":"2 Louse","floor":1.0,"turns":3.0},{"damage":1.0,"enemies":"Small Slimes","floor":4.0,"turns":5.0},{"damage":6.0,"enemies":"Jaw Worm","floor":5.0,"turns":4.0},{"damage":11.0,"enemies":"Gremlin Nob","floor":7.0,"turns":3.0},{"damage":8.0,"enemies":"Looter","floor":8.0,"turns":3.0},{"damage":10.0,"enemies":"Exordium Wildlife","floor":16.0,"turns":5.0},{"damage":0.0,"enemies":"Hexaghost","floor":18.0,"turns":9.0},{"damage":28.0,"enemies":"2 Thieves","floor":20.0,"turns":5.0},{"damage":0.0,"enemies":"Shell Parasite","floor":21.0,"turns":2.0},{"damage":0.0,"enemies":"Shell Parasite","floor":22.0,"turns":2.0},{"damage":0.0,"enemies":"Shell Parasite","floor":22.0,"turns":1.0},{"damage":0.0,"enemies":"Shell Parasite","floor":22.0,"turns":1.0},{"damage":0.0,"enemies":"Jaw Worm","floor":1.0,"turns":1.0},{"damage":0.0,"enemies":"Cultist","floor":4.0,"turns":2.0},{"damage":0.0,"enemies":"Small Slimes","floor":5.0,"turns":3.0},{"damage":43.0,"enemies":"Nightmare","floor":6.0,"turns":6.0},{"damage":0.0,"enemies":"3 Louse","floor":7.0,"turns":1.0},{"damage":0.0,"enemies":"Gremlin Nob","floor":10.0,"turns":3.0},{"damage":10.0,"enemies":"conspire:MimicChest","floor":11.0,"turns":4.0},{"damage":0.0,"enemies":"3 Sentries","floor":14.0,"turns":3.0},{"damage":0.0,"enemies":"Blue Slaver","floor":16.0,"turns":1.0},{"damage":0.0,"enemies":"Hexaghost","floor":18.0,"turns":5.0},{"damage":20.0,"enemies":"Chosen","floor":20.0,"turns":3.0},{"damage":0.0,"enemies":"Shell Parasite","floor":21.0,"turns":3.0},{"damage":7.0,"enemies":"3 Cultists","floor":24.0,"turns":4.0},{"damage":4.0,"enemies":"Replay:Snechameleon","floor":26.0,"turns":3.0},{"damage":8.0,"enemies":"Shelled Parasite and Fungi","floor":27.0,"turns":4.0},{"damage":0.0,"enemies":"Snake Plant","floor":31.0,"turns":2.0},{"damage":0.0,"enemies":"Chosen and Byrds","floor":33.0,"turns":3.0},{"damage":21.0,"enemies":"Automaton","floor":35.0,"turns":5.0},{"damage":2.0,"enemies":"3 Shapes","floor":37.0,"turns":3.0},{"damage":0.0,"enemies":"3 Darklings","floor":38.0,"turns":3.0},{"damage":10.0,"enemies":"Jaw Worm Horde","floor":40.0,"turns":3.0},{"damage":4.0,"enemies":"Reptomancer","floor":42.0,"turns":4.0},{"damage":2.0,"enemies":"4 Shapes","floor":43.0,"turns":3.0},{"damage":1.0,"enemies":"Sphere and 2 Shapes","floor":44.0,"turns":3.0},{"damage":45.0,"enemies":"Transient","floor":47.0,"turns":5.0},{"damage":0.0,"enemies":"infinitespire:Three Voidlings","floor":48.0,"turns":3.0},{"damage":26.0,"enemies":"Nightmare_Alpha","floor":48.0,"turns":7.0},{"damage":6,"enemies":"Writhing Mass","floor":50,"turns":2},{"damage":0,"enemies":"infinitespire:MassOfShapes","floor":52,"turns":6}],"seed_played":"5146392975342382983","potions_obtained":[{"floor":5.0,"key":"Fire Potion"},{"floor":7.0,"key":"blueLaboratory:FrostheartPotion"},{"floor":1.0,"key":"LifebloodPotion"},{"floor":6.0,"key":"Block Potion"},{"floor":10.0,"key":"Fire Potion"},{"floor":20.0,"key":"Elixir"},{"floor":26.0,"key":"blueLaboratory:CorrosionFlask"},{"floor":31.0,"key":"Strength Potion"},{"floor":35.0,"key":"blueLaboratory:FrostheartPotion"},{"floor":38.0,"key":"infinitespire:BlackPotion"},{"floor":43.0,"key":"jedi:StrikingPotion"},{"floor":48,"key":"Strength Potion"}],"is_trial":false,"path_per_floor":["M","?","?","M","M","R","E","M","T","?","R","PTL","PTL","$","R","M","R","B",null,"M","M","?","M","?","?","M","M","NM","M","R","T","E","?","PTL","PTL","E","R","M","R","B",null,"M","M","?","?","M","R","E","M","T","T","$","M","?","M","R","B",null,"M","M","?","M","?","E","M","M","T","?","M","?","R","M","R","B",null],"character_chosen":"THE_ANIMATOR","items_purchased":["conspire:TreasureMap","Blood Vial","Letter Opener"],"campfire_rested":5,"item_purchase_floors":[14,14,30],"current_hp_per_floor":[66,66,66,68,62,62,51,43,43,43,43,43,43,43,43,35,55,57,69,41,18,69,69,69,69,69,28,31,52,52,54,47,47,47,49,70,71,71,71,71,53,55,41,41,36,57,55,50,50,50,50,52,52,54,72,53,80,80,86,86,78,66,64,66,69,69,72,31,76,76,72,72,74,78,78],"gold":1076,"neow_bonus":"THREE_CARDS","is_daily":false,"chose_seed":false,"campfire_upgraded":5,"win_rate":0.0,"timestamp":1611292028,"path_taken":["M","?","?","M","M","R","E","?","T","?","R","PTL","PTL","?","R","M","R","BOSS","M","M","?","M","?","?","M","M","NM","?","R","T","E","?","PTL","PTL","E","R","M","R","BOSS","M","M","?","?","M","R","E","M","T","?","$","?","?","?","R","BOSS","M","M","?","M","?","E","M","?","T","?","?","?","R","M","R","BOSS"],"items_purchased_type":["Relic","Relic","Relic"],"build_version":"2020-12-22","purchased_purges":2,"victory":false,"max_hp_per_floor":[66,66,66,69,69,69,69,69,69,69,69,69,69,69,69,69,69,69,69,69,69,69,69,69,69,69,69,70,70,70,70,71,71,71,71,71,71,71,71,71,71,71,71,71,71,71,71,72,72,72,72,72,72,72,72,72,80,82,86,86,88,66,68,70,72,72,72,74,76,76,78,78,78,78,78],"card_choices":[{"not_picked":["animator:Chris","animator:Raven"],"picked":"animator:Entoma","floor":0.0},{"not_picked":["animator:Cocytus","animator:Verdia"],"picked":"animator:Millim","floor":1.0},{"not_picked":["animator:Demiurge","animator:Sebas"],"picked":"animator:Vesta","floor":4.0},{"not_picked":["animator:Viivi","animator:Arpeggio"],"picked":"animator:Shion","floor":5.0},{"not_picked":["animator:Benimaru","animator:Shion"],"picked":"animator:Millim","floor":7.0},{"not_picked":["animator:Azekura","animator:Ciel","animator:Layla"],"picked":"SKIP","floor":8.0},{"not_picked":["animator:Azekura","animator:YaoHaDucy+1","animator:Emonzaemon+1"],"picked":"SKIP","floor":16.0},{"not_picked":["animator:Biyorigo","animator:Elesis+1"],"picked":"animator:HigakiRinne","floor":18.0},{"not_picked":["animator:Azekura+1","animator:Konayuki"],"picked":"animator:Chris+1","floor":20.0},{"not_picked":["animator:Benimaru+1","animator:Hakurou+1"],"picked":"animator:Vesta","floor":1.0},{"not_picked":["animator:Emonzaemon+1","animator:Verdia"],"picked":"animator:Mitsurugi+1","floor":4.0},{"not_picked":["animator:Ara+1","animator:Tyuule"],"picked":"animator:Mitsurugi+1","floor":5.0},{"not_picked":["infinitespire:Punishment","infinitespire:UltimateForm"],"picked":"infinitespire:NeuralNetwork","floor":6.0},{"not_picked":["animator:Kuribayashi+1","animator:TukaLunaMarceau"],"picked":"animator:YunYun+1","floor":6.0},{"not_picked":["animator:Shuna","animator:Shion+1"],"picked":"animator:Millim+1","floor":7.0},{"not_picked":["animator:Rena","animator:Guy"],"picked":"animator:Arpeggio","floor":10.0},{"not_picked":["animator:Cocytus+1","animator:Azekura"],"picked":"animator:Nanami","floor":11.0},{"not_picked":["animator:Verdia","animator:Kuribayashi+1"],"picked":"animator:Biyorigo","floor":14.0},{"not_picked":["animator:Lu+1","animator:Ain+1"],"picked":"animator:ChaikaBohdan+1","floor":16.0},{"not_picked":["animator:Eris","animator:Biyorigo"],"picked":"animator:Wiz","floor":18.0},{"not_picked":["animator:Shuna","animator:Hakurou+1","animator:Shion+1"],"picked":"animator:Benimaru+1","floor":20.0},{"not_picked":["animator:Verdia","jedi:collectorvenom","animator:Arpeggio+1"],"picked":"animator:NarberalGamma+1","floor":21.0},{"not_picked":["animator:Millim+1","Acrobatics","animator:Verdia"],"picked":"animator:Elsword+1","floor":24.0},{"not_picked":["Underhanded Strike+1","jedi:poisonivy","Dash+1"],"picked":"Eviscerate+1","floor":26.0},{"not_picked":["animator:YaoHaDucy+1","animator:RoryMercury+1","animator:Kuribayashi+1"],"picked":"animator:Bozes+1","floor":27.0},{"not_picked":["Setup+1","Leg Sweep","animator:Vanir+1"],"picked":"Underhanded Strike+1","floor":31.0},{"not_picked":["Bullet Time","animator:Hakurou+1","Hidden Blade"],"picked":"Concentrate","floor":33.0},{"not_picked":["Glass Knife+1","Unload+1","animator:ItamiYouji+1"],"picked":"animator:Rimuru","floor":35.0},{"not_picked":["animator:Shion+1","animator:RoryMercury+1","Acrobatics"],"picked":"animator:Vesta","floor":37.0},{"not_picked":["animator:Shion+1","animator:Shuna","animator:GazelDwargon"],"picked":"animator:Souei","floor":38.0},{"not_picked":["animator:Konayuki","Calculated Gamble+1","Fluid Movement+1"],"picked":"Riddle With Holes+1","floor":40.0},{"not_picked":["conspire:PoisonWeapons","Sucker Punch+1","jedi:pocketpoison+1"],"picked":"animator:Aisha+1","floor":42.0},{"not_picked":["animator:Bozes+1","animator:ChaikaBohdan+1","animator:Chung"],"picked":"InfectiousVector","floor":43.0},{"not_picked":["animator:Kaijin","animator:Shion+1","animator:Shuna"],"picked":"animator:Millim+1","floor":44.0},{"not_picked":["animator:AcuraTooru+1","animator:Ciel","animator:Kazuma+1"],"picked":"Blade Dance+1","floor":47.0},{"not_picked":["Replay:Fractal Strike","infinitespire:Collect"],"picked":"infinitespire:Punishment","floor":48},{"not_picked":["jedi:pocketpoison+1","animator:Hakurou+1","animator:UneriGinkaku+1"],"picked":"Replay:Poison Smokescreen+1","floor":48},{"not_picked":["Bane+1","animator:Millim+1","animator:Entoma+1"],"picked":"Accuracy","floor":50},{"not_picked":["ReplayTheSpireMod:From All Sides+1","Envenom","animator:Eve"],"picked":"Burst","floor":52}],"player_experience":514924,"relics_obtained":[{"floor":1.0,"key":"LetterFromLob"},{"floor":7.0,"key":"HornCleat"},{"floor":9.0,"key":"vexMod:InvisibilityCloak"},{"floor":1.0,"key":"LetterFromLob"},{"floor":6.0,"key":"animator:WornHelmet"},{"floor":9.0,"key":"Gremlin Horn"},{"floor":10.0,"key":"RoseTintedShades"},{"floor":11.0,"key":"jedi:shrinkray"},{"floor":14.0,"key":"Gremlin Food"},{"floor":26.0,"key":"conspire:DeflatedDodgeball"},{"floor":28.0,"key":"BicycleWheel"},{"floor":39.0,"key":"Ring of Panic"},{"floor":39.0,"key":"Ring of Hypnosis"},{"floor":41.0,"key":"halation:KoshaPiece"},{"floor":41.0,"key":"Golden Egg"},{"floor":41.0,"key":"WizardHat"},{"floor":42.0,"key":"infinitespire:Broken Mirror"},{"floor":45.0,"key":"halation:AfternoonTea"},{"floor":48,"key":"hubris:GlazedTorus"}],"event_choices":[{"damage_healed":0.0,"max_hp_gain":0.0,"max_hp_loss":0.0,"gold_gain":175.0,"event_name":"Liars Game","player_choice":"AGREE","floor":2.0,"gold_loss":0.0,"damage_taken":0.0,"cards_obtained":["Doubt"]},{"damage_healed":0.0,"max_hp_gain":0.0,"max_hp_loss":0.0,"gold_gain":175.0,"event_name":"Liars Game","player_choice":"AGREE","floor":2.0,"gold_loss":0.0,"damage_taken":0.0,"cards_obtained":["Doubt"]},{"damage_healed":0.0,"max_hp_gain":0.0,"max_hp_loss":0.0,"gold_gain":0.0,"event_name":"Accursed Blacksmith","player_choice":"Rummage","floor":32.0,"gold_loss":0.0,"damage_taken":0.0,"relics_obtained":["WarpedTongs"],"cards_obtained":["Pain"]},{"cards_removed":["animator:Bozes"],"damage_healed":3.0,"max_hp_gain":0.0,"max_hp_loss":0.0,"gold_gain":0.0,"event_name":"Bonfire Elementals","player_choice":"Offered Uncommon","floor":46.0,"gold_loss":0.0,"damage_taken":0.0},{"cards_removed":["animator:Vesta"],"damage_healed":65,"gold_gain":0,"player_choice":"Offered Uncommon","damage_taken":0,"max_hp_gain":0,"max_hp_loss":0,"event_name":"Bonfire Elementals","floor":48,"gold_loss":0}],"is_beta":false,"boss_relics":[{"not_picked":["Replay:Cursed D8","aspiration:FutureDiary"],"picked":"aspiration:SecretTechniqueScroll"},{"not_picked":["energizedSpire:EnergizedDie","halation:Risk"],"picked":"aspiration:SilentSkillbook"},{"not_picked":["Tiny House","halation:Prosthetics"],"picked":"Replay:Grab Bag"},{"not_picked":["jedi:paperlyon","energizedSpire:NeverEndingSparkler"],"picked":"Replay:Cursed D8"},{"not_picked":["infinitespire:Cupcake","halation:CatFaceCupcake"],"picked":"Replay:Bronze Core"},{"not_picked":["Pandora\u0027s Box","aspiration:RitualDagger"],"picked":"animator:HolyGrailRelic"},{"not_picked":["conspire:SlowCooker","Empty Cage"],"picked":"hubris:Backtick"}],"items_purged_floors":[14,30],"is_endless":true,"potions_floor_spawned":[5,7,22,22,1,6,10,20,26,31,35,38,42,43,48,48],"ascension_level":0}}