{"host":"ua86kx5x377bzm1z","time":1611319044,"event":{"mods":["BaseMod","Colored Map","DeckTracker","Minty Spire (QoL Compilation)","StSLib"],"gold_per_floor":[119,119,130,146,156,156,189,155,155,155,155,173,188,206,206,206,206],"floor_reached":16,"language":"ENG","playtime":948,"items_purged":[],"score":104,"play_id":"bbd333a2-5882-4746-b902-b2f6c92c517a","local_time":"20210122133724","is_ascension_mode":false,"campfire_choices":[{"data":"Bash","floor":6,"key":"SMITH"},{"floor":10,"key":"REST"},{"data":"Thunderclap","floor":15,"key":"SMITH"}],"circlet_count":0,"master_deck":["Strike_R","Strike_R","Strike_R","Strike_R","Strike_R","Defend_R+1","Defend_R+1","Defend_R","Defend_R","Bash+1","Dropkick","Thunderclap+1","Headbutt"],"relics":["Burning Blood","War Paint","Pen Nib"],"acts_visited":["Exordium"],"potions_floor_usage":[],"damage_taken":[{"damage":6,"enemies":"Jaw Worm","floor":1,"turns":3},{"damage":1,"enemies":"2 Louse","floor":3,"turns":3},{"damage":1,"enemies":"Cultist","floor":4,"turns":3},{"damage":10,"enemies":"Looter","floor":5,"turns":3},{"damage":54,"enemies":"Lagavulin","floor":7,"turns":9},{"damage":9,"enemies":"Large Slime","floor":12,"turns":8},{"damage":8,"enemies":"3 Louse","floor":13,"turns":4},{"damage":4,"enemies":"Looter","floor":14,"turns":3},{"damage":53,"enemies":"The Guardian","floor":16,"turns":8}],"seed_played":"-2124108932897368494","potions_obtained":[{"floor":1,"key":"SpeedPotion"},{"floor":4,"key":"SteroidPotion"},{"floor":7,"key":"EssenceOfSteel"}],"is_trial":false,"path_per_floor":["M","?","M","M","M","R","E","?","T","R","?","M","M","M","R","B"],"character_chosen":"IRONCLAD","items_purchased":[],"campfire_rested":1,"item_purchase_floors":[],"current_hp_per_floor":[80,80,80,80,76,76,28,28,28,52,52,49,47,49,49,0,0],"gold":206,"neow_bonus":"","is_daily":false,"chose_seed":false,"campfire_upgraded":2,"win_rate":0.0,"timestamp":1611319044,"path_taken":["M","?","M","M","M","R","E","?","T","R","?","M","?","M","R","BOSS"],"items_purchased_type":[],"build_version":"2020-12-13","purchased_purges":0,"victory":false,"max_hp_per_floor":[80,80,80,80,80,80,80,80,80,80,80,80,80,80,80,80,80],"card_choices":[{"not_picked":["Power Through","Metallicize"],"picked":"Dropkick","floor":1},{"not_picked":["Pommel Strike","Twin Strike","Armaments"],"picked":"SKIP","floor":3},{"not_picked":["Perfected Strike","Searing Blow","Clothesline"],"picked":"SKIP","floor":4},{"not_picked":["Infernal Blade","Metallicize","Perfected Strike"],"picked":"SKIP","floor":5},{"not_picked":["Combust","Seeing Red"],"picked":"Thunderclap","floor":7},{"not_picked":["Fiend Fire","Thunderclap","Armaments"],"picked":"SKIP","floor":12},{"not_picked":["Infernal Blade","Thunderclap","Body Slam"],"picked":"SKIP","floor":13},{"not_picked":["Clothesline","Dark Embrace"],"picked":"Headbutt","floor":14}],"player_experience":0,"relics_obtained":[{"floor":7,"key":"War Paint"},{"floor":9,"key":"Pen Nib"}],"event_choices":[{"damage_healed":0,"gold_gain":0,"player_choice":"Ignored","damage_taken":0,"max_hp_gain":0,"max_hp_loss":0,"event_name":"Golden Idol","floor":2,"gold_loss":0},{"damage_healed":0,"gold_gain":0,"player_choice":"Left Gold","damage_taken":0,"max_hp_gain":0,"max_hp_loss":0,"event_name":"World of Goop","floor":8,"gold_loss":34},{"damage_healed":0,"gold_gain":0,"player_choice":"Got Potions","damage_taken":0,"max_hp_gain":0,"max_hp_loss":0,"event_name":"Lab","floor":11,"gold_loss":0}],"is_beta":false,"boss_relics":[],"items_purged_floors":[],"is_endless":false,"potions_floor_spawned":[1,4,7,13],"killed_by":"The Guardian","ascension_level":0}}