{"host":"9l4mw5jqza9qz9hr","time":1611326917,"event":{"mods":["AchievementEnabler","Always Whale","BaseMod","Colored Map","Minty Spire (QoL Compilation)","StSLib","SuperFastMode"],"gold_per_floor":[114,129,144,69,84,84,114,114,114,129,144,159,176,191,191,291,291,276,201,216,16,115,145,145,160,160,160,175,190,205,220,220,320,320,335,335,350,365,415,415,445,445,495,510,525,2,2,26,26,26],"floor_reached":51,"language":"KOR","playtime":2035,"items_purged":["Strike_G","Strike_G","Defend_G"],"score":732,"play_id":"14128bc6-1f6c-46d6-a411-1864bbb66bef","local_time":"20210122234837","daily_mods":["Heirloom","Uncertain Future","Night Terrors"],"is_ascension_mode":false,"campfire_choices":[{"data":"Noxious Fumes","floor":6.0,"key":"SMITH"},{"data":"Terror","floor":8.0,"key":"SMITH"},{"floor":15.0,"key":"REST"},{"floor":24.0,"key":"REST"},{"data":"Catalyst","floor":32.0,"key":"SMITH"},{"data":"Burst","floor":40,"key":"SMITH"},{"data":"Apotheosis","floor":47,"key":"SMITH"},{"data":"Catalyst","floor":49,"key":"SMITH"}],"circlet_count":0,"master_deck":["Defend_G","Defend_G","Defend_G","Survivor","Neutralize","Terror+1","Noxious Fumes+1","Catalyst+1","Poisoned Stab","Backstab","PiercingWail","Acrobatics","Blur","Burst+1","A Thousand Cuts+1","Heel Hook+1","Sucker Punch+1","Calculated Gamble+1","Well Laid Plans+1","Acrobatics+1","After Image+1","Reflex","Bane","Deadly Poison","After Image+1","Escape Plan+1","Adrenaline","Crippling Poison+1","Secret Technique","Apotheosis+1","Catalyst+1"],"relics":["Ring of the Snake","Pocketwatch","StrikeDummy","Frozen Egg 2","Odd Mushroom","Astrolabe","Membership Card","The Courier","Meat on the Bone","Ornamental Fan","Sozu","Regal Pillow","Akabeko","CeramicFish","Bag of Preparation","TheAbacus","Strawberry","Paper Crane","Tingsha","Orichalcum"],"acts_visited":["Exordium","TheCity","TheBeyond"],"potions_floor_usage":[],"damage_taken":[{"damage":2.0,"enemies":"Cultist","floor":1.0,"turns":4.0},{"damage":0.0,"enemies":"Small Slimes","floor":2.0,"turns":4.0},{"damage":1.0,"enemies":"Jaw Worm","floor":3.0,"turns":4.0},{"damage":14.0,"enemies":"3 Louse","floor":5.0,"turns":4.0},{"damage":16.0,"enemies":"3 Sentries","floor":7.0,"turns":6.0},{"damage":2.0,"enemies":"Blue Slaver","floor":10.0,"turns":3.0},{"damage":17.0,"enemies":"Exordium Thugs","floor":11.0,"turns":4.0},{"damage":0.0,"enemies":"3 Louse","floor":12.0,"turns":2.0},{"damage":10.0,"enemies":"The Mushroom Lair","floor":13.0,"turns":5.0},{"damage":3.0,"enemies":"Exordium Wildlife","floor":14.0,"turns":3.0},{"damage":17.0,"enemies":"The Guardian","floor":16.0,"turns":9.0},{"damage":7.0,"enemies":"2 Thieves","floor":18.0,"turns":4.0},{"damage":1.0,"enemies":"Chosen","floor":20.0,"turns":3.0},{"damage":36.0,"enemies":"Slavers","floor":23.0,"turns":6.0},{"damage":10.0,"enemies":"Snecko","floor":25.0,"turns":6.0},{"damage":12.0,"enemies":"Shelled Parasite and Fungi","floor":28.0,"turns":5.0},{"damage":0.0,"enemies":"Centurion and Healer","floor":29.0,"turns":6.0},{"damage":24.0,"enemies":"3 Cultists","floor":30.0,"turns":5.0},{"damage":6.0,"enemies":"Snecko","floor":31.0,"turns":5.0},{"damage":20.0,"enemies":"Champ","floor":33.0,"turns":10.0},{"damage":17,"enemies":"3 Darklings","floor":35,"turns":6},{"damage":13,"enemies":"3 Shapes","floor":37,"turns":4},{"damage":12,"enemies":"Writhing Mass","floor":38,"turns":5},{"damage":6,"enemies":"Nemesis","floor":41,"turns":5},{"damage":0,"enemies":"Maw","floor":44,"turns":4},{"damage":11,"enemies":"Jaw Worm Horde","floor":45,"turns":3},{"damage":0,"enemies":"4 Shapes","floor":48,"turns":3},{"damage":2,"enemies":"Donu and Deca","floor":50,"turns":6}],"seed_played":"8945501730091475425","potions_obtained":[{"floor":1.0,"key":"Regen Potion"},{"floor":11.0,"key":"Weak Potion"},{"floor":12.0,"key":"Regen Potion"},{"floor":13.0,"key":"Dexterity Potion"},{"floor":23.0,"key":"Block Potion"},{"floor":25.0,"key":"CunningPotion"}],"is_trial":false,"path_per_floor":["M","M","M","$","M","R","E","R","T","M","M","M","?","M","R","B",null,"M","?","M","$","?","E","R","M","T","T","M","M","M","M","R","B",null,"M","?","M","M","T","R","E","?","T","M","M","$","R","M","R","B",null],"character_chosen":"THE_SILENT","items_purchased":["Membership Card","Bag of Preparation","TheAbacus","Strawberry","Paper Crane","Tingsha","Orichalcum"],"campfire_rested":2,"item_purchase_floors":[21,46,46,46,46,46,46],"current_hp_per_floor":[68,68,67,67,53,53,37,37,37,35,30,30,20,17,65,48,65,58,58,57,57,57,36,60,50,50,50,38,38,26,32,32,24,60,43,43,30,30,30,30,36,31,31,31,32,39,39,39,39,37],"gold":26,"neow_bonus":"","is_daily":true,"chose_seed":false,"campfire_upgraded":6,"win_rate":0.0,"timestamp":1611326917,"path_taken":["M","M","M","$","M","R","E","R","T","?","?","M","?","M","R","BOSS","M","?","M","$","?","E","R","M","T","?","M","M","M","M","R","BOSS","M","?","M","M","?","R","E","?","T","M","M","$","R","M","R","BOSS"],"items_purchased_type":["Relic","Relic","Relic","Relic","Relic","Relic","Relic"],"build_version":"2020-12-22","purchased_purges":3,"victory":true,"max_hp_per_floor":[70,70,70,70,70,70,70,70,70,70,70,70,70,70,65,65,65,65,65,65,65,65,65,60,60,60,60,60,60,60,60,60,60,60,60,57,57,57,57,57,57,57,57,57,57,64,64,64,64,64],"card_choices":[{"not_picked":["Deadly Poison","Quick Slash"],"picked":"Terror","floor":1.0},{"not_picked":["Expertise","Deflect"],"picked":"Noxious Fumes","floor":2.0},{"not_picked":["Expertise","Predator"],"picked":"Catalyst","floor":3.0},{"not_picked":["Predator","Calculated Gamble"],"picked":"Poisoned Stab","floor":5.0},{"not_picked":["Flying Knee","Flechettes"],"picked":"Backstab","floor":7.0},{"not_picked":["Outmaneuver","Quick Slash","Flying Knee"],"picked":"SKIP","floor":10.0},{"not_picked":["Bane","Cloak And Dagger"],"picked":"PiercingWail","floor":11.0},{"not_picked":["Storm of Steel","Dagger Spray"],"picked":"Acrobatics","floor":12.0},{"not_picked":["Dodge and Roll","Dagger Throw"],"picked":"Blur","floor":13.0},{"not_picked":["Skewer","Predator"],"picked":"Burst","floor":14.0},{"not_picked":["Night Terror","Malaise"],"picked":"A Thousand Cuts+1","floor":16.0},{"not_picked":["Deflect","Bane"],"picked":"Well Laid Plans+1","floor":18.0},{"not_picked":["PiercingWail","Dagger Throw"],"picked":"Acrobatics+1","floor":20.0},{"not_picked":["Dodge and Roll+1","Well Laid Plans+1","Flying Knee+1"],"picked":"SKIP","floor":23.0},{"not_picked":["Deadly Poison+1","Outmaneuver"],"picked":"After Image+1","floor":25.0},{"not_picked":["Cloak And Dagger","All Out Attack+1"],"picked":"Reflex","floor":28.0},{"not_picked":["Underhanded Strike","Dagger Throw"],"picked":"Bane","floor":29.0},{"not_picked":["Underhanded Strike","Outmaneuver+1","Storm of Steel"],"picked":"SKIP","floor":30.0},{"not_picked":["Leg Sweep","Acrobatics+1"],"picked":"Deadly Poison","floor":31.0},{"not_picked":["A Thousand Cuts+1","Corpse Explosion"],"picked":"After Image+1","floor":33.0},{"not_picked":["Dodge and Roll+1","Outmaneuver+1"],"picked":"Escape Plan+1","floor":35},{"not_picked":["Slice+1","Dash"],"picked":"Adrenaline","floor":37},{"not_picked":["Underhanded Strike+1","Flying Knee","Dagger Throw"],"picked":"SKIP","floor":38},{"not_picked":["Flying Knee+1","Dagger Throw+1"],"picked":"Crippling Poison+1","floor":41},{"not_picked":["Chrysalis","PanicButton"],"picked":"Secret Technique","floor":42},{"not_picked":["Impatience","Mayhem+1"],"picked":"Apotheosis","floor":42},{"not_picked":["Bane+1","Dodge and Roll","Underhanded Strike"],"picked":"SKIP","floor":44},{"not_picked":["Quick Slash","Deflect+1","Poisoned Stab+1"],"picked":"SKIP","floor":45},{"not_picked":["Quick Slash+1","Backflip+1"],"picked":"Catalyst","floor":48}],"player_experience":231272,"relics_obtained":[{"floor":7.0,"key":"StrikeDummy"},{"floor":9.0,"key":"Frozen Egg 2"},{"floor":13.0,"key":"Odd Mushroom"},{"floor":23.0,"key":"The Courier"},{"floor":26.0,"key":"Meat on the Bone"},{"floor":27.0,"key":"Ornamental Fan"},{"floor":39,"key":"Regal Pillow"},{"floor":41,"key":"Akabeko"},{"floor":43,"key":"CeramicFish"}],"event_choices":[{"damage_healed":0.0,"max_hp_gain":0.0,"max_hp_loss":0.0,"gold_gain":0.0,"event_name":"Mushrooms","player_choice":"Fought Mushrooms","floor":13.0,"gold_loss":0.0,"damage_taken":0.0},{"cards_removed":["Defend_G"],"damage_healed":0.0,"max_hp_gain":0.0,"max_hp_loss":0.0,"gold_gain":0.0,"event_name":"Beggar","player_choice":"Gave Gold","floor":19.0,"gold_loss":75.0,"damage_taken":0.0},{"damage_healed":0.0,"max_hp_gain":0.0,"max_hp_loss":0.0,"gold_gain":99.0,"event_name":"Nest","player_choice":"Stole From Cult","floor":22.0,"gold_loss":0.0,"damage_taken":0.0},{"damage_healed":0,"gold_gain":0,"player_choice":"Max HP","damage_taken":0,"max_hp_gain":0,"max_hp_loss":3,"event_name":"Winding Halls","floor":36,"gold_loss":0},{"damage_healed":0,"gold_gain":0,"player_choice":"Memory 2","damage_taken":5,"max_hp_gain":0,"max_hp_loss":0,"event_name":"SensoryStone","floor":42,"gold_loss":0}],"is_beta":false,"boss_relics":[{"not_picked":["SlaversCollar","Empty Cage"],"picked":"Astrolabe"},{"not_picked":["Black Star","Coffee Dripper"],"picked":"Sozu"}],"items_purged_floors":[4,21,46],"is_endless":false,"potions_floor_spawned":[1,11,12,13,20,23,25,44,48],"ascension_level":0}}