{"host":"gg","time":1611357020,"event":{"mods":["BaseMod","Colored Map","Googly Eyes","Minty Spire (QoL Compilation)","Permanent Neow","Relic Stats","The IronCluck"],"gold_per_floor":[109,121,121,134,134,166,166,0,47,47,47],"floor_reached":10,"language":"ENG","playtime":314,"items_purged":[],"score":132,"play_id":"9b4b295f-b135-4b52-9b3e-3e32d9719d12","local_time":"20210122151020","is_ascension_mode":true,"campfire_choices":[{"data":"Eruption","floor":7,"key":"SMITH"}],"circlet_count":0,"master_deck":["AscendersBane","Strike_P+1","Strike_P","Strike_P","Strike_P","Defend_P","Defend_P","Defend_P","Defend_P","Eruption+1","Vigilance","Indignation+1","ReachHeaven"],"relics":["Busted Crown","FaceOfCleric","Pen Nib","Lantern","Blood Vial"],"acts_visited":["Exordium"],"potions_floor_usage":[6,10],"damage_taken":[{"damage":7,"enemies":"Cultist","floor":1,"turns":3},{"damage":0,"enemies":"Jaw Worm","floor":2,"turns":2},{"damage":0,"enemies":"2 Louse","floor":4,"turns":2},{"damage":23,"enemies":"Lagavulin","floor":6,"turns":3},{"damage":14,"enemies":"3 Sentries","floor":10,"turns":6}],"seed_played":"780928112037867227","potions_obtained":[{"floor":1,"key":"Block Potion"},{"floor":2,"key":"Explosive Potion"},{"floor":6,"key":"FearPotion"}],"is_trial":false,"path_per_floor":["M","M","?","M","?","E","R","$","T","E"],"character_chosen":"WATCHER","items_purchased":["Lantern"],"campfire_rested":0,"item_purchase_floors":[8],"current_hp_per_floor":[54,54,34,34,34,12,12,12,12,0,0],"gold":47,"neow_bonus":"BOSS_RELIC","is_daily":false,"chose_seed":false,"campfire_upgraded":1,"win_rate":0.0,"timestamp":1611357020,"path_taken":["M","?","?","M","?","E","R","$","T","E"],"items_purchased_type":["Relic"],"build_version":"2020-12-18","purchased_purges":0,"victory":false,"max_hp_per_floor":[68,68,68,68,68,69,69,69,69,69,69],"relic_stats":{"Blood Vial":2,"Busted Crown":8,"FaceOfCleric":1,"counters":[5,16],"Pen Nib":[1],"obtain_stats":[{"Blood Vial":9,"Lantern":8,"Busted Crown":0,"FaceOfCleric":5,"Pen Nib":6,"PureWater":0},{"Blood Vial":4,"Lantern":4,"Busted Crown":0,"FaceOfCleric":3,"Pen Nib":4,"PureWater":0},{"Blood Vial":10,"Lantern":10,"Busted Crown":0,"FaceOfCleric":7,"Pen Nib":10,"PureWater":0}]},"card_choices":[{"not_picked":["LikeWater"],"picked":"SKIP","floor":1},{"not_picked":[],"picked":"Indignation","floor":2},{"not_picked":[],"picked":"ReachHeaven","floor":4},{"not_picked":["Pray"],"picked":"SKIP","floor":6}],"player_experience":1254451,"relics_obtained":[{"floor":6,"key":"Pen Nib"},{"floor":9,"key":"Blood Vial"}],"event_choices":[{"damage_healed":0,"gold_gain":0,"player_choice":"Entered Light","damage_taken":20,"max_hp_gain":0,"max_hp_loss":0,"event_name":"Shining Light","floor":3,"gold_loss":0,"cards_upgraded":["Indignation","Strike_P"]},{"damage_healed":0,"gold_gain":0,"player_choice":"Trade","damage_taken":0,"relics_obtained":["FaceOfCleric"],"max_hp_gain":0,"max_hp_loss":0,"event_name":"FaceTrader","floor":5,"gold_loss":0}],"is_beta":true,"boss_relics":[],"items_purged_floors":[],"is_endless":false,"potions_floor_spawned":[1,2,6],"killed_by":"3 Sentries","ascension_level":20}}