{"host":"kh6fvhxn285ncg0o","time":1611331514,"event":{"mods":["Act Like it!","BaseMod","Colored Map","Friendly Minions","Keyboard Shortcuts","Minty Spire (QoL Compilation)","Quick Restart","Relic Stats","StSLib","SuperFastMode"],"gold_per_floor":[116,116,142,67,77,108,108,120,167,196,196,33,45,60,60,133,133,149,149,174,191,202,202,202,202],"floor_reached":24,"language":"KOR","playtime":688,"items_purged":[],"score":462,"play_id":"6515c0e5-5885-4dcd-86fa-889532c8bdb5","local_time":"20210123010514","is_ascension_mode":true,"campfire_choices":[{"data":"Bash","floor":7.0,"key":"SMITH"},{"data":"Bludgeon","floor":15.0,"key":"SMITH"},{"floor":23,"key":"REST"}],"circlet_count":0,"master_deck":["AscendersBane","Strike_R","Strike_R","Strike_R","Defend_R","Defend_R","Defend_R","Defend_R","Bash+1","Disarm","Armaments","Infernal Blade+1","Entrench+1","Feel No Pain","Bludgeon+1","Barricade"],"relics":["Burning Blood","NeowsBlessing","Bronze Scales","Toxic Egg 2","Pantograph","PreservedInsect","Busted Crown","Red Mask"],"acts_visited":["Exordium","TheCity"],"potions_floor_usage":[20],"damage_taken":[{"damage":0.0,"enemies":"Cultist","floor":1.0,"turns":1.0},{"damage":0.0,"enemies":"Small Slimes","floor":5.0,"turns":1.0},{"damage":0.0,"enemies":"Lagavulin","floor":6.0,"turns":2.0},{"damage":3.0,"enemies":"2 Louse","floor":8.0,"turns":2.0},{"damage":30.0,"enemies":"3 Sentries","floor":10.0,"turns":8.0},{"damage":0.0,"enemies":"Large Slime","floor":13.0,"turns":3.0},{"damage":6.0,"enemies":"Blue Slaver","floor":14.0,"turns":5.0},{"damage":48.0,"enemies":"Hexaghost","floor":16.0,"turns":7.0},{"damage":10.0,"enemies":"Shell Parasite","floor":18.0,"turns":4.0},{"damage":36,"enemies":"Masked Bandits","floor":20,"turns":4},{"damage":16,"enemies":"Spheric Guardian","floor":21,"turns":4},{"damage":10,"enemies":"Snecko","floor":22,"turns":5},{"damage":36,"enemies":"Slavers","floor":24,"turns":4}],"seed_played":"-1279098574461948556","potions_obtained":[{"floor":1.0,"key":"Weak Potion"},{"floor":10.0,"key":"LiquidBronze"},{"floor":16.0,"key":"SpeedPotion"}],"is_trial":false,"path_per_floor":["M","$","T","?","M","E","R","M","T","E","?","$","M","M","R","B",null,"M","?","?","M","M","R","E"],"character_chosen":"IRONCLAD","items_purchased":["PreservedInsect"],"campfire_rested":1,"item_purchase_floors":[12],"current_hp_per_floor":[74,74,74,74,75,75,75,75,75,51,51,51,57,57,57,33,65,61,61,31,21,17,39,3,3],"gold":202,"neow_bonus":"THREE_ENEMY_KILL","is_daily":false,"chose_seed":false,"campfire_upgraded":2,"win_rate":0.0,"timestamp":1611331514,"path_taken":["M","?","?","?","M","E","R","M","T","E","?","?","M","M","R","BOSS","M","?","?","M","M","R","E"],"items_purchased_type":["Relic"],"build_version":"2020-12-22","purchased_purges":0,"victory":false,"max_hp_per_floor":[75,75,75,75,75,75,75,75,75,75,75,75,75,75,75,75,75,75,75,75,75,75,75,75,75],"relic_stats":{"Busted Crown":8,"counters":[13,50],"Bronze Scales":[128],"Pantograph":18,"PreservedInsect":52,"obtain_stats":[{"Busted Crown":17,"NeowsBlessing":0,"Bronze Scales":3,"Pantograph":10,"PreservedInsect":12,"Red Mask":20,"Toxic Egg 2":6,"Burning Blood":0},{"Busted Crown":8,"NeowsBlessing":0,"Bronze Scales":1,"Pantograph":5,"PreservedInsect":5,"Red Mask":10,"Toxic Egg 2":3,"Burning Blood":0},{"Busted Crown":29,"NeowsBlessing":0,"Bronze Scales":1,"Pantograph":14,"PreservedInsect":14,"Red Mask":37,"Toxic Egg 2":4,"Burning Blood":0}],"Burning Blood":58},"card_choices":[{"not_picked":["Ghostly Armor","Shrug It Off"],"picked":"Disarm","floor":1.0},{"not_picked":["True Grit","Havoc"],"picked":"Armaments","floor":5.0},{"not_picked":["Intimidate+1","Pommel Strike"],"picked":"Infernal Blade+1","floor":6.0},{"not_picked":["Heavy Blade","Whirlwind"],"picked":"Entrench+1","floor":10.0},{"not_picked":["Armaments+1","Clothesline"],"picked":"Feel No Pain","floor":13.0},{"not_picked":["Whirlwind","Blood for Blood"],"picked":"Bludgeon","floor":14.0},{"not_picked":["Feed","Corruption"],"picked":"Barricade","floor":16.0},{"not_picked":["Havoc+1"],"picked":"SKIP","floor":18.0},{"not_picked":["Spot Weakness+1"],"picked":"SKIP","floor":21},{"not_picked":["Rupture"],"picked":"SKIP","floor":22}],"player_experience":3497381,"relics_obtained":[{"floor":3.0,"key":"Bronze Scales"},{"floor":6.0,"key":"Toxic Egg 2"},{"floor":10.0,"key":"Pantograph"},{"floor":20,"key":"Red Mask"}],"event_choices":[{"cards_removed":["Strike_R"],"damage_healed":0.0,"max_hp_gain":0.0,"max_hp_loss":0.0,"gold_gain":0.0,"event_name":"The Cleric","player_choice":"Card Removal","floor":4.0,"gold_loss":75.0,"damage_taken":0.0},{"cards_removed":["Strike_R"],"damage_healed":0.0,"max_hp_gain":0.0,"max_hp_loss":0.0,"gold_gain":0.0,"event_name":"Living Wall","player_choice":"Forget","floor":11.0,"gold_loss":0.0,"damage_taken":0.0},{"damage_healed":0.0,"max_hp_gain":0.0,"max_hp_loss":0.0,"gold_gain":0.0,"event_name":"Vampires","player_choice":"Ignored","floor":19.0,"gold_loss":0.0,"damage_taken":0.0},{"damage_healed":0,"gold_gain":0,"player_choice":"Fought Bandits","damage_taken":0,"max_hp_gain":0,"max_hp_loss":0,"event_name":"Masked Bandits","floor":20,"gold_loss":0}],"is_beta":false,"boss_relics":[{"not_picked":["Tiny House","Astrolabe"],"picked":"Busted Crown"}],"items_purged_floors":[],"is_endless":false,"potions_floor_spawned":[1,10,16],"killed_by":"Slavers","ascension_level":20}}