{"host":"rbccvrvdyhsypb23","time":1611291221,"event":{"mods":["AchievementEnabler","Act Like it!","Arknights The Spire","Aspiration","BaseMod","Better Third Choice","BetterRewards","Downfall","Friendly Minions","Gensokyo","KomeijiMod","Minty Spire (QoL Compilation)","Shade Mod","StSLib","The Blackbeard","The Marked","The Mystic","Wandering Minibosses"],"gold_per_floor":[99,113,124,109,109,9,33,33,133,165,165,265,300,316,328,328,328,328],"floor_reached":16,"language":"ENG","playtime":881,"items_purged":[],"score":108,"play_id":"91df51b4-a7f5-4caf-afe8-e878b6ea6141","local_time":"20210122075341","is_ascension_mode":false,"campfire_choices":[{"floor":1,"key":"RECALL"},{"data":"champ:StanceDance","floor":6,"key":"SMITH"},{"data":"champ:Backstep","floor":11,"key":"SMITH"}],"circlet_count":0,"master_deck":["champ:Strike","champ:Strike","champ:Strike","champ:Strike","champ:Defend","champ:Defend+1","champ:Defend","champ:Defend","champ:Execute","champ:Taunt+1","champ:StanceDance+1","champ:Backstep+1","champ:CalledShot","Injury","champ:CrownThrow+1","champ:FaceSlap+1","champ:IronFortress","champ:Shatter+1"],"relics":["champ:ChampionCrown","Molten Egg 2","downfall:HeartBlessingRed","War Paint","ThirstyCross","CloakClasp","Potion Belt","MealTicket"],"acts_visited":["Exordium"],"potions_floor_usage":[16,16],"damage_taken":[{"damage":30,"enemies":"Jaw Worm","floor":2,"turns":4},{"damage":25,"enemies":"Small Slimes","floor":3,"turns":4},{"damage":20,"enemies":"downfall:FleeingMerchant","floor":4,"turns":4},{"damage":51,"enemies":"downfall:FleeingMerchant","floor":9,"turns":8},{"damage":31,"enemies":"Lagavulin","floor":10,"turns":5},{"damage":18,"enemies":"3 Sentries","floor":13,"turns":5},{"damage":10,"enemies":"2 Louse","floor":14,"turns":2},{"damage":14,"enemies":"Exordium Wildlife","floor":15,"turns":4},{"damage":32,"enemies":"DF_ARCHETYPE_STREAMLINE","floor":16,"turns":9}],"seed_played":"-4399379041468676573","potions_obtained":[{"floor":10,"key":"BlessingOfTheForge"},{"floor":15,"key":"DistilledChaos"}],"is_trial":false,"path_per_floor":["R","M","M","$","?","R","T","?","?","E","R","?","E","M","M","B"],"character_chosen":"THE_CHAMP","items_purchased":[],"campfire_rested":0,"item_purchase_floors":[],"current_hp_per_floor":[99,89,84,84,84,84,84,84,63,42,42,42,34,34,30,0,0,0],"gold":328,"neow_bonus":"TEN_PERCENT_HP_BONUS","is_daily":false,"chose_seed":false,"campfire_upgraded":2,"win_rate":0.0,"timestamp":1611291221,"path_taken":["R","M","M","$","?","R","T","?","?","E","R","?","E","M","M","BOSS"],"items_purchased_type":[],"build_version":"2020-12-22","purchased_purges":0,"victory":false,"max_hp_per_floor":[99,99,99,99,99,99,99,99,99,99,99,99,99,99,99,99,99,99],"card_choices":[{"not_picked":["champ:PreciseThrust","champ:FocusedDefense"],"picked":"champ:StanceDance","floor":2},{"not_picked":["champ:SetATrap","champ:Shatter"],"picked":"champ:Backstep","floor":3},{"not_picked":["champ:CrownThrow","champ:Endure"],"picked":"champ:CalledShot","floor":4},{"not_picked":["champ:AdrenalArmor","champ:TornadoPunch+1"],"picked":"champ:CrownThrow+1","floor":9},{"not_picked":["champ:BerserkersShout","champ:HoldFirm","champ:Shatter+1"],"picked":"SKIP","floor":10},{"not_picked":["champ:FanOfKnives+1","champ:EnGarde"],"picked":"champ:FaceSlap+1","floor":13},{"not_picked":["champ:EnGarde","champ:Backstep"],"picked":"champ:IronFortress","floor":14},{"not_picked":["champ:DefensiveShout","champ:BerserkersShout"],"picked":"champ:Shatter+1","floor":15}],"player_experience":1005499,"relics_obtained":[{"floor":7,"key":"War Paint"},{"floor":9,"key":"CloakClasp"},{"floor":10,"key":"Potion Belt"},{"floor":13,"key":"MealTicket"}],"event_choices":[],"is_beta":false,"boss_relics":[],"items_purged_floors":[],"is_endless":false,"potions_floor_spawned":[9,10,14,15],"killed_by":"DF_ARCHETYPE_STREAMLINE","ascension_level":0}}