{"host":"8iaoobhpyvel1t4g","time":1611277163,"event":{"mods":["Always Whale","BaseMod","Colored Map","Downfall","Energized Spire","Highlight Path","Minty Spire (QoL Compilation)","StSLib"],"gold_per_floor":[99,116,133,146,164,189,189,222,237,337,237,255,42,62,80,179,179,179,197,213,233,253,81,81,81,81,91,40,51,61,91,101,203,203,203,213,227,68,68,68,68,68,81,81,111,111,11,23,38,38,38,73,0,0,0,0,0,0],"floor_reached":56,"language":"ENG","playtime":4418,"items_purged":["bronze:Strike","bronze:Strike"],"score":882,"play_id":"49572e7d-738b-4677-afe3-0b2d6fe75c32","local_time":"20210121195923","is_ascension_mode":true,"campfire_choices":[{"data":"bronze:Break","floor":1.0,"key":"SMITH"},{"floor":11.0,"key":"REST"},{"data":"bronze:MaxOutput","floor":18.0,"key":"SMITH"},{"data":"bronze:Goto","floor":25.0,"key":"SMITH"},{"data":"bronze:Verify","floor":35.0,"key":"SMITH"},{"floor":40,"key":"RECALL"},{"data":"bronze:CleanCode","floor":42,"key":"SMITH"},{"data":"bronze:BronzeOrb","floor":47,"key":"SMITH"},{"floor":54,"key":"REST"}],"circlet_count":0,"master_deck":["bronze:Strike","bronze:Defend","bronze:Defend","bronze:Defend","bronze:Defend","bronze:Replicate","bronze:Goto+1","bronze:Break+1","bronze:Separator","bronze:ChosenStrike","bronze:Shield","bronze:Constructor","bronze:CleanCode+1","bronze:Constructor+1","bronze:BitShift+1","bronze:DelayedGuard+1","bronze:Invalidate+1","bronze:Terminator+1","bronze:Overheat","bronze:Safeguard+1","bronze:MaxOutput+1","bronze:Virus","bronze:Shield+1","bronze:Deprecate+1","bronze:NullPointer+1","bronze:Philosophize+1","bronze:Format+1","bronze:Verify+1","bronze:Turbo+1","bronze:Return+1","bronze:Fortify","bronze:InfiniteBeams","bronze:Boost+1","bronze:Iterate+1","bronze:Allocate+1","bronze:FineTuning+1","bronze:BronzeOrb+1","bronze:SpaghettiCode+1","bronze:Shell+1","bronze:HardenedForm"],"relics":["bronze:BronzeCore","Potion Belt","Bag of Marbles","Toxic Egg 2","downfall:HeartBlessingGreen","SlaversCollar","Turnip","Runic Pyramid","Membership Card","Ginger","Bottled Lightning","HornCleat","White Beast Statue","downfall:HeartBlessingRed","downfall:HeartBlessingBlue","Vajra","Oddly Smooth Stone"],"acts_visited":["Exordium","TheCity","TheBeyond","TheEnding"],"potions_floor_usage":[45,45,50,50,52,52,52,52,55,55,55,56],"damage_taken":[{"damage":0.0,"enemies":"2 Louse","floor":2.0,"turns":2.0},{"damage":3.0,"enemies":"Jaw Worm","floor":3.0,"turns":3.0},{"damage":1.0,"enemies":"Cultist","floor":4.0,"turns":3.0},{"damage":0.0,"enemies":"Exordium Thugs","floor":5.0,"turns":1.0},{"damage":6.0,"enemies":"3 Sentries","floor":6.0,"turns":6.0},{"damage":30.0,"enemies":"Lagavulin","floor":8.0,"turns":4.0},{"damage":1.0,"enemies":"Exordium Wildlife","floor":9.0,"turns":4.0},{"damage":0.0,"enemies":"Large Slime","floor":12.0,"turns":4.0},{"damage":4.0,"enemies":"downfall:FleeingMerchant","floor":13.0,"turns":4.0},{"damage":0.0,"enemies":"Blue Slaver","floor":14.0,"turns":3.0},{"damage":14.0,"enemies":"Exordium Thugs","floor":15.0,"turns":6.0},{"damage":9.0,"enemies":"WA_ARCHETYPE_RETAIN","floor":16.0,"turns":6.0},{"damage":0.0,"enemies":"Spheric Guardian","floor":19.0,"turns":4.0},{"damage":0.0,"enemies":"Chosen","floor":20.0,"turns":3.0},{"damage":10.0,"enemies":"Centurion and Healer","floor":21.0,"turns":4.0},{"damage":6.0,"enemies":"3 Cultists","floor":22.0,"turns":3.0},{"damage":0.0,"enemies":"downfall:FleeingMerchant","floor":23.0,"turns":4.0},{"damage":9.0,"enemies":"Snake Plant","floor":27.0,"turns":4.0},{"damage":0.0,"enemies":"downfall:FleeingMerchant","floor":28.0,"turns":4.0},{"damage":1.0,"enemies":"Chosen and Byrds","floor":29.0,"turns":3.0},{"damage":0.0,"enemies":"Snecko","floor":30.0,"turns":3.0},{"damage":0.0,"enemies":"Book of Stabbing","floor":31.0,"turns":4.0},{"damage":0.0,"enemies":"Centurion and Healer","floor":32.0,"turns":5.0},{"damage":12.0,"enemies":"DF_ARCHETYPE_CLAW","floor":33.0,"turns":8.0},{"damage":12.0,"enemies":"3 Shapes","floor":36.0,"turns":6.0},{"damage":5.0,"enemies":"3 Darklings","floor":37.0,"turns":5.0},{"damage":0.0,"enemies":"downfall:FleeingMerchant","floor":38.0,"turns":3.0},{"damage":0,"enemies":"Maw","floor":43,"turns":4},{"damage":0,"enemies":"Giant Head","floor":45,"turns":6},{"damage":0,"enemies":"Spire Growth","floor":48,"turns":3},{"damage":1,"enemies":"3 Darklings","floor":49,"turns":7},{"damage":9,"enemies":"SI_POISON_ARCHETYPE","floor":50,"turns":6},{"damage":38,"enemies":"downfall:CharBossMerchant","floor":52,"turns":8},{"damage":14,"enemies":"downfall:NeowBoss","floor":55,"turns":12},{"damage":55,"enemies":"downfall:NeowBossFinal","floor":56,"turns":8}],"seed_played":"-3147575892753436502","potions_obtained":[{"floor":3.0,"key":"DistilledChaos"},{"floor":4.0,"key":"FearPotion"},{"floor":6.0,"key":"Energy Potion"},{"floor":8.0,"key":"SkillPotion"},{"floor":19.0,"key":"EssenceOfSteel"},{"floor":20.0,"key":"Explosive Potion"},{"floor":22.0,"key":"ColorlessPotion"},{"floor":27.0,"key":"bronze:CleanCodePotion"},{"floor":29.0,"key":"Strength Potion"},{"floor":31.0,"key":"PowerPotion"},{"floor":33.0,"key":"Strength Potion"},{"floor":37.0,"key":"Guardian:BlockOnCardUsePotion"},{"floor":45,"key":"DuplicationPotion"},{"floor":48,"key":"AttackPotion"},{"floor":49,"key":"EntropicBrew"},{"floor":52,"key":"Dexterity Potion"}],"is_trial":false,"path_per_floor":["R","M","M","M","M","E","T","E","M","?","R","M","$","M","M","B",null,"R","M","M","M","M","$","T","R","?","M","$","M","M","E","M","B",null,"R","M","M","$","?","R","T","R","M","$","E","$","R","M","M","B",null,"E","$","R","B","B"],"character_chosen":"THE_AUTOMATON","items_purchased":["bronze:Terminator+1","bronze:Overheat","bronze:Format+1","bronze:Return+1","Membership Card","Ginger","bronze:FineTuning+1","Bottled Lightning","Oddly Smooth Stone"],"campfire_rested":2,"item_purchase_floors":[13,13,23,28,38,38,38,38,53],"current_hp_per_floor":[49,49,46,45,45,39,39,9,8,8,29,29,25,25,11,2,70,70,70,70,60,54,54,54,54,54,45,45,44,44,44,44,32,70,70,58,53,53,53,53,53,53,53,53,53,53,63,63,62,53,80,42,42,66,52,0,0,0],"gold":0,"neow_bonus":"THREE_RARE_CARDS","is_daily":false,"chose_seed":false,"campfire_upgraded":6,"win_rate":0.0,"timestamp":1611277163,"path_taken":["R","M","M","M","M","E","T","E","M","?","R","M","$","M","M","BOSS","R","M","M","M","M","$","T","R","?","M","?","?","M","E","M","BOSS","R","M","M","$","?","R","T","R","M","?","E","$","R","?","M","BOSS","E","$","R","BOSS","BOSS"],"items_purchased_type":["Card","Card","Card","Card","Relic","Relic","Card","Relic","Relic"],"build_version":"2020-12-22","purchased_purges":2,"victory":false,"max_hp_per_floor":[70,70,70,70,70,70,70,70,70,70,70,70,70,70,70,70,70,70,70,70,70,70,70,70,70,70,70,70,70,70,70,70,70,70,70,70,70,70,70,70,70,70,70,70,70,70,80,80,80,80,80,80,80,80,80,80,80,80],"card_choices":[{"not_picked":["bronze:ShipIt","bronze:ThunderWave"],"picked":"bronze:Break","floor":0.0},{"not_picked":["bronze:WildBeam","bronze:CutThrough"],"picked":"bronze:Separator","floor":2.0},{"not_picked":["bronze:Frontload","bronze:ItsAFeature"],"picked":"bronze:ChosenStrike","floor":3.0},{"not_picked":["bronze:CloningBeam","bronze:ForLoop"],"picked":"bronze:Shield","floor":4.0},{"not_picked":["bronze:Shield","bronze:Iterate"],"picked":"bronze:Constructor","floor":5.0},{"not_picked":["bronze:Branch","bronze:Terminator"],"picked":"bronze:CleanCode","floor":6.0},{"not_picked":["bronze:WhirlingStrike","bronze:ItsAFeature"],"picked":"bronze:Constructor+1","floor":8.0},{"not_picked":["bronze:ClassDefault","bronze:WildBeam"],"picked":"bronze:BitShift+1","floor":9.0},{"not_picked":["bronze:BuggyMess+1","bronze:BitShift+1"],"picked":"bronze:DelayedGuard+1","floor":12.0},{"not_picked":["bronze:CutThrough","bronze:InfiniteLoop"],"picked":"bronze:Invalidate+1","floor":13.0},{"not_picked":["bronze:DarkDash","bronze:DigitalCarnage"],"picked":"bronze:Safeguard+1","floor":14.0},{"not_picked":["bronze:DelayedSlice","bronze:BuggyMess+1"],"picked":"bronze:MaxOutput","floor":15.0},{"not_picked":["bronze:HardenedForm","bronze:HyperBeam"],"picked":"bronze:Virus","floor":16.0},{"not_picked":["bronze:WildBeam+1","bronze:Backtrace","bronze:Branch"],"picked":"SKIP","floor":19.0},{"not_picked":["bronze:OilSpill","bronze:Iterate"],"picked":"bronze:Shield+1","floor":20.0},{"not_picked":["bronze:WhirlingStrike","bronze:DelayedGuard+1"],"picked":"bronze:Deprecate+1","floor":21.0},{"not_picked":["bronze:DelayedGuard+1","bronze:BronzeOrb"],"picked":"bronze:NullPointer+1","floor":22.0},{"not_picked":["bronze:CloningBeam+1","bronze:WhirlingStrike+1"],"picked":"bronze:Philosophize+1","floor":23.0},{"not_picked":["bronze:WildBeam","bronze:Shield+1","bronze:Iterate"],"picked":"SKIP","floor":27.0},{"not_picked":["bronze:Invalidate+1","bronze:CloningBeam"],"picked":"bronze:Turbo+1","floor":28.0},{"not_picked":["bronze:Overheat","bronze:BuggyMess+1"],"picked":"bronze:Fortify","floor":29.0},{"not_picked":["bronze:BurnOut","bronze:ItsAFeature"],"picked":"bronze:InfiniteBeams","floor":30.0},{"not_picked":["bronze:Overheat","bronze:ItsAFeature"],"picked":"bronze:Boost+1","floor":31.0},{"not_picked":["bronze:Fortify+1","bronze:BronzeOrb"],"picked":"bronze:Iterate+1","floor":32.0},{"not_picked":["bronze:BronzeArmor+1","bronze:Shield+1"],"picked":"bronze:Allocate+1","floor":36.0},{"not_picked":["bronze:ItsAFeature","bronze:ClassDefault+1","bronze:Invalidate+1"],"picked":"SKIP","floor":37.0},{"not_picked":["bronze:CutThrough","bronze:Separator+1"],"picked":"bronze:SpaghettiCode+1","floor":43},{"not_picked":["bronze:WhirlingStrike+1","bronze:Backtrace","bronze:WildBeam+1"],"picked":"SKIP","floor":45},{"not_picked":["bronze:DelayedGuard+1","bronze:DarkDash+1","bronze:Deprecate+1"],"picked":"SKIP","floor":48},{"not_picked":["bronze:Frontload+1","bronze:ItsAFeature"],"picked":"bronze:Shell+1","floor":49},{"not_picked":["bronze:OilSpill+1","bronze:Turbo+1"],"picked":"bronze:HardenedForm","floor":52}],"player_experience":376422,"relics_obtained":[{"floor":6.0,"key":"Potion Belt"},{"floor":7.0,"key":"Bag of Marbles"},{"floor":8.0,"key":"Toxic Egg 2"},{"floor":31.0,"key":"Turnip"},{"floor":41,"key":"HornCleat"},{"floor":45,"key":"White Beast Statue"},{"floor":52,"key":"Vajra"}],"event_choices":[{"damage_healed":0.0,"max_hp_gain":0.0,"max_hp_loss":0.0,"gold_gain":0.0,"event_name":"The Library","player_choice":"Read","floor":26.0,"gold_loss":0.0,"damage_taken":0.0,"cards_obtained":["bronze:Verify"]}],"is_beta":false,"boss_relics":[{"not_picked":["energizedSpire:RedRose","energizedSpire:HugeHouse"],"picked":"SlaversCollar"},{"not_picked":["energizedSpire:DeadBattery","Fusion Hammer"],"picked":"Runic Pyramid"}],"items_purged_floors":[13,38],"is_endless":false,"potions_floor_spawned":[3,4,6,8,19,20,22,27,29,31,33,37,45,48,49,52],"killed_by":"downfall:NeowBossFinal","ascension_level":1}}