{"host":"5ty8fyb0ngp9gspj","time":1611307778,"event":{"mods":["2.2 Compatiblity","AchievementEnabler","Act Like it!","BaseMod","Colored Map","Downfall","Minty Spire (QoL Compilation)","Rare Cards Sparkle","Relic Stats","StSLib","The Jungle","slay the spire mod where everything is the same but ironclad has a cowboy hat"],"gold_per_floor":[349,364,131,131,581,581,632,632,642,657,457,491,55,70,80,182,182,182,182,200,216,228,228,303,322,322,322,322],"floor_reached":26,"language":"ENG","playtime":1152,"items_purged":["Decay","downfall:Icky"],"score":288,"play_id":"b10a90ca-17bd-40b0-af5b-900d4737a3e8","local_time":"20210122202938","is_ascension_mode":true,"campfire_choices":[{"data":"champ:Execute","floor":1,"key":"SMITH"},{"floor":6,"key":"RECALL"},{"data":"champ:EnchantSword","floor":11,"key":"SMITH"},{"data":"champ:GladiatorForm","floor":18,"key":"SMITH"},{"floor":23,"key":"REST"}],"circlet_count":0,"master_deck":["champ:Strike","champ:Strike","champ:Strike","champ:Defend","champ:Defend","champ:Defend","champ:Execute+1","champ:Taunt","champ:BringItOn","champ:CrownThrow","champ:EnchantSword+1","downfall:Icky","champ:ArenaPreparation","champ:ShieldWall","champ:Shatter","champ:FancyFootwork","champ:FaceSlap","champ:RisingSlash","Finesse","Flash of Steel","champ:SetATrap","champ:StanceDance","champ:Haymaker","champ:GladiatorForm+1","champ:MurderStrike","champ:AdrenalArmor","champ:EnGarde","champ:CrookedStrike+1"],"relics":["champ:ChampionCrown","downfall:HeartBlessingRed","downfall:HeartBlessingBlue","The Courier","Empty Cage","Spirit Poop","Meat on the Bone"],"acts_visited":["Exordium","TheCity"],"potions_floor_usage":[20,22],"damage_taken":[{"damage":13,"enemies":"2 Louse","floor":2,"turns":3},{"damage":10,"enemies":"downfall:FleeingMerchant","floor":3,"turns":4},{"damage":3,"enemies":"Small Slimes","floor":9,"turns":3},{"damage":35,"enemies":"Cultist","floor":10,"turns":3},{"damage":20,"enemies":"Lagavulin","floor":12,"turns":7},{"damage":16,"enemies":"downfall:FleeingMerchant","floor":13,"turns":4},{"damage":32,"enemies":"Exordium Wildlife","floor":14,"turns":3},{"damage":12,"enemies":"Blue Slaver","floor":15,"turns":2},{"damage":54,"enemies":"WA_ARCHETYPE_RETAIN","floor":16,"turns":7},{"damage":25,"enemies":"Spheric Guardian","floor":20,"turns":4},{"damage":25,"enemies":"Shell Parasite","floor":21,"turns":4},{"damage":4,"enemies":"Snecko","floor":22,"turns":4},{"damage":64,"enemies":"Snake Plant","floor":25,"turns":5},{"damage":20,"enemies":"Centurion and Healer","floor":26,"turns":5}],"seed_played":"-5301339345876838352","potions_obtained":[{"floor":12,"key":"BlessingOfTheForge"},{"floor":14,"key":"bronze:BurnAndBuffPotion"},{"floor":15,"key":"LiquidMemories"},{"floor":16,"key":"CultistPotion"},{"floor":20,"key":"champ:OpenerPotion"},{"floor":21,"key":"champ:TechniquePotion"}],"is_trial":false,"path_per_floor":["R","M","$","?","?","R","T","?","M","M","R","E","$","M","M","B",null,"R","?","M","M","M","R","T","M","M"],"character_chosen":"THE_CHAMP","items_purchased":["champ:EnchantSword","champ:FaceSlap","champ:RisingSlash","Finesse","Flash of Steel","champ:SetATrap","champ:StanceDance"],"campfire_rested":1,"item_purchase_floors":[3,13,13,13,13,13,13],"current_hp_per_floor":[90,87,87,87,87,87,87,92,89,89,99,94,93,81,74,45,105,105,105,80,65,61,92,92,73,53,53,53],"gold":322,"neow_bonus":"TWO_FIFTY_GOLD","is_daily":false,"chose_seed":false,"campfire_upgraded":3,"win_rate":0.0,"timestamp":1611307778,"path_taken":["R","M","$","?","?","R","T","?","M","M","R","E","$","M","M","BOSS","R","?","M","M","M","R","T","?","M"],"items_purchased_type":["Card","Card","Card","Card","Card","Card","Card"],"build_version":"2020-12-22","purchased_purges":2,"victory":false,"max_hp_per_floor":[90,90,90,90,90,90,90,95,95,95,105,105,105,105,105,105,105,105,105,105,105,105,105,105,105,105,105,105],"relic_stats":{"counters":[14,58],"obtain_stats":[{"downfall:HeartBlessingRed":11,"downfall:HeartBlessingBlue":11,"Spirit Poop":19,"champ:ChampionCrown":0,"The Courier":12,"Empty Cage":17,"Meat on the Bone":24},{"downfall:HeartBlessingRed":4,"downfall:HeartBlessingBlue":4,"Spirit Poop":9,"champ:ChampionCrown":0,"The Courier":5,"Empty Cage":9,"Meat on the Bone":12},{"downfall:HeartBlessingRed":13,"downfall:HeartBlessingBlue":13,"Spirit Poop":36,"champ:ChampionCrown":0,"The Courier":20,"Empty Cage":36,"Meat on the Bone":48}],"Meat on the Bone":0},"card_choices":[{"not_picked":["champ:BerserkersShout","champ:SetATrap"],"picked":"champ:BringItOn","floor":2},{"not_picked":["champ:Shatter","champ:Backstep"],"picked":"champ:CrownThrow","floor":3},{"not_picked":["champ:IronFortress","champ:BerserkersShout"],"picked":"champ:ArenaPreparation","floor":9},{"not_picked":["champ:HeartStrike","champ:EnGarde"],"picked":"champ:ShieldWall","floor":10},{"not_picked":["champ:DeathBlow","champ:FocusedBerserking"],"picked":"champ:Shatter","floor":12},{"not_picked":["champ:Shatter","champ:EndlessRage"],"picked":"champ:FancyFootwork","floor":13},{"not_picked":["champ:TornadoPunch","champ:Backstep"],"picked":"champ:Haymaker","floor":14},{"not_picked":["champ:FlashCut","champ:ShieldSigil"],"picked":"champ:GladiatorForm","floor":15},{"not_picked":["champ:Devastate","champ:EnchantCrown"],"picked":"champ:MurderStrike","floor":16},{"not_picked":["champ:DefensiveShout","champ:BerserkersShout"],"picked":"champ:AdrenalArmor","floor":20},{"not_picked":["champ:BladeFlurry","champ:RisingSlash"],"picked":"champ:EnGarde","floor":21},{"not_picked":["champ:CalledShot","champ:CrownThrow+1"],"picked":"champ:CrookedStrike+1","floor":22},{"not_picked":["champ:ShieldSigil","champ:CrownThrow","champ:PerfectedStrike+1"],"picked":"SKIP","floor":25}],"player_experience":418400,"relics_obtained":[{"floor":12,"key":"The Courier"},{"floor":24,"key":"Meat on the Bone"}],"event_choices":[{"damage_healed":0,"gold_gain":0,"player_choice":"Donut","damage_taken":0,"max_hp_gain":5,"max_hp_loss":0,"event_name":"Big Fish","floor":8,"gold_loss":0},{"cards_removed":["downfall:Icky"],"damage_healed":0,"gold_gain":0,"player_choice":"Offered Curse","damage_taken":0,"relics_obtained":["Spirit Poop"],"max_hp_gain":0,"max_hp_loss":0,"event_name":"Bonfire Elementals","floor":19,"gold_loss":0}],"is_beta":false,"boss_relics":[{"not_picked":["Pandora\u0027s Box","champ:PowerArmor"],"picked":"Empty Cage"}],"items_purged_floors":[3,13],"is_endless":false,"potions_floor_spawned":[12,14,15,16,20,21],"killed_by":"Centurion and Healer","ascension_level":3}}