{"host":"wj6vwlg8bkoql3lv","time":1611339207,"event":{"mods":["AchievementEnabler","Bard","Bartender","BaseMod","Colored Map","Custom Start","Decade(???)","Downfall","Friendly Minions","Hermit","Hubris","Infinite Spire","JesterMod","Jorbs\u0027s Wanderer Trilogy","Marisa????????","Minty Spire (QoL Compilation)","Potionbrewer","Quick Restart","Replay The Spire","Robot Space Explorer","SIMod","Shade Mod","StSLib","The Blue Laboratory","The Bug Knight","The Construct","The Cursed","The Death Knight","The Disciple","The Gatherer","The Hayseed","The Hierophant","The Jungle","The Marked","The Mystic","The Runesmith","The Senshi","The Servant 0.9.4","TheFirefly","Transform Curses"],"gold_per_floor":[110,60,77,77,26,60,72,86,110,145,145,179,195,215,215,310,310,322,337,61,61,61,61,91,91,91,106,106,106,117,137,137,238,338,354,372,372,382,382,382,382,382,382,424,447,447,491,538,538,538,538],"floor_reached":50,"language":"ENG","playtime":4133,"items_purged":[],"score":784,"play_id":"30198710-2fa5-4c47-9b77-217888429a8f","local_time":"20210122181327","is_ascension_mode":false,"campfire_choices":[{"floor":11.0,"key":"REST"},{"floor":15.0,"key":"REST"},{"data":"theMarked:StartUp","floor":23.0,"key":"SMITH"},{"floor":25.0,"key":"REST"},{"floor":28.0,"key":"REST"},{"data":"theMarked:Panic","floor":32.0,"key":"SMITH"},{"floor":40,"key":"REST"},{"data":"theMarked:HeritageOfTheMarked","floor":42,"key":"SMITH"},{"floor":49,"key":"REST"}],"circlet_count":0,"master_deck":["theMarked:Strike","theMarked:Strike","theMarked:Strike","theMarked:Strike","theMarked:Strike","theMarked:Defend","theMarked:Defend","theMarked:Defend+1","theMarked:Defend","theMarked:SoldierOfQuellstein","theMarked:RepellingDischarge","theMarked:BanishingStrike","theMarked:Static","theMarked:Overcharge","theMarked:StartUp+1","theMarked:Aftermath+1","theMarked:ThrowWeapon","theMarked:Improvise","theMarked:EmpowerWeapon","theMarked:Seal+1","theMarked:TakeOffHeels","theMarked:Frustration","theMarked:ReduceFriction+1","theMarked:MysticalArsenal","theMarked:ResourceFulStrike","theMarked:TwofoldDefense","theMarked:HeritageOfTheMarked+1","theMarked:Panic+1","theMarked:SelfDefenseTraining","theMarked:BindingBlade","theMarked:WardOff+1","theMarked:HeritageOfTheMarked+1","Secret Technique","theMarked:Overcharge+1","theMarked:HeightenedSenses","theMarked:TwofoldDefense+1"],"relics":["theMarked:ArtifactOfAir","NeowsBlessing","Bronze Scales","Anchor","Tiny Chest","War Paint","construct:ClawGrip","Blood Vial","Replay:Mystery Machine","DeathKnight:SindragosasSkull","Replay:Rubber Ducky","Replay:Wanted Poster","infinitespire:EvilPickle","Ancient Tea Set","Replay:Baseball"],"acts_visited":["Exordium","TheCity","TheBeyond"],"potions_floor_usage":[38,38,38,38,38,50],"damage_taken":[{"damage":0.0,"enemies":"Jaw Worm","floor":1.0,"turns":1.0},{"damage":0.0,"enemies":"2 Louse","floor":3.0,"turns":1.0},{"damage":0.0,"enemies":"Lagavulin","floor":6.0,"turns":1.0},{"damage":0.0,"enemies":"Cultist","floor":7.0,"turns":3.0},{"damage":3.0,"enemies":"2 Fungi Beasts","floor":8.0,"turns":2.0},{"damage":34.0,"enemies":"3 Sentries","floor":10.0,"turns":7.0},{"damage":6.0,"enemies":"Replay:BlueRogue","floor":12.0,"turns":4.0},{"damage":6.0,"enemies":"Exordium Wildlife","floor":13.0,"turns":3.0},{"damage":0.0,"enemies":"Blue Slaver","floor":14.0,"turns":2.0},{"damage":42.0,"enemies":"The Guardian","floor":16.0,"turns":9.0},{"damage":0.0,"enemies":"Chosen","floor":18.0,"turns":3.0},{"damage":16.0,"enemies":"3 Byrds","floor":19.0,"turns":4.0},{"damage":59.0,"enemies":"Gremlin Leader","floor":24.0,"turns":6.0},{"damage":0.0,"enemies":"Cultist and Chosen","floor":27.0,"turns":5.0},{"damage":5.0,"enemies":"Shelled Parasite and Fungi","floor":30.0,"turns":5.0},{"damage":3.0,"enemies":"Snake Plant","floor":31.0,"turns":2.0},{"damage":12.0,"enemies":"Pondfish","floor":33.0,"turns":13.0},{"damage":13,"enemies":"3 Darklings","floor":35,"turns":6},{"damage":12,"enemies":"3 Shapes","floor":36,"turns":4},{"damage":20,"enemies":"Maw","floor":38,"turns":6},{"damage":3,"enemies":"3 Darklings","floor":44,"turns":3},{"damage":0,"enemies":"4 Shapes","floor":47,"turns":5},{"damage":3,"enemies":"Writhing Mass","floor":48,"turns":5},{"damage":77,"enemies":"Awakened One","floor":50,"turns":14}],"seed_played":"2995604063052580446","potions_obtained":[{"floor":6.0,"key":"Adrenaline Potion"},{"floor":8.0,"key":"BlessingOfTheForge"},{"floor":10.0,"key":"blueLaboratory:Moonshine"},{"floor":13.0,"key":"blueLaboratory:BottleOfRum"},{"floor":14.0,"key":"Fire Potion"},{"floor":16.0,"key":"Dexterity Potion"},{"floor":19.0,"key":"potionbrewer:CleansingPotion"},{"floor":24.0,"key":"potionbrewer:SplittingPotion"},{"floor":30.0,"key":"Doom Potion"},{"floor":33.0,"key":"Ancient Potion"},{"floor":36,"key":"potionbrewer:SplittingPotion"},{"floor":47,"key":"blueLaboratory:Moonshine"},{"floor":48,"key":"blueLaboratory:FruitPunch"}],"is_trial":false,"path_per_floor":["M","?","M","?","$","E","M","M","T","E","R","E","M","M","R","B",null,"M","M","$","?","?","R","E","R","T","M","R","T","M","M","R","B",null,"M","M","?","M","$","R","?","R","T","M","T","?","M","M","R","B"],"character_chosen":"THE_DEFAULT","items_purchased":["theMarked:Static","Blood Vial","theMarked:MysticalArsenal","theMarked:ResourceFulStrike"],"campfire_rested":6,"item_purchase_floors":[5,20,20,20],"current_hp_per_floor":[70,70,70,70,70,70,70,67,67,33,54,48,42,42,63,21,70,70,54,54,54,70,70,11,32,32,34,55,55,52,51,51,41,70,57,47,47,29,29,50,50,50,50,49,49,49,51,50,70,0,0],"gold":538,"neow_bonus":"THREE_ENEMY_KILL","is_daily":false,"chose_seed":false,"campfire_upgraded":3,"win_rate":0.0,"timestamp":1611339207,"path_taken":["M","?","M","?","$","E","M","M","T","E","R","E","M","?","R","BOSS","M","M","$","?","?","R","E","R","T","M","R","?","M","M","R","BOSS","M","M","?","M","$","R","?","R","T","?","?","?","M","M","R","BOSS"],"items_purchased_type":["Card","Relic","Card","Card"],"build_version":"2020-12-22","purchased_purges":0,"victory":false,"max_hp_per_floor":[70,70,70,70,70,70,70,70,70,70,70,70,70,70,70,70,70,70,70,70,70,70,70,70,70,70,70,70,70,70,70,70,70,70,70,70,70,70,70,70,70,70,70,70,70,70,70,70,70,72,72],"card_choices":[{"not_picked":["theMarked:Parry","theMarked:BanishingStrike"],"picked":"theMarked:RepellingDischarge","floor":1.0},{"not_picked":["theMarked:Parry","theMarked:Improvise"],"picked":"theMarked:BanishingStrike","floor":3.0},{"not_picked":["theMarked:HeightenedSenses","theMarked:ElectricStrings"],"picked":"theMarked:Overcharge","floor":6.0},{"not_picked":["theMarked:WastefulDefense","theMarked:ContemptForTheProud"],"picked":"theMarked:StartUp","floor":7.0},{"not_picked":["theMarked:BanishingWave","theMarked:LightningStrikesTwice"],"picked":"theMarked:Aftermath","floor":8.0},{"not_picked":["theMarked:Parkour","theMarked:Vacuum"],"picked":"theMarked:ThrowWeapon","floor":10.0},{"not_picked":["theMarked:Aftermath","theMarked:ResourceFulStrike"],"picked":"theMarked:Improvise","floor":12.0},{"not_picked":["theMarked:Opportunist","theMarked:MaelstromOfLightning"],"picked":"theMarked:EmpowerWeapon","floor":13.0},{"not_picked":["theMarked:HeightenedSenses","theMarked:Reabsorb"],"picked":"theMarked:Seal","floor":14.0},{"not_picked":["theMarked:EternalStudent","theMarked:Vacuum"],"picked":"theMarked:TakeOffHeels","floor":16.0},{"not_picked":["theMarked:Parkour","theMarked:SwordAndMagic"],"picked":"theMarked:Frustration","floor":18.0},{"not_picked":["theMarked:WastefulAttack","theMarked:Improvise"],"picked":"theMarked:ReduceFriction+1","floor":19.0},{"not_picked":["theMarked:HeightenedSenses+1","theMarked:AttractMetal"],"picked":"theMarked:TwofoldDefense","floor":24.0},{"not_picked":["theMarked:DispelDoubt","theMarked:TwofoldDefense"],"picked":"theMarked:HeritageOfTheMarked","floor":27.0},{"not_picked":["theMarked:MysticalArsenal","theMarked:Frustration"],"picked":"theMarked:Panic","floor":30.0},{"not_picked":["theMarked:WastefulDefense","theMarked:Polarize"],"picked":"theMarked:SelfDefenseTraining","floor":31.0},{"not_picked":["theMarked:MagicAdept","theMarked:Defy"],"picked":"theMarked:BindingBlade","floor":33.0},{"not_picked":["theMarked:Improvise","theMarked:WastefulAttack+1"],"picked":"theMarked:WardOff+1","floor":35},{"not_picked":["theMarked:ReduceFriction+1","theMarked:Aftermath+1"],"picked":"theMarked:HeritageOfTheMarked+1","floor":36},{"not_picked":["theMarked:HeightenedSenses+1","theMarked:CreepingChasm","theMarked:Static+1"],"picked":"SKIP","floor":38},{"not_picked":["Panacea","ReplayUltimateDefense"],"picked":"Secret Technique","floor":41},{"not_picked":["theMarked:WastefulDefense","theMarked:GodGivenPower"],"picked":"theMarked:Overcharge+1","floor":44},{"not_picked":["theMarked:EnhanceMovement","theMarked:WastefulDefense"],"picked":"theMarked:HeightenedSenses","floor":47},{"not_picked":["theMarked:PowerFlow+1","theMarked:WastefulDefense"],"picked":"theMarked:TwofoldDefense+1","floor":48}],"player_experience":139061,"relics_obtained":[{"floor":6.0,"key":"Bronze Scales"},{"floor":9.0,"key":"Anchor"},{"floor":10.0,"key":"Tiny Chest"},{"floor":12.0,"key":"War Paint"},{"floor":24.0,"key":"Replay:Mystery Machine"},{"floor":26.0,"key":"DeathKnight:SindragosasSkull"},{"floor":29.0,"key":"Replay:Rubber Ducky"},{"floor":43,"key":"Ancient Tea Set"},{"floor":45,"key":"Replay:Baseball"}],"event_choices":[{"damage_healed":0.0,"max_hp_gain":0.0,"max_hp_loss":0.0,"gold_gain":0.0,"event_name":"World of Goop","player_choice":"Left Gold","floor":2.0,"gold_loss":50.0,"damage_taken":0.0},{"damage_healed":23.0,"max_hp_gain":0.0,"max_hp_loss":0.0,"gold_gain":0.0,"event_name":"The Library","player_choice":"Heal","floor":22.0,"gold_loss":0.0,"damage_taken":0.0},{"damage_healed":0,"gold_gain":0,"player_choice":"Memory 1","damage_taken":0,"max_hp_gain":0,"max_hp_loss":0,"event_name":"SensoryStone","floor":41,"gold_loss":0},{"damage_healed":0,"gold_gain":0,"player_choice":"Ignored","damage_taken":0,"max_hp_gain":0,"max_hp_loss":0,"event_name":"Mysterious Sphere","floor":46,"gold_loss":0}],"is_beta":false,"boss_relics":[{"not_picked":["Cursed Key","potionbrewer:BhaskarasWheel"],"picked":"construct:ClawGrip"},{"not_picked":["hubris:TerracottaHorce","construct:WeddingRing"],"picked":"Replay:Wanted Poster"}],"items_purged_floors":[],"is_endless":false,"potions_floor_spawned":[6,8,10,13,14,16,19,24,30,33,36,47,48],"killed_by":"Awakened One","ascension_level":0}}