{"host":"hqxy2g3i5ker09hc","time":1611358897,"event":{"mods":["2.2 Compatiblity","AlwaysNeverKeys","Aspiration","BaseMod","Beaked The Cultist","Better Match","Better Note","Better Sensory Stone","Better Silent Start","Better Third Choice","Better-Laid Plans","CCEM","CatGirl Mod","Chen","Conspire","Fireblade Mod","GifTheSpireLib","Gold Saver","Hubris","Ironclad Rager","Minty Spire (QoL Compilation)","MostiFishMod","Permanent Neow","Quarter Circle Forward PUNCH!","Quick Restart","Replay The Spire","Shop Mod","Small Relic Pack","Spikes Relics","StSLib","Stuff the Spire","The Animator","The Bug Knight","The Forsaken","The Wild Card","vexMod"],"gold_per_floor":[513,788,798,798,723,723,738,738,763,763,788,788,807,201,201,297,297,357,357,357,389,389,389,439,439],"floor_reached":24,"language":"ENG","playtime":1204,"items_purged":["Regret"],"score":202,"play_id":"a7bf48ce-e1dd-43fa-8003-a3edca309f7a","local_time":"20210123004137","is_ascension_mode":true,"campfire_choices":[{"data":"theCatGirl:ThatWasntIt","floor":6.0,"key":"SMITH"},{"data":"theCatGirl:UnrelentingAssault","floor":8.0,"key":"SMITH"},{"data":"theCatGirl:ClenchYourTeeth","floor":10.0,"key":"SMITH"},{"floor":15,"key":"REST"}],"circlet_count":0,"master_deck":["theCatGirl:Strike+1","theCatGirl:Strike+1","theCatGirl:Strike+1","theCatGirl:Defend+1","theCatGirl:Defend+1","theCatGirl:Defend+1","theCatGirl:Defend+1","theCatGirl:ClawStrike","theCatGirl:Evasion","theCatGirl:UnrelentingAssault+1","theCatGirl:ThatWasntIt+1","theCatGirl:Enrage+1","theCatGirl:BleedingWounds+1","theCatGirl:AdventurersInsight+1","theCatGirl:ClenchYourTeeth+1","theCatGirl:Insane","theCatGirl:PoisedStrike","theCatGirl:PoiseStance+1","theCatGirl:Prepared","theCatGirl:SevenLives+1","theCatGirl:PoisedStrike","theCatGirl:FocusedStrike","theCatGirl:Slip"],"relics":["theCatGirl:TrainedRelic","DaveBox","aspiration:Nostalgia","Ring of the Snake","SynthV:TestCard","Ice Cream","CCEMRelics:PorcelainBowl","ReplayTheSpireMod:Lightbulb","CCEMRelics:Barrel","BrkXgEgg","relicPack:KazumaCape"],"acts_visited":["Exordium","TheCity"],"potions_floor_usage":[16,16],"damage_taken":[{"damage":0.0,"enemies":"Small Slimes","floor":1.0,"turns":4.0},{"damage":7.0,"enemies":"Cultist","floor":3.0,"turns":5.0},{"damage":8.0,"enemies":"2 Louse","floor":7.0,"turns":3.0},{"damage":31.0,"enemies":"Lagavulin","floor":11.0,"turns":6.0},{"damage":6.0,"enemies":"Exordium Wildlife","floor":13.0,"turns":6.0},{"damage":28,"enemies":"Slime Boss","floor":16,"turns":13},{"damage":19,"enemies":"Chosen","floor":18,"turns":9},{"damage":30,"enemies":"2 Thieves","floor":21,"turns":4},{"damage":21,"enemies":"Snake Plant","floor":24,"turns":10}],"seed_played":"-6384262278138723662","potions_obtained":[{"floor":1.0,"key":"Block Potion"},{"floor":11.0,"key":"SkillPotion"}],"is_trial":false,"path_per_floor":["M","?","M","T","?","R","M","R","T","R","E","?","M","$","R","B",null,"M","?","?","M","PTL","PTL","M"],"character_chosen":"THE_CATGIRL","items_purchased":["CCEMRelics:Barrel","BrkXgEgg","theCatGirl:PoiseStance+1","theCatGirl:Prepared"],"campfire_rested":1,"item_purchase_floors":[14,14,14,14],"current_hp_per_floor":[70,70,63,63,63,63,55,55,55,55,24,24,18,18,39,11,70,51,51,51,21,21,21,0,0],"gold":439,"neow_bonus":"NOSTALGIA","is_daily":false,"chose_seed":false,"campfire_upgraded":3,"win_rate":0.0,"timestamp":1611358897,"path_taken":["M","?","?","?","?","R","M","R","T","R","E","?","?","$","R","BOSS","M","?","?","M","PTL","PTL","M"],"items_purchased_type":["Relic","Relic","Card","Card"],"build_version":"2020-12-22","purchased_purges":1,"victory":false,"max_hp_per_floor":[70,70,70,70,70,70,70,70,70,70,70,70,70,70,70,70,70,70,70,70,70,70,70,70,70],"card_choices":[{"not_picked":["theCatGirl:DecliningDefenses","theCatGirl:RageClaws"],"picked":"theCatGirl:UnrelentingAssault","floor":1.0},{"not_picked":["theCatGirl:LuckyBlow","theCatGirl:TrainWreck","theCatGirl:KeepAlert","theCatGirl:AllIn"],"picked":"theCatGirl:ThatWasntIt","floor":3.0},{"not_picked":["theCatGirl:AngryForm+1","theCatGirl:Beastification+1","theCatGirl:PoiseStance+1","theCatGirl:HungerClaw+1"],"picked":"theCatGirl:Enrage+1","floor":5.0},{"not_picked":["theCatGirl:Howl+1","theCatGirl:HungerClaw+1","theCatGirl:PerfectBlock+1","theCatGirl:AngryForm+1"],"picked":"theCatGirl:BleedingWounds+1","floor":5.0},{"not_picked":["theCatGirl:PerfectBlock+1","theCatGirl:Howl+1","theCatGirl:BleedingWounds+1","theCatGirl:LearnThePattern+1"],"picked":"theCatGirl:AdventurersInsight+1","floor":5.0},{"not_picked":["theCatGirl:Growl","theCatGirl:RecoveryBlow","theCatGirl:GoddessOfMisfortune","theCatGirl:ElegantStrike"],"picked":"theCatGirl:ClenchYourTeeth","floor":7.0},{"not_picked":["theCatGirl:SmellFear","theCatGirl:LuckyBlow","theCatGirl:FinishingMove","theCatGirl:GoddessOfMisfortune"],"picked":"theCatGirl:Insane","floor":11.0},{"not_picked":["theCatGirl:ChangeOfPlans","theCatGirl:FumblingBlow","theCatGirl:TrainWreck","theCatGirl:BloodBath"],"picked":"theCatGirl:PoisedStrike","floor":13.0},{"not_picked":["theCatGirl:AdventurersInsight+1","theCatGirl:BleedingWounds+1","theCatGirl:AngryForm+1","theCatGirl:HungerClaw+1"],"picked":"theCatGirl:SevenLives+1","floor":16},{"not_picked":["theCatGirl:RecoveryBlow","theCatGirl:ShockedWitness","theCatGirl:TryingMyBest+1","theCatGirl:DefensiveStance"],"picked":"theCatGirl:PoisedStrike","floor":18},{"not_picked":["theCatGirl:TripLunge","theCatGirl:Howl+1","theCatGirl:BloodBath","theCatGirl:LostTrinket+1"],"picked":"theCatGirl:Slip","floor":21}],"player_experience":681174,"relics_obtained":[{"floor":1.0,"key":"SynthV:TestCard"},{"floor":4.0,"key":"Ice Cream"},{"floor":9.0,"key":"CCEMRelics:PorcelainBowl"},{"floor":11.0,"key":"ReplayTheSpireMod:Lightbulb"}],"event_choices":[{"damage_healed":0.0,"max_hp_gain":0.0,"max_hp_loss":0.0,"gold_gain":275.0,"event_name":"Golden Shrine","player_choice":"Desecrate","floor":2.0,"gold_loss":0.0,"damage_taken":0.0,"cards_obtained":["Regret"]},{"damage_healed":0.0,"max_hp_gain":0.0,"max_hp_loss":0.0,"gold_gain":0.0,"event_name":"betterMatch:BetterMatch","player_choice":"3","floor":5.0,"gold_loss":0.0,"damage_taken":0.0,"cards_obtained":["betterMatch:RareCard"]},{"damage_healed":0,"gold_gain":0,"player_choice":"Simplicity","damage_taken":0,"max_hp_gain":0,"max_hp_loss":8,"event_name":"betterThird:BetterWriting","floor":19,"gold_loss":0},{"damage_healed":0,"gold_gain":0,"cards_transformed":["theCatGirl:Strike"],"player_choice":"Transformed","damage_taken":0,"max_hp_gain":0,"max_hp_loss":0,"event_name":"Transmorgrifier","floor":20,"gold_loss":0,"cards_obtained":["theCatGirl:FocusedStrike"]}],"is_beta":false,"boss_relics":[{"not_picked":["OneHitWonderSystem","hubris:BlackHole"],"picked":"relicPack:KazumaCape"}],"items_purged_floors":[14],"is_endless":false,"potions_floor_spawned":[1,7,11],"killed_by":"Snake Plant","ascension_level":1}}