{"host":"agbyy69nq62afhwx","time":1611318714,"event":{"mods":["BaseMod","Colored Map","DeckTracker","Highlight Path","Keyboard Shortcuts","Minty Spire (QoL Compilation)","Quick Restart","StSLib","SuperFastMode","everything is the same but u backflip on backflip"],"gold_per_floor":[119,119,174,249,249,282,298,313,313,203,203,217,217,235,235,354,354,354,354,354,95,95,95,95,95,95,17,17,17,17,17,17,17,17,17,17,17,17,17,17,17,17,17,17,17,17,17,17,17,17],"floor_reached":51,"language":"KOR","playtime":3723,"items_purged":["Strike_P","Strike_P"],"score":1217,"play_id":"0704716c-4cb4-4e29-866f-b09a5b7fd056","local_time":"20210122213154","is_ascension_mode":true,"campfire_choices":[{"data":"TalkToTheHand","floor":13.0,"key":"SMITH"},{"data":"Eruption","floor":15.0,"key":"SMITH"},{"data":"Study","floor":23.0,"key":"SMITH"},{"data":"Bandage Up","floor":25.0,"key":"SMITH"},{"data":"Vault","floor":32.0,"key":"SMITH"},{"data":"MentalFortress","floor":40.0,"key":"SMITH"},{"data":"MentalFortress","floor":42,"key":"SMITH"},{"floor":47,"key":"REST"},{"data":"ConjureBlade","floor":49,"key":"SMITH"}],"circlet_count":0,"master_deck":["Strike_P","Defend_P+1","Defend_P","Defend_P","Eruption+1","Vigilance","Halt+1","Study+1","BowlingBash","Meditate","TalkToTheHand+1","SandsOfTime","Vault+1","Prostrate+1","Evaluate","Adaptation","Bandage Up+1","DevaForm","Fasting2+1","FollowUp+1","ForeignInfluence+1","ConjureBlade+1","MentalFortress+1","MentalFortress+1","WheelKick"],"relics":["PureWater","NeowsBlessing","Lantern","Bronze Scales","Golden Idol","Unceasing Top","Dead Branch","Bag of Preparation","Ectoplasm","Red Mask","War Paint","HornCleat","Bird Faced Urn","Empty Cage","GoldenEye","Strawberry","Regal Pillow","Pantograph","Mummified Hand","Bottled Flame"],"acts_visited":["Exordium","TheCity","TheBeyond"],"potions_floor_usage":[50],"damage_taken":[{"damage":0.0,"enemies":"Jaw Worm","floor":1.0,"turns":1.0},{"damage":0.0,"enemies":"Lagavulin","floor":6.0,"turns":1.0},{"damage":0.0,"enemies":"Small Slimes","floor":7.0,"turns":2.0},{"damage":2.0,"enemies":"2 Louse","floor":8.0,"turns":2.0},{"damage":0.0,"enemies":"2 Fungi Beasts","floor":12.0,"turns":3.0},{"damage":3.0,"enemies":"Blue Slaver","floor":14.0,"turns":4.0},{"damage":30.0,"enemies":"The Guardian","floor":16.0,"turns":9.0},{"damage":4.0,"enemies":"Shell Parasite","floor":18.0,"turns":3.0},{"damage":1.0,"enemies":"3 Byrds","floor":19.0,"turns":4.0},{"damage":13.0,"enemies":"Cultist and Chosen","floor":20.0,"turns":6.0},{"damage":0.0,"enemies":"3 Cultists","floor":22.0,"turns":4.0},{"damage":10.0,"enemies":"Masked Bandits","floor":24.0,"turns":3.0},{"damage":23.0,"enemies":"Book of Stabbing","floor":28.0,"turns":6.0},{"damage":6.0,"enemies":"Snake Plant","floor":29.0,"turns":4.0},{"damage":3.0,"enemies":"Centurion and Healer","floor":30.0,"turns":6.0},{"damage":6.0,"enemies":"Cultist and Chosen","floor":31.0,"turns":4.0},{"damage":8.0,"enemies":"Champ","floor":33.0,"turns":7.0},{"damage":3.0,"enemies":"3 Darklings","floor":35.0,"turns":4.0},{"damage":2.0,"enemies":"3 Shapes","floor":36.0,"turns":4.0},{"damage":0.0,"enemies":"Mind Bloom Boss Battle","floor":37.0,"turns":3.0},{"damage":8.0,"enemies":"Transient","floor":38.0,"turns":6.0},{"damage":13.0,"enemies":"Spire Growth","floor":39.0,"turns":4.0},{"damage":13.0,"enemies":"Nemesis","floor":41.0,"turns":5.0},{"damage":0,"enemies":"Giant Head","floor":44,"turns":7},{"damage":59,"enemies":"3 Darklings","floor":45,"turns":7},{"damage":13,"enemies":"Nemesis","floor":46,"turns":7},{"damage":0,"enemies":"Giant Head","floor":48,"turns":5},{"damage":46,"enemies":"Donu and Deca","floor":50,"turns":7}],"seed_played":"3761659449814960470","potions_obtained":[{"floor":7.0,"key":"Ambrosia"},{"floor":8.0,"key":"EssenceOfSteel"},{"floor":19.0,"key":"Fire Potion"},{"floor":20.0,"key":"LiquidMemories"},{"floor":24.0,"key":"BottledMiracle"},{"floor":30.0,"key":"StancePotion"},{"floor":39.0,"key":"FairyPotion"}],"is_trial":false,"path_per_floor":["M","?","T","?","?","E","M","M","T","$","T","M","R","M","R","B",null,"M","M","M","$","M","R","?","R","T","?","E","M","M","M","R","B",null,"M","M","?","M","M","R","E","R","T","E","M","E","R","E","R","B",null],"character_chosen":"WATCHER","items_purchased":["TalkToTheHand","Adaptation","Bandage Up"],"campfire_rested":1,"item_purchase_floors":[10,21,21],"current_hp_per_floor":[65,47,47,36,36,36,36,34,34,34,34,34,34,31,31,1,51,47,46,33,33,37,37,31,31,31,31,14,20,39,49,49,59,65,64,65,67,67,67,67,67,67,67,74,23,30,67,74,74,44],"gold":17,"neow_bonus":"THREE_ENEMY_KILL","is_daily":false,"chose_seed":false,"campfire_upgraded":8,"win_rate":0.0,"timestamp":1611318714,"path_taken":["M","?","?","?","?","E","M","M","T","$","?","M","R","M","R","BOSS","M","M","M","$","M","R","?","R","T","?","E","?","M","M","R","BOSS","M","?","?","M","M","R","E","R","T","E","M","E","R","E","R","BOSS"],"items_purchased_type":["Card","Card","Card"],"build_version":"2020-12-22","purchased_purges":2,"victory":true,"max_hp_per_floor":[72,72,72,72,67,67,67,67,67,67,67,67,67,67,67,67,67,67,67,67,67,67,67,67,67,67,67,67,67,67,67,67,67,67,67,67,67,67,67,67,74,74,74,74,74,74,74,74,74,74],"card_choices":[{"not_picked":["FlyingSleeves","DeceiveReality"],"picked":"Halt","floor":1.0},{"not_picked":["CarveReality","Consecrate"],"picked":"Study","floor":6.0},{"not_picked":["Vengeance","BowlingBash","SashWhip"],"picked":"SKIP","floor":7.0},{"not_picked":["Vengeance","SashWhip"],"picked":"BowlingBash","floor":7.0},{"not_picked":["SashWhip","Halt"],"picked":"Meditate","floor":8.0},{"not_picked":["Weave","EmptyFist"],"picked":"SandsOfTime","floor":12.0},{"not_picked":["EmptyBody","FlyingSleeves","Nirvana"],"picked":"SKIP","floor":14.0},{"not_picked":["Ragnarok","Blasphemy"],"picked":"Vault","floor":16.0},{"not_picked":["Study+1","PathToVictory"],"picked":"Prostrate+1","floor":18.0},{"not_picked":["JustLucky","ThirdEye","Halt"],"picked":"SKIP","floor":19.0},{"not_picked":["InnerPeace","PathToVictory"],"picked":"Evaluate","floor":20.0},{"not_picked":["SashWhip","Halt","CarveReality"],"picked":"SKIP","floor":22.0},{"not_picked":["DevaForm","EmptyFist","SashWhip+1"],"picked":"SKIP","floor":28.0},{"not_picked":["EmptyFist","SashWhip+1"],"picked":"DevaForm","floor":28.0},{"not_picked":["Perseverance","Fasting2+1","DeceiveReality"],"picked":"SKIP","floor":29.0},{"not_picked":["Perseverance","DeceiveReality"],"picked":"Fasting2+1","floor":29.0},{"not_picked":["EmptyFist+1","SashWhip"],"picked":"FollowUp+1","floor":30.0},{"not_picked":["CrushJoints","Conclude"],"picked":"ForeignInfluence+1","floor":31.0},{"not_picked":["SpiritShield","Vault"],"picked":"ConjureBlade","floor":33.0},{"not_picked":["ClearTheMind+1","CrushJoints+1"],"picked":"MentalFortress","floor":35.0},{"not_picked":["ClearTheMind","DeceiveReality+1","EmptyBody"],"picked":"SKIP","floor":36.0},{"not_picked":["Evaluate","CrushJoints+1"],"picked":"MentalFortress","floor":37.0},{"not_picked":["FlurryOfBlows","Weave+1","JustLucky+1"],"picked":"SKIP","floor":38.0},{"not_picked":["WindmillStrike","Pray+1","InnerPeace+1"],"picked":"SKIP","floor":39.0},{"not_picked":["CutThroughFate+1","Crescendo","Worship+1"],"picked":"SKIP","floor":41.0},{"not_picked":["Wish","SashWhip+1","FlyingSleeves+1"],"picked":"SKIP","floor":44},{"not_picked":["ClearTheMind","InnerPeace+1","Halt"],"picked":"SKIP","floor":45},{"not_picked":["FollowUp","EmptyFist"],"picked":"WheelKick","floor":46},{"not_picked":["Crescendo+1","BattleHymn","EmptyBody+1"],"picked":"SKIP","floor":48}],"player_experience":428406,"relics_obtained":[{"floor":3.0,"key":"Bronze Scales"},{"floor":6.0,"key":"Unceasing Top"},{"floor":9.0,"key":"Dead Branch"},{"floor":11.0,"key":"Bag of Preparation"},{"floor":24.0,"key":"Red Mask"},{"floor":26.0,"key":"War Paint"},{"floor":28.0,"key":"Bird Faced Urn"},{"floor":37.0,"key":"GoldenEye"},{"floor":41.0,"key":"Strawberry"},{"floor":43,"key":"Regal Pillow"},{"floor":44,"key":"Pantograph"},{"floor":46,"key":"Mummified Hand"},{"floor":48,"key":"Bottled Flame"}],"event_choices":[{"damage_healed":0.0,"max_hp_gain":0.0,"max_hp_loss":0.0,"gold_gain":0.0,"event_name":"Scrap Ooze","player_choice":"Success","floor":2.0,"gold_loss":0.0,"damage_taken":18.0,"relics_obtained":["Lantern"]},{"damage_healed":0.0,"max_hp_gain":0.0,"max_hp_loss":0.0,"gold_gain":75.0,"event_name":"World of Goop","player_choice":"Gather Gold","floor":4.0,"gold_loss":0.0,"damage_taken":11.0},{"damage_healed":0.0,"max_hp_gain":0.0,"max_hp_loss":5.0,"gold_gain":0.0,"event_name":"Golden Idol","player_choice":"Lose Max HP","floor":5.0,"gold_loss":0.0,"damage_taken":0.0,"relics_obtained":["Golden Idol"]},{"damage_healed":0.0,"max_hp_gain":0.0,"max_hp_loss":0.0,"gold_gain":0.0,"event_name":"Masked Bandits","player_choice":"Fought Bandits","floor":24.0,"gold_loss":0.0,"damage_taken":0.0},{"damage_healed":0.0,"max_hp_gain":0.0,"max_hp_loss":0.0,"gold_gain":0.0,"event_name":"WeMeetAgain","player_choice":"Paid Gold","floor":27.0,"gold_loss":78.0,"damage_taken":0.0,"relics_obtained":["HornCleat"]},{"damage_healed":0.0,"max_hp_gain":0.0,"max_hp_loss":0.0,"gold_gain":0.0,"event_name":"MindBloom","player_choice":"Fight","floor":37.0,"gold_loss":0.0,"damage_taken":0.0}],"is_beta":false,"boss_relics":[{"not_picked":["Pandora\u0027s Box","Tiny House"],"picked":"Ectoplasm"},{"not_picked":["Snecko Eye","Philosopher\u0027s Stone"],"picked":"Empty Cage"}],"items_purged_floors":[10,21],"is_endless":false,"potions_floor_spawned":[7,8,19,20,24,30,31,35,39,41,44,48],"ascension_level":9}}