{"host":"hqxy2g3i5ker09hc","time":1611283470,"event":{"mods":["2.2 Compatiblity","AlwaysNeverKeys","Aspiration","BaseMod","Beaked The Cultist","Better Match","Better Note","Better Sensory Stone","Better Silent Start","Better Third Choice","Better-Laid Plans","CCEM","CatGirl Mod","Chen","Conspire","Fireblade Mod","GifTheSpireLib","Gold Saver","Hubris","Ironclad Rager","Minty Spire (QoL Compilation)","MostiFishMod","Permanent Neow","Quarter Circle Forward PUNCH!","Quick Restart","Replay The Spire","Shop Mod","Small Relic Pack","Spikes Relics","StSLib","Stuff the Spire","The Animator","The Bug Knight","The Forsaken","The Wild Card","vexMod"],"gold_per_floor":[1867,1230,1245,1245,1245,1275,1275,1304,1350,1350,1383,1399,1399,1414,1414,1538,1538,1554,1494,1494,1480,1502,1502,1502,1502,1502,1502,1502,1502,1502,1520,1520,939,939,1048,1048,1077,1091,1123,606,618,618,633,633,680,696,710,710,710,741,741,741,741],"floor_reached":52,"language":"ENG","playtime":4967,"items_purged":["Regret","hubris:Compulsion"],"score":649,"play_id":"1b465859-d054-4b1e-aad2-f0188e266577","local_time":"20210122034430","is_ascension_mode":true,"campfire_choices":[{"data":"animator:Aqua","floor":7.0,"key":"SMITH"},{"data":"animator:Vesta","floor":10.0,"key":"SMITH"},{"data":"animator:MisaKurobane","floor":13.0,"key":"SMITH"},{"data":"animator:Darkness","floor":15.0,"key":"SMITH"},{"data":"animator:Defend_Konosuba","floor":23.0,"key":"SMITH"},{"data":"animator:Layla","floor":27.0,"key":"SMITH"},{"data":"animator:YachiyoNanami","floor":29.0,"key":"SMITH"},{"data":"animator:Strike_Konosuba","floor":32.0,"key":"SMITH"},{"floor":34,"key":"DIG"},{"floor":42,"key":"REST"},{"floor":44,"key":"REST"},{"floor":48,"key":"REST"},{"floor":51,"key":"REST"}],"circlet_count":0,"master_deck":["animator:Strike_Konosuba+1","animator:Defend_Konosuba+1","animator:Strike+1","animator:Strike","animator:Strike","animator:Defend","animator:Defend","animator:Defend","animator:Kazuma","animator:Aqua+1","animator:Megumin+19","animator:MisaKurobane+1","animator:Vesta+1","animator:Darkness+1","animator:YachiyoNanami+1","animator:SayakaMiki+1","animator:GuildGirl","animator:Greed","animator:Kazuma+1","animator:Layla+1","animator:Tet+1","animator:Kaijin","animator:MadokaKaname+1","animator:SuzuneAmano+1","animator:Arpeggio","animator:ElricEdward","animator:Gillette","animator:WinryRockbell","animator:Lelouch+1","animator:Emilia+1","animator:Urushihara+1","animator:Benimaru+1","animator:YuiTsuruno+1","animator:Guy+1","animator:Add+1","animator:YunYun+1"],"relics":["animator:LivingPicture","animator:ColorlessFragment","DaveBox","animator:PurgingStone","NeowsBlessing","SynthV:TestCard","hubris:EmptyBottle","ReplayFunnel","theForsaken:Kindling","FossilizedHelix","CCEMRelics:Pendulum","Toxic Egg 2","Tiny Chest","aspiration:EmptySkull","vexMod:BigBerry","Omamori","relicPack:OneForAll","StuffTheSpire:SapphireSignet","CCEMRelics:GrapeVine","HollowMod:LifeEnderRelic","Bronze Scales","StuffTheSpire:OldFever","ReplayTheSpireMod:ShopPack","Whetstone"],"acts_visited":["Exordium","TheCity","TheBeyond"],"potions_floor_usage":[],"damage_taken":[{"damage":0.0,"enemies":"2 Louse","floor":1.0,"turns":1.0},{"damage":0.0,"enemies":"Small Slimes","floor":3.0,"turns":4.0},{"damage":0.0,"enemies":"Lagavulin","floor":6.0,"turns":1.0},{"damage":0.0,"enemies":"3 Sentries","floor":8.0,"turns":6.0},{"damage":29.0,"enemies":"Lagavulin","floor":11.0,"turns":11.0},{"damage":0.0,"enemies":"Jaw Worm","floor":12.0,"turns":5.0},{"damage":0.0,"enemies":"Large Slime","floor":14.0,"turns":8.0},{"damage":13.0,"enemies":"Slime Boss","floor":16.0,"turns":54.0},{"damage":4.0,"enemies":"Chosen","floor":18.0,"turns":11.0},{"damage":10.0,"enemies":"2 Thieves","floor":21.0,"turns":4.0},{"damage":0.0,"enemies":"Centurion and Healer","floor":22.0,"turns":8.0},{"damage":5.0,"enemies":"Snake Plant","floor":31.0,"turns":5.0},{"damage":11,"enemies":"Champ","floor":35,"turns":16},{"damage":0,"enemies":"3 Shapes","floor":37,"turns":5},{"damage":0,"enemies":"Orb Walker","floor":38,"turns":4},{"damage":23,"enemies":"Sphere and 2 Shapes","floor":39,"turns":7},{"damage":70,"enemies":"Transient","floor":41,"turns":5},{"damage":0,"enemies":"Maw","floor":43,"turns":6},{"damage":37,"enemies":"Jaw Worm Horde","floor":46,"turns":4},{"damage":29,"enemies":"Writhing Mass","floor":47,"turns":5},{"damage":0,"enemies":"Maw","floor":50,"turns":8},{"damage":109,"enemies":"conspire:OrnateMirror","floor":52,"turns":9}],"seed_played":"-4928897473106732067","potions_obtained":[{"floor":1.0,"key":"conspire:TimeTravelPotion"},{"floor":6.0,"key":"Fire Potion"},{"floor":16.0,"key":"Adrenaline Potion"},{"floor":22.0,"key":"Adrenaline Potion"},{"floor":35,"key":"Ancient Potion"},{"floor":39,"key":"Elixir"}],"is_trial":false,"path_per_floor":["M","$","M","?","?","E","R","E","T","R","E","M","R","M","R","B",null,"M","?","?","M","M","R","?","PTL","PTL","R","T","R","T","M","R","$","R","B",null,"M","M","M","$","M","R","M","R","T","M","M","R","?","M","R","B"],"character_chosen":"THE_ANIMATOR","items_purchased":["hubris:EmptyBottle","ReplayFunnel","theForsaken:Kindling","Adrenaline Potion","animator:Kaijin","animator:ColorlessFragment","HollowMod:LifeEnderRelic","StuffTheSpire:OldFever","ReplayTheSpireMod:ShopPack","animator:Gillette","animator:WinryRockbell"],"campfire_rested":4,"item_purchase_floors":[2,2,2,2,33,33,33,40,40,40,40],"current_hp_per_floor":[66,66,66,66,66,66,66,67,67,67,41,44,44,47,47,37,97,96,96,96,87,90,90,90,90,90,90,90,90,90,92,92,92,92,88,97,97,97,74,74,7,41,46,81,81,44,18,55,55,60,98,0,0],"gold":741,"neow_bonus":"THREE_ENEMY_KILL","is_daily":false,"chose_seed":false,"campfire_upgraded":8,"win_rate":0.0,"timestamp":1611283470,"path_taken":["M","$","M","?","?","E","R","E","T","R","E","M","R","M","R","BOSS","M","?","?","M","M","R","?","PTL","PTL","R","T","R","?","M","R","$","R","BOSS","M","M","M","$","M","R","M","R","T","M","M","R","?","M","R","BOSS"],"items_purchased_type":["Relic","Relic","Relic","Potion","Card","Relic","Relic","Relic","Relic","Card","Card"],"build_version":"2020-12-22","purchased_purges":2,"victory":false,"max_hp_per_floor":[66,66,66,66,66,66,66,67,67,67,67,67,67,67,67,67,97,97,97,97,97,97,97,97,97,97,97,97,97,97,97,97,97,97,97,97,97,97,97,97,97,102,102,107,107,107,107,112,112,112,117,117,117],"card_choices":[{"not_picked":["animator:Arpeggio","animator:Mikaela"],"picked":"animator:Megumin","floor":1.0},{"not_picked":["animator:TukaLunaMarceau","animator:Scar","animator:Mitsuba","animator:HighElfArcher","animator:Rena"],"picked":"SKIP","floor":3.0},{"not_picked":["animator:MamizouFutatsuiwa","animator:Shimakaze","animator:LimeBell","animator:Lelouch"],"picked":"animator:MisaKurobane","floor":5.0},{"not_picked":["animator:Kazuma","animator:PandorasActor","animator:Darkness","animator:Raven"],"picked":"animator:Vesta","floor":6.0},{"not_picked":["animator:Mitsurugi","animator:YunYun","animator:Verdia+1","animator:Hans"],"picked":"animator:Darkness","floor":8.0},{"not_picked":["animator:CrowleyEusford","animator:Rimuru","animator:Elsword","animator:OrikoMikuni+1"],"picked":"animator:YachiyoNanami","floor":11.0},{"not_picked":["animator:SuzuneAmano","animator:Benimaru","animator:TukaLunaMarceau+1","animator:Shion"],"picked":"animator:SayakaMiki+1","floor":12.0},{"not_picked":["animator:Shigure","animator:Spearman","animator:Entoma","animator:AcuraShin"],"picked":"animator:GuildGirl","floor":14.0},{"not_picked":["animator:Albedo","animator:PinaCoLada","animator:Guren+1","animator:Gilgamesh"],"picked":"animator:Greed","floor":16.0},{"not_picked":["animator:Chris","animator:Verdia+1","animator:Vanir","animator:Mitsurugi"],"picked":"animator:Kazuma+1","floor":18.0},{"not_picked":["animator:DwarfShaman","animator:Sebas+1","animator:Illya+1","animator:Elsword"],"picked":"animator:Layla","floor":21.0},{"not_picked":["animator:RoyMustang","animator:DolaCouronne+1","animator:Albedo","animator:MaesHughes+1"],"picked":"animator:Tet+1","floor":22.0},{"not_picked":["animator:CowGirl+1","animator:Kuribayashi","animator:Laby","animator:Gluttony+1","animator:DolaSchwi"],"picked":"SKIP","floor":31.0},{"not_picked":["animator:Eve","animator:Envy","animator:SwordMaiden+1","animator:Ainz"],"picked":"animator:MadokaKaname+1","floor":35},{"not_picked":["animator:CowGirl+1","animator:Laby","animator:YaoHaDucy","animator:Shigure+1"],"picked":"animator:SuzuneAmano","floor":37},{"not_picked":["animator:Pride+1","animator:LizardPriest+1","animator:ShinjiMatou+1","animator:Layla+1"],"picked":"animator:Arpeggio","floor":38},{"not_picked":["animator:Pride+1","animator:Sloth","animator:MaesHughes+1","animator:Scar"],"picked":"animator:ElricEdward","floor":39},{"not_picked":["animator:Hibiki","animator:HououinKyouma","animator:Emilia","animator:Patchouli"],"picked":"animator:Lelouch","floor":40},{"not_picked":["animator:Shimakaze","animator:Zero","animator:HououinKyouma","animator:Kira"],"picked":"animator:Emilia","floor":40},{"not_picked":["animator:Kira","animator:IchigoKurosaki","animator:LimeBell","animator:MamizouFutatsuiwa"],"picked":"animator:Urushihara","floor":40},{"not_picked":["animator:Kuribayashi","animator:Verdia+1","animator:FielNirvalen+1","animator:Elsword+1"],"picked":"animator:Benimaru+1","floor":41},{"not_picked":["animator:Cocytus+1","animator:Hans","animator:DolaStephanie+1","animator:Ain"],"picked":"animator:YuiTsuruno+1","floor":43},{"not_picked":["animator:Fredrika+1","animator:ChaikaBohdan","animator:Viivi","animator:Layla"],"picked":"animator:Guy+1","floor":46},{"not_picked":["animator:Gluttony+1","animator:Shigure","animator:Lu+1","animator:ChaikaTrabant"],"picked":"animator:Add+1","floor":47},{"not_picked":["animator:Ciel+1","animator:Tyuule+1","animator:YuiTsuruno+1","animator:Sloth+1"],"picked":"animator:YunYun+1","floor":50}],"player_experience":672626,"relics_obtained":[{"floor":1.0,"key":"SynthV:TestCard"},{"floor":6.0,"key":"CCEMRelics:Pendulum"},{"floor":8.0,"key":"Toxic Egg 2"},{"floor":9.0,"key":"Tiny Chest"},{"floor":11.0,"key":"aspiration:EmptySkull"},{"floor":28.0,"key":"StuffTheSpire:SapphireSignet"},{"floor":30.0,"key":"CCEMRelics:GrapeVine"},{"floor":34,"key":"Bronze Scales"},{"floor":45,"key":"Whetstone"}],"event_choices":[{"damage_healed":0.0,"max_hp_gain":0.0,"max_hp_loss":0.0,"gold_gain":0.0,"event_name":"Big Fish","player_choice":"Box","floor":4.0,"gold_loss":0.0,"damage_taken":0.0,"relics_obtained":["FossilizedHelix"],"cards_obtained":["Regret"]},{"damage_healed":0.0,"max_hp_gain":0.0,"max_hp_loss":0.0,"gold_gain":1.0,"event_name":"betterStone:BetterStone","player_choice":"1","floor":5.0,"gold_loss":0.0,"damage_taken":0.0}],"is_beta":false,"boss_relics":[{"not_picked":["Abe\u0027s Treasure","aspiration:SecretTechniqueScroll"],"picked":"vexMod:BigBerry"},{"not_picked":["OneHitWonderSystem","EE1DDrone","PatriotShield"]}],"items_purged_floors":[33,40],"is_endless":false,"potions_floor_spawned":[1,6,16,22,35,38,39,41,50],"killed_by":"conspire:OrnateMirror","ascension_level":2}}