{"host":"1qxljlv0g0hslid3","time":1611318202,"event":{"mods":["2.2 Compatiblity","AchievementEnabler","Act Like it!","Astrologer","BaseMod","Beaked The Cultist","BetterRewards","Clawfect","Conspire","Custom Start","Dio Mod","Elementarium","Energized Spire","Googly Eyes","GungeonMod","Hallownest","Hermit","Hero for Fun","Hubris","Infinite Spire","Lobotomy","LobotomyExtend","Magitek Elite","Marisa????????","Minty Spire (QoL Compilation)","Prisma Mod","Remilia??????","Replay The Spire","Shop Mod","StSLib","The Administrix","The Alterego","The Animator","The Bug Knight","The Cursed","The Death Knight","The Elementalist","The Hierophant","The Jungle","The Necromancer","The Runesmith","The Senshi","The Servant 0.9.4","Wandering Minibosses","Yuri Mod","everything is the same but u backflip on backflip","slay the spire mod where everything is the same but ironclad has a cowboy hat"],"gold_per_floor":[115,115,115,129,129,129,229,244,270,270,295,470,498,517,517,615,715,733,733,733],"floor_reached":19,"language":"ENG","playtime":1082,"items_purged":[],"score":275,"play_id":"1307db3c-5fcb-4cd6-88a7-90d236382f28","local_time":"20210122062322","is_ascension_mode":false,"campfire_choices":[{"data":"alterego_mod:Impale","floor":6.0,"key":"SMITH"},{"data":"alterego_mod:BigMeatyClaws","floor":10.0,"key":"SMITH"},{"data":"alterego_mod:Rip","floor":15.0,"key":"SMITH"}],"circlet_count":0,"master_deck":["alterego_mod:Strike","alterego_mod:Strike","alterego_mod:Strike","alterego_mod:Strike","alterego_mod:Defend","alterego_mod:Defend","alterego_mod:Defend","alterego_mod:Defend","alterego_mod:Impale+1","alterego_mod:BigMeatyClaws+1","alterego_mod:BrynhildrsRune","MeatLantern","ShyLook","alterego_mod:Undulate","Doubt","alterego_mod:Rip+1","alterego_mod:Bounce","alterego_mod:ClassAdvantage"],"relics":["alterego_mod:MasochisticConstitution","CogitoBucket","LetterFromLob","hubris:Towel","Boot","DemoMod:WeirdEgg","DemoMod:OrangeGuonStone","DemoMod:GlassGuonStoneRelic","HellTrain","Replay:Wanted Poster","RedMistMask"],"acts_visited":["Exordium","Elementarium:Elementarium"],"potions_floor_usage":[],"damage_taken":[{"damage":22.0,"enemies":"Jaw Worm","floor":1.0,"turns":3.0},{"damage":0.0,"enemies":"Small Slimes","floor":4.0,"turns":5.0},{"damage":0.0,"enemies":"conspire:RoseBush","floor":8.0,"turns":4.0},{"damage":0.0,"enemies":"Lagavulin","floor":11.0,"turns":5.0},{"damage":0.0,"enemies":"Gremlin Nob","floor":13.0,"turns":4.0},{"damage":16.0,"enemies":"Large Slime","floor":14.0,"turns":6.0},{"damage":0.0,"enemies":"Slime Boss","floor":16.0,"turns":7.0},{"damage":3.0,"enemies":"Elementarium:Cyclone","floor":18.0,"turns":5.0}],"seed_played":"-8537528160939346957","potions_obtained":[{"floor":8.0,"key":"SkillPotion"},{"floor":11.0,"key":"Elixir"},{"floor":16.0,"key":"CultistPotion"},{"floor":18.0,"key":"Strength Potion"}],"is_trial":false,"path_per_floor":["M","?","?","M","?","R","?","M","T","R","E","?","E","M","R","B",null,"M"],"character_chosen":"The_Alterego","items_purchased":[],"campfire_rested":0,"item_purchase_floors":[],"current_hp_per_floor":[49,49,49,56,61,61,61,61,61,61,61,61,61,46,46,46,77,75,75,75],"gold":733,"neow_bonus":"","is_daily":false,"chose_seed":false,"campfire_upgraded":3,"win_rate":0.0,"timestamp":1611318202,"path_taken":["M","?","?","M","?","R","?","?","T","R","E","?","E","M","R","BOSS","M","M"],"items_purchased_type":[],"build_version":"2020-12-22","purchased_purges":0,"victory":false,"max_hp_per_floor":[71,71,71,71,76,76,76,76,76,76,76,76,76,77,77,77,77,78,78,78],"card_choices":[{"not_picked":["MHz","PunishingBird"],"picked":"DespairKnight","floor":1.0},{"not_picked":["alterego_mod:SakuraLabyrinth","alterego_mod:Crossover","alterego_mod:Mirror"],"picked":"SKIP","floor":1.0},{"not_picked":["GalaxyChild","OSAHOGD"],"picked":"MeatLantern","floor":4.0},{"not_picked":["alterego_mod:MagicResistance","alterego_mod:Antipathy","alterego_mod:Complex"],"picked":"SKIP","floor":4.0},{"not_picked":["alterego_mod:MagicResistance","alterego_mod:Antipathy","alterego_mod:Complex"],"picked":"SKIP","floor":4.0},{"not_picked":["WallGazer","OSAHOGD"],"picked":"ShyLook","floor":8.0},{"not_picked":["alterego_mod:Schoolgirl","alterego_mod:DeftHands","alterego_mod:Belts"],"picked":"SKIP","floor":8.0},{"not_picked":["alterego_mod:MagicResistance","alterego_mod:Antipathy"],"picked":"alterego_mod:Undulate","floor":11.0},{"not_picked":["alterego_mod:DustData","alterego_mod:1TonWallop"],"picked":"alterego_mod:Rip","floor":13.0},{"not_picked":["alterego_mod:Undulate","alterego_mod:Maid"],"picked":"alterego_mod:Bounce","floor":14.0},{"not_picked":["alterego_mod:Venus","alterego_mod:Antipathy"],"picked":"alterego_mod:ClassAdvantage","floor":16.0},{"not_picked":["alterego_mod:PerceptionDisorder","alterego_mod:Smother","alterego_mod:Bloomers"],"picked":"SKIP","floor":18.0}],"player_experience":574673,"relics_obtained":[{"floor":1.0,"key":"LetterFromLob"},{"floor":9.0,"key":"Boot"},{"floor":11.0,"key":"DemoMod:WeirdEgg"},{"floor":13.0,"key":"DemoMod:OrangeGuonStone"},{"floor":18.0,"key":"RedMistMask"}],"event_choices":[{"damage_healed":0.0,"max_hp_gain":5.0,"max_hp_loss":0.0,"gold_gain":0.0,"event_name":"Big Fish","player_choice":"Donut","floor":5.0,"gold_loss":0.0,"damage_taken":0.0},{"damage_healed":0.0,"max_hp_gain":0.0,"max_hp_loss":0.0,"gold_gain":100.0,"event_name":"Golden Shrine","player_choice":"Pray","floor":7.0,"gold_loss":0.0,"damage_taken":0.0},{"damage_healed":0.0,"max_hp_gain":0.0,"max_hp_loss":0.0,"gold_gain":175.0,"event_name":"Liars Game","player_choice":"AGREE","floor":12.0,"gold_loss":0.0,"damage_taken":0.0,"cards_obtained":["Doubt"]}],"is_beta":false,"boss_relics":[{"not_picked":["infinitespire:Cupcake","Pandora\u0027s Box"],"picked":"Replay:Wanted Poster"}],"items_purged_floors":[],"is_endless":false,"potions_floor_spawned":[8,11,16,18],"ascension_level":0}}