{"host":"by9nexv7bw8pfn7u","time":1611325055,"event":{"mods":["BaseMod","Colored Powertips","Downfall","GifTheSpireLib","Minty Spire (QoL Compilation)","Random Character Button","StSLib","Unceasing Turn Reminder"],"gold_per_floor":[99,113,132,20,32,32,57,76,76,61,89,103,117,152,163,268,268,68,68,53,175,185,85,85,129,29,29,51,68,89,115,130,130,130,130],"floor_reached":33,"language":"ENG","playtime":1967,"items_purged":["hexamod:Defend","hexamod:Strike"],"score":393,"play_id":"549db6d6-27e0-42a4-8be1-36d5402b03a6","local_time":"20210122151735","is_ascension_mode":true,"campfire_choices":[{"floor":1,"key":"RECALL"},{"data":"Apotheosis","floor":6,"key":"SMITH"},{"floor":9,"key":"REST"},{"data":"hexamod:HexaLevel","floor":18,"key":"SMITH"},{"data":"hexamod:EmpoweredFlame","floor":23,"key":"SMITH"},{"floor":27,"key":"REST"}],"circlet_count":0,"master_deck":["hexamod:Strike","hexamod:Defend","hexamod:Defend","hexamod:Defend","hexamod:Sear","hexamod:Float","Apotheosis+1","hexamod:ThirdSeal","hexamod:GhostLash","hexamod:GhostLash","hexamod:SpectersWail","hexamod:SuperheatedStrike","hexamod:FlamesFromBeyond","hexamod:Hexaguard","hexamod:HexaLevel+1","hexamod:ShieldOfDarkness","hexamod:EmpoweredFlame+1","hexamod:SoulSteal","hexamod:FastForward","hexamod:GiftsFromTheDead","hexamod:HexaLevel","hexamod:NecessarySacrifice+1","hexamod:RadiantFlame+1","hexamod:Toasty+1","hexamod:GhostShield","hexamod:FirstSeal","hexamod:EtherealExpedition+1","hexamod:FastForward","hexamod:FourthSeal","hexamod:ThermalTransfer"],"relics":["hexamod:SpiritBrand","Bag of Marbles","hexamod:BolsterEngine","Astrolabe","downfall:HeartBlessingGreen","downfall:HeartBlessingRed","Oddly Smooth Stone","Tiny Chest","downfall:HeartBlessingBlue","Ginger","CeramicFish","Boot"],"acts_visited":["Exordium","TheCity"],"potions_floor_usage":[4,12,16,25,25,30,30,31,33],"damage_taken":[{"damage":0,"enemies":"Cultist","floor":2,"turns":4},{"damage":0,"enemies":"Jaw Worm","floor":3,"turns":3},{"damage":0,"enemies":"downfall:FleeingMerchant","floor":4,"turns":4},{"damage":5,"enemies":"2 Louse","floor":5,"turns":2},{"damage":13,"enemies":"Red Slaver","floor":8,"turns":2},{"damage":0,"enemies":"downfall:FleeingMerchant","floor":10,"turns":4},{"damage":0,"enemies":"Lagavulin","floor":11,"turns":5},{"damage":6,"enemies":"Lots of Slimes","floor":12,"turns":3},{"damage":0,"enemies":"3 Louse","floor":13,"turns":1},{"damage":7,"enemies":"3 Sentries","floor":14,"turns":5},{"damage":1,"enemies":"Exordium Wildlife","floor":15,"turns":2},{"damage":0,"enemies":"IC_STATUS_ARCHETYPE","floor":16,"turns":6},{"damage":2,"enemies":"downfall:FleeingMerchant","floor":20,"turns":4},{"damage":0,"enemies":"downfall:FleeingMerchant","floor":21,"turns":1},{"damage":0,"enemies":"Chosen","floor":22,"turns":3},{"damage":23,"enemies":"Slavers","floor":25,"turns":4},{"damage":0,"enemies":"Spheric Guardian","floor":28,"turns":3},{"damage":12,"enemies":"Snake Plant","floor":29,"turns":3},{"damage":29,"enemies":"Cultist and Chosen","floor":30,"turns":8},{"damage":7,"enemies":"Book of Stabbing","floor":31,"turns":4},{"damage":0,"enemies":"Centurion and Healer","floor":32,"turns":4},{"damage":48,"enemies":"WA_ARCHETYPE_CALM","floor":33,"turns":8}],"seed_played":"1330265406109150058","potions_obtained":[{"floor":2,"key":"Energy Potion"},{"floor":3,"key":"SkillPotion"},{"floor":13,"key":"GamblersBrew"},{"floor":14,"key":"ColorlessPotion"},{"floor":15,"key":"Explosive Potion"},{"floor":22,"key":"Weak Potion"},{"floor":25,"key":"LiquidBronze"},{"floor":29,"key":"LiquidMemories"},{"floor":30,"key":"LiquidMemories"}],"is_trial":false,"path_per_floor":["R","M","M","$","M","R","T","M","R","$","E","M","M","E","M","B",null,"R","?","$","$","M","R","T","E","$","R","M","M","M","E","M","B"],"character_chosen":"THE_SPIRIT","items_purchased":["hexamod:SuperheatedStrike","hexamod:FlamesFromBeyond","Tiny Chest"],"campfire_rested":2,"item_purchase_floors":[4,4,21],"current_hp_per_floor":[49,49,49,49,44,44,44,31,52,52,52,46,46,39,38,38,70,70,70,68,68,68,78,78,55,55,79,79,74,45,38,45,0,0,0],"gold":130,"neow_bonus":"RANDOM_COLORLESS_2","is_daily":false,"chose_seed":false,"campfire_upgraded":3,"win_rate":0.0,"timestamp":1611325055,"path_taken":["R","M","?","$","M","R","T","M","R","$","E","M","M","E","M","BOSS","R","?","?","$","M","R","T","E","$","R","M","M","?","E","M","BOSS"],"items_purchased_type":["Card","Card","Relic"],"build_version":"2020-12-22","purchased_purges":2,"victory":false,"max_hp_per_floor":[70,70,70,70,70,70,70,70,70,70,70,70,70,70,70,70,70,70,70,70,70,70,80,80,80,80,80,80,80,80,80,80,80,80,80],"card_choices":[{"not_picked":["Transmutation","Sadistic Nature"],"picked":"Apotheosis","floor":0},{"not_picked":["hexamod:ExtraCrispy","hexamod:SpectralAdrenaline"],"picked":"hexamod:ThirdSeal","floor":2},{"not_picked":["hexamod:NightmareStrike","hexamod:PhantomFireball"],"picked":"hexamod:GhostLash","floor":3},{"not_picked":["hexamod:Again","hexamod:HeatMetal"],"picked":"hexamod:GhostLash","floor":3},{"not_picked":["hexamod:Toasty","hexamod:GhostOfSpireFuture"],"picked":"hexamod:SpectersWail","floor":4},{"not_picked":["hexamod:HeatMetal","hexamod:FastForward","hexamod:SwordOfDarkness"],"picked":"SKIP","floor":4},{"not_picked":["hexamod:NecessarySacrifice","hexamod:Incineration"],"picked":"hexamod:Hexaguard","floor":5},{"not_picked":["hexamod:NightmareStrike","hexamod:VolcanoVisage","hexamod:SoulSteal"],"picked":"SKIP","floor":8},{"not_picked":["hexamod:GhostLash","hexamod:NecessarySacrifice"],"picked":"hexamod:HexaLevel","floor":10},{"not_picked":["hexamod:Hexaguard","hexamod:GhostOfSpireFuture","hexamod:GhostShield"],"picked":"SKIP","floor":11},{"not_picked":["hexamod:FlameSwitch","hexamod:BurningTouch"],"picked":"hexamod:ShieldOfDarkness","floor":12},{"not_picked":["hexamod:InspiringFlames","hexamod:GhostOfSpirePast","hexamod:ChargedBarrage"],"picked":"SKIP","floor":12},{"not_picked":["hexamod:AdvancingGuard","hexamod:BacktrackSmack"],"picked":"hexamod:RecurringNightmare","floor":13},{"not_picked":["hexamod:HauntingEcho","hexamod:HeatShield"],"picked":"hexamod:EmpoweredFlame","floor":14},{"not_picked":["hexamod:HeatMetal","hexamod:GhostOfSpirePast"],"picked":"hexamod:SoulSteal","floor":14},{"not_picked":["hexamod:ChargedBarrage","hexamod:ThermalTransfer"],"picked":"hexamod:FastForward","floor":15},{"not_picked":["hexamod:FourthSeal","hexamod:NightmareGuise","hexamod:Firestarter"],"picked":"SKIP","floor":15},{"not_picked":["hexamod:FlameSwitch","hexamod:GhostOfSpirePresent"],"picked":"hexamod:GiftsFromTheDead","floor":16},{"not_picked":["hexamod:GiftsFromTheDead","hexamod:ParanormalForm"],"picked":"hexamod:HexaLevel","floor":16},{"not_picked":["hexamod:RetreatToShadows+1","hexamod:ThermalTransfer+1"],"picked":"hexamod:GhostShield","floor":20},{"not_picked":["hexamod:GiftsFromTheDead","hexamod:HeatMetal+1","hexamod:HauntingEcho"],"picked":"SKIP","floor":20},{"not_picked":["hexamod:Again","hexamod:DynamicBlow+1","hexamod:SpectralSpark+1"],"picked":"SKIP","floor":21},{"not_picked":["hexamod:InspiringFlames","hexamod:Firestarter"],"picked":"hexamod:FirstSeal","floor":22},{"not_picked":["hexamod:GhostOfSpireFuture","hexamod:GhostShield","hexamod:InspiringFlames"],"picked":"SKIP","floor":22},{"not_picked":["hexamod:HeatShield+1","hexamod:SuperheatedStrike"],"picked":"hexamod:EtherealExpedition+1","floor":25},{"not_picked":["hexamod:GhostOfSpireFuture","hexamod:RadiantFlame"],"picked":"hexamod:FastForward","floor":25},{"not_picked":["hexamod:EmpoweredFlame","hexamod:Haunt+1"],"picked":"hexamod:FourthSeal","floor":28},{"not_picked":["hexamod:HeatMetal+1","hexamod:ThermalTransfer+1","hexamod:HeatCrush"],"picked":"SKIP","floor":29},{"not_picked":["hexamod:AdvancingGuard+1","hexamod:NightmareStrike"],"picked":"hexamod:ThermalTransfer","floor":30},{"not_picked":["hexamod:GhostShield+1","hexamod:InspiringFlames+1","hexamod:HeatMetal"],"picked":"SKIP","floor":30},{"not_picked":["hexamod:Firestarter","hexamod:SwordOfDarkness","hexamod:StepThrough"],"picked":"SKIP","floor":31},{"not_picked":["hexamod:RecurringNightmare","hexamod:NightmareGuise","hexamod:FirstSeal"],"picked":"SKIP","floor":31},{"not_picked":["hexamod:FastForward","hexamod:GhostShield","hexamod:AdvancingGuard"],"picked":"SKIP","floor":32},{"not_picked":["hexamod:NightmareGuise+1","hexamod:SpectersWail","hexamod:EtherealExpedition"],"picked":"SKIP","floor":32}],"player_experience":1036795,"relics_obtained":[{"floor":11,"key":"Bag of Marbles"},{"floor":14,"key":"hexamod:BolsterEngine"},{"floor":24,"key":"Ginger"},{"floor":25,"key":"CeramicFish"},{"floor":31,"key":"Boot"}],"event_choices":[],"is_beta":false,"boss_relics":[{"not_picked":["Philosopher\u0027s Stone","Velvet Choker"],"picked":"Astrolabe"}],"items_purged_floors":[21,26],"is_endless":false,"potions_floor_spawned":[2,3,13,14,15,22,25,29],"killed_by":"WA_ARCHETYPE_CALM","ascension_level":1}}