{"host":"06m9oppdo8i5oa5j","time":1611295891,"event":{"mods":["AchievementEnabler","BaseMod","Block Reminder","Colored Map","Colored Powertips","Minty Spire (QoL Compilation)","Rare Cards Sparkle"],"gold_per_floor":[214,232,7,22,39,39,74,105,117,129,152,196,228,255,267,377,439,466,492,520,542,479,491,536,548,560,590,612,659,671,698,710,826,838,869,1242,1274,1295,1331,1379,1391,965,965,965,989,614,640,667,667,667],"floor_reached":51,"language":"ENG","playtime":8825,"items_purged":["Strike_G","Strike_G"],"score":924,"play_id":"bc57ac49-8e59-4029-be7a-afdf17ac6388","local_time":"20210121221131","is_ascension_mode":true,"campfire_choices":[{"data":"Noxious Fumes","floor":6.0,"key":"SMITH"},{"data":"Deflect","floor":10.0,"key":"SMITH"},{"data":"Backflip","floor":15.0,"key":"SMITH"},{"data":"Leg Sweep","floor":23.0,"key":"SMITH"},{"data":"Deflect","floor":25.0,"key":"SMITH"},{"floor":30.0,"key":"REST"},{"floor":32.0,"key":"REST"},{"floor":41,"key":"REST"},{"floor":44,"key":"REST"},{"floor":49,"key":"REST"}],"circlet_count":0,"master_deck":["Strike_G","Strike_G+1","Defend_G","Defend_G","Defend_G","Defend_G","Defend_G","Survivor","Neutralize","Calculated Gamble","Deflect+1","Noxious Fumes+1","Deflect+1","Bouncing Flask","Leg Sweep+1","Caltrops+1","Backflip+1","Noxious Fumes+1","Footwork+1","Poisoned Stab","Escape Plan","Noxious Fumes+1","Blur+1","Blur","Corpse Explosion","Deadly Poison+1","CurseOfTheBell","Noxious Fumes+1","Crippling Poison","Footwork+1","Deflect+1","Deadly Poison+1","Blur","Footwork+1","Footwork+1","Parasite","After Image+1"],"relics":["Ring of the Snake","TwistedFunnel","MawBank","Frozen Egg 2","HornCleat","Tiny House","White Beast Statue","Incense Burner","Nunchaku","Calling Bell","CeramicFish","CaptainsWheel","Mummified Hand","Old Coin","Shovel","Membership Card","Bag of Preparation","Darkstone Periapt","InkBottle","Anchor","The Specimen","TheAbacus"],"acts_visited":["Exordium","TheCity","TheBeyond"],"potions_floor_usage":[39,39,39,40,50,50,50],"damage_taken":[{"damage":0.0,"enemies":"Small Slimes","floor":1.0,"turns":4.0},{"damage":0.0,"enemies":"2 Louse","floor":2.0,"turns":2.0},{"damage":0.0,"enemies":"Cultist","floor":4.0,"turns":4.0},{"damage":1.0,"enemies":"Lots of Slimes","floor":5.0,"turns":3.0},{"damage":11.0,"enemies":"Lagavulin","floor":7.0,"turns":6.0},{"damage":0.0,"enemies":"Blue Slaver","floor":8.0,"turns":4.0},{"damage":0.0,"enemies":"3 Louse","floor":11.0,"turns":2.0},{"damage":4.0,"enemies":"3 Sentries","floor":12.0,"turns":5.0},{"damage":1.0,"enemies":"Exordium Wildlife","floor":13.0,"turns":4.0},{"damage":5.0,"enemies":"Large Slime","floor":14.0,"turns":6.0},{"damage":6.0,"enemies":"The Guardian","floor":16.0,"turns":9.0},{"damage":5.0,"enemies":"3 Byrds","floor":18.0,"turns":3.0},{"damage":9.0,"enemies":"Shell Parasite","floor":19.0,"turns":6.0},{"damage":8.0,"enemies":"Centurion and Healer","floor":20.0,"turns":7.0},{"damage":1.0,"enemies":"3 Cultists","floor":21.0,"turns":4.0},{"damage":7.0,"enemies":"Book of Stabbing","floor":24.0,"turns":6.0},{"damage":18.0,"enemies":"Snecko","floor":27.0,"turns":6.0},{"damage":8.0,"enemies":"Cultist and Chosen","floor":28.0,"turns":6.0},{"damage":9.0,"enemies":"Slavers","floor":29.0,"turns":7.0},{"damage":0.0,"enemies":"Sentry and Sphere","floor":31.0,"turns":4.0},{"damage":57.0,"enemies":"Automaton","floor":33.0,"turns":10.0},{"damage":6.0,"enemies":"3 Darklings","floor":35.0,"turns":4.0},{"damage":17.0,"enemies":"2 Orb Walkers","floor":36.0,"turns":5.0},{"damage":0.0,"enemies":"3 Shapes","floor":37.0,"turns":3.0},{"damage":17,"enemies":"Transient","floor":39,"turns":5},{"damage":22,"enemies":"Reptomancer","floor":40,"turns":7},{"damage":0,"enemies":"3 Darklings","floor":45,"turns":5},{"damage":0,"enemies":"Writhing Mass","floor":47,"turns":7},{"damage":0,"enemies":"4 Shapes","floor":48,"turns":3},{"damage":12,"enemies":"Time Eater","floor":50,"turns":12}],"seed_played":"2483212742190792102","potions_obtained":[{"floor":1.0,"key":"Energy Potion"},{"floor":2.0,"key":"AttackPotion"},{"floor":7.0,"key":"CunningPotion"},{"floor":16.0,"key":"PowerPotion"},{"floor":20.0,"key":"LiquidMemories"},{"floor":24.0,"key":"Regen Potion"},{"floor":27.0,"key":"Dexterity Potion"},{"floor":28.0,"key":"SkillPotion"},{"floor":29.0,"key":"FearPotion"},{"floor":31.0,"key":"Poison Potion"},{"floor":33.0,"key":"AttackPotion"},{"floor":35.0,"key":"Swift Potion"},{"floor":36.0,"key":"ColorlessPotion"},{"floor":37.0,"key":"SkillPotion"},{"floor":39,"key":"LiquidMemories"},{"floor":40,"key":"Poison Potion"},{"floor":45,"key":"CunningPotion"}],"is_trial":false,"path_per_floor":["M","M","$","M","M","R","E","M","T","R","M","E","M","M","R","B",null,"M","M","M","M","?","R","E","R","T","M","M","E","R","M","R","B",null,"M","?","M","?","M","E","R","$","T","R","M","$","M","M","R","B",null],"character_chosen":"THE_SILENT","items_purchased":["TwistedFunnel","Noxious Fumes","Membership Card","Bag of Preparation","Darkstone Periapt","Blur","Dexterity Potion","Anchor","The Specimen","Footwork+1","TheAbacus","Swift Potion"],"campfire_rested":5,"item_purchase_floors":[3,3,42,42,42,42,42,46,46,46,46,46],"current_hp_per_floor":[70,70,70,70,69,69,58,58,58,58,58,54,53,48,48,42,75,70,61,53,52,52,52,45,45,45,42,34,25,47,47,69,12,75,69,52,52,52,35,13,35,35,35,57,57,57,63,63,81,69],"gold":667,"neow_bonus":"HUNDRED_GOLD","is_daily":false,"chose_seed":false,"campfire_upgraded":5,"win_rate":0.0,"timestamp":1611295891,"path_taken":["M","M","$","M","M","R","E","M","T","R","M","E","M","M","R","BOSS","M","M","M","M","?","R","E","R","T","M","M","E","R","M","R","BOSS","M","?","M","?","M","E","R","$","T","R","M","$","?","M","R","BOSS"],"items_purchased_type":["Relic","Card","Relic","Relic","Relic","Card","Potion","Relic","Relic","Card","Relic","Potion"],"build_version":"2020-12-22","purchased_purges":2,"victory":true,"max_hp_per_floor":[70,70,70,70,70,70,70,70,70,70,70,70,70,70,70,70,75,75,75,75,75,75,75,75,75,75,75,75,75,75,75,75,75,75,75,75,75,75,75,75,75,75,75,75,75,75,81,81,81,81],"card_choices":[{"not_picked":["Crippling Poison","Dagger Throw"],"picked":"Calculated Gamble","floor":1.0},{"not_picked":["PiercingWail","Blade Dance"],"picked":"Deflect","floor":2.0},{"not_picked":["Quick Slash","Predator"],"picked":"Deflect","floor":4.0},{"not_picked":["Poisoned Stab","Dagger Spray"],"picked":"Bouncing Flask","floor":5.0},{"not_picked":["Bouncing Flask","Distraction"],"picked":"Leg Sweep","floor":7.0},{"not_picked":["Deflect","Leg Sweep","Infinite Blades"],"picked":"SKIP","floor":8.0},{"not_picked":["Accuracy+1","Outmaneuver"],"picked":"Caltrops+1","floor":11.0},{"not_picked":["Flechettes","Sucker Punch"],"picked":"Backflip","floor":12.0},{"not_picked":["Quick Slash","Blade Dance"],"picked":"Noxious Fumes+1","floor":13.0},{"not_picked":["Phantasmal Killer","Outmaneuver"],"picked":"Footwork+1","floor":14.0},{"not_picked":["Blade Dance","Underhanded Strike"],"picked":"Poisoned Stab","floor":17.0},{"not_picked":["Outmaneuver","PiercingWail","Dagger Spray"],"picked":"SKIP","floor":18.0},{"not_picked":["Dagger Spray+1","Underhanded Strike+1"],"picked":"Escape Plan","floor":19.0},{"not_picked":["Crippling Poison","Sucker Punch"],"picked":"Noxious Fumes+1","floor":20.0},{"not_picked":["Prepared","Poisoned Stab+1"],"picked":"Blur+1","floor":21.0},{"not_picked":["Dash+1","Night Terror","Dagger Throw+1"],"picked":"SKIP","floor":24.0},{"not_picked":["Cloak And Dagger","Flying Knee+1","Infinite Blades+1"],"picked":"SKIP","floor":27.0},{"not_picked":["Acrobatics","Slice"],"picked":"Blur","floor":28.0},{"not_picked":["Bane+1","Slice"],"picked":"Corpse Explosion","floor":29.0},{"not_picked":["Poisoned Stab","Blade Dance"],"picked":"Deadly Poison+1","floor":31.0},{"not_picked":["Reflex","Blade Dance+1"],"picked":"Noxious Fumes+1","floor":35.0},{"not_picked":["Choke","PiercingWail"],"picked":"Crippling Poison","floor":36.0},{"not_picked":["Dagger Throw","Quick Slash","Underhanded Strike"],"picked":"SKIP","floor":37.0},{"not_picked":["Prepared","Blade Dance+1"],"picked":"Deflect+1","floor":39},{"not_picked":["Backflip","Accuracy+1"],"picked":"Deadly Poison+1","floor":40},{"not_picked":["Quick Slash","Flying Knee"],"picked":"Footwork+1","floor":45},{"not_picked":["Flechettes+1","Skewer+1","Terror"],"picked":"SKIP","floor":47},{"not_picked":["Backflip+1","All Out Attack+1"],"picked":"After Image+1","floor":48}],"player_experience":212384,"relics_obtained":[{"floor":7.0,"key":"MawBank"},{"floor":9.0,"key":"Frozen Egg 2"},{"floor":12.0,"key":"HornCleat"},{"floor":24.0,"key":"White Beast Statue"},{"floor":26.0,"key":"Incense Burner"},{"floor":29.0,"key":"Nunchaku"},{"floor":34.0,"key":"CeramicFish"},{"floor":34.0,"key":"CaptainsWheel"},{"floor":34.0,"key":"Mummified Hand"},{"floor":36.0,"key":"Old Coin"},{"floor":40,"key":"Shovel"},{"floor":43,"key":"InkBottle"}],"event_choices":[{"cards_removed":["Strike_G"],"damage_healed":0.0,"max_hp_gain":0.0,"max_hp_loss":0.0,"gold_gain":0.0,"event_name":"Beggar","player_choice":"Gave Gold","floor":22.0,"gold_loss":75.0,"damage_taken":0.0},{"damage_healed":0.0,"max_hp_gain":0.0,"max_hp_loss":0.0,"gold_gain":0.0,"event_name":"Mysterious Sphere","player_choice":"Fight","floor":36.0,"gold_loss":0.0,"damage_taken":0.0},{"damage_healed":0.0,"max_hp_gain":0.0,"max_hp_loss":0.0,"gold_gain":0.0,"event_name":"Duplicator","player_choice":"Copied","floor":38.0,"gold_loss":0.0,"damage_taken":0.0,"cards_obtained":["Footwork"]}],"is_beta":false,"boss_relics":[{"not_picked":["Busted Crown","WristBlade"],"picked":"Tiny House"},{"not_picked":["Pandora\u0027s Box","Runic Dome"],"picked":"Calling Bell"}],"items_purged_floors":[42,46],"is_endless":false,"potions_floor_spawned":[1,2,7,14,16,19,20,24,27,28,29,31,33,35,36,37,39,40,45,47,48],"ascension_level":4}}