{"host":"neeznpvpgo0qgfkd","time":1611340434,"event":{"mods":["AchievementEnabler","BaseMod","BetterRewards","Colored Map","Colored Powertips","Exacting","Minty Spire (QoL Compilation)","Permanent Neow","Quick Restart","Shop Mod"],"gold_per_floor":[124,124,124,89,114,114,114],"floor_reached":6,"language":"ENG","playtime":164,"items_purged":[],"score":60,"play_id":"44218985-da51-480c-a857-1529545c3cdd","local_time":"20210122133354","is_ascension_mode":true,"campfire_choices":[],"circlet_count":0,"master_deck":["AscendersBane","Strike_G","Strike_G","Strike_G","Strike_G","Strike_G","Defend_G","Defend_G","Defend_G","Defend_G","Defend_G","Survivor","Neutralize","Bane","Regret","Cloak And Dagger"],"relics":["Ring of the Snake","Bag of Preparation","Pantograph","WingedGreaves"],"acts_visited":["Exordium"],"potions_floor_usage":[6],"damage_taken":[{"damage":14.0,"enemies":"Jaw Worm","floor":1.0,"turns":5.0},{"damage":8.0,"enemies":"2 Louse","floor":5.0,"turns":3.0},{"damage":30,"enemies":"Gremlin Nob","floor":6,"turns":3}],"seed_played":"-1131067055187772188","potions_obtained":[{"floor":5.0,"key":"DistilledChaos"}],"is_trial":false,"path_per_floor":["M","?","?","?","M","E"],"character_chosen":"THE_SILENT","items_purchased":[],"campfire_rested":0,"item_purchase_floors":[],"current_hp_per_floor":[45,19,19,35,27,0,0],"gold":114,"neow_bonus":"RANDOM_COMMON_RELIC","is_daily":false,"chose_seed":false,"campfire_upgraded":0,"win_rate":0.0,"timestamp":1611340434,"path_taken":["M","?","?","?","?","E"],"items_purchased_type":[],"build_version":"2020-12-22","purchased_purges":0,"victory":false,"max_hp_per_floor":[66,66,66,66,66,66,66],"card_choices":[{"not_picked":["Prepared","Masterful Stab"],"picked":"Bane","floor":1.0},{"not_picked":["Heel Hook","Slice"],"picked":"Cloak And Dagger","floor":5.0}],"player_experience":1739033,"relics_obtained":[],"event_choices":[{"damage_healed":0.0,"max_hp_gain":0.0,"max_hp_loss":0.0,"gold_gain":0.0,"event_name":"Scrap Ooze","player_choice":"Success","floor":2.0,"gold_loss":0.0,"damage_taken":26.0,"relics_obtained":["Pantograph"]},{"damage_healed":0.0,"max_hp_gain":0.0,"max_hp_loss":0.0,"gold_gain":0.0,"event_name":"Big Fish","player_choice":"Box","floor":3.0,"gold_loss":0.0,"damage_taken":0.0,"relics_obtained":["WingedGreaves"],"cards_obtained":["Regret"]},{"damage_healed":16.0,"max_hp_gain":0.0,"max_hp_loss":0.0,"gold_gain":0.0,"event_name":"The Cleric","player_choice":"Healed","floor":4.0,"gold_loss":35.0,"damage_taken":0.0}],"is_beta":false,"boss_relics":[],"items_purged_floors":[],"is_endless":false,"potions_floor_spawned":[5],"killed_by":"Gremlin Nob","ascension_level":15}}