{"host":"yyfz7fpozqrhk2m1","time":1611280698,"event":{"mods":["BaseMod","Minty Spire (QoL Compilation)"],"gold_per_floor":[115,126,55,68,68,68,103,103,103,116,116,116,150,170,170,266,266,284,299,311,30,30,59,59,59,59,59,71,82,114,134,134,237,237,255,273,287,307,307,307,307],"floor_reached":40,"language":"ENG","playtime":8523,"items_purged":["Strike_G"],"score":512,"play_id":"43b593b3-fcc8-442c-b33d-0d6bac72075d","local_time":"20210121205818","is_ascension_mode":true,"campfire_choices":[{"data":"Skewer","floor":6.0,"key":"SMITH"},{"data":"Deadly Poison","floor":8.0,"key":"SMITH"},{"floor":15.0,"key":"REST"},{"data":"Dagger Throw","floor":24,"key":"SMITH"},{"floor":27,"key":"REST"},{"floor":32,"key":"REST"}],"circlet_count":0,"master_deck":["Strike_G+1","Strike_G+1","Strike_G+1","Defend_G+1","Defend_G+1","Defend_G+1","Survivor","Neutralize+1","Deadly Poison+1","Skewer+1","Catalyst","Adrenaline","Noxious Fumes","Footwork","Bouncing Flask","Dagger Throw+1","Malaise","Well Laid Plans","Prepared","Acrobatics","Terror","Burst","Bane","Bullet Time","Calculated Gamble","Tools of the Trade","Backflip+1","Parasite","Blur+1"],"relics":["Ring of the Snake","Bottled Lightning","White Beast Statue","Anchor","HoveringKite","Happy Flower","FossilizedHelix","Potion Belt","Snake Skull","Black Star"],"acts_visited":["Exordium","TheCity","TheBeyond"],"potions_floor_usage":[19,23,30,31,33,35,35,37,38,40,40,40,40],"damage_taken":[{"damage":4.0,"enemies":"Small Slimes","floor":1.0,"turns":5.0},{"damage":0.0,"enemies":"Jaw Worm","floor":2.0,"turns":4.0},{"damage":0.0,"enemies":"Cultist","floor":4.0,"turns":3.0},{"damage":7.0,"enemies":"3 Sentries","floor":7.0,"turns":9.0},{"damage":14.0,"enemies":"Exordium Wildlife","floor":10.0,"turns":3.0},{"damage":11.0,"enemies":"Gremlin Nob","floor":13.0,"turns":4.0},{"damage":0.0,"enemies":"3 Louse","floor":14.0,"turns":4.0},{"damage":12.0,"enemies":"Slime Boss","floor":16.0,"turns":9.0},{"damage":7,"enemies":"Shell Parasite","floor":18,"turns":4},{"damage":11,"enemies":"2 Thieves","floor":19,"turns":4},{"damage":0,"enemies":"Centurion and Healer","floor":20,"turns":7},{"damage":17,"enemies":"Gremlin Leader","floor":23,"turns":7},{"damage":9,"enemies":"Sentry and Sphere","floor":28,"turns":5},{"damage":2,"enemies":"Snecko","floor":29,"turns":4},{"damage":2,"enemies":"Book of Stabbing","floor":30,"turns":7},{"damage":3,"enemies":"Chosen and Byrds","floor":31,"turns":5},{"damage":36,"enemies":"Automaton","floor":33,"turns":8},{"damage":24,"enemies":"3 Shapes","floor":35,"turns":4},{"damage":24,"enemies":"3 Darklings","floor":36,"turns":7},{"damage":0,"enemies":"4 Shapes","floor":37,"turns":6},{"damage":15,"enemies":"Writhing Mass","floor":38,"turns":5},{"damage":39,"enemies":"Giant Head","floor":40,"turns":8}],"seed_played":"700520536795960854","potions_obtained":[{"floor":4.0,"key":"FearPotion"},{"floor":7.0,"key":"CultistPotion"},{"floor":10.0,"key":"DuplicationPotion"},{"floor":13.0,"key":"DistilledChaos"},{"floor":14.0,"key":"Fire Potion"},{"floor":19,"key":"AttackPotion"},{"floor":20,"key":"Regen Potion"},{"floor":23,"key":"DuplicationPotion"},{"floor":28,"key":"Energy Potion"},{"floor":29,"key":"SteroidPotion"},{"floor":30,"key":"Poison Potion"},{"floor":31,"key":"SkillPotion"},{"floor":33,"key":"ColorlessPotion"},{"floor":35,"key":"Fire Potion"},{"floor":36,"key":"Ancient Potion"},{"floor":37,"key":"Fire Potion"},{"floor":38,"key":"SneckoOil"}],"is_trial":false,"path_per_floor":["M","M","$","M","$","R","E","R","T","M","?","?","E","M","R","B",null,"M","M","M","$","?","E","R","?","T","R","M","M","E","M","R","B",null,"M","M","M","M","?","E"],"character_chosen":"THE_SILENT","items_purchased":["Catalyst","Happy Flower","Acrobatics"],"campfire_rested":3,"item_purchase_floors":[3,21,21],"current_hp_per_floor":[66,66,66,66,66,66,59,59,59,45,45,45,34,34,55,43,70,63,52,52,52,52,35,35,35,35,56,47,45,43,40,61,25,70,46,22,22,7,7,0,0],"gold":307,"neow_bonus":"UPGRADE_CARD","is_daily":false,"chose_seed":false,"campfire_upgraded":3,"win_rate":0.0,"timestamp":1611280698,"path_taken":["M","M","$","M","$","R","E","R","T","M","?","?","E","?","R","BOSS","M","M","M","$","?","E","R","?","T","R","M","M","E","M","R","BOSS","M","M","M","M","?","E"],"items_purchased_type":["Card","Relic","Card"],"build_version":"2020-12-22","purchased_purges":1,"victory":false,"max_hp_per_floor":[70,70,70,70,70,70,70,70,70,70,70,70,70,70,70,70,70,70,70,70,70,70,70,70,70,70,70,70,70,70,70,70,70,70,70,70,70,70,66,66,66],"card_choices":[{"not_picked":["Dodge and Roll","Slice"],"picked":"Deadly Poison","floor":1.0},{"not_picked":["Terror","Sucker Punch"],"picked":"Skewer","floor":2.0},{"not_picked":["Deadly Poison","Blade Dance"],"picked":"Adrenaline","floor":4.0},{"not_picked":["Dagger Throw","Catalyst"],"picked":"Noxious Fumes","floor":7.0},{"not_picked":["Outmaneuver","Dagger Throw"],"picked":"Footwork","floor":10.0},{"not_picked":["Grand Finale","Catalyst"],"picked":"Bouncing Flask","floor":13.0},{"not_picked":["Deflect","Riddle With Holes"],"picked":"Dagger Throw","floor":14.0},{"not_picked":["Envenom","Glass Knife"],"picked":"Malaise","floor":16.0},{"not_picked":["Masterful Stab","Infinite Blades"],"picked":"Well Laid Plans","floor":18},{"not_picked":["Sucker Punch","Deflect"],"picked":"Prepared","floor":19},{"not_picked":["Bouncing Flask","Choke","Cloak And Dagger"],"picked":"SKIP","floor":20},{"not_picked":["Reflex","Deflect","Acrobatics"],"picked":"SKIP","floor":23},{"not_picked":["Distraction","Flying Knee+1"],"picked":"Bane","floor":28},{"not_picked":["Eviscerate","Accuracy","Poisoned Stab"],"picked":"SKIP","floor":29},{"not_picked":["Skewer","Sucker Punch"],"picked":"Bullet Time","floor":30},{"not_picked":["Endless Agony","Terror+1"],"picked":"Calculated Gamble","floor":31},{"not_picked":["Bullet Time","Phantasmal Killer"],"picked":"Tools of the Trade","floor":33},{"not_picked":["Prepared","Dagger Spray","Flying Knee+1"],"picked":"SKIP","floor":35},{"not_picked":["Dagger Throw+1","Skewer","Prepared+1"],"picked":"SKIP","floor":36},{"not_picked":["Poisoned Stab","Quick Slash"],"picked":"Backflip+1","floor":37},{"not_picked":["Dagger Throw","Sucker Punch"],"picked":"Blur+1","floor":38}],"player_experience":596245,"relics_obtained":[{"floor":7.0,"key":"Bottled Lightning"},{"floor":9.0,"key":"White Beast Statue"},{"floor":13.0,"key":"Anchor"},{"floor":23,"key":"FossilizedHelix"},{"floor":26,"key":"Potion Belt"},{"floor":30,"key":"Snake Skull"}],"event_choices":[{"damage_healed":0.0,"max_hp_gain":0.0,"max_hp_loss":0.0,"gold_gain":0.0,"event_name":"Golden Idol","player_choice":"Ignored","floor":11.0,"gold_loss":0.0,"damage_taken":0.0},{"cards_removed":["Strike_G"],"damage_healed":0.0,"max_hp_gain":0.0,"max_hp_loss":0.0,"gold_gain":0.0,"event_name":"Wheel of Change","player_choice":"Card Removal","floor":12.0,"gold_loss":0.0,"damage_taken":0.0},{"damage_healed":0,"gold_gain":0,"player_choice":"Simplicity","damage_taken":0,"max_hp_gain":0,"max_hp_loss":0,"event_name":"Back to Basics","floor":22,"gold_loss":0,"cards_upgraded":["Strike_G","Strike_G","Strike_G","Defend_G","Defend_G","Defend_G","Defend_G","Defend_G"]},{"damage_healed":0,"gold_gain":0,"cards_transformed":["Defend_G","Defend_G"],"player_choice":"Became Test Subject","damage_taken":0,"max_hp_gain":0,"max_hp_loss":0,"event_name":"Drug Dealer","floor":25,"gold_loss":0,"cards_obtained":["Terror","Burst"]},{"damage_healed":0,"gold_gain":0,"player_choice":"Max HP","damage_taken":0,"max_hp_gain":0,"max_hp_loss":4,"event_name":"Winding Halls","floor":39,"gold_loss":0}],"is_beta":false,"boss_relics":[{"not_picked":["Velvet Choker","Calling Bell"],"picked":"HoveringKite"},{"not_picked":["Runic Dome","WristBlade"],"picked":"Black Star"}],"items_purged_floors":[21],"is_endless":false,"potions_floor_spawned":[4,7,10,13,14,16,18,19,20,23,28,29,30,31,33,35,36,37,38],"killed_by":"Giant Head","ascension_level":2}}