{"host":"ydg0vn0pu4pubmdt","time":1611326909,"event":{"mods":["AchievementEnabler","BaseMod","Colored Map","Gold Saver","Minty Spire (QoL Compilation)","Quick Restart","SuperFastMode"],"gold_per_floor":[117,42,42,42,56,56,74,74,74,99,99,119,143,143,43,43,153,153,166,194,69,90,113,156,156,185,237,273,273,273,312,312,312,312,312],"floor_reached":34,"language":"KOR","playtime":1990,"items_purged":["Pain","Defend_B","Strike_B"],"score":434,"play_id":"fc002b31-2298-4462-9b02-71990eca06a6","local_time":"20210122234829","is_ascension_mode":true,"campfire_choices":[{"data":"Zap","floor":6.0,"key":"SMITH"},{"data":"Dualcast","floor":9.0,"key":"SMITH"},{"floor":16.0,"key":"REST"},{"floor":25.0,"key":"REST"},{"floor":30.0,"key":"REST"},{"floor":33.0,"key":"REST"}],"circlet_count":0,"master_deck":["AscendersBane","Strike_B","Defend_B","Defend_B","Zap+1","Dualcast+1","Reboot","Compile Driver","Streamline","Coolheaded","Streamline","Leap","Turbo","Meteor Strike+1","Glacier","Conserve Battery+1","Doom and Gloom+1","Conserve Battery+1","Defragment+1","Self Repair+1","Coolheaded+1"],"relics":["Cracked Core","CeramicFish","Frozen Egg 2","Molten Egg 2","Nuclear Battery","PreservedInsect","Bag of Preparation","Red Mask","Emotion Chip"],"acts_visited":["Exordium","TheCity"],"potions_floor_usage":[34],"damage_taken":[{"damage":5.0,"enemies":"2 Louse","floor":1.0,"turns":2.0},{"damage":0.0,"enemies":"Small Slimes","floor":5.0,"turns":2.0},{"damage":5.0,"enemies":"Jaw Worm","floor":7.0,"turns":2.0},{"damage":14.0,"enemies":"Exordium Wildlife","floor":12.0,"turns":4.0},{"damage":6.0,"enemies":"Blue Slaver","floor":13.0,"turns":3.0},{"damage":46.0,"enemies":"Hexaghost","floor":17.0,"turns":12.0},{"damage":22.0,"enemies":"3 Byrds","floor":19.0,"turns":5.0},{"damage":5.0,"enemies":"Shell Parasite","floor":20.0,"turns":3.0},{"damage":4.0,"enemies":"3 Cultists","floor":22.0,"turns":6.0},{"damage":6.0,"enemies":"Snake Plant","floor":23.0,"turns":6.0},{"damage":8.0,"enemies":"Slavers","floor":24.0,"turns":4.0},{"damage":5.0,"enemies":"Centurion and Healer","floor":26.0,"turns":6.0},{"damage":17.0,"enemies":"Masked Bandits","floor":28.0,"turns":5.0},{"damage":25.0,"enemies":"Gremlin Leader","floor":31.0,"turns":5.0},{"damage":74,"enemies":"Champ","floor":34,"turns":10}],"seed_played":"-2858142744215128723","potions_obtained":[{"floor":1.0,"key":"Weak Potion"},{"floor":7.0,"key":"Dexterity Potion"},{"floor":19.0,"key":"Swift Potion"},{"floor":31.0,"key":"AttackPotion"}],"is_trial":false,"path_per_floor":["M","$","?","?","M","R","M","M","R","T","T","M","M","?","$","R","B",null,"M","M","$","M","M","E","R","M","T","?","?","R","E","?","R","B"],"character_chosen":"DEFECT","items_purchased":[],"campfire_rested":4,"item_purchase_floors":[],"current_hp_per_floor":[63,63,68,68,68,68,63,63,63,63,63,49,43,31,31,55,9,62,40,35,35,31,25,17,41,36,36,19,19,43,28,28,52,0,0],"gold":312,"neow_bonus":"TRANSFORM_TWO_CARDS","is_daily":false,"chose_seed":false,"campfire_upgraded":2,"win_rate":0.0,"timestamp":1611326909,"path_taken":["M","$","?","?","M","R","M","M","R","T","?","M","M","?","$","R","BOSS","M","M","$","M","M","E","R","M","T","?","?","R","E","?","R","BOSS"],"items_purchased_type":[],"build_version":"2020-12-22","purchased_purges":3,"victory":false,"max_hp_per_floor":[75,75,80,80,80,80,80,80,80,80,80,80,80,80,80,80,80,80,80,80,80,80,80,80,80,80,80,80,80,80,80,80,80,80,80],"card_choices":[{"not_picked":["Go for the Eyes","Chill"],"picked":"Streamline","floor":1.0},{"not_picked":["Steam Power","Beam Cell"],"picked":"Coolheaded","floor":5.0},{"not_picked":["Barrage","Redo"],"picked":"Streamline","floor":7.0},{"not_picked":["Compile Driver","Reinforced Body"],"picked":"Leap","floor":12.0},{"not_picked":["FTL","Gash"],"picked":"Turbo","floor":13.0},{"not_picked":["Machine Learning+1","Echo Form+1"],"picked":"Meteor Strike+1","floor":17.0},{"not_picked":["Go for the Eyes+1","Rebound+1","Lockon+1"],"picked":"SKIP","floor":19.0},{"not_picked":["Sunder+1","Fusion"],"picked":"Glacier","floor":20.0},{"not_picked":["Hologram","Coolheaded"],"picked":"Conserve Battery+1","floor":22.0},{"not_picked":["Amplify","Beam Cell+1"],"picked":"Doom and Gloom+1","floor":23.0},{"not_picked":["Hello World+1","Loop+1"],"picked":"Conserve Battery+1","floor":24.0},{"not_picked":["Rebound+1","Beam Cell+1"],"picked":"Defragment+1","floor":26.0},{"not_picked":["Cold Snap+1","Go for the Eyes+1"],"picked":"Self Repair+1","floor":28.0},{"not_picked":["Hologram","Rebound+1"],"picked":"Coolheaded+1","floor":31.0}],"player_experience":532877,"relics_obtained":[{"floor":10.0,"key":"CeramicFish"},{"floor":11.0,"key":"Frozen Egg 2"},{"floor":24.0,"key":"PreservedInsect"},{"floor":27.0,"key":"Bag of Preparation"},{"floor":28.0,"key":"Red Mask"},{"floor":31.0,"key":"Emotion Chip"}],"event_choices":[{"damage_healed":0.0,"max_hp_gain":5.0,"max_hp_loss":0.0,"gold_gain":0.0,"event_name":"Big Fish","player_choice":"Donut","floor":3.0,"gold_loss":0.0,"damage_taken":0.0},{"damage_healed":0.0,"max_hp_gain":0.0,"max_hp_loss":0.0,"gold_gain":0.0,"event_name":"Liars Game","player_choice":"Ignored","floor":4.0,"gold_loss":0.0,"damage_taken":0.0},{"damage_healed":0.0,"max_hp_gain":0.0,"max_hp_loss":0.0,"gold_gain":0.0,"event_name":"Scrap Ooze","player_choice":"Success","floor":14.0,"gold_loss":0.0,"damage_taken":12.0,"relics_obtained":["Molten Egg 2"]},{"damage_healed":0.0,"max_hp_gain":0.0,"max_hp_loss":0.0,"gold_gain":0.0,"event_name":"Masked Bandits","player_choice":"Fought Bandits","floor":28.0,"gold_loss":0.0,"damage_taken":0.0},{"damage_healed":0.0,"max_hp_gain":0.0,"max_hp_loss":0.0,"gold_gain":0.0,"event_name":"Cursed Tome","player_choice":"Ignored","floor":29.0,"gold_loss":0.0,"damage_taken":0.0},{"cards_removed":["Strike_B"],"damage_healed":0.0,"max_hp_gain":0.0,"max_hp_loss":0.0,"gold_gain":0.0,"event_name":"Back to Basics","player_choice":"Elegance","floor":32.0,"gold_loss":0.0,"damage_taken":0.0}],"is_beta":false,"boss_relics":[{"not_picked":["FrozenCore","Ectoplasm"],"picked":"Nuclear Battery"}],"items_purged_floors":[2,15,21],"is_endless":false,"potions_floor_spawned":[1,7,12,13,19,31],"killed_by":"Champ","ascension_level":11}}