{"host":"qdfumeom6htv8yxl","time":1611336531,"event":{"mods":["AchievementEnabler","BaseMod","Bestiary","Block Reminder","Minty Spire (QoL Compilation)","Quick Restart","Relic Stats"],"gold_per_floor":[10,10,28,41,41,41,52,75,152,188,216,26,26,53,62,150,150,161,161,161,182,202,202,202],"floor_reached":23,"language":"ENG","playtime":1046,"items_purged":[],"score":347,"play_id":"98a25a55-da1a-4a6e-a18a-5735433ee0c7","local_time":"20210122112851","is_ascension_mode":true,"campfire_choices":[{"data":"Zap","floor":6.0,"key":"SMITH"},{"data":"Loop","floor":13.0,"key":"SMITH"},{"floor":15.0,"key":"REST"}],"circlet_count":0,"master_deck":["AscendersBane","Strike_B","Strike_B","Defend_B","Defend_B","Defend_B","Defend_B","Zap+1","Dualcast","Electrodynamics","Rip and Tear","Conserve Battery","Ball Lightning","Loop+1","Leap","Doom and Gloom","Darkness","Auto Shields","Echo Form","Coolheaded","Storm"],"relics":["Cracked Core","CeramicFish","Bottled Lightning","Dream Catcher","OrangePellets","Coffee Dripper"],"acts_visited":["Exordium","TheCity"],"potions_floor_usage":[21],"damage_taken":[{"damage":7.0,"enemies":"Jaw Worm","floor":1.0,"turns":3.0},{"damage":1.0,"enemies":"Cultist","floor":3.0,"turns":3.0},{"damage":0.0,"enemies":"2 Louse","floor":4.0,"turns":1.0},{"damage":0.0,"enemies":"Lots of Slimes","floor":7.0,"turns":2.0},{"damage":28.0,"enemies":"Gremlin Nob","floor":10.0,"turns":4.0},{"damage":11.0,"enemies":"Blue Slaver","floor":11.0,"turns":3.0},{"damage":16.0,"enemies":"Gremlin Gang","floor":14.0,"turns":3.0},{"damage":18.0,"enemies":"Hexaghost","floor":16.0,"turns":9.0},{"damage":16.0,"enemies":"Spheric Guardian","floor":18.0,"turns":4.0},{"damage":16,"enemies":"2 Thieves","floor":21,"turns":4},{"damage":15,"enemies":"Centurion and Healer","floor":22,"turns":5},{"damage":5,"enemies":"Gremlin Leader","floor":23,"turns":2}],"seed_played":"7092915391695425687","potions_obtained":[{"floor":1.0,"key":"PowerPotion"},{"floor":4.0,"key":"Block Potion"},{"floor":11.0,"key":"Strength Potion"},{"floor":14.0,"key":"Weak Potion"},{"floor":16.0,"key":"Weak Potion"},{"floor":22,"key":"Energy Potion"}],"is_trial":false,"path_per_floor":["M","?","M","M","?","R","M","T","T","E","M","$","R","M","R","B",null,"M","$","?","M","M","E"],"character_chosen":"DEFECT","items_purchased":["OrangePellets","Doom and Gloom"],"campfire_rested":1,"item_purchase_floors":[12,12],"current_hp_per_floor":[57,57,56,56,61,61,61,61,61,33,22,22,22,6,28,10,60,44,44,44,28,13,8,8],"gold":202,"neow_bonus":"THREE_RARE_CARDS","is_daily":false,"chose_seed":false,"campfire_upgraded":2,"win_rate":0.0,"timestamp":1611336531,"path_taken":["M","?","M","?","?","R","M","?","T","E","M","$","R","M","R","BOSS","M","$","?","?","?","E"],"items_purchased_type":["Relic","Card"],"build_version":"2020-12-22","purchased_purges":0,"victory":false,"max_hp_per_floor":[71,71,71,71,76,76,76,76,76,76,76,76,76,76,76,76,76,76,76,76,76,76,76,76],"relic_stats":{"OrangePellets":[0],"Dream Catcher":1,"counters":[12,43],"CeramicFish":72,"obtain_stats":[{"OrangePellets":12,"Dream Catcher":10,"CeramicFish":8,"Coffee Dripper":17,"Bottled Lightning":9,"Cracked Core":0},{"OrangePellets":6,"Dream Catcher":5,"CeramicFish":4,"Coffee Dripper":8,"Bottled Lightning":4,"Cracked Core":0},{"OrangePellets":16,"Dream Catcher":13,"CeramicFish":9,"Coffee Dripper":28,"Bottled Lightning":9,"Cracked Core":0}]},"card_choices":[{"not_picked":["Reboot","Buffer"],"picked":"Electrodynamics","floor":0.0},{"not_picked":["Fusion","Redo"],"picked":"Rip and Tear","floor":1.0},{"not_picked":["Gash","Leap"],"picked":"Conserve Battery","floor":3.0},{"not_picked":["Capacitor","White Noise"],"picked":"Ball Lightning","floor":4.0},{"not_picked":["Conserve Battery","Streamline","Rebound"],"picked":"SKIP","floor":7.0},{"not_picked":["Sunder","Multi-Cast"],"picked":"Loop","floor":10.0},{"not_picked":["Turbo","Sunder"],"picked":"Leap","floor":11.0},{"not_picked":["Recycle","Streamline"],"picked":"Darkness","floor":14.0},{"not_picked":["Blizzard","Melter"],"picked":"Auto Shields","floor":15.0},{"not_picked":["Creative AI","Thunder Strike"],"picked":"Echo Form","floor":16.0},{"not_picked":["Beam Cell","Steam","Sweeping Beam"],"picked":"SKIP","floor":18.0},{"not_picked":["Cold Snap+1","Ball Lightning"],"picked":"Coolheaded","floor":21},{"not_picked":["Compile Driver","Stack"],"picked":"Storm","floor":22}],"player_experience":1805177,"relics_obtained":[{"floor":8.0,"key":"CeramicFish"},{"floor":9.0,"key":"Bottled Lightning"},{"floor":10.0,"key":"Dream Catcher"}],"event_choices":[{"cards_removed":["Strike_B"],"damage_healed":0.0,"max_hp_gain":0.0,"max_hp_loss":0.0,"gold_gain":0.0,"event_name":"Purifier","player_choice":"Purged","floor":2.0,"gold_loss":0.0,"damage_taken":0.0},{"damage_healed":0.0,"max_hp_gain":5.0,"max_hp_loss":0.0,"gold_gain":0.0,"event_name":"Big Fish","player_choice":"Donut","floor":5.0,"gold_loss":0.0,"damage_taken":0.0},{"cards_removed":["Strike_B"],"damage_healed":0,"gold_gain":0,"player_choice":"Purged","damage_taken":0,"max_hp_gain":0,"max_hp_loss":0,"event_name":"Purifier","floor":20,"gold_loss":0}],"is_beta":false,"boss_relics":[{"not_picked":["Calling Bell","Black Star"],"picked":"Coffee Dripper"}],"items_purged_floors":[],"is_endless":false,"potions_floor_spawned":[1,4,11,14,16,22],"killed_by":"Gremlin Leader","ascension_level":16}}