{"host":"agbyy69nq62afhwx","time":1611341258,"event":{"mods":["BaseMod","Colored Map","DeckTracker","Highlight Path","Keyboard Shortcuts","Minty Spire (QoL Compilation)","Quick Restart","StSLib","SuperFastMode","everything is the same but u backflip on backflip"],"gold_per_floor":[117,129,129,129,149,149,182,182,205,205,205,236,311,26,26,105,105,125,125,47,79,108,120,163,175,187,199,230,242,281,312,324,409,421,443,455,427,439,451,463,500,512,551,128,143,158,175,205,205,205],"floor_reached":51,"language":"KOR","playtime":1695,"items_purged":["Strike_B+1"],"score":1253,"play_id":"4ffbbd9b-e876-4dce-bafa-7ec78a1bfdad","local_time":"20210123034738","is_ascension_mode":true,"campfire_choices":[{"data":"Hologram","floor":6.0,"key":"SMITH"},{"data":"Auto Shields","floor":8.0,"key":"SMITH"},{"data":"Zap","floor":10.0,"key":"SMITH"},{"floor":15.0,"key":"REST"},{"data":"Hologram","floor":23.0,"key":"SMITH"},{"floor":25.0,"key":"REST"},{"data":"Creative AI","floor":29.0,"key":"SMITH"},{"data":"Heatsinks","floor":32.0,"key":"SMITH"},{"data":"Stack","floor":40.0,"key":"SMITH"},{"floor":49.0,"key":"REST"}],"circlet_count":0,"master_deck":["AscendersBane","Defend_B","Defend_B","Defend_B","Zap+1","Dualcast","Gash+1","Auto Shields+1","Hologram+1","Core Surge","Hologram+1","Creative AI+1","Ball Lightning","Hologram+1","Gash","Heatsinks+1","Ghostly","Ghostly","Ghostly","Ghostly","Ghostly","Stack+1","Storm","Seek+1","Glacier","Defragment","Conserve Battery","Reboot"],"relics":["Cracked Core","Vajra","Toy Ornithopter","Omamori","Emotion Chip","Velvet Choker","MawBank","StoneCalendar","Pear","Juzu Bracelet","Inserter","Ginger","Anchor","Membership Card","Blood Vial","Shuriken","Bird Faced Urn"],"acts_visited":["Exordium","TheCity","TheBeyond"],"potions_floor_usage":[50,50],"damage_taken":[{"damage":0.0,"enemies":"2 Louse","floor":1.0,"turns":3.0},{"damage":0.0,"enemies":"Small Slimes","floor":2.0,"turns":3.0},{"damage":2.0,"enemies":"Jaw Worm","floor":5.0,"turns":3.0},{"damage":15.0,"enemies":"3 Sentries","floor":7.0,"turns":7.0},{"damage":15.0,"enemies":"Gremlin Nob","floor":12.0,"turns":4.0},{"damage":34.0,"enemies":"Slime Boss","floor":16.0,"turns":9.0},{"damage":9.0,"enemies":"2 Thieves","floor":18.0,"turns":4.0},{"damage":3.0,"enemies":"Spheric Guardian","floor":21.0,"turns":3.0},{"damage":22.0,"enemies":"Shelled Parasite and Fungi","floor":22.0,"turns":5.0},{"damage":31.0,"enemies":"Gremlin Leader","floor":24.0,"turns":9.0},{"damage":3.0,"enemies":"Snake Plant","floor":28.0,"turns":6.0},{"damage":5.0,"enemies":"Book of Stabbing","floor":30.0,"turns":7.0},{"damage":1.0,"enemies":"Snecko","floor":31.0,"turns":6.0},{"damage":45.0,"enemies":"Automaton","floor":33.0,"turns":11.0},{"damage":0.0,"enemies":"3 Shapes","floor":35.0,"turns":4.0},{"damage":31.0,"enemies":"Giant Head","floor":41.0,"turns":8.0},{"damage":2.0,"enemies":"3 Darklings","floor":45.0,"turns":7.0},{"damage":2.0,"enemies":"Sphere and 2 Shapes","floor":46.0,"turns":5.0},{"damage":2.0,"enemies":"Jaw Worm Horde","floor":47.0,"turns":5.0},{"damage":8.0,"enemies":"Nemesis","floor":48.0,"turns":7.0},{"damage":36,"enemies":"Awakened One","floor":50,"turns":9}],"seed_played":"-8572957458792713565","potions_obtained":[{"floor":1.0,"key":"Strength Potion"},{"floor":2.0,"key":"Explosive Potion"},{"floor":7.0,"key":"CultistPotion"},{"floor":18.0,"key":"Weak Potion"},{"floor":22.0,"key":"Fruit Juice"},{"floor":24.0,"key":"BlessingOfTheForge"},{"floor":30.0,"key":"EssenceOfDarkness"},{"floor":35.0,"key":"ColorlessPotion"},{"floor":37.0,"key":"Regen Potion"},{"floor":48.0,"key":"DuplicationPotion"}],"is_trial":false,"path_per_floor":["M","M","?","?","M","R","E","R","T","R","?","E","?","$","R","B",null,"M","?","?","M","M","R","E","R","T","?","M","R","E","M","R","B",null,"M","?","?","?","?","R","E","?","T","$","M","M","M","E","R","B",null],"character_chosen":"DEFECT","items_purchased":["Emotion Chip","Membership Card","Defragment","Blood Vial","Shuriken","Conserve Battery"],"campfire_rested":3,"item_purchase_floors":[14,44,44,44,44,44],"current_hp_per_floor":[75,75,59,59,57,57,42,42,42,42,47,32,21,21,47,18,70,61,61,61,58,46,46,15,42,52,51,48,48,43,42,42,2,39,39,39,39,39,39,39,8,8,8,8,8,27,27,21,36,40],"gold":205,"neow_bonus":"TEN_PERCENT_HP_BONUS","is_daily":false,"chose_seed":false,"campfire_upgraded":7,"win_rate":0.0,"timestamp":1611341258,"path_taken":["M","M","?","?","M","R","E","R","T","R","?","E","?","$","R","BOSS","M","?","?","M","?","R","E","R","T","?","M","R","E","M","R","BOSS","M","?","?","?","?","R","E","?","T","$","M","M","M","E","R","BOSS"],"items_purchased_type":["Relic","Relic","Card","Relic","Relic","Card"],"build_version":"2020-12-22","purchased_purges":1,"victory":true,"max_hp_per_floor":[82,82,82,82,82,82,82,82,82,82,87,87,87,87,87,87,87,87,87,87,87,92,92,92,92,102,51,51,51,51,51,51,51,51,51,51,51,51,51,51,51,51,51,51,51,51,51,51,51,51],"card_choices":[{"not_picked":["Go for the Eyes","Double Energy"],"picked":"Gash","floor":1.0},{"not_picked":["Go for the Eyes","Turbo"],"picked":"Auto Shields","floor":2.0},{"not_picked":["Stack","Recycle"],"picked":"Hologram","floor":5.0},{"not_picked":["Rebound","Coolheaded"],"picked":"Core Surge","floor":7.0},{"not_picked":["Leap","Recycle"],"picked":"Hologram","floor":12.0},{"not_picked":["Machine Learning","Core Surge"],"picked":"Creative AI","floor":16.0},{"not_picked":["Redo","Coolheaded"],"picked":"Ball Lightning","floor":18.0},{"not_picked":["Redo","Compile Driver"],"picked":"Hologram","floor":21.0},{"not_picked":["Hello World","Barrage"],"picked":"Gash","floor":22.0},{"not_picked":["Auto Shields","Conserve Battery"],"picked":"Heatsinks","floor":24.0},{"not_picked":["Multi-Cast","Beam Cell+1"],"picked":"Stack","floor":28.0},{"not_picked":["Recycle","Lockon","FTL"],"picked":"SKIP","floor":30.0},{"not_picked":["Barrage+1","Double Energy"],"picked":"Storm","floor":31.0},{"not_picked":["Fission","Rainbow"],"picked":"Seek","floor":33.0},{"not_picked":["Go for the Eyes","Beam Cell","Rebound"],"picked":"SKIP","floor":35.0},{"not_picked":["Gash","Double Energy"],"picked":"Glacier","floor":41.0},{"not_picked":["Stack","Turbo","Beam Cell"],"picked":"SKIP","floor":45.0},{"not_picked":["Hologram+1","Lockon"],"picked":"Reboot","floor":46.0},{"not_picked":["Redo","FTL","Leap"],"picked":"SKIP","floor":47.0},{"not_picked":["Gash","Self Repair+1","Coolheaded"],"picked":"SKIP","floor":48.0}],"player_experience":436559,"relics_obtained":[{"floor":7.0,"key":"Vajra"},{"floor":9.0,"key":"Toy Ornithopter"},{"floor":12.0,"key":"Omamori"},{"floor":24.0,"key":"StoneCalendar"},{"floor":26.0,"key":"Pear"},{"floor":30.0,"key":"Juzu Bracelet"},{"floor":41.0,"key":"Ginger"},{"floor":43.0,"key":"Anchor"},{"floor":48.0,"key":"Bird Faced Urn"}],"event_choices":[{"damage_healed":0.0,"max_hp_gain":0.0,"max_hp_loss":0.0,"gold_gain":0.0,"event_name":"Shining Light","player_choice":"Entered Light","floor":3.0,"gold_loss":0.0,"damage_taken":16.0,"cards_upgraded":["Strike_B","Strike_B"]},{"cards_removed":["Strike_B"],"damage_healed":0.0,"max_hp_gain":0.0,"max_hp_loss":0.0,"gold_gain":0.0,"event_name":"Living Wall","player_choice":"Forget","floor":4.0,"gold_loss":0.0,"damage_taken":0.0},{"damage_healed":0.0,"max_hp_gain":5.0,"max_hp_loss":0.0,"gold_gain":0.0,"event_name":"Big Fish","player_choice":"Donut","floor":11.0,"gold_loss":0.0,"damage_taken":0.0},{"damage_healed":0.0,"max_hp_gain":0.0,"max_hp_loss":0.0,"gold_gain":75.0,"event_name":"World of Goop","player_choice":"Gather Gold","floor":13.0,"gold_loss":0.0,"damage_taken":11.0},{"damage_healed":0.0,"max_hp_gain":0.0,"max_hp_loss":0.0,"gold_gain":0.0,"event_name":"The Mausoleum","player_choice":"Opened","floor":19.0,"gold_loss":0.0,"damage_taken":0.0,"relics_obtained":["MawBank"],"cards_obtained":["Writhe"]},{"cards_removed":["Strike_B"],"damage_healed":0.0,"max_hp_gain":0.0,"max_hp_loss":0.0,"gold_gain":0.0,"event_name":"Designer","player_choice":"Upgrade and Remove","floor":20.0,"gold_loss":90.0,"damage_taken":0.0,"cards_upgraded":["Gash"]},{"damage_healed":0.0,"max_hp_gain":0.0,"max_hp_loss":51.0,"gold_gain":0.0,"event_name":"Ghosts","player_choice":"Became a Ghost","floor":27.0,"gold_loss":0.0,"damage_taken":0.0,"cards_obtained":["Ghostly","Ghostly","Ghostly","Ghostly","Ghostly"]},{"cards_removed":["Defend_B"],"damage_healed":0.0,"max_hp_gain":0.0,"max_hp_loss":0.0,"gold_gain":0.0,"event_name":"Purifier","player_choice":"Purged","floor":36.0,"gold_loss":0.0,"damage_taken":0.0},{"damage_healed":0.0,"max_hp_gain":0.0,"max_hp_loss":0.0,"gold_gain":0.0,"event_name":"The Woman in Blue","player_choice":"Bought 3 Potions","floor":37.0,"gold_loss":0.0,"damage_taken":0.0},{"damage_healed":0.0,"max_hp_gain":0.0,"max_hp_loss":0.0,"gold_gain":0.0,"event_name":"Accursed Blacksmith","player_choice":"Forge","floor":38.0,"gold_loss":0.0,"damage_taken":0.0,"cards_upgraded":["Hologram"]},{"damage_healed":0.0,"max_hp_gain":0.0,"max_hp_loss":0.0,"gold_gain":0.0,"event_name":"Upgrade Shrine","player_choice":"Upgraded","floor":39.0,"gold_loss":0.0,"damage_taken":0.0,"cards_upgraded":["Seek"]},{"cards_removed":["Strike_B"],"damage_healed":0.0,"max_hp_gain":0.0,"max_hp_loss":0.0,"gold_gain":0.0,"event_name":"Falling","player_choice":"Removed Attack","floor":42.0,"gold_loss":0.0,"damage_taken":0.0}],"is_beta":false,"boss_relics":[{"not_picked":["Ectoplasm","Busted Crown"],"picked":"Velvet Choker"},{"not_picked":["Black Star","Pandora\u0027s Box"],"picked":"Inserter"}],"items_purged_floors":[44],"is_endless":false,"potions_floor_spawned":[1,2,7,18,22,24,30,35,45,48],"ascension_level":13}}