{"host":"vddkjx04kiwje1tk","time":1611335801,"event":{"mods":["AchievementEnabler","BaseMod","Colored Map","Minty Spire (QoL Compilation)","Quick Restart","SuperFastMode"],"gold_per_floor":[115,50,13,26,43,79,79,119,143,143,183,48,60,70,70,174,174,184,173,183,19,118,118,129,129,129,64,64,64,99,119,119,224,224,238,238,253,78,88,88,100,111,182,199,199,210,210,229,229,229],"floor_reached":51,"language":"KOR","playtime":1501,"items_purged":["Defend_G","Strike_G","Strike_G"],"score":826,"play_id":"d72d76ef-7da2-4d34-b049-246741d78436","local_time":"20210123021641","is_ascension_mode":true,"campfire_choices":[{"data":"Phantasmal Killer","floor":7,"key":"SMITH"},{"data":"Envenom","floor":10,"key":"SMITH"},{"floor":15,"key":"REST"},{"data":"Accuracy","floor":23,"key":"SMITH"},{"data":"Infinite Blades","floor":25,"key":"SMITH"},{"data":"Accuracy","floor":29,"key":"SMITH"},{"floor":32,"key":"REST"},{"data":"Neutralize","floor":40,"key":"SMITH"},{"floor":49,"key":"REST"}],"circlet_count":0,"master_deck":["Strike_G","Strike_G","Defend_G","Defend_G","Defend_G","Defend_G","Survivor","Neutralize+1","Phantasmal Killer+1","Infinite Blades+1","Backflip","Envenom+1","After Image","Accuracy+1","After Image","Blade Dance+1","Infinite Blades","Accuracy+1","Blade Dance","After Image"],"relics":["Ring of the Snake","Nunchaku","CeramicFish","Singing Bowl","Vajra","The Specimen","SacredBark","Matryoshka","Tiny Chest","Busted Crown","Toy Ornithopter","Ancient Tea Set","Mercury Hourglass"],"acts_visited":["Exordium","TheCity","TheBeyond"],"potions_floor_usage":[1,8,14,16,30,33,33,50],"damage_taken":[{"damage":3,"enemies":"Jaw Worm","floor":1,"turns":3},{"damage":6,"enemies":"Cultist","floor":4,"turns":3},{"damage":0,"enemies":"2 Louse","floor":5,"turns":3},{"damage":28,"enemies":"3 Sentries","floor":6,"turns":11},{"damage":20,"enemies":"Gremlin Nob","floor":8,"turns":4},{"damage":13,"enemies":"Lagavulin","floor":11,"turns":6},{"damage":0,"enemies":"Blue Slaver","floor":13,"turns":6},{"damage":0,"enemies":"Exordium Wildlife","floor":14,"turns":5},{"damage":0,"enemies":"Hexaghost","floor":16,"turns":7},{"damage":14,"enemies":"3 Byrds","floor":18,"turns":9},{"damage":16,"enemies":"2 Thieves","floor":19,"turns":4},{"damage":3,"enemies":"Snecko","floor":20,"turns":5},{"damage":4,"enemies":"3 Cultists","floor":24,"turns":4},{"damage":34,"enemies":"Gremlin Leader","floor":30,"turns":5},{"damage":9,"enemies":"Snake Plant","floor":31,"turns":5},{"damage":6,"enemies":"Champ","floor":33,"turns":7},{"damage":19,"enemies":"3 Darklings","floor":35,"turns":4},{"damage":10,"enemies":"3 Shapes","floor":37,"turns":3},{"damage":4,"enemies":"Maw","floor":39,"turns":5},{"damage":8,"enemies":"Transient","floor":41,"turns":5},{"damage":12,"enemies":"4 Shapes","floor":42,"turns":3},{"damage":0,"enemies":"Maw","floor":44,"turns":5},{"damage":6,"enemies":"Sphere and 2 Shapes","floor":46,"turns":4},{"damage":0,"enemies":"Transient","floor":48,"turns":5},{"damage":62,"enemies":"Time Eater","floor":50,"turns":7}],"seed_played":"-2403556079351605623","potions_obtained":[{"floor":1,"key":"Fruit Juice"},{"floor":6,"key":"AttackPotion"},{"floor":11,"key":"BlessingOfTheForge"},{"floor":14,"key":"PowerPotion"},{"floor":16,"key":"BlessingOfTheForge"},{"floor":19,"key":"Dexterity Potion"},{"floor":24,"key":"Regen Potion"},{"floor":31,"key":"EssenceOfSteel"},{"floor":33,"key":"SpeedPotion"},{"floor":35,"key":"GamblersBrew"},{"floor":39,"key":"SteroidPotion"}],"is_trial":false,"path_per_floor":["M","?","$","M","M","E","R","E","T","R","E","$","M","M","R","B",null,"M","M","M","$","?","R","M","R","T","$","?","R","E","M","R","B",null,"M","?","M","$","M","R","M","M","T","M","?","M","T","M","R","B",null],"character_chosen":"THE_SILENT","items_purchased":["Infinite Blades","Accuracy","Infinite Blades","Accuracy","Energy Potion"],"campfire_rested":3,"item_purchase_floors":[3,12,21,27,38],"current_hp_per_floor":[72,72,72,66,66,38,38,18,18,18,5,5,7,9,32,32,79,67,51,50,50,50,50,48,48,48,48,48,48,56,47,73,67,87,70,72,64,64,62,62,56,46,46,48,48,44,44,46,77,20],"gold":229,"neow_bonus":"ONE_RANDOM_RARE_CARD","is_daily":false,"chose_seed":false,"campfire_upgraded":6,"win_rate":0.0,"timestamp":1611335801,"path_taken":["M","?","$","?","M","E","R","E","T","R","E","?","M","M","R","BOSS","M","?","M","$","?","R","M","R","T","$","?","R","E","M","R","BOSS","M","?","M","$","M","R","M","M","T","M","?","?","?","M","R","BOSS"],"items_purchased_type":["Card","Card","Card","Card","Potion"],"build_version":"2020-12-22","purchased_purges":3,"victory":true,"max_hp_per_floor":[75,75,75,75,75,75,75,75,75,75,75,75,77,79,79,79,79,81,81,83,83,83,83,85,85,85,85,85,85,87,87,87,87,87,89,91,93,93,95,95,97,99,99,101,101,103,103,105,105,105],"card_choices":[{"not_picked":["Finisher","Sucker Punch","PiercingWail"],"picked":"SKIP","floor":1},{"not_picked":["Bouncing Flask","PiercingWail","Caltrops"],"picked":"SKIP","floor":4},{"not_picked":["Prepared","Underhanded Strike","Dagger Throw"],"picked":"SKIP","floor":5},{"not_picked":["Dodge and Roll","Calculated Gamble"],"picked":"Backflip","floor":6},{"not_picked":["Predator","Terror"],"picked":"Envenom","floor":8},{"not_picked":["Eviscerate","Skewer"],"picked":"After Image","floor":11},{"not_picked":["Bane","Slice","Dash"],"picked":"Singing Bowl","floor":13},{"not_picked":["Calculated Gamble","Noxious Fumes","Underhanded Strike"],"picked":"Singing Bowl","floor":14},{"not_picked":["Corpse Explosion","Venomology"],"picked":"After Image","floor":16},{"not_picked":["Deflect+1","Expertise","Flechettes"],"picked":"Singing Bowl","floor":18},{"not_picked":["Dodge and Roll+1","Quick Slash"],"picked":"Blade Dance+1","floor":19},{"not_picked":["Dagger Throw","Setup","Slice"],"picked":"Singing Bowl","floor":20},{"not_picked":["Endless Agony","Deflect","Dodge and Roll"],"picked":"Singing Bowl","floor":24},{"not_picked":["Flechettes","Prepared","Sucker Punch"],"picked":"Singing Bowl","floor":30},{"not_picked":["Outmaneuver","Caltrops"],"picked":"Blade Dance","floor":31},{"not_picked":["Glass Knife","Malaise"],"picked":"After Image","floor":33},{"not_picked":["Sucker Punch+1"],"picked":"Singing Bowl","floor":35},{"not_picked":["Trip"],"picked":"Singing Bowl","floor":36},{"not_picked":["Escape Plan+1"],"picked":"Singing Bowl","floor":37},{"not_picked":["Flechettes"],"picked":"Singing Bowl","floor":39},{"not_picked":["Dagger Spray+1"],"picked":"Singing Bowl","floor":41},{"not_picked":["Dagger Spray+1"],"picked":"Singing Bowl","floor":42},{"not_picked":["Catalyst+1"],"picked":"Singing Bowl","floor":44},{"not_picked":["Endless Agony"],"picked":"Singing Bowl","floor":46},{"not_picked":["Leg Sweep"],"picked":"Singing Bowl","floor":48}],"player_experience":203131,"relics_obtained":[{"floor":6,"key":"CeramicFish"},{"floor":8,"key":"Singing Bowl"},{"floor":9,"key":"Vajra"},{"floor":11,"key":"The Specimen"},{"floor":26,"key":"Matryoshka"},{"floor":30,"key":"Tiny Chest"},{"floor":43,"key":"Toy Ornithopter"},{"floor":47,"key":"Ancient Tea Set"},{"floor":47,"key":"Mercury Hourglass"}],"event_choices":[{"damage_healed":0,"gold_gain":0,"player_choice":"Paid Gold","damage_taken":0,"relics_obtained":["Nunchaku"],"max_hp_gain":0,"max_hp_loss":0,"event_name":"WeMeetAgain","floor":2,"gold_loss":65},{"damage_healed":0,"gold_gain":99,"player_choice":"Stole From Cult","damage_taken":0,"max_hp_gain":0,"max_hp_loss":0,"event_name":"Nest","floor":22,"gold_loss":0},{"damage_healed":0,"gold_gain":0,"player_choice":"Ignored","damage_taken":0,"max_hp_gain":0,"max_hp_loss":0,"event_name":"The Mausoleum","floor":28,"gold_loss":0},{"damage_healed":0,"gold_gain":0,"player_choice":"Memory 1","damage_taken":0,"max_hp_gain":0,"max_hp_loss":0,"event_name":"SensoryStone","floor":36,"gold_loss":0},{"cards_removed":["Strike_G"],"damage_healed":0,"gold_gain":0,"player_choice":"Removed Attack","damage_taken":0,"max_hp_gain":0,"max_hp_loss":0,"event_name":"Falling","floor":45,"gold_loss":0}],"is_beta":false,"boss_relics":[{"not_picked":["Philosopher\u0027s Stone","Velvet Choker"],"picked":"SacredBark"},{"not_picked":["Runic Pyramid","Tiny House"],"picked":"Busted Crown"}],"items_purged_floors":[12,21,38],"is_endless":false,"potions_floor_spawned":[1,6,11,14,16,19,24,31,33,35,37,39],"ascension_level":1}}