{"host":"072lmn9sfokvtood","time":1611276717,"event":{"mods":["BaseMod","Colored Powertips","Curses Come First","Minty Spire (QoL Compilation)","StSLib"],"gold_per_floor":[10,10,10,20,37,37,50,76,76,76,5,28,41,73,73,172,172,184,184,195,211,54,54,54,80,80,31,31,31,31,51,51,148,148,165,4,22,22,0,0,0,0,25,38,38,58,58,75,75,75],"floor_reached":51,"language":"ENG","playtime":3794,"items_purged":["Defend_P"],"score":673,"play_id":"4608cfe4-2e7e-40ff-abb5-2a336f8217e1","local_time":"20210121185157","is_ascension_mode":false,"campfire_choices":[{"data":"Eruption","floor":6.0,"key":"SMITH"},{"data":"Strike_P","floor":10.0,"key":"PURGE"},{"floor":15.0,"key":"REST"},{"data":"LessonLearned","floor":24.0,"key":"SMITH"},{"floor":28.0,"key":"REST"},{"floor":30.0,"key":"REST"},{"data":"FlurryOfBlows","floor":32.0,"key":"SMITH"},{"floor":40.0,"key":"REST"},{"floor":45.0,"key":"REST"},{"floor":47.0,"key":"REST"},{"floor":49.0,"key":"REST"}],"circlet_count":0,"master_deck":["Strike_P+1","Eruption+1","Vigilance+1","FlurryOfBlows+1","SignatureMove+1","DeceiveReality","SandsOfTime","Establishment","WindmillStrike+1","Perseverance","Protect","LessonLearned+1","CurseOfTheBell","Crescendo+1","CarveReality","Conclude","FlurryOfBlows+1","Halt+1","Swivel+1","WaveOfTheHand+1","Prostrate+1","ReachHeaven","Devotion","EmptyMind+1","Blasphemy+1","Adaptation+1","Crescendo+1","Brilliance","FollowUp+1","EmptyBody+1","FlurryOfBlows+1","Halt+1"],"relics":["PureWater","Pocketwatch","Peace Pipe","Bottled Tornado","Whetstone","Gremlin Horn","Calling Bell","Happy Flower","Toxic Egg 2","Ice Cream","Lantern","Pantograph","Astrolabe","Red Mask","Smiling Mask"],"acts_visited":["TheCity","TheBeyond"],"potions_floor_usage":[50,50,50],"damage_taken":[{"damage":2.0,"enemies":"Small Slimes","floor":1.0,"turns":3.0},{"damage":0.0,"enemies":"Jaw Worm","floor":4.0,"turns":1.0},{"damage":0.0,"enemies":"Cultist","floor":5.0,"turns":2.0},{"damage":7.0,"enemies":"Blue Slaver","floor":7.0,"turns":2.0},{"damage":0.0,"enemies":"Lagavulin","floor":8.0,"turns":3.0},{"damage":14.0,"enemies":"3 Louse","floor":13.0,"turns":3.0},{"damage":0.0,"enemies":"Gremlin Nob","floor":14.0,"turns":3.0},{"damage":34.0,"enemies":"The Guardian","floor":16.0,"turns":6.0},{"damage":4.0,"enemies":"Chosen","floor":18.0,"turns":4.0},{"damage":4.0,"enemies":"Shell Parasite","floor":20.0,"turns":3.0},{"damage":5.0,"enemies":"3 Cultists","floor":21.0,"turns":3.0},{"damage":19.0,"enemies":"Gremlin Leader","floor":25.0,"turns":4.0},{"damage":14.0,"enemies":"Centurion and Healer","floor":31.0,"turns":3.0},{"damage":41.0,"enemies":"Automaton","floor":33.0,"turns":5.0},{"damage":21.0,"enemies":"3 Shapes","floor":35.0,"turns":4.0},{"damage":38.0,"enemies":"3 Darklings","floor":37.0,"turns":3.0},{"damage":0.0,"enemies":"Maw","floor":44.0,"turns":6.0},{"damage":8.0,"enemies":"Spire Growth","floor":46.0,"turns":4.0},{"damage":18.0,"enemies":"4 Shapes","floor":48.0,"turns":3.0},{"damage":42,"enemies":"Time Eater","floor":50,"turns":5}],"seed_played":"-7381379579539522297","potions_obtained":[{"floor":5.0,"key":"AttackPotion"},{"floor":13.0,"key":"LiquidMemories"},{"floor":14.0,"key":"SpeedPotion"},{"floor":16.0,"key":"Ancient Potion"},{"floor":18.0,"key":"Explosive Potion"},{"floor":25.0,"key":"Block Potion"},{"floor":33.0,"key":"LiquidBronze"},{"floor":37.0,"key":"Ancient Potion"},{"floor":42.0,"key":"Strength Potion"},{"floor":42.0,"key":"Dexterity Potion"},{"floor":46.0,"key":"Strength Potion"}],"is_trial":false,"path_per_floor":["M","?","$","M","M","R","M","E","T","R","$","T","M","E","R","B",null,"M","?","M","M","$","?","R","E","T","$","R","?","R","M","R","B",null,"M","$","M","?","?","R","$","?","T","M","R","M","R","M","R","B",null],"character_chosen":"WATCHER","items_purchased":["Perseverance","Swivel+1","Prostrate+1","Brilliance"],"campfire_rested":7,"item_purchase_floors":[11,22,27,36],"current_hp_per_floor":[70,70,70,70,70,70,63,63,63,63,63,63,49,49,70,36,72,68,68,64,59,59,59,59,40,40,40,61,55,72,58,58,31,72,51,51,13,13,13,34,34,34,34,34,55,47,68,50,71,30],"gold":75,"neow_bonus":"ONE_RARE_RELIC","is_daily":false,"chose_seed":false,"campfire_upgraded":3,"win_rate":0.0,"timestamp":1611276717,"path_taken":["M","?","?","M","M","R","M","E","T","R","$","?","M","E","R","BOSS","M","?","M","M","$","?","R","E","T","$","R","?","R","M","R","BOSS","M","$","M","?","?","R","$","?","T","?","R","M","R","M","R","BOSS"],"items_purchased_type":["Card","Card","Card","Card"],"build_version":"2020-12-22","purchased_purges":1,"victory":true,"max_hp_per_floor":[72,72,72,72,72,72,72,72,72,72,72,72,72,72,72,72,72,72,72,72,72,72,72,72,72,72,72,72,72,72,72,72,72,72,72,72,72,72,72,72,72,72,72,72,72,72,72,72,72,72],"card_choices":[{"not_picked":["Crescendo","EmptyBody"],"picked":"FlurryOfBlows","floor":1.0},{"not_picked":["Prostrate","InnerPeace"],"picked":"DeceiveReality","floor":4.0},{"not_picked":["Consecrate","FlyingSleeves"],"picked":"SandsOfTime","floor":5.0},{"not_picked":["FlurryOfBlows","CutThroughFate"],"picked":"Establishment","floor":7.0},{"not_picked":["Crescendo","PathToVictory"],"picked":"WindmillStrike","floor":8.0},{"not_picked":["BowlingBash","EmptyMind"],"picked":"Evaluate","floor":13.0},{"not_picked":["Prostrate","ConjureBlade"],"picked":"Protect","floor":14.0},{"not_picked":["Blasphemy","Omniscience"],"picked":"LessonLearned","floor":16.0},{"not_picked":["Protect+1","Wallop"],"picked":"Crescendo+1","floor":18.0},{"not_picked":["DeceiveReality+1","EmptyFist"],"picked":"FlurryOfBlows+1","floor":20.0},{"not_picked":["EmptyMind+1","CutThroughFate"],"picked":"Halt+1","floor":21.0},{"not_picked":["ForeignInfluence+1","Fasting2"],"picked":"WaveOfTheHand+1","floor":25.0},{"not_picked":["EmptyFist","Sanctity+1"],"picked":"ReachHeaven","floor":31.0},{"not_picked":["Ragnarok","Brilliance"],"picked":"Devotion","floor":33.0},{"not_picked":["PathToVictory+1","CutThroughFate"],"picked":"Crescendo+1","floor":35.0},{"not_picked":["CutThroughFate+1","Consecrate+1"],"picked":"FollowUp+1","floor":37.0},{"not_picked":["Ragnarok","CarveReality"],"picked":"EmptyBody+1","floor":44.0},{"not_picked":["CutThroughFate","Tantrum+1"],"picked":"FlurryOfBlows+1","floor":46.0},{"not_picked":["Consecrate","ThirdEye+1"],"picked":"Halt+1","floor":48.0}],"player_experience":137028,"relics_obtained":[{"floor":8.0,"key":"Peace Pipe"},{"floor":9.0,"key":"Bottled Tornado"},{"floor":12.0,"key":"Whetstone"},{"floor":14.0,"key":"Gremlin Horn"},{"floor":17.0,"key":"Happy Flower"},{"floor":17.0,"key":"Toxic Egg 2"},{"floor":17.0,"key":"Ice Cream"},{"floor":25.0,"key":"Lantern"},{"floor":26.0,"key":"Pantograph"},{"floor":43.0,"key":"Smiling Mask"}],"event_choices":[{"damage_healed":0.0,"max_hp_gain":0.0,"max_hp_loss":0.0,"gold_gain":0.0,"cards_transformed":["Defend_P"],"event_name":"Living Wall","player_choice":"Change","floor":2.0,"gold_loss":0.0,"damage_taken":0.0,"cards_obtained":["SignatureMove"]},{"damage_healed":0.0,"max_hp_gain":0.0,"max_hp_loss":0.0,"gold_gain":0.0,"cards_transformed":["Strike_P","Defend_P"],"event_name":"Drug Dealer","player_choice":"Became Test Subject","floor":19.0,"gold_loss":0.0,"damage_taken":0.0,"cards_obtained":["CarveReality","Conclude"]},{"damage_healed":0.0,"max_hp_gain":0.0,"max_hp_loss":0.0,"gold_gain":0.0,"event_name":"Cursed Tome","player_choice":"Ignored","floor":23.0,"gold_loss":0.0,"damage_taken":0.0},{"damage_healed":0.0,"max_hp_gain":0.0,"max_hp_loss":0.0,"gold_gain":0.0,"event_name":"Knowing Skull","player_choice":"","floor":29.0,"potions_obtained":[],"gold_loss":0.0,"damage_taken":6.0,"cards_obtained":[]},{"damage_healed":0.0,"max_hp_gain":0.0,"max_hp_loss":0.0,"gold_gain":0.0,"event_name":"Mysterious Sphere","player_choice":"Ignored","floor":38.0,"gold_loss":0.0,"damage_taken":0.0},{"damage_healed":0.0,"max_hp_gain":0.0,"max_hp_loss":0.0,"gold_gain":0.0,"event_name":"Tomb of Lord Red Mask","player_choice":"Paid","floor":39.0,"gold_loss":22.0,"damage_taken":0.0,"relics_obtained":["Red Mask"]},{"damage_healed":0.0,"max_hp_gain":0.0,"max_hp_loss":0.0,"gold_gain":0.0,"event_name":"Lab","player_choice":"Got Potions","floor":42.0,"gold_loss":0.0,"damage_taken":0.0}],"is_beta":false,"boss_relics":[{"not_picked":["Snecko Eye","Runic Dome"],"picked":"Calling Bell"},{"not_picked":["Sozu","Coffee Dripper"],"picked":"Astrolabe"}],"items_purged_floors":[22],"is_endless":false,"potions_floor_spawned":[5,13,14,16,18,25,33,37,46],"ascension_level":0}}