{"host":"vyjryxuuuxkt43k4","time":1611315941,"event":{"mods":["AchievementEnabler","BaseMod","Colored Map","DeckTracker","Keyboard Shortcuts","Minty Spire (QoL Compilation)","Permanent Neow","Quick Restart","StSLib","SuperFastMode","everything is the same but u backflip on backflip"],"gold_per_floor":[118,118,36,55,55,87,87,113,168,117,117,15,15,47,47,147,147,167,177,212,212,57,57,75,37,37,37,51,66,84,84,84,84,84],"floor_reached":33,"language":"KOR","playtime":1238,"items_purged":[],"score":417,"play_id":"ebc18435-bcf4-4c3c-891d-dd50663e7f36","local_time":"20210122204541","is_ascension_mode":true,"campfire_choices":[{"floor":7.0,"key":"REST"},{"floor":11.0,"key":"REST"},{"floor":13.0,"key":"REST"},{"floor":15.0,"key":"REST"},{"floor":23.0,"key":"REST"},{"data":"Noxious Fumes","floor":27.0,"key":"SMITH"},{"floor":32,"key":"REST"}],"circlet_count":0,"master_deck":["AscendersBane","Strike_G","Strike_G","Strike_G","Strike_G","Strike_G","Defend_G","Defend_G","Defend_G","Defend_G+1","Defend_G+1","Survivor","Neutralize","Dark Shackles","Riddle With Holes","Noxious Fumes+1","Blade Dance","Well Laid Plans","PiercingWail","Backflip","Catalyst","Backstab","Footwork","Blur","A Thousand Cuts","Dodge and Roll","Unload","Prepared+1","Expertise+1","Flechettes","Corpse Explosion","Dagger Spray","Dash","Infinite Blades","Deflect+1","Endless Agony+1","Caltrops+1","Terror"],"relics":["Ring of the Snake","Bronze Scales","Letter Opener","Bag of Marbles","Dream Catcher","Paper Crane","WristBlade","Red Mask","InkBottle"],"acts_visited":["Exordium","TheCity"],"potions_floor_usage":[33],"damage_taken":[{"damage":0.0,"enemies":"Small Slimes","floor":1.0,"turns":5.0},{"damage":0.0,"enemies":"2 Louse","floor":4.0,"turns":3.0},{"damage":15.0,"enemies":"Lagavulin","floor":6.0,"turns":7.0},{"damage":28.0,"enemies":"3 Sentries","floor":8.0,"turns":9.0},{"damage":36.0,"enemies":"Gremlin Nob","floor":14.0,"turns":5.0},{"damage":16.0,"enemies":"The Guardian","floor":16.0,"turns":12.0},{"damage":6.0,"enemies":"Spheric Guardian","floor":18.0,"turns":5.0},{"damage":11.0,"enemies":"3 Byrds","floor":19.0,"turns":2.0},{"damage":33.0,"enemies":"Masked Bandits","floor":20.0,"turns":5.0},{"damage":0.0,"enemies":"Centurion and Healer","floor":24.0,"turns":6.0},{"damage":0.0,"enemies":"Chosen and Byrds","floor":28.0,"turns":4.0},{"damage":7.0,"enemies":"Sentry and Sphere","floor":29.0,"turns":5.0},{"damage":18.0,"enemies":"Shelled Parasite and Fungi","floor":30.0,"turns":6.0},{"damage":44,"enemies":"Automaton","floor":33,"turns":6}],"seed_played":"-1085730983032948732","potions_obtained":[{"floor":1.0,"key":"Dexterity Potion"},{"floor":8.0,"key":"ColorlessPotion"},{"floor":24.0,"key":"ColorlessPotion"},{"floor":29.0,"key":"SpeedPotion"},{"floor":30.0,"key":"CunningPotion"}],"is_trial":false,"path_per_floor":["M","?","$","M","?","E","R","E","T","$","R","$","R","E","R","B",null,"M","M","?","?","$","R","M","$","T","R","M","M","M","?","R","B"],"character_chosen":"THE_SILENT","items_purchased":["Noxious Fumes","Backflip","Backstab","Footwork","Corpse Explosion","Infinite Blades"],"campfire_rested":6,"item_purchase_floors":[3,10,12,12,22,25],"current_hp_per_floor":[63,49,49,49,37,22,43,15,15,15,36,36,57,21,42,26,59,53,42,9,9,9,30,30,30,30,30,30,23,5,5,26,0,0],"gold":84,"neow_bonus":"RANDOM_COLORLESS","is_daily":false,"chose_seed":false,"campfire_upgraded":1,"win_rate":0.0,"timestamp":1611315941,"path_taken":["M","?","$","M","?","E","R","E","T","?","R","$","R","E","R","BOSS","M","M","?","?","$","R","M","$","T","R","M","?","M","?","R","BOSS"],"items_purchased_type":["Card","Card","Card","Card","Card","Card"],"build_version":"2020-12-22","purchased_purges":0,"victory":false,"max_hp_per_floor":[70,70,70,70,70,70,70,70,70,70,70,70,70,70,70,70,70,70,70,70,70,70,70,70,70,70,70,70,70,70,70,70,70,70],"card_choices":[{"not_picked":["Madness","Panacea"],"picked":"Dark Shackles","floor":0.0},{"not_picked":["Eviscerate","Expertise"],"picked":"Riddle With Holes","floor":1.0},{"not_picked":["Deadly Poison","PiercingWail"],"picked":"Blade Dance","floor":4.0},{"not_picked":["Underhanded Strike","Poisoned Stab"],"picked":"Well Laid Plans","floor":6.0},{"not_picked":["Flying Knee","Deflect"],"picked":"PiercingWail","floor":8.0},{"not_picked":["Acrobatics","Blade Dance"],"picked":"Catalyst","floor":11.0},{"not_picked":["Prepared","Sucker Punch"],"picked":"Blur","floor":13.0},{"not_picked":["PiercingWail","Blade Dance"],"picked":"A Thousand Cuts","floor":14.0},{"not_picked":["Bouncing Flask","Prepared"],"picked":"Dodge and Roll","floor":15.0},{"not_picked":["Doppelganger","Malaise"],"picked":"Unload","floor":16.0},{"not_picked":["Blur","Sucker Punch+1"],"picked":"Prepared+1","floor":18.0},{"not_picked":["Caltrops","Eviscerate"],"picked":"Expertise+1","floor":19.0},{"not_picked":["Prepared","Underhanded Strike"],"picked":"Flechettes","floor":20.0},{"not_picked":["Blade Dance","Dagger Throw"],"picked":"Dagger Spray","floor":23.0},{"not_picked":["Tools of the Trade","Dagger Spray"],"picked":"Dash","floor":24.0},{"not_picked":["Prepared+1","Caltrops"],"picked":"Deflect+1","floor":28.0},{"not_picked":["Slice","Deadly Poison"],"picked":"Endless Agony+1","floor":29.0},{"not_picked":["Eviscerate","Choke"],"picked":"Caltrops+1","floor":30.0},{"not_picked":["All Out Attack","PiercingWail+1"],"picked":"Terror","floor":32}],"player_experience":227631,"relics_obtained":[{"floor":6.0,"key":"Letter Opener"},{"floor":8.0,"key":"Bag of Marbles"},{"floor":9.0,"key":"Dream Catcher"},{"floor":14.0,"key":"Paper Crane"},{"floor":20.0,"key":"Red Mask"},{"floor":26.0,"key":"InkBottle"}],"event_choices":[{"damage_healed":0.0,"max_hp_gain":0.0,"max_hp_loss":0.0,"gold_gain":0.0,"event_name":"Shining Light","player_choice":"Entered Light","floor":2.0,"gold_loss":0.0,"damage_taken":14.0,"cards_upgraded":["Defend_G","Defend_G"]},{"damage_healed":0.0,"max_hp_gain":0.0,"max_hp_loss":0.0,"gold_gain":0.0,"event_name":"Scrap Ooze","player_choice":"Success","floor":5.0,"gold_loss":0.0,"damage_taken":12.0,"relics_obtained":["Bronze Scales"]},{"damage_healed":0.0,"max_hp_gain":0.0,"max_hp_loss":0.0,"gold_gain":0.0,"event_name":"Masked Bandits","player_choice":"Fought Bandits","floor":20.0,"gold_loss":0.0,"damage_taken":0.0},{"damage_healed":0.0,"max_hp_gain":0.0,"max_hp_loss":0.0,"gold_gain":0.0,"event_name":"N\u0027loth","player_choice":"Ignored","floor":21.0,"gold_loss":0.0,"damage_taken":0.0},{"damage_healed":0,"gold_gain":0,"player_choice":"Ignored","damage_taken":0,"max_hp_gain":0,"max_hp_loss":0,"event_name":"The Mausoleum","floor":31,"gold_loss":0}],"is_beta":false,"boss_relics":[{"not_picked":["Empty Cage","SlaversCollar"],"picked":"WristBlade"}],"items_purged_floors":[],"is_endless":false,"potions_floor_spawned":[1,8,24,29,30],"killed_by":"Automaton","ascension_level":10}}