{"host":"e6sgj53qqwx3piqv","time":1611345585,"event":{"mods":["AchievementEnabler","Aspiration","BaseMod","BetterRewards","Colored Powertips","Downfall","Hermit","Highlight Path","Hubris","Infinite Spire","Minty Spire (QoL Compilation)","Quick Restart","Rare Cards Sparkle","Replay The Spire","Shop Mod","StSLib","The Cursed","The Disciple","The Jungle","The Runesmith"],"gold_per_floor":[159,7,7,7,7,118,220,325,325,325,9,51,51,120,120,420,420,489,489,689,734,101,200,302,52,104,31,43,124,161,182,194,530,542,605,517,0,21,33,141,153,207,243,363,402,414,18,27,27,27,27,27,27,114,114],"floor_reached":56,"language":"ENG","playtime":2215,"items_purged":[],"score":1699,"play_id":"aa573e84-8941-4bcf-9efc-62746ceba7b3","local_time":"20210122145945","daily_mods":["Allstar","Colorless Cards","Heirloom","Time Dilation","Flight","downfall:Lament","Midas"],"is_ascension_mode":false,"campfire_choices":[{"floor":10,"key":"RECALL"},{"floor":13,"key":"REST"},{"floor":15,"key":"REST"},{"floor":49,"key":"REST"},{"floor":52,"key":"REST"}],"circlet_count":0,"master_deck":["Strike_G","Strike_G","Strike_G","Strike_G","Strike_G","Defend_G","Defend_G","Defend_G","Defend_G+1","Survivor","Neutralize","Violence","hubris:Insight","Master of Strategy","Discovery","Replay:Sssssssssshield","Mind Blast","Quick Slash","infinitespire:Fortify","Terror+1","Finesse","Leg Sweep","Slice","Hidden Blade","Deflect","Riddle With Holes","Hidden Blade","After Image","Hidden Blade+1","Blade Dance+1","Envenom","Footwork","Endless Agony","Quick Slash","Riddle With Holes","Deep Breath","Blade Dance","Backflip","RitualDagger","Crow Ritual+1","Riddle With Holes","Sickly","Bouncing Flask+1","Blade Dance","Dash+1","Dramatic Entrance","Metamorphosis+1","hubris:Insight","Bandage Up+1","Finesse+1","Slice+1","Deflect+1","Poisoned Stab+1","Slice+1","Dagger Spray+1","Writhe","Blade Dance"],"relics":["Ring of the Snake","NeowsBlessing","infinitespire:Joker Card","hubris:OldNail","CeramicFish","Ancient Tea Set","The Courier","Runesmith:AutoHammer","Nunchaku","Odd Mushroom","Fusion Hammer","aspiration:RitualStick","Ornamental Fan","Akabeko","War Paint","aspiration:ArtOfWarUpgrade","hubris:SlimyHat","Golden Egg","MawBank","hubris:CrystalStatue","Boot","Sozu","Red Mask","Ring of Hypnosis","hubris:Icosahedron","Potion Belt","Smiling Mask","Slimebound:StickyStick","TheAbacus","ReplayTheSpireMod:Shallot"],"acts_visited":["Exordium","TheCity","TheBeyond","TheEnding"],"potions_floor_usage":[14,35],"damage_taken":[{"damage":0,"enemies":"Cultist","floor":1,"turns":1},{"damage":0,"enemies":"Gremlin Nob","floor":6,"turns":1},{"damage":0,"enemies":"Lagavulin","floor":7,"turns":1},{"damage":39,"enemies":"Gremlin Nob","floor":8,"turns":6},{"damage":0,"enemies":"2 Louse","floor":12,"turns":1},{"damage":4,"enemies":"The Mushroom Lair","floor":14,"turns":4},{"damage":41,"enemies":"Fading Forest","floor":16,"turns":11},{"damage":0,"enemies":"3 Byrds","floor":18,"turns":4},{"damage":0,"enemies":"Shell Parasite","floor":21,"turns":2},{"damage":6,"enemies":"Book of Stabbing","floor":23,"turns":4},{"damage":3,"enemies":"Replay:Snechameleon","floor":24,"turns":3},{"damage":0,"enemies":"Chosen and Byrds","floor":29,"turns":3},{"damage":0,"enemies":"Champ","floor":33,"turns":4},{"damage":17,"enemies":"3 Darklings","floor":35,"turns":3},{"damage":0,"enemies":"Nemesis","floor":40,"turns":1},{"damage":0,"enemies":"3 Shapes","floor":42,"turns":1},{"damage":0,"enemies":"Giant Head","floor":44,"turns":2},{"damage":0,"enemies":"hubris:GrandSnecko","floor":50,"turns":1},{"damage":0,"enemies":"Shield and Spear","floor":54,"turns":3},{"damage":24,"enemies":"The Heart","floor":55,"turns":4}],"seed_played":"1050763934669028980","potions_obtained":[{"floor":6,"key":"Elixir"},{"floor":7,"key":"Poison Potion"},{"floor":14,"key":"Dexterity Potion"},{"floor":16,"key":"LiquidMemories"},{"floor":18,"key":"Death Potion"},{"floor":33,"key":"infinitespire:BlackPotion"}],"is_trial":true,"path_per_floor":["M","$","?","?","?","E","E","E","T","R","$","M","R","?","R","B",null,"M","?","?","M","$","E","E","$","T","?","?","M","T","?","R","B",null,"M","NS","?","?","?","E","R","M","T","E","?","R","$","?","R","B",null,"R","$","E","B",null],"character_chosen":"THE_SILENT","items_purchased":["hubris:OldNail","Slice","Hidden Blade","Runesmith:AutoHammer","Nunchaku","Deflect","Envenom","Footwork","Endless Agony","Ornamental Fan","Akabeko","War Paint","Quick Slash","Blade Dance","Backflip","Golden Egg","Bandage Up","Finesse","Slice","Deflect","Poisoned Stab","Slice","TheAbacus","Dagger Spray"],"campfire_rested":4,"item_purchase_floors":[2,11,11,11,11,11,22,22,22,22,22,22,22,25,25,25,47,47,47,47,47,47,47,47],"current_hp_per_floor":[70,70,70,70,53,53,53,14,14,14,14,14,35,31,52,21,70,70,56,56,56,56,50,47,47,47,47,47,47,47,41,62,62,70,53,53,53,53,53,53,53,53,53,53,43,43,43,61,70,70,70,70,70,70,48],"gold":114,"neow_bonus":"","is_daily":false,"chose_seed":false,"campfire_upgraded":0,"win_rate":0.0,"timestamp":1611345585,"path_taken":["M","$","?","?","?","E","E","E","T","R","?","?","R","?","R","BOSS","M","?","?","?","$","E","E","?","T","?","?","?","?","?","R","BOSS","M","NS","?","?","?","E","R","?","T","E","?","R","$","?","R","BOSS","R","$","E","BOSS"],"items_purchased_type":["Relic","Card","Card","Relic","Relic","Card","Card","Card","Card","Relic","Relic","Relic","Card","Card","Card","Relic","Card","Card","Card","Card","Card","Card","Relic","Card"],"build_version":"2020-12-22","purchased_purges":0,"victory":true,"max_hp_per_floor":[70,70,70,70,70,70,70,70,70,70,70,70,70,70,70,70,70,70,70,70,70,70,70,70,70,70,70,70,70,70,70,70,70,70,70,70,70,70,70,70,70,70,70,70,70,70,70,70,70,70,70,70,70,70,70],"card_choices":[{"not_picked":["Concentrate","Quick Slash"],"picked":"Mind Blast","floor":1},{"not_picked":["infinitespire:Collect","infinitespire:SealOfDarkness+"],"picked":"infinitespire:Fortify","floor":5},{"not_picked":["Poisoned Stab","hubris:SlightOfHand"],"picked":"Terror","floor":6},{"not_picked":["Secret Technique","PiercingWail"],"picked":"Finesse","floor":7},{"not_picked":["Forethought","Dagger Spray"],"picked":"Leg Sweep","floor":8},{"not_picked":["Underhanded Strike","Outmaneuver"],"picked":"Riddle With Holes","floor":12},{"not_picked":["Prepared","ReplayTheSpireMod:Shiv Toss"],"picked":"Hidden Blade","floor":14},{"not_picked":["Chrysalis","Doppelganger"],"picked":"After Image","floor":16},{"not_picked":["hubris:SlightOfHand","PiercingWail"],"picked":"Hidden Blade","floor":18},{"not_picked":["Dagger Spray","Slice"],"picked":"Blade Dance+1","floor":21},{"not_picked":["Dodge and Roll","Footwork"],"picked":"Riddle With Holes","floor":23},{"not_picked":["Predator","Masterful Stab+1"],"picked":"Deep Breath","floor":24},{"not_picked":["Quick Slash","Concentrate"],"picked":"Slice+1","floor":29},{"not_picked":["Poison Darts","Night Terror"],"picked":"Crow Ritual","floor":33},{"not_picked":["Sneak Up","Bane+1"],"picked":"Riddle With Holes","floor":35},{"not_picked":["Finesse+1","ReplayTheSpireMod:The Works"],"picked":"Bouncing Flask+1","floor":40},{"not_picked":["Cloak And Dagger","Underhanded Strike"],"picked":"Blade Dance","floor":42},{"not_picked":["Outmaneuver","Leg Sweep+1"],"picked":"Dash+1","floor":44},{"not_picked":["Purity","Discovery"],"picked":"Dramatic Entrance","floor":45},{"not_picked":["Replay:Sssssssssstrike","Magnetism"],"picked":"Metamorphosis","floor":45},{"not_picked":["hubris:Ssssneak","Deep Breath"],"picked":"hubris:Insight","floor":45},{"not_picked":["Quick Slash","hubris:Counter"],"picked":"Blade Dance","floor":54}],"player_experience":216424,"relics_obtained":[{"floor":6,"key":"CeramicFish"},{"floor":7,"key":"Ancient Tea Set"},{"floor":8,"key":"The Courier"},{"floor":14,"key":"Odd Mushroom"},{"floor":23,"key":"Art of War"},{"floor":24,"key":"hubris:SlimyHat"},{"floor":26,"key":"MawBank"},{"floor":30,"key":"Boot"},{"floor":38,"key":"Ring of Hypnosis"},{"floor":40,"key":"Potion Belt"},{"floor":43,"key":"Smiling Mask"},{"floor":44,"key":"Slimebound:StickyStick"},{"floor":54,"key":"ReplayTheSpireMod:Shallot"}],"event_choices":[{"damage_healed":0,"gold_gain":0,"player_choice":"Fought Mushrooms","damage_taken":0,"max_hp_gain":0,"max_hp_loss":0,"event_name":"Mushrooms","floor":14,"gold_loss":0},{"damage_healed":0,"gold_gain":250,"player_choice":"Bet on Owner","damage_taken":0,"max_hp_gain":0,"max_hp_loss":0,"event_name":"The Joust","floor":20,"gold_loss":50},{"damage_healed":0,"gold_gain":0,"player_choice":"Obtained Relic","damage_taken":0,"relics_obtained":["hubris:CrystalStatue"],"max_hp_gain":0,"max_hp_loss":0,"event_name":"Addict","floor":27,"gold_loss":85},{"damage_healed":0,"gold_gain":0,"player_choice":"Ignored","damage_taken":0,"max_hp_gain":0,"max_hp_loss":0,"event_name":"Ghosts","floor":28,"gold_loss":0},{"damage_healed":0,"gold_gain":0,"player_choice":"Joined the Cult","damage_taken":6,"max_hp_gain":0,"max_hp_loss":0,"event_name":"Nest","floor":31,"gold_loss":0,"cards_obtained":["RitualDagger"]},{"damage_healed":0,"gold_gain":0,"player_choice":"Paid","damage_taken":0,"relics_obtained":["Red Mask"],"max_hp_gain":0,"max_hp_loss":0,"event_name":"Tomb of Lord Red Mask","floor":37,"gold_loss":529},{"damage_healed":0,"gold_gain":0,"player_choice":"Memory 3","damage_taken":10,"max_hp_gain":0,"max_hp_loss":0,"event_name":"SensoryStone","floor":45,"gold_loss":0},{"damage_healed":18,"gold_gain":0,"player_choice":"Writhe","damage_taken":0,"max_hp_gain":0,"max_hp_loss":0,"event_name":"Winding Halls","floor":48,"gold_loss":0,"cards_obtained":["Writhe"]}],"is_beta":false,"boss_relics":[{"not_picked":["Replay:Fungal Core","Velvet Choker"],"picked":"Fusion Hammer"},{"not_picked":["Ring of the Serpent","infinitespire:Cupcake"],"picked":"Sozu"}],"items_purged_floors":[],"is_endless":false,"potions_floor_spawned":[6,7,14,16,18,33,35,40,42],"ascension_level":0}}