{"host":"t1puqh5lxz8sp6fn","time":1611342838,"event":{"mods":["AchievementEnabler","BaseMod","Colored Powertips","Minty Spire (QoL Compilation)","Rare Cards Sparkle","Relic Stats","StSLib"],"gold_per_floor":[111,123,136,148,159,159,190,190,190,222,277,277,295,29,29,133,133,150,163,163,163,21,21,51,51,51,68,68,68,93,2,2,102,102,122,122,134,134,154,154,184,184,184,216,236,250,250,43,43,43,43,43,2,35,35],"floor_reached":56,"playtime":4182,"items_purged":["Shame","Defend_G"],"score":1830,"play_id":"2311b14e-3536-4b56-8464-b0a1c8b9fd67","local_time":"20210122161358","is_ascension_mode":true,"campfire_choices":[{"data":"Predator","floor":6.0,"key":"SMITH"},{"floor":8.0,"key":"REST"},{"floor":15.0,"key":"REST"},{"data":"Apotheosis","floor":23.0,"key":"SMITH"},{"floor":25.0,"key":"REST"},{"floor":32.0,"key":"RECALL"},{"floor":40.0,"key":"REST"},{"floor":47,"key":"REST"},{"floor":49,"key":"REST"},{"floor":52,"key":"REST"}],"circlet_count":0,"master_deck":["AscendersBane","Strike_G+1","Strike_G+1","Defend_G","Defend_G","Defend_G","Defend_G","Survivor","Neutralize+1","Deadly Poison","PiercingWail","Predator+1","Heel Hook+1","Slice","Doppelganger+1","Calculated Gamble+1","Backflip+1","Apotheosis+1","Footwork","Corpse Explosion","CurseOfTheBell","Footwork","Well Laid Plans","Sucker Punch+1","Footwork","Leg Sweep","Terror+1","Purity","Malaise","Cloak And Dagger","Escape Plan+1","Doppelganger+1","Dagger Spray+1","Wraith Form v2","Outmaneuver+1","Noxious Fumes","Acrobatics+1","Tools of the Trade","Night Terror"],"relics":["Ring of the Snake","Bag of Preparation","HornCleat","Juzu Bracelet","Darkstone Periapt","Calling Bell","War Paint","Ornamental Fan","Ice Cream","Toy Ornithopter","Bird Faced Urn","Paper Crane","Torii","Ancient Tea Set","Fusion Hammer","Whetstone","Ninja Scroll","Membership Card","Bottled Flame"],"acts_visited":["Exordium","TheCity","TheBeyond","TheEnding"],"potions_floor_usage":[55,55],"damage_taken":[{"damage":0.0,"enemies":"Cultist","floor":1.0,"turns":5.0},{"damage":7.0,"enemies":"2 Louse","floor":2.0,"turns":4.0},{"damage":0.0,"enemies":"Jaw Worm","floor":3.0,"turns":4.0},{"damage":11.0,"enemies":"Large Slime","floor":4.0,"turns":9.0},{"damage":3.0,"enemies":"Looter","floor":5.0,"turns":3.0},{"damage":31.0,"enemies":"Lagavulin","floor":7.0,"turns":7.0},{"damage":2.0,"enemies":"3 Sentries","floor":10.0,"turns":7.0},{"damage":21.0,"enemies":"Lagavulin Event","floor":11.0,"turns":5.0},{"damage":0.0,"enemies":"3 Louse","floor":13.0,"turns":3.0},{"damage":0.0,"enemies":"Hexaghost","floor":16.0,"turns":9.0},{"damage":2.0,"enemies":"Chosen","floor":18.0,"turns":5.0},{"damage":6.0,"enemies":"3 Byrds","floor":19.0,"turns":3.0},{"damage":26.0,"enemies":"Gremlin Leader","floor":24.0,"turns":7.0},{"damage":14.0,"enemies":"Shelled Parasite and Fungi","floor":27.0,"turns":6.0},{"damage":1.0,"enemies":"Book of Stabbing","floor":30.0,"turns":9.0},{"damage":40.0,"enemies":"Champ","floor":33.0,"turns":16.0},{"damage":1.0,"enemies":"Orb Walker","floor":35.0,"turns":5.0},{"damage":0.0,"enemies":"3 Shapes","floor":37.0,"turns":6.0},{"damage":0.0,"enemies":"Sphere and 2 Shapes","floor":39.0,"turns":5.0},{"damage":14.0,"enemies":"Reptomancer","floor":41.0,"turns":9.0},{"damage":10.0,"enemies":"Giant Head","floor":44.0,"turns":11.0},{"damage":48.0,"enemies":"Transient","floor":45.0,"turns":5.0},{"damage":2,"enemies":"Writhing Mass","floor":46,"turns":8},{"damage":26,"enemies":"Awakened One","floor":50,"turns":17},{"damage":9,"enemies":"Shield and Spear","floor":54,"turns":7},{"damage":100,"enemies":"The Heart","floor":55,"turns":15}],"seed_played":"1378167663471070502","potions_obtained":[{"floor":2.0,"key":"EssenceOfSteel"},{"floor":4.0,"key":"Regen Potion"},{"floor":7.0,"key":"CunningPotion"},{"floor":11.0,"key":"SkillPotion"},{"floor":13.0,"key":"LiquidBronze"},{"floor":19.0,"key":"Energy Potion"},{"floor":27.0,"key":"Regen Potion"},{"floor":30.0,"key":"Block Potion"},{"floor":37.0,"key":"Energy Potion"},{"floor":46,"key":"GhostInAJar"}],"is_trial":false,"path_per_floor":["M","M","M","M","M","R","E","R","T","E","?","?","M","$","R","B",null,"M","M","?","?","$","R","E","R","T","M","T","?","E","$","R","B",null,"M","?","M","?","M","R","E","?","T","E","M","M","R","$","R","B",null,"R","$","E","B",null],"character_chosen":"THE_SILENT","items_purchased":["Apotheosis","Footwork","Well Laid Plans","Purity","Membership Card","Tools of the Trade"],"campfire_rested":7,"item_purchase_floors":[14,14,22,31,48,53],"current_hp_per_floor":[63,56,56,45,42,42,11,32,32,45,24,10,10,10,31,31,66,64,58,58,64,64,64,43,67,67,59,59,59,66,66,66,34,70,77,77,82,82,82,82,68,68,68,68,28,38,62,62,82,66,78,82,82,80,13],"gold":35,"neow_bonus":"UPGRADE_CARD","is_daily":false,"chose_seed":false,"campfire_upgraded":2,"win_rate":0.0,"timestamp":1611342838,"path_taken":["M","M","M","M","?","R","E","R","T","E","?","?","M","$","R","BOSS","M","M","?","?","$","R","E","R","T","M","?","?","E","?","R","BOSS","M","?","M","?","M","R","E","?","T","E","M","M","R","?","R","BOSS","R","$","E","BOSS"],"items_purchased_type":["Card","Card","Card","Card","Relic","Card"],"build_version":"2020-12-13","purchased_purges":2,"victory":true,"max_hp_per_floor":[70,70,70,70,70,70,70,70,70,70,70,70,70,70,70,70,76,76,76,76,82,82,82,82,82,82,82,82,82,82,82,82,82,82,82,82,82,82,82,82,82,82,82,82,82,82,82,82,82,82,82,82,82,82,82],"relic_stats":{"Darkstone Periapt":12,"Torii":20,"counters":[26,190],"Ornamental Fan":[184],"Bird Faced Urn":[96],"Bag of Preparation":[30],"Juzu Bracelet":2,"Whetstone":["Strike_G","Heel Hook"],"War Paint":["Backflip","Doppelganger"],"obtain_stats":[{"Darkstone Periapt":11,"Ice Cream":17,"Torii":28,"Bag of Preparation":7,"Juzu Bracelet":10,"Whetstone":41,"War Paint":17,"Paper Crane":26,"Ancient Tea Set":30,"Calling Bell":17,"Bottled Flame":54,"HornCleat":9,"Ornamental Fan":17,"Ninja Scroll":44,"Bird Faced Urn":24,"Fusion Hammer":34,"Membership Card":48,"Toy Ornithopter":21,"Ring of the Snake":0},{"Darkstone Periapt":8,"Ice Cream":10,"Torii":14,"Bag of Preparation":6,"Juzu Bracelet":7,"Whetstone":20,"War Paint":10,"Paper Crane":13,"Ancient Tea Set":15,"Calling Bell":10,"Bottled Flame":25,"HornCleat":6,"Ornamental Fan":10,"Ninja Scroll":21,"Bird Faced Urn":13,"Fusion Hammer":16,"Membership Card":23,"Toy Ornithopter":12,"Ring of the Snake":0},{"Darkstone Periapt":44,"Ice Cream":56,"Torii":77,"Bag of Preparation":32,"Juzu Bracelet":39,"Whetstone":127,"War Paint":56,"Paper Crane":71,"Ancient Tea Set":86,"Calling Bell":56,"Bottled Flame":175,"HornCleat":32,"Ornamental Fan":56,"Ninja Scroll":138,"Bird Faced Urn":71,"Fusion Hammer":102,"Membership Card":151,"Toy Ornithopter":64,"Ring of the Snake":0}],"Toy Ornithopter":14,"Ring of the Snake":[52]},"card_choices":[{"not_picked":["Backflip","Slice"],"picked":"Deadly Poison","floor":1.0},{"not_picked":["Outmaneuver","Choke"],"picked":"PiercingWail","floor":2.0},{"not_picked":["Underhanded Strike","Blade Dance"],"picked":"Predator","floor":3.0},{"not_picked":["Setup","Dagger Throw"],"picked":"Heel Hook","floor":4.0},{"not_picked":["Prepared","Outmaneuver"],"picked":"Slice","floor":5.0},{"not_picked":["Grand Finale","Predator","Flechettes"],"picked":"SKIP","floor":7.0},{"not_picked":["Footwork","Accuracy"],"picked":"Doppelganger","floor":10.0},{"not_picked":["Escape Plan","Flying Knee"],"picked":"Calculated Gamble","floor":11.0},{"not_picked":["Dodge and Roll","Tactician"],"picked":"Backflip","floor":13.0},{"not_picked":["Die Die Die","Grand Finale"],"picked":"Corpse Explosion","floor":16.0},{"not_picked":["Outmaneuver","Deadly Poison"],"picked":"Footwork","floor":18.0},{"not_picked":["Concentrate+1","Reflex","Riddle With Holes+1"],"picked":"SKIP","floor":19.0},{"not_picked":["Backflip","Heel Hook+1","Deflect"],"picked":"SKIP","floor":24.0},{"not_picked":["Backflip+1","Dagger Spray"],"picked":"Sucker Punch+1","floor":27.0},{"not_picked":["Tactician","Dash"],"picked":"Terror+1","floor":30.0},{"not_picked":["Doppelganger","Venomology"],"picked":"Malaise","floor":33.0},{"not_picked":["Dagger Throw+1","Slice+1"],"picked":"Cloak And Dagger","floor":35.0},{"not_picked":["Bouncing Flask","Deadly Poison+1"],"picked":"Escape Plan+1","floor":37.0},{"not_picked":["Bane","Slice"],"picked":"Dagger Spray+1","floor":39.0},{"not_picked":["Phantasmal Killer","Tools of the Trade"],"picked":"Wraith Form v2","floor":41.0},{"not_picked":["Deflect+1","Reflex"],"picked":"Outmaneuver+1","floor":44.0},{"not_picked":["Well Laid Plans","All Out Attack"],"picked":"Noxious Fumes","floor":45.0},{"not_picked":["Dagger Throw+1","Cloak And Dagger+1"],"picked":"Acrobatics+1","floor":46},{"not_picked":["Masterful Stab+1","Bane"],"picked":"Night Terror","floor":54}],"player_experience":439177,"relics_obtained":[{"floor":7.0,"key":"Bag of Preparation"},{"floor":9.0,"key":"HornCleat"},{"floor":10.0,"key":"Juzu Bracelet"},{"floor":11.0,"key":"Darkstone Periapt"},{"floor":17.0,"key":"War Paint"},{"floor":17.0,"key":"Ornamental Fan"},{"floor":17.0,"key":"Ice Cream"},{"floor":24.0,"key":"Bird Faced Urn"},{"floor":26.0,"key":"Paper Crane"},{"floor":28.0,"key":"Torii"},{"floor":30.0,"key":"Ancient Tea Set"},{"floor":41.0,"key":"Whetstone"},{"floor":44.0,"key":"Ninja Scroll"},{"floor":54,"key":"Bottled Flame"}],"event_choices":[{"damage_healed":0.0,"max_hp_gain":0.0,"max_hp_loss":0.0,"gold_gain":0.0,"event_name":"Dead Adventurer","player_choice":"Searched \u00271\u0027 times","floor":11.0,"gold_loss":0.0,"damage_taken":0.0},{"damage_healed":0.0,"max_hp_gain":0.0,"max_hp_loss":0.0,"gold_gain":0.0,"event_name":"Shining Light","player_choice":"Entered Light","floor":12.0,"gold_loss":0.0,"damage_taken":14.0,"cards_upgraded":["Strike_G","Calculated Gamble"]},{"damage_healed":0.0,"max_hp_gain":0.0,"max_hp_loss":0.0,"gold_gain":0.0,"event_name":"Ghosts","player_choice":"Ignored","floor":20.0,"gold_loss":0.0,"damage_taken":0.0},{"damage_healed":0.0,"max_hp_gain":0.0,"max_hp_loss":0.0,"gold_gain":0.0,"event_name":"Addict","player_choice":"Stole Relic","floor":21.0,"gold_loss":0.0,"damage_taken":0.0,"relics_obtained":["Toy Ornithopter"],"cards_obtained":["Shame"]},{"damage_healed":0.0,"max_hp_gain":0.0,"max_hp_loss":0.0,"gold_gain":0.0,"cards_transformed":["Strike_G","Strike_G"],"event_name":"Drug Dealer","player_choice":"Became Test Subject","floor":29.0,"gold_loss":0.0,"damage_taken":0.0,"cards_obtained":["Footwork","Leg Sweep"]},{"cards_removed":["Strike_G"],"damage_healed":0.0,"max_hp_gain":0.0,"max_hp_loss":0.0,"gold_gain":0.0,"event_name":"Purifier","player_choice":"Purged","floor":36.0,"gold_loss":0.0,"damage_taken":0.0},{"damage_healed":0.0,"max_hp_gain":0.0,"max_hp_loss":0.0,"gold_gain":0.0,"event_name":"Duplicator","player_choice":"Copied","floor":38.0,"gold_loss":0.0,"damage_taken":0.0,"cards_obtained":["Doppelganger"]},{"damage_healed":0.0,"max_hp_gain":0.0,"max_hp_loss":0.0,"gold_gain":0.0,"event_name":"The Woman in Blue","player_choice":"Bought 0 Potions","floor":42.0,"gold_loss":0.0,"damage_taken":0.0}],"is_beta":false,"boss_relics":[{"not_picked":["WristBlade","Coffee Dripper"],"picked":"Calling Bell"},{"not_picked":["Ring of the Serpent","Runic Dome"],"picked":"Fusion Hammer"}],"items_purged_floors":[22,48],"is_endless":false,"potions_floor_spawned":[2,4,7,11,13,19,27,30,35,37,46],"ascension_level":11}}