{"host":"p7cjtxxrilhp4dw7","time":1611341686,"event":{"mods":["BaseMod","Block Reminder","Colored Map","Highlight Path","Minty Spire (QoL Compilation)","Replay The Spire","StSLib","The Hierophant"],"gold_per_floor":[348,348,361,364,63,72,72,87,158,333,333,333,283,283,283,344,344,371,311,311,334,334,334,309,309],"floor_reached":24,"language":"ENG","playtime":2311,"items_purged":[],"score":265,"play_id":"554b8acb-153e-47be-8ca9-5681616cbf90","local_time":"20210122115446","is_ascension_mode":true,"campfire_choices":[{"data":"hierophant:Generosity","floor":7,"key":"SMITH"},{"floor":12,"key":"REST"},{"floor":15,"key":"REST"},{"data":"hierophant:Charity","floor":23,"key":"SMITH"}],"circlet_count":0,"master_deck":["hierophant:Strike_Hierophant","hierophant:Strike_Hierophant","hierophant:Strike_Hierophant","hierophant:Strike_Hierophant","hierophant:Punish+1","hierophant:Defend_Hierophant","hierophant:Defend_Hierophant","hierophant:Defend_Hierophant","hierophant:Defend_Hierophant","hierophant:ChurchCoffers+1","hierophant:MorningPrayer","hierophant:AuricShield","hierophant:RustyCrate","hierophant:Doubloon","hierophant:Doubloon","hierophant:CoinFling","hierophant:Doubloon","hierophant:Generosity+1","hierophant:Doubloon","hierophant:Doubloon","hierophant:Charity+1","hierophant:OrnateJavelin","hierophant:Blessing","hierophant:Doubloon","hierophant:Dazzle"],"relics":["hierophant:PropheticMaskRelic","Membership Card","Unceasing Top","Replay:Bandana","Matryoshka","Replay:Bronze Core","MutagenicStrength"],"acts_visited":["Exordium","TheCity"],"potions_floor_usage":[6,16,24,24,24],"damage_taken":[{"damage":0,"enemies":"Jaw Worm","floor":1,"turns":3},{"damage":1,"enemies":"2 Louse","floor":3,"turns":2},{"damage":0,"enemies":"Small Slimes","floor":4,"turns":3},{"damage":13,"enemies":"3 Sentries","floor":6,"turns":7},{"damage":46,"enemies":"Gremlin Nob","floor":8,"turns":6},{"damage":25,"enemies":"Fading Forest","floor":16,"turns":11},{"damage":1,"enemies":"Spheric Guardian","floor":18,"turns":3},{"damage":0,"enemies":"3 Byrds","floor":21,"turns":4},{"damage":62,"enemies":"Book of Stabbing","floor":24,"turns":7}],"seed_played":"-8336493489237795390","potions_obtained":[{"floor":1,"key":"Explosive Potion"},{"floor":4,"key":"Energy Potion"},{"floor":21,"key":"EntropicBrew"}],"is_trial":false,"path_per_floor":["M","?","M","M","$","E","R","E","T","?","?","R","?","?","R","B",null,"M","?","?","M","?","R","E"],"character_chosen":"HIEROPHANT","items_purchased":["hierophant:CoinFling","Membership Card","hierophant:Generosity"],"campfire_rested":2,"item_purchase_floors":[5,5,5],"current_hp_per_floor":[68,68,67,67,67,54,54,8,8,8,8,28,28,28,48,37,68,67,67,78,78,78,78,23,23],"gold":309,"neow_bonus":"TWO_FIFTY_GOLD","is_daily":false,"chose_seed":false,"campfire_upgraded":2,"win_rate":0.0,"timestamp":1611341686,"path_taken":["M","?","M","M","$","E","R","E","T","?","?","R","?","?","R","BOSS","M","?","?","?","?","R","E"],"items_purchased_type":["Card","Relic","Card"],"build_version":"2020-12-22","purchased_purges":0,"victory":false,"max_hp_per_floor":[68,68,68,68,68,68,68,68,68,68,68,68,68,68,68,68,68,68,68,78,78,78,78,78,78],"card_choices":[{"not_picked":["hierophant:PristineSoul","hierophant:Doomsaying"],"picked":"hierophant:MorningPrayer","floor":1},{"not_picked":["hierophant:FieryStrike","hierophant:Sermon"],"picked":"hierophant:AuricShield","floor":3},{"not_picked":["hierophant:Purify","hierophant:SealAway"],"picked":"hierophant:RustyCrate","floor":4},{"not_picked":["hierophant:FieryStrike","hierophant:Zeal"],"picked":"hierophant:Charity","floor":6},{"not_picked":["hierophant:Remorse","hierophant:Encroach"],"picked":"hierophant:OrnateJavelin","floor":8},{"not_picked":["hierophant:Levitation","hierophant:Batter"],"picked":"hierophant:Invocation","floor":16},{"not_picked":["hierophant:ThreeLashes","hierophant:FaithHealing"],"picked":"hierophant:Blessing","floor":18},{"not_picked":["hierophant:Encroach","hierophant:Remorse"],"picked":"hierophant:Dazzle","floor":21}],"player_experience":554245,"relics_obtained":[{"floor":6,"key":"Unceasing Top"},{"floor":8,"key":"Replay:Bandana"},{"floor":9,"key":"Matryoshka"}],"event_choices":[{"damage_healed":0,"gold_gain":0,"player_choice":"Grow","damage_taken":0,"max_hp_gain":0,"max_hp_loss":0,"event_name":"Living Wall","floor":2,"gold_loss":0,"cards_upgraded":["hierophant:Punish"]},{"damage_healed":0,"gold_gain":175,"player_choice":"AGREE","damage_taken":0,"max_hp_gain":0,"max_hp_loss":0,"event_name":"Liars Game","floor":10,"gold_loss":0,"cards_obtained":["Doubt"]},{"cards_removed":["Doubt"],"damage_healed":0,"gold_gain":0,"player_choice":"Card Removal","damage_taken":0,"max_hp_gain":0,"max_hp_loss":0,"event_name":"The Cleric","floor":13,"gold_loss":50},{"cards_removed":["hierophant:Invocation"],"damage_healed":1,"gold_gain":0,"player_choice":"Offered Rare","damage_taken":0,"max_hp_gain":10,"max_hp_loss":0,"event_name":"Bonfire Elementals","floor":20,"gold_loss":0},{"damage_healed":0,"gold_gain":0,"player_choice":"Inject Mutagens","damage_taken":0,"relics_obtained":["MutagenicStrength"],"max_hp_gain":0,"max_hp_loss":0,"event_name":"Drug Dealer","floor":22,"gold_loss":0}],"is_beta":false,"boss_relics":[{"not_picked":["ReplayTheSpireMod:DimensionalGlitch","Kintsugi"],"picked":"Replay:Bronze Core"}],"items_purged_floors":[],"is_endless":false,"potions_floor_spawned":[1,4,21],"killed_by":"Book of Stabbing","ascension_level":4}}