{"host":"t7mx8yfj1no5p62f","time":1611298245,"event":{"mods":["BaseMod","Bestiary","Colored Map","Colored Powertips","Minty Spire (QoL Compilation)","Relic Stats","StSLib"],"gold_per_floor":[114,114,130,145,161,161,161,161],"floor_reached":7,"language":"ENG","playtime":154,"items_purged":[],"score":86,"play_id":"eea9e7d5-8896-4e26-9e92-61217bdaa2dc","local_time":"20210122015045","is_ascension_mode":true,"campfire_choices":[{"data":"Crippling Poison","floor":6,"key":"SMITH"}],"circlet_count":0,"master_deck":["AscendersBane","Strike_G","Strike_G","Strike_G","Defend_G","Defend_G","Defend_G+1","Defend_G","Survivor+1","Neutralize","Backstab+1","Underhanded Strike+1","Prepared+1","Quick Slash","Dagger Spray","Crippling Poison+1","Tactician"],"relics":["Astrolabe"],"acts_visited":["Exordium"],"potions_floor_usage":[7,7],"damage_taken":[{"damage":0,"enemies":"2 Louse","floor":1,"turns":1},{"damage":0,"enemies":"Jaw Worm","floor":3,"turns":2},{"damage":9,"enemies":"Small Slimes","floor":4,"turns":2},{"damage":8,"enemies":"2 Fungi Beasts","floor":5,"turns":2},{"damage":24,"enemies":"Gremlin Nob","floor":7,"turns":3}],"seed_played":"1579769298234097271","potions_obtained":[{"floor":1,"key":"EssenceOfSteel"},{"floor":3,"key":"Swift Potion"}],"is_trial":false,"path_per_floor":["M","?","M","M","M","R","E"],"character_chosen":"THE_SILENT","items_purchased":[],"campfire_rested":0,"item_purchase_floors":[],"current_hp_per_floor":[59,39,39,30,22,22,0,0],"gold":161,"neow_bonus":"BOSS_RELIC","is_daily":false,"chose_seed":false,"campfire_upgraded":1,"win_rate":0.0,"timestamp":1611298245,"path_taken":["M","?","M","M","M","R","E"],"items_purchased_type":[],"build_version":"2020-12-22","purchased_purges":0,"victory":false,"max_hp_per_floor":[66,66,66,66,66,66,66,66],"relic_stats":{"counters":[5,10],"Astrolabe":["Backstab","Underhanded Strike","Prepared"],"obtain_stats":[{"Astrolabe":0,"Ring of the Snake":0},{"Astrolabe":0,"Ring of the Snake":0},{"Astrolabe":0,"Ring of the Snake":0}]},"card_choices":[{"not_picked":["Cloak And Dagger","Finisher"],"picked":"Quick Slash","floor":1},{"not_picked":["Accuracy","Blade Dance"],"picked":"Dagger Spray","floor":3},{"not_picked":["Deflect","Escape Plan"],"picked":"Crippling Poison","floor":4},{"not_picked":["Dagger Spray","Poisoned Stab"],"picked":"Tactician","floor":5}],"player_experience":1812209,"relics_obtained":[],"event_choices":[{"damage_healed":0,"gold_gain":0,"player_choice":"Entered Light","damage_taken":20,"max_hp_gain":0,"max_hp_loss":0,"event_name":"Shining Light","floor":2,"gold_loss":0,"cards_upgraded":["Survivor","Defend_G"]}],"is_beta":false,"boss_relics":[],"items_purged_floors":[],"is_endless":false,"potions_floor_spawned":[1,3],"killed_by":"Gremlin Nob","ascension_level":20}}