{"host":"j4g6ia6asvpyu2b0","time":1611326635,"event":{"mods":["BaseMod","Colored Map","Minty Spire (QoL Compilation)","Permanent Neow","Quick Restart","Relic Stats","StSLib","Unceasing Turn Reminder"],"gold_per_floor":[114,129,144,17,32,32,62,62,62,77,92,107,124,139,139,239,239,209,134,149,74,74],"floor_reached":21,"language":"ENG","playtime":837,"items_purged":["Strike_G"],"score":210,"play_id":"807b69fd-f057-4f26-afe2-184b2cfec71d","local_time":"20210122074355","daily_mods":["Heirloom","Uncertain Future","Night Terrors"],"is_ascension_mode":false,"campfire_choices":[{"data":"Noxious Fumes","floor":6,"key":"SMITH"},{"data":"Catalyst","floor":8,"key":"SMITH"},{"data":"Deadly Poison","floor":15,"key":"SMITH"}],"circlet_count":0,"master_deck":["Strike_G","Strike_G","Strike_G","Strike_G","Defend_G","Defend_G","Defend_G","Defend_G","Survivor","Neutralize","Deadly Poison","Noxious Fumes+1","Catalyst+1","Deadly Poison+1","Well Laid Plans","Predator","Flying Knee","Outmaneuver","PiercingWail","Dagger Spray","Blur","Burst","A Thousand Cuts+1","Deflect","PiercingWail"],"relics":["Ring of the Snake","Pocketwatch","StrikeDummy","Frozen Egg 2","Odd Mushroom","SlaversCollar"],"acts_visited":["Exordium","TheCity"],"potions_floor_usage":[16],"damage_taken":[{"damage":1,"enemies":"Cultist","floor":1,"turns":5},{"damage":0,"enemies":"Small Slimes","floor":2,"turns":3},{"damage":1,"enemies":"Jaw Worm","floor":3,"turns":4},{"damage":7,"enemies":"3 Louse","floor":5,"turns":4},{"damage":11,"enemies":"3 Sentries","floor":7,"turns":7},{"damage":4,"enemies":"Blue Slaver","floor":10,"turns":4},{"damage":22,"enemies":"Exordium Thugs","floor":11,"turns":5},{"damage":5,"enemies":"3 Louse","floor":12,"turns":4},{"damage":3,"enemies":"The Mushroom Lair","floor":13,"turns":4},{"damage":0,"enemies":"Exordium Wildlife","floor":14,"turns":2},{"damage":8,"enemies":"The Guardian","floor":16,"turns":6},{"damage":26,"enemies":"2 Thieves","floor":18,"turns":5},{"damage":5,"enemies":"Chosen","floor":20,"turns":3}],"seed_played":"8945501730091475425","potions_obtained":[{"floor":1,"key":"Regen Potion"},{"floor":11,"key":"Weak Potion"},{"floor":12,"key":"Regen Potion"},{"floor":20,"key":"Weak Potion"}],"is_trial":false,"path_per_floor":["M","M","M","$","M","R","E","R","T","M","M","M","?","M","R","B",null,"M","?","M","$"],"character_chosen":"THE_SILENT","items_purchased":["Deadly Poison","Well Laid Plans"],"campfire_rested":0,"item_purchase_floors":[4,4],"current_hp_per_floor":[69,69,68,68,61,61,50,50,50,46,24,19,16,16,16,23,70,44,44,39,39,39],"gold":74,"neow_bonus":"","is_daily":true,"chose_seed":false,"campfire_upgraded":3,"win_rate":0.0,"timestamp":1611326635,"path_taken":["M","M","M","$","M","R","E","R","T","?","?","M","?","M","R","BOSS","M","?","M","$"],"items_purchased_type":["Card","Card"],"build_version":"2020-12-22","purchased_purges":1,"victory":false,"max_hp_per_floor":[70,70,70,70,70,70,70,70,70,70,70,70,70,70,70,70,70,70,70,70,70,70],"relic_stats":{"counters":[13,56],"obtain_stats":[{"SlaversCollar":17,"Frozen Egg 2":9,"Odd Mushroom":13,"StrikeDummy":7,"Ring of the Snake":0,"Pocketwatch":0},{"SlaversCollar":11,"Frozen Egg 2":5,"Odd Mushroom":9,"StrikeDummy":5,"Ring of the Snake":0,"Pocketwatch":0},{"SlaversCollar":48,"Frozen Egg 2":23,"Odd Mushroom":40,"StrikeDummy":23,"Ring of the Snake":0,"Pocketwatch":0}],"Ring of the Snake":[26],"Pocketwatch":[93]},"card_choices":[{"not_picked":["Terror","Quick Slash"],"picked":"Deadly Poison","floor":1},{"not_picked":["Expertise","Deflect"],"picked":"Noxious Fumes","floor":2},{"not_picked":["Expertise","Predator"],"picked":"Catalyst","floor":3},{"not_picked":["Poisoned Stab","Calculated Gamble"],"picked":"Predator","floor":5},{"not_picked":["Backstab","Flechettes"],"picked":"Flying Knee","floor":7},{"not_picked":["Quick Slash","Flying Knee"],"picked":"Outmaneuver","floor":10},{"not_picked":["Bane","Cloak And Dagger"],"picked":"PiercingWail","floor":11},{"not_picked":["Storm of Steel","Acrobatics"],"picked":"Dagger Spray","floor":12},{"not_picked":["Dodge and Roll","Dagger Throw"],"picked":"Blur","floor":13},{"not_picked":["Skewer","Predator"],"picked":"Burst","floor":14},{"not_picked":["Night Terror","Malaise"],"picked":"A Thousand Cuts+1","floor":16},{"not_picked":["Well Laid Plans+1","Bane"],"picked":"Deflect","floor":18},{"not_picked":["Acrobatics+1","Dagger Throw"],"picked":"PiercingWail","floor":20}],"player_experience":930482,"relics_obtained":[{"floor":7,"key":"StrikeDummy"},{"floor":9,"key":"Frozen Egg 2"},{"floor":13,"key":"Odd Mushroom"}],"event_choices":[{"damage_healed":0,"gold_gain":0,"player_choice":"Fought Mushrooms","damage_taken":0,"max_hp_gain":0,"max_hp_loss":0,"event_name":"Mushrooms","floor":13,"gold_loss":0},{"cards_removed":["Defend_G"],"damage_healed":0,"gold_gain":0,"player_choice":"Gave Gold","damage_taken":0,"max_hp_gain":0,"max_hp_loss":0,"event_name":"Beggar","floor":19,"gold_loss":75}],"is_beta":false,"boss_relics":[{"not_picked":["Empty Cage","Astrolabe"],"picked":"SlaversCollar"}],"items_purged_floors":[21],"is_endless":false,"potions_floor_spawned":[1,11,12,13,20],"ascension_level":0}}