{"host":"lzlnscgb2n0l5w2m","time":1611300856,"event":{"mods":["AchievementEnabler","BaseMod","Block Reminder","Colored Powertips","Googly Eyes","Highlight Path","Minty Spire (QoL Compilation)","Permanent Neow","Relic Stats","StSLib"],"gold_per_floor":[367,45,56,6,21,21,47,63,110,135,158,158,175,203,203,308,308,323,238,253,43,78,78,78,103,103,103,203,218,229,260,260,365,365,380,27,40,40,40,40,71,21,75,75,110,110,123,123,123,123,123,123,25,57,57,57],"floor_reached":55,"language":"ZHT","playtime":5341,"items_purged":["Defend_R","Strike_R","Strike_R","Strike_R","Strike_R"],"score":1070,"play_id":"05461ea3-ff71-4791-8b10-2d69cceeab7f","local_time":"20210122153416","is_ascension_mode":true,"campfire_choices":[{"floor":12.0,"key":"REST"},{"data":"Rage","floor":15.0,"key":"SMITH"},{"data":"Juggernaut","floor":23.0,"key":"SMITH"},{"data":"Body Slam","floor":27.0,"key":"SMITH"},{"data":"Rampage","floor":32.0,"key":"SMITH"},{"data":"Feel No Pain","floor":40.0,"key":"SMITH"},{"floor":44.0,"key":"RECALL"},{"data":"Second Wind","floor":46.0,"key":"SMITH"},{"data":"Double Tap","floor":49.0,"key":"SMITH"},{"data":"Trip","floor":52.0,"key":"SMITH"}],"circlet_count":0,"master_deck":["Defend_R","Defend_R","Defend_R","Bash","Metallicize","Shrug It Off","Rampage+1","Headbutt","Body Slam+1","Burning Pact","Rage+1","Juggernaut+1","Infernal Blade","Double Tap+1","Intimidate+1","Second Wind+1","Battle Trance","Feel No Pain+1","Reaper+1","Sentinel","Trip+1"],"relics":["Burning Blood","Lantern","Shuriken","Tiny Chest","Mercury Hourglass","Odd Mushroom","Nunchaku","Mark of Pain","Calipers","Red Mask","Matryoshka","Smiling Mask","PreservedInsect","White Beast Statue","Anchor","Coffee Dripper","Bag of Preparation","Toolbox","Molten Egg 2","Regal Pillow","InkBottle","Pen Nib","Paper Frog","Pear"],"acts_visited":["Exordium","TheCity","TheBeyond","TheEnding"],"potions_floor_usage":[54,55],"damage_taken":[{"damage":10.0,"enemies":"Cultist","floor":1.0,"turns":5.0},{"damage":0.0,"enemies":"Small Slimes","floor":3.0,"turns":3.0},{"damage":0.0,"enemies":"Jaw Worm","floor":5.0,"turns":3.0},{"damage":42.0,"enemies":"Lagavulin","floor":7.0,"turns":8.0},{"damage":11.0,"enemies":"Blue Slaver","floor":8.0,"turns":4.0},{"damage":26.0,"enemies":"3 Sentries","floor":10.0,"turns":8.0},{"damage":4.0,"enemies":"The Mushroom Lair","floor":11.0,"turns":3.0},{"damage":0.0,"enemies":"Looter","floor":13.0,"turns":3.0},{"damage":22.0,"enemies":"Gremlin Nob","floor":14.0,"turns":4.0},{"damage":16.0,"enemies":"Hexaghost","floor":16.0,"turns":8.0},{"damage":8.0,"enemies":"Spheric Guardian","floor":18.0,"turns":3.0},{"damage":17.0,"enemies":"Shell Parasite","floor":20.0,"turns":4.0},{"damage":6.0,"enemies":"Masked Bandits","floor":22.0,"turns":3.0},{"damage":18.0,"enemies":"Gremlin Leader","floor":25.0,"turns":5.0},{"damage":12.0,"enemies":"Cultist and Chosen","floor":29.0,"turns":4.0},{"damage":0.0,"enemies":"3 Cultists","floor":30.0,"turns":3.0},{"damage":0.0,"enemies":"Book of Stabbing","floor":31.0,"turns":3.0},{"damage":10.0,"enemies":"Automaton","floor":33.0,"turns":6.0},{"damage":6.0,"enemies":"3 Shapes","floor":35.0,"turns":4.0},{"damage":0.0,"enemies":"3 Darklings","floor":37.0,"turns":3.0},{"damage":0.0,"enemies":"Giant Head","floor":41.0,"turns":5.0},{"damage":50.0,"enemies":"Nemesis","floor":45.0,"turns":5.0},{"damage":0.0,"enemies":"Maw","floor":47.0,"turns":4.0},{"damage":51.0,"enemies":"Donu and Deca","floor":50.0,"turns":7.0},{"damage":4,"enemies":"Shield and Spear","floor":54,"turns":3},{"damage":102,"enemies":"The Heart","floor":55,"turns":6}],"seed_played":"-1963021451253753089","potions_obtained":[{"floor":3.0,"key":"BloodPotion"},{"floor":11.0,"key":"Explosive Potion"},{"floor":13.0,"key":"BlessingOfTheForge"},{"floor":16.0,"key":"BloodPotion"},{"floor":18.0,"key":"GamblersBrew"},{"floor":29.0,"key":"LiquidMemories"},{"floor":30.0,"key":"Energy Potion"},{"floor":31.0,"key":"FearPotion"},{"floor":33.0,"key":"ElixirPotion"},{"floor":35.0,"key":"Swift Potion"},{"floor":37.0,"key":"BloodPotion"},{"floor":41.0,"key":"LiquidMemories"},{"floor":45.0,"key":"Regen Potion"},{"floor":47.0,"key":"BlessingOfTheForge"},{"floor":54,"key":"LiquidBronze"}],"is_trial":false,"path_per_floor":["M","$","M","?","M","?","E","M","T","E","?","R","M","E","R","B",null,"M","?","M","$","?","R","T","E","T","R","?","M","M","E","R","B",null,"M","$","M","?","T","R","E","$","T","R","E","R","M","?","R","B",null,"R","$","E","B"],"character_chosen":"IRONCLAD","items_purchased":["Lantern","Shrug It Off","Rampage","Second Wind","Battle Trance","Bag of Preparation","Toolbox","BlessingOfTheForge"],"campfire_rested":1,"item_purchase_floors":[2,2,2,21,21,36,36,53],"current_hp_per_floor":[68,68,72,72,72,65,29,38,38,18,20,41,47,31,31,21,59,57,57,46,46,46,46,46,34,34,34,34,28,48,54,54,50,67,72,72,72,72,72,72,72,72,72,72,51,51,61,61,61,31,62,62,62,82,0,0],"gold":57,"neow_bonus":"TWO_FIFTY_GOLD","is_daily":false,"chose_seed":false,"campfire_upgraded":8,"win_rate":0.0,"timestamp":1611300856,"path_taken":["M","$","M","?","M","?","E","M","T","E","?","R","M","E","R","BOSS","M","?","M","$","?","R","?","E","T","R","?","?","M","E","R","BOSS","M","$","M","?","?","R","E","$","T","R","E","R","?","?","R","BOSS","R","$","E","BOSS"],"items_purchased_type":["Relic","Card","Card","Card","Card","Relic","Relic","Potion"],"build_version":"2020-12-22","purchased_purges":5,"victory":false,"max_hp_per_floor":[72,72,72,72,72,72,72,72,72,72,72,72,72,72,72,72,72,72,72,72,72,72,72,72,72,72,72,72,72,72,72,72,72,72,72,72,72,72,72,72,72,72,72,72,72,72,72,72,72,72,72,72,72,82,82,82],"relic_stats":{"Regal Pillow":0,"counters":[26,116],"PreservedInsect":281,"Pen Nib":[6],"Bag of Preparation":[14],"Smiling Mask":300,"Burning Blood":128,"Mercury Hourglass":[317],"Nunchaku":[16],"Shuriken":[33],"Tiny Chest":2,"obtain_stats":[{"Lantern":2,"Regal Pillow":39,"Calipers":19,"Pear":54,"PreservedInsect":26,"Pen Nib":43,"Bag of Preparation":36,"Odd Mushroom":11,"Smiling Mask":25,"Burning Blood":0,"White Beast Statue":26,"Mercury Hourglass":10,"Nunchaku":14,"Anchor":31,"Matryoshka":24,"Shuriken":6,"Toolbox":36,"Tiny Chest":7,"Molten Egg 2":39,"Mark of Pain":17,"Red Mask":22,"Coffee Dripper":34,"InkBottle":41,"Paper Frog":45},{"Lantern":1,"Regal Pillow":20,"Calipers":11,"Pear":25,"PreservedInsect":14,"Pen Nib":21,"Bag of Preparation":19,"Odd Mushroom":7,"Smiling Mask":14,"Burning Blood":0,"White Beast Statue":14,"Mercury Hourglass":6,"Nunchaku":9,"Anchor":17,"Matryoshka":13,"Shuriken":3,"Toolbox":19,"Tiny Chest":4,"Molten Egg 2":20,"Mark of Pain":10,"Red Mask":13,"Coffee Dripper":18,"InkBottle":21,"Paper Frog":22},{"Lantern":5,"Regal Pillow":86,"Calipers":51,"Pear":110,"PreservedInsect":63,"Pen Nib":91,"Bag of Preparation":83,"Odd Mushroom":34,"Smiling Mask":63,"Burning Blood":0,"White Beast Statue":63,"Mercury Hourglass":31,"Nunchaku":40,"Anchor":73,"Matryoshka":58,"Shuriken":11,"Toolbox":83,"Tiny Chest":19,"Molten Egg 2":86,"Mark of Pain":48,"Red Mask":58,"Coffee Dripper":79,"InkBottle":91,"Paper Frog":96}],"InkBottle":[11]},"card_choices":[{"not_picked":["Perfected Strike","Pommel Strike"],"picked":"Metallicize","floor":1.0},{"not_picked":["Heavy Blade","Thunderclap"],"picked":"Headbutt","floor":3.0},{"not_picked":["Cleave","Sword Boomerang"],"picked":"Body Slam","floor":5.0},{"not_picked":["Clothesline","Fiend Fire"],"picked":"Burning Pact","floor":7.0},{"not_picked":["Clothesline","Wild Strike","Cleave"],"picked":"SKIP","floor":8.0},{"not_picked":["Carnage","Clash"],"picked":"Rage","floor":10.0},{"not_picked":["Pommel Strike","Combust"],"picked":"Juggernaut","floor":11.0},{"not_picked":["Sever Soul","Entrench"],"picked":"Infernal Blade","floor":13.0},{"not_picked":["Clothesline","Sever Soul","Searing Blow"],"picked":"SKIP","floor":14.0},{"not_picked":["Fiend Fire","Bludgeon"],"picked":"Double Tap","floor":16.0},{"not_picked":["Clash","Anger"],"picked":"Intimidate+1","floor":18.0},{"not_picked":["Clothesline","Blood for Blood","Inflame+1"],"picked":"SKIP","floor":20.0},{"not_picked":["Headbutt","Warcry"],"picked":"Feel No Pain","floor":22.0},{"not_picked":["Uppercut","Pommel Strike","Searing Blow"],"picked":"SKIP","floor":25.0},{"not_picked":["Uppercut","Combust","Thunderclap+1"],"picked":"SKIP","floor":29.0},{"not_picked":["Iron Wave","Anger","Shrug It Off"],"picked":"SKIP","floor":30.0},{"not_picked":["Searing Blow","Disarm","Pommel Strike"],"picked":"SKIP","floor":31.0},{"not_picked":["Juggernaut","Demon Form"],"picked":"Reaper","floor":33.0},{"not_picked":["Searing Blow","Heavy Blade"],"picked":"Sentinel","floor":35.0},{"not_picked":["Anger","Pommel Strike","Sword Boomerang"],"picked":"SKIP","floor":37.0},{"not_picked":["Battle Trance","Searing Blow+1","Second Wind+1"],"picked":"SKIP","floor":41.0},{"not_picked":["Seeing Red","True Grit","Wild Strike+1"],"picked":"SKIP","floor":45.0},{"not_picked":["Perfected Strike+1","Warcry+1","Wild Strike+1"],"picked":"SKIP","floor":47.0},{"not_picked":["Dramatic Entrance+1","Swift Strike+1"],"picked":"Trip","floor":48.0},{"not_picked":["Thunderclap+1","Wild Strike+1","Sword Boomerang+1"],"picked":"SKIP","floor":54}],"player_experience":225055,"relics_obtained":[{"floor":7.0,"key":"Tiny Chest"},{"floor":10.0,"key":"Mercury Hourglass"},{"floor":11.0,"key":"Odd Mushroom"},{"floor":14.0,"key":"Nunchaku"},{"floor":22.0,"key":"Red Mask"},{"floor":24.0,"key":"Matryoshka"},{"floor":25.0,"key":"Smiling Mask"},{"floor":26.0,"key":"PreservedInsect"},{"floor":26.0,"key":"White Beast Statue"},{"floor":31.0,"key":"Anchor"},{"floor":39.0,"key":"Molten Egg 2"},{"floor":39.0,"key":"Regal Pillow"},{"floor":41.0,"key":"InkBottle"},{"floor":43.0,"key":"Pen Nib"},{"floor":45.0,"key":"Paper Frog"},{"floor":54,"key":"Pear"}],"event_choices":[{"cards_removed":["Strike_R"],"damage_healed":0.0,"max_hp_gain":0.0,"max_hp_loss":0.0,"gold_gain":0.0,"event_name":"The Cleric","player_choice":"Card Removal","floor":4.0,"gold_loss":50.0,"damage_taken":0.0},{"damage_healed":0.0,"max_hp_gain":0.0,"max_hp_loss":0.0,"gold_gain":0.0,"event_name":"Scrap Ooze","player_choice":"Success","floor":6.0,"gold_loss":0.0,"damage_taken":7.0,"relics_obtained":["Shuriken"]},{"damage_healed":0.0,"max_hp_gain":0.0,"max_hp_loss":0.0,"gold_gain":0.0,"event_name":"Mushrooms","player_choice":"Fought Mushrooms","floor":11.0,"gold_loss":0.0,"damage_taken":0.0},{"damage_healed":0.0,"max_hp_gain":0.0,"max_hp_loss":0.0,"gold_gain":0.0,"event_name":"Addict","player_choice":"Obtained Relic","floor":19.0,"gold_loss":85.0,"damage_taken":0.0,"relics_obtained":["Calipers"]},{"damage_healed":0.0,"max_hp_gain":0.0,"max_hp_loss":0.0,"gold_gain":0.0,"event_name":"Masked Bandits","player_choice":"Fought Bandits","floor":22.0,"gold_loss":0.0,"damage_taken":0.0},{"damage_healed":0.0,"max_hp_gain":0.0,"max_hp_loss":0.0,"gold_gain":100.0,"event_name":"Golden Shrine","player_choice":"Pray","floor":28.0,"gold_loss":0.0,"damage_taken":0.0},{"damage_healed":0.0,"max_hp_gain":0.0,"max_hp_loss":0.0,"gold_gain":0.0,"event_name":"Upgrade Shrine","player_choice":"Upgraded","floor":38.0,"gold_loss":0.0,"damage_taken":0.0,"cards_upgraded":["Reaper"]},{"damage_healed":0.0,"max_hp_gain":0.0,"max_hp_loss":0.0,"gold_gain":0.0,"event_name":"SensoryStone","player_choice":"Memory 1","floor":48.0,"gold_loss":0.0,"damage_taken":0.0}],"is_beta":false,"boss_relics":[{"not_picked":["Ectoplasm","Tiny House"],"picked":"Mark of Pain"},{"not_picked":["Fusion Hammer","Empty Cage"],"picked":"Coffee Dripper"}],"items_purged_floors":[2,21,36,42,53],"is_endless":false,"potions_floor_spawned":[3,11,13,16,18,29,30,31,33,35,37,41,45,47,54],"killed_by":"The Heart","ascension_level":6}}