{"host":"y1oqg7uy0jc6f5mb","time":1611308080,"event":{"mods":["BaseMod","Better Altar","Better Match","Better Note","Better Sensory Stone","Better Skull","Better Third Choice","BetterRewards","Block Reminder","Colored Map","Colored Powertips","Custom Start","DeckTracker","Displayed Cursed Tome","Highlight Path","Ironclad Rager","Minty Spire (QoL Compilation)","Permanent Neow","Quick Restart","Relic Sorter","Relic Stats","Shop Mod","StSLib"],"gold_per_floor":[12,12,31,50,61,87,87,118,118,118,132,132,152,171,171,276,276,291,302,313,329,329,329,329,344,368,368,368,401,401,431,431,526,526,546,546,564,577,591,624,624,624,701,730,742,25,25,25,25,25],"floor_reached":51,"language":"ENG","playtime":4099,"items_purged":["Poisoned Stab"],"score":1126,"play_id":"57c13d15-f554-4ed2-99ef-08d6666a90a7","local_time":"20210122173440","is_ascension_mode":true,"campfire_choices":[{"floor":7.0,"key":"REST"},{"floor":10.0,"key":"REST"},{"data":"ICR:Vanish","floor":12.0,"key":"SMITH"},{"data":"Caltrops","floor":15.0,"key":"SMITH"},{"data":"A Thousand Cuts","floor":24.0,"key":"SMITH"},{"data":"Acrobatics","floor":28.0,"key":"SMITH"},{"floor":30.0,"key":"REST"},{"data":"Grand Finale","floor":32.0,"key":"PURGE"},{"data":"Regret","floor":41,"key":"PURGE"},{"data":"1","floor":47,"key":"LIFT"},{"data":"2","floor":49,"key":"LIFT"}],"circlet_count":0,"master_deck":["Survivor","Neutralize+1","Poisoned Stab","Poisoned Stab","Poisoned Stab","Dodge and Roll","Dodge and Roll","Dodge and Roll","Dodge and Roll","Acrobatics+1","Dagger Spray","ICR:Vanish+1","Adrenaline+1","Outmaneuver","Adrenaline+1","Catalyst+1","Caltrops+1","Adrenaline+1","A Thousand Cuts+1","Prepared+1","ICR:Cloudkill+1","ICR:Cloudkill+1","Burst+1","Deflect+1","Storm of Steel+1","Leg Sweep+1","PiercingWail+1","Dark Shackles+1","Sadistic Nature","Dash+1","Footwork"],"relics":["Ring of the Snake","Toxic Egg 2","Singing Bowl","Thread and Needle","Sozu","Toy Ornithopter","Peace Pipe","Dead Branch","Art of War","Black Star","Blue Candle","Eternal Feather","Gremlin Horn","Girya","Pantograph","Incense Burner","Letter Opener"],"acts_visited":["Exordium","TheCity","TheBeyond"],"potions_floor_usage":[],"damage_taken":[{"damage":2.0,"enemies":"Cultist","floor":1.0,"turns":3.0},{"damage":4.0,"enemies":"Small Slimes","floor":3.0,"turns":3.0},{"damage":4.0,"enemies":"Jaw Worm","floor":4.0,"turns":3.0},{"damage":2.0,"enemies":"Red Slaver","floor":5.0,"turns":3.0},{"damage":10.0,"enemies":"Lagavulin","floor":6.0,"turns":6.0},{"damage":13.0,"enemies":"Gremlin Nob","floor":8.0,"turns":3.0},{"damage":0.0,"enemies":"Looter","floor":11.0,"turns":2.0},{"damage":3.0,"enemies":"Exordium Wildlife","floor":13.0,"turns":4.0},{"damage":0.0,"enemies":"2 Fungi Beasts","floor":14.0,"turns":2.0},{"damage":2.0,"enemies":"The Guardian","floor":16.0,"turns":6.0},{"damage":6.0,"enemies":"2 Thieves","floor":18.0,"turns":4.0},{"damage":4.0,"enemies":"Shell Parasite","floor":19.0,"turns":4.0},{"damage":8.0,"enemies":"Snake Plant","floor":20.0,"turns":2.0},{"damage":4.0,"enemies":"Centurion and Healer","floor":21.0,"turns":7.0},{"damage":4.0,"enemies":"3 Cultists","floor":25.0,"turns":3.0},{"damage":18.0,"enemies":"Slavers","floor":29.0,"turns":3.0},{"damage":5.0,"enemies":"Gremlin Leader","floor":31.0,"turns":4.0},{"damage":4.0,"enemies":"Automaton","floor":33.0,"turns":5.0},{"damage":0.0,"enemies":"Orb Walker","floor":35.0,"turns":2.0},{"damage":0.0,"enemies":"3 Darklings","floor":37.0,"turns":3.0},{"damage":19.0,"enemies":"Spire Growth","floor":38.0,"turns":6.0},{"damage":0.0,"enemies":"Sphere and 2 Shapes","floor":39.0,"turns":4.0},{"damage":18,"enemies":"Reptomancer","floor":40,"turns":5},{"damage":2,"enemies":"Giant Head","floor":44,"turns":6},{"damage":0,"enemies":"Jaw Worm Horde","floor":45,"turns":3},{"damage":45,"enemies":"Time Eater","floor":50,"turns":13}],"seed_played":"-5260714954992481295","potions_obtained":[{"floor":3.0,"key":"SteroidPotion"},{"floor":4.0,"key":"Dexterity Potion"},{"floor":8.0,"key":"Fire Potion"},{"floor":14.0,"key":"Block Potion"}],"is_trial":false,"path_per_floor":["M","?","M","M","M","E","R","E","T","R","M","R","M","M","R","B",null,"M","M","M","M","?","?","R","M","T","?","R","E","R","E","R","B",null,"M","?","M","M","M","E","R","?","T","E","M","$","R","$","R","B",null],"character_chosen":"THE_SILENT","items_purchased":["Footwork","Incense Burner","Letter Opener"],"campfire_rested":3,"item_purchase_floors":[46,46,46],"current_hp_per_floor":[43,43,39,35,33,23,41,28,28,46,48,48,45,45,45,43,60,56,52,44,42,42,42,42,40,40,40,40,22,43,38,38,34,62,64,64,64,47,47,31,46,46,46,44,46,46,64,64,79,34],"gold":25,"neow_bonus":"SILENT_ASSASSIN","is_daily":false,"chose_seed":false,"campfire_upgraded":4,"win_rate":0.0,"timestamp":1611308080,"path_taken":["M","?","M","M","M","E","R","E","T","R","M","R","M","M","R","BOSS","M","?","M","M","?","?","R","M","T","?","R","E","R","E","R","BOSS","M","?","M","M","M","E","R","?","T","E","M","$","R","?","R","BOSS"],"items_purchased_type":["Card","Relic","Relic"],"build_version":"2020-12-22","purchased_purges":1,"victory":true,"max_hp_per_floor":[63,63,63,63,63,63,63,63,63,63,65,65,65,65,65,65,65,67,67,67,69,69,69,69,71,71,71,71,71,71,71,71,71,71,73,73,73,75,75,77,77,77,77,77,79,79,79,79,79,79],"relic_stats":{"Singing Bowl":16,"Gremlin Horn":[2,2],"counters":[26,109],"Dead Branch":[72],"Blue Candle":[0],"Eternal Feather":48,"Letter Opener":[32],"Sozu":4,"Peace Pipe":2,"Pantograph":0,"Art of War":[6],"Black Star":2,"obtain_stats":[{"Girya":44,"Singing Bowl":8,"Gremlin Horn":43,"Dead Branch":29,"Blue Candle":40,"Thread and Needle":9,"Eternal Feather":40,"Incense Burner":46,"Letter Opener":46,"Sozu":17,"Peace Pipe":27,"Pantograph":44,"Art of War":31,"Black Star":34,"Toxic Egg 2":6,"Toy Ornithopter":26,"Ring of the Snake":0},{"Girya":24,"Singing Bowl":6,"Gremlin Horn":23,"Dead Branch":16,"Blue Candle":23,"Thread and Needle":6,"Eternal Feather":23,"Incense Burner":25,"Letter Opener":25,"Sozu":10,"Peace Pipe":15,"Pantograph":24,"Art of War":17,"Black Star":18,"Toxic Egg 2":5,"Toy Ornithopter":15,"Ring of the Snake":0},{"Girya":93,"Singing Bowl":21,"Gremlin Horn":87,"Dead Branch":58,"Blue Candle":87,"Thread and Needle":21,"Eternal Feather":87,"Incense Burner":96,"Letter Opener":96,"Sozu":35,"Peace Pipe":55,"Pantograph":93,"Art of War":62,"Black Star":67,"Toxic Egg 2":18,"Toy Ornithopter":55,"Ring of the Snake":0}],"Toy Ornithopter":0,"Ring of the Snake":[52]},"card_choices":[{"not_picked":["Deadly Poison","Backflip"],"picked":"Acrobatics","floor":1.0},{"not_picked":["Flying Knee","Backflip"],"picked":"Dagger Spray","floor":3.0},{"not_picked":["Outmaneuver","Poisoned Stab"],"picked":"Concentrate","floor":4.0},{"not_picked":["Slice","Acrobatics"],"picked":"ICR:Vanish","floor":5.0},{"not_picked":["Backflip+1","Dagger Throw"],"picked":"Adrenaline+1","floor":6.0},{"not_picked":["Prepared+1","Quick Slash"],"picked":"Adrenaline+1","floor":8.0},{"not_picked":["Sucker Punch","Dagger Throw","Accuracy"],"picked":"Singing Bowl","floor":11.0},{"not_picked":["Dodge and Roll+1","Dagger Spray"],"picked":"Catalyst+1","floor":13.0},{"not_picked":["Slice","Flechettes"],"picked":"Caltrops","floor":14.0},{"not_picked":["Grand Finale","Die Die Die"],"picked":"Adrenaline+1","floor":16.0},{"not_picked":["Slice","Poisoned Stab+1","Escape Plan+1"],"picked":"Singing Bowl","floor":18.0},{"not_picked":["Quick Slash","Underhanded Strike"],"picked":"A Thousand Cuts","floor":19.0},{"not_picked":["Quick Slash","Backflip+1"],"picked":"Prepared+1","floor":20.0},{"not_picked":["Dagger Throw","Poisoned Stab+1","Flying Knee+1"],"picked":"Singing Bowl","floor":21.0},{"not_picked":["Escape Plan+1","Bane","Deadly Poison+1"],"picked":"Singing Bowl","floor":25.0},{"not_picked":["Footwork","Malaise+1"],"picked":"Burst+1","floor":29.0},{"not_picked":["Underhanded Strike","Infinite Blades"],"picked":"Deflect+1","floor":31.0},{"not_picked":["A Thousand Cuts","Phantasmal Killer+1"],"picked":"Storm of Steel+1","floor":33.0},{"not_picked":["Poisoned Stab","Flying Knee","Dagger Spray"],"picked":"Singing Bowl","floor":35.0},{"not_picked":["Infinite Blades+1","Riddle With Holes+1"],"picked":"Leg Sweep+1","floor":37.0},{"not_picked":["Finisher+1","Slice+1","Underhanded Strike+1"],"picked":"Singing Bowl","floor":38.0},{"not_picked":["Backflip+1","Underhanded Strike"],"picked":"PiercingWail+1","floor":39.0},{"not_picked":["Escape Plan+1","Dagger Throw+1","Bane"],"picked":"Singing Bowl","floor":40},{"not_picked":["Trip+1","Master of Strategy+1"],"picked":"Dark Shackles+1","floor":42},{"not_picked":["Deep Breath+1","Jack Of All Trades+1"],"picked":"Sadistic Nature","floor":42},{"not_picked":["Bane","Backflip+1"],"picked":"Dash+1","floor":44},{"not_picked":["Poisoned Stab","Dagger Spray","Backflip+1"],"picked":"Singing Bowl","floor":45}],"player_experience":133686,"relics_obtained":[{"floor":6.0,"key":"Toxic Egg 2"},{"floor":8.0,"key":"Singing Bowl"},{"floor":9.0,"key":"Thread and Needle"},{"floor":26.0,"key":"Toy Ornithopter"},{"floor":29.0,"key":"Dead Branch"},{"floor":31.0,"key":"Art of War"},{"floor":40,"key":"Blue Candle"},{"floor":40,"key":"Eternal Feather"},{"floor":43,"key":"Gremlin Horn"},{"floor":44,"key":"Girya"},{"floor":44,"key":"Pantograph"}],"event_choices":[{"damage_healed":0.0,"max_hp_gain":0.0,"max_hp_loss":0.0,"gold_gain":0.0,"event_name":"Upgrade Shrine","player_choice":"Upgraded","floor":2.0,"gold_loss":0.0,"damage_taken":0.0,"cards_upgraded":["Neutralize"]},{"damage_healed":0.0,"max_hp_gain":0.0,"max_hp_loss":0.0,"gold_gain":0.0,"event_name":"The Library","player_choice":"Read","floor":22.0,"gold_loss":0.0,"damage_taken":0.0,"cards_obtained":["ICR:Cloudkill"]},{"damage_healed":0.0,"max_hp_gain":0.0,"max_hp_loss":0.0,"gold_gain":0.0,"cards_transformed":["Poisoned Stab","Dodge and Roll"],"event_name":"Drug Dealer","player_choice":"Became Test Subject","floor":23.0,"gold_loss":0.0,"damage_taken":0.0,"cards_obtained":["ICR:Cloudkill","Grand Finale"]},{"damage_healed":0.0,"max_hp_gain":0.0,"max_hp_loss":0.0,"gold_gain":0.0,"event_name":"WeMeetAgain","player_choice":"Gave Potion","floor":27.0,"gold_loss":0.0,"damage_taken":0.0,"relics_obtained":["Peace Pipe"]},{"damage_healed":0.0,"max_hp_gain":0.0,"max_hp_loss":0.0,"gold_gain":0.0,"event_name":"Tomb of Lord Red Mask","player_choice":"Ignored","floor":36.0,"gold_loss":0.0,"damage_taken":0.0},{"damage_healed":0,"gold_gain":3,"player_choice":"1","damage_taken":0,"max_hp_gain":0,"max_hp_loss":0,"event_name":"betterStone:BetterStone","floor":42,"gold_loss":0}],"is_beta":false,"boss_relics":[{"not_picked":["Snecko Eye","Runic Dome"],"picked":"Sozu"},{"not_picked":["Cursed Key","SlaversCollar"],"picked":"Black Star"}],"items_purged_floors":[46],"is_endless":false,"potions_floor_spawned":[3,4,8,14,20,25,33,44],"ascension_level":7}}