{"host":"nbmmy2ys5j9alw05","time":1611279350,"event":{"mods":["AchievementEnabler","BaseMod","Bestiary","Better Vampires","Colored Map","Colored Powertips","Googly Eyes","Minty Spire (QoL Compilation)","Quick Restart","StSLib","The Hierophant","The IronCluck","everything is the same but u backflip on backflip"],"gold_per_floor":[115,115,10,10,20,20,52,71,120,120,140,140,140,140,140,245,245,259,259],"floor_reached":18,"language":"ENG","playtime":577,"items_purged":[],"score":278,"play_id":"aaaa8ba1-54af-4823-856b-0e539ab0f1c7","local_time":"20210121173550","is_ascension_mode":true,"campfire_choices":[{"data":"Zap","floor":6,"key":"SMITH"},{"data":"Hologram","floor":10,"key":"SMITH"},{"data":"Go for the Eyes","floor":13,"key":"SMITH"},{"data":"Leap","floor":15,"key":"SMITH"}],"circlet_count":0,"master_deck":["AscendersBane","Strike_B","Strike_B","Strike_B","Strike_B","Defend_B","Defend_B","Defend_B","Defend_B","Zap+1","Dualcast","Hologram+1","Rip and Tear","Sweeping Beam","Gash","Rip and Tear","Leap+1","Go for the Eyes+1","Buffer"],"relics":["Cracked Core","NeowsBlessing","Orichalcum","Ancient Tea Set","Pocketwatch","Question Card","Nuclear Battery"],"acts_visited":["Exordium","TheCity"],"potions_floor_usage":[11,11,16,16],"damage_taken":[{"damage":0,"enemies":"Small Slimes","floor":1,"turns":1},{"damage":0,"enemies":"Jaw Worm","floor":5,"turns":1},{"damage":0,"enemies":"Gremlin Nob","floor":7,"turns":1},{"damage":0,"enemies":"Cultist","floor":8,"turns":2},{"damage":0,"enemies":"Exordium Wildlife","floor":11,"turns":3},{"damage":26,"enemies":"The Guardian","floor":16,"turns":13},{"damage":19,"enemies":"Shell Parasite","floor":18,"turns":5}],"seed_played":"-7351994235660641","potions_obtained":[{"floor":4,"key":"Weak Potion"},{"floor":4,"key":"Swift Potion"},{"floor":4,"key":"SneckoOil"},{"floor":8,"key":"Fruit Juice"},{"floor":11,"key":"Swift Potion"}],"is_trial":false,"path_per_floor":["M","?","$","?","M","R","E","M","T","R","M","?","R","?","R","B",null,"M"],"character_chosen":"DEFECT","items_purchased":["Rip and Tear","Sweeping Beam"],"campfire_rested":0,"item_purchase_floors":[3,3],"current_hp_per_floor":[68,68,68,68,68,68,68,68,68,68,73,55,55,55,55,29,67,48,48],"gold":259,"neow_bonus":"THREE_ENEMY_KILL","is_daily":false,"chose_seed":false,"campfire_upgraded":4,"win_rate":0.0,"timestamp":1611279350,"path_taken":["M","?","$","?","M","R","E","?","T","R","M","?","R","?","R","BOSS","M"],"items_purchased_type":["Card","Card"],"build_version":"2020-12-22","purchased_purges":0,"victory":false,"max_hp_per_floor":[75,75,75,75,75,75,75,75,75,75,80,80,80,80,80,80,80,80,80],"card_choices":[{"not_picked":["Barrage","Cold Snap"],"picked":"Hologram","floor":1},{"not_picked":["Hologram","Stack"],"picked":"Gash","floor":5},{"not_picked":["Rebound","Stack"],"picked":"Rip and Tear","floor":7},{"not_picked":["Rebound","Turbo"],"picked":"Leap","floor":8},{"not_picked":["Darkness","Hologram"],"picked":"Go for the Eyes","floor":11},{"not_picked":["Core Surge","Creative AI","Echo Form"],"picked":"Buffer","floor":16}],"player_experience":525552,"relics_obtained":[{"floor":7,"key":"Orichalcum"},{"floor":9,"key":"Ancient Tea Set"}],"event_choices":[{"damage_healed":0,"gold_gain":0,"player_choice":"Ignored","damage_taken":0,"max_hp_gain":0,"max_hp_loss":0,"event_name":"Liars Game","floor":2,"gold_loss":0},{"damage_healed":0,"gold_gain":0,"player_choice":"Got Potions","damage_taken":0,"max_hp_gain":0,"max_hp_loss":0,"event_name":"Lab","floor":4,"gold_loss":0},{"damage_healed":0,"gold_gain":0,"player_choice":"Success","damage_taken":18,"relics_obtained":["Pocketwatch"],"max_hp_gain":0,"max_hp_loss":0,"event_name":"Scrap Ooze","floor":12,"gold_loss":0},{"damage_healed":0,"gold_gain":0,"player_choice":"Searched \u00272\u0027 times","damage_taken":0,"relics_obtained":["Question Card"],"max_hp_gain":0,"max_hp_loss":0,"event_name":"Dead Adventurer","floor":14,"gold_loss":0}],"is_beta":false,"boss_relics":[{"not_picked":["Sozu","Runic Dome"],"picked":"Nuclear Battery"}],"items_purged_floors":[],"is_endless":false,"potions_floor_spawned":[8,11],"killed_by":"Shell Parasite","ascension_level":10}}