{"host":"Koishi","time":1611274500,"event":{"mods":["2.2 Compatiblity","AchievementEnabler","Act Like it!","BaseMod","Better Match","Better Note","Better Sensory Stone","Better Third Choice","Colored Powertips","Gensokyo","Hermit","Koishi","Lobotomy","LobotomyExtend","MarisaÅiñ∂âJÅ@ñÇóùçπÅj","Minty Spire (QoL Compilation)","Quick Restart","Rare Cards Sparkle","ReimuÅiîé??öÎÅj","Relic Stats","Spicy Shops","StSLib","The Construct","Åy?ï®?îvÅzREMEMod"],"gold_per_floor":[119,44,44,44,62,88,88,116,192,209,219,250,266,28,28,126,126,148,169,49,49,71,71,96,96,96,107,107,34,44,44,44,151,151,167,180,180,198,215,215,252,252,252,267,110,129,129,141,141,148],"floor_reached":51,"language":"ENG","playtime":2459,"items_purged":[],"score":894,"play_id":"27757169-3fba-4eb0-a572-e6f895004d1b","local_time":"20210121191500","is_ascension_mode":false,"campfire_choices":[{"data":"REME_HeartOfCthun","floor":15,"key":"SMITH"},{"data":"hermit:LoneWolf","floor":23,"key":"SMITH"},{"data":"hermit:Roughhouse","floor":25,"key":"SMITH"},{"floor":32,"key":"RECALL"},{"data":"hermit:Glare","floor":40,"key":"SMITH"},{"data":"hermit:Cheat","floor":47,"key":"SMITH"},{"floor":49,"key":"REST"}],"circlet_count":0,"master_deck":["hermit:Strike_Hermit","hermit:Strike_Hermit","hermit:Strike_Hermit","hermit:Strike_Hermit","hermit:Defend_Hermit","hermit:Defend_Hermit","hermit:Defend_Hermit+1","hermit:Defend_Hermit+1","hermit:Snapshot","hermit:Covet","REME_HeartOfCthun+1","hermit:Determination","hermit:Snipe+1","hermit:Glare+1","hermit:LowProfile","hermit:GhostlyPresence","QueenOfHatred","hermit:Determination","hermit:Scavenge+1","hermit:Gambit","hermit:Roughhouse+1","Mercenary","hermit:LoneWolf+1","RedShoes","hermit:Feint","Shame","hermit:RoundhouseKick","hermit:Maintenance+1","hermit:HoleUp","hermit:Maintenance+1","hermit:OverwhelmingPower+1","hermit:Desperado","hermit:Coalescence+1","hermit:RoundhouseKick","hermit:HighCaliber+1","hermit:Cheat+1","hermit:Gambit","hermit:Spite"],"relics":["hermit:Momento","REME_ComplimentaryCards","CogitoBucket","LetterFromLob","Gensokyo:Justice","Pen Nib","LaetitiaHeart","Heaven_r","REME_HandOfSuture","CrazyTorch:ReiMu","Oddly Smooth Stone","LuminousBracelet","Darkstone Periapt","Black Star","Gensokyo:LionMask","Kunai","White Beast Statue","REME_HourglassOfDeath","AdjustmentMirror","Potion Belt","Philosopher\u0027s Stone","AtMidnight","BackwardClock","Gremlin Horn","REME_PuzzleBoxRelic","Blood Vial","Orrery"],"acts_visited":["Gensokyo:Gensokyo","Gensokyo:Gensokyoer","Gensokyo:Gensokyoest"],"potions_floor_usage":[39,51,51],"damage_taken":[{"damage":0,"enemies":"Gensokyo:2_Kodama","floor":1,"turns":2},{"damage":11,"enemies":"Gensokyo:Python","floor":5,"turns":3},{"damage":1,"enemies":"Gensokyo:Cirno","floor":6,"turns":4},{"damage":5,"enemies":"Gensokyo:Gryphon","floor":7,"turns":3},{"damage":0,"enemies":"Gensokyo:Gryphon","floor":7,"turns":3},{"damage":5,"enemies":"Gensokyo:Gryphon","floor":7,"turns":2},{"damage":25,"enemies":"Gensokyo:Gryphon","floor":7,"turns":2},{"damage":9,"enemies":"Gensokyo:Aya","floor":8,"turns":3},{"damage":0,"enemies":"Gensokyo:Gryphon","floor":10,"turns":1},{"damage":0,"enemies":"Gensokyo:2_Rabbits","floor":11,"turns":1},{"damage":0,"enemies":"Gensokyo:Cirno","floor":12,"turns":4},{"damage":5,"enemies":"Gensokyo:LivingMonolith","floor":13,"turns":1},{"damage":5,"enemies":"Gensokyo:Kokoro","floor":16,"turns":11},{"damage":9,"enemies":"Gensokyo:AngelMirror","floor":18,"turns":4},{"damage":2,"enemies":"Gensokyo:2_Gloops","floor":19,"turns":3},{"damage":11,"enemies":"Gensokyo:Slime_Group","floor":22,"turns":4},{"damage":5,"enemies":"Gensokyo:Koishi","floor":24,"turns":4},{"damage":0,"enemies":"Gensokyo:3_Gloops","floor":27,"turns":1},{"damage":6,"enemies":"Gensokyo:Monolith_and_Dog","floor":30,"turns":3},{"damage":91,"enemies":"Gensokyo:Eiki","floor":33,"turns":10},{"damage":10,"enemies":"Gensokyo:3_Bats","floor":35,"turns":3},{"damage":5,"enemies":"Gensokyo:3_Boulders","floor":36,"turns":3},{"damage":36,"enemies":"Gensokyo:AtlasGolem","floor":38,"turns":16},{"damage":28,"enemies":"Gensokyo:SeedOfUnknown","floor":39,"turns":5},{"damage":11,"enemies":"Gensokyo:Doremy","floor":41,"turns":5},{"damage":21,"enemies":"Gensokyo:Dusk_and_Dawn","floor":44,"turns":3},{"damage":12,"enemies":"Gensokyo:4_Bats","floor":46,"turns":2},{"damage":15,"enemies":"Gensokyo:Sharpion","floor":48,"turns":2},{"damage":45,"enemies":"Gensokyo:Scarlet_Devils","floor":50,"turns":4},{"damage":93,"enemies":"Malkuth","floor":51,"turns":7}],"seed_played":"-4686605910783236930","potions_obtained":[{"floor":1,"key":"SmokeBomb"},{"floor":10,"key":"hermit:Tonic"},{"floor":16,"key":"hermit:Eclipse"},{"floor":18,"key":"GrandPatriotsElixir:ReiMu"},{"floor":30,"key":"LiquidBronze"},{"floor":33,"key":"Block Potion"},{"floor":36,"key":"SpeedPotion"},{"floor":38,"key":"Fruit Juice"},{"floor":39,"key":"GrandPatriotsElixir:ReiMu"}],"is_trial":false,"path_per_floor":["M","?","?","?","M","E","M","E","T","M","M","E","M","$","R","B",null,"M","M","?","$","M","R","E","R","T","M","?","$","M","?","R","B",null,"M","M","?","M","M","R","E","?","T","M","$","M","R","M","R","B",null],"character_chosen":"HERMIT","items_purchased":["Darkstone Periapt","Potion Belt","Orrery"],"campfire_rested":1,"item_purchase_floors":[14,29,45],"current_hp_per_floor":[75,75,75,75,64,63,28,19,19,19,19,31,41,41,41,46,90,87,85,85,85,80,80,83,83,83,83,89,89,90,90,90,31,96,86,87,87,96,75,75,81,81,81,63,63,53,53,46,76,53],"gold":162,"neow_bonus":"","is_daily":false,"chose_seed":false,"campfire_upgraded":5,"win_rate":0.0,"timestamp":1611274500,"path_taken":["M","?","?","?","M","E","M","E","T","M","?","E","?","$","R","BOSS","M","?","?","?","?","R","E","R","T","M","?","$","M","?","R","BOSS","M","M","?","M","?","R","E","?","T","M","$","?","R","M","R","BOSS"],"items_purchased_type":["Relic","Relic","Relic"],"build_version":"2020-12-18","purchased_purges":0,"victory":true,"max_hp_per_floor":[75,75,75,75,75,75,75,75,75,75,75,75,90,90,90,90,90,90,90,90,90,90,90,90,90,90,90,96,96,96,96,96,96,96,96,96,96,96,101,101,101,101,101,101,101,101,101,101,101,101],"relic_stats":{"Darkstone Periapt":6,"Blood Vial":12,"Gremlin Horn":[6,6],"counters":[34,126],"Pen Nib":[17],"Black Star":2,"Kunai":[15],"obtain_stats":[{"Darkstone Periapt":14,"Gremlin Horn":41,"LuminousBracelet":13,"Gensokyo:Justice":4,"AdjustmentMirror":27,"Blood Vial":43,"Frozen Eye":24,"CogitoBucket":0,"LaetitiaHeart":7,"Gensokyo:LionMask":20,"Philosopher\u0027s Stone":34,"Kunai":24,"Potion Belt":29,"BackwardClock":38,"Oddly Smooth Stone":12,"Pen Nib":6,"White Beast Statue":24,"Heaven_r":7,"REME_HourglassOfDeath":26,"Shuriken":46,"CrazyTorch:ReiMu":9,"AtMidnight":38,"Orrery":45,"REME_HandOfSuture":8,"LetterFromLob":1,"Black Star":17,"REME_PuzzleBoxRelic":41,"hermit:Momento":0,"REME_ComplimentaryCards":0},{"Darkstone Periapt":13,"Gremlin Horn":28,"LuminousBracelet":13,"Gensokyo:Justice":1,"AdjustmentMirror":20,"Blood Vial":28,"Frozen Eye":17,"CogitoBucket":0,"LaetitiaHeart":3,"Gensokyo:LionMask":16,"Philosopher\u0027s Stone":22,"Kunai":18,"Potion Belt":20,"BackwardClock":26,"Oddly Smooth Stone":11,"Pen Nib":3,"White Beast Statue":18,"Heaven_r":7,"REME_HourglassOfDeath":18,"Shuriken":30,"CrazyTorch:ReiMu":8,"AtMidnight":26,"Orrery":29,"REME_HandOfSuture":8,"LetterFromLob":1,"Black Star":14,"REME_PuzzleBoxRelic":28,"hermit:Momento":0,"REME_ComplimentaryCards":0},{"Darkstone Periapt":30,"Gremlin Horn":104,"LuminousBracelet":30,"Gensokyo:Justice":2,"AdjustmentMirror":58,"Blood Vial":104,"Frozen Eye":52,"CogitoBucket":0,"LaetitiaHeart":9,"Gensokyo:LionMask":48,"Philosopher\u0027s Stone":71,"Kunai":56,"Potion Belt":58,"BackwardClock":94,"Oddly Smooth Stone":28,"Pen Nib":9,"White Beast Statue":56,"Heaven_r":19,"REME_HourglassOfDeath":56,"Shuriken":109,"CrazyTorch:ReiMu":22,"AtMidnight":94,"Orrery":107,"REME_HandOfSuture":22,"LetterFromLob":2,"Black Star":41,"REME_PuzzleBoxRelic":104,"hermit:Momento":0,"REME_ComplimentaryCards":0}]},"card_choices":[{"not_picked":["hermit:Coalescence","hermit:Virtue"],"picked":"hermit:Determination","floor":1},{"not_picked":["LongBird","CrumblingArmor","HappyTeddy"],"picked":"Singing Bowl","floor":1},{"not_picked":["hermit:Roulette+1","hermit:TrackingShot+1"],"picked":"hermit:Snipe+1","floor":2},{"not_picked":["hermit:CalledShot","hermit:Vantage"],"picked":"hermit:Manifest","floor":3},{"not_picked":["hermit:Dive","hermit:Quickdraw"],"picked":"hermit:Glare","floor":5},{"not_picked":["VoidDream","SpiderBud","MHz"],"picked":"Singing Bowl","floor":5},{"not_picked":["hermit:SprayPray","hermit:Brawl"],"picked":"hermit:LowProfile","floor":6},{"not_picked":["WallGazer","LittleHelper","OldLady"],"picked":"Singing Bowl","floor":6},{"not_picked":["VoidDream","DespairKnight","Scorched"],"picked":"Singing Bowl","floor":8},{"not_picked":["hermit:Headshot","hermit:HighCaliber","hermit:Glare"],"picked":"SKIP","floor":8},{"not_picked":["hermit:FullyLoaded","hermit:Manifest"],"picked":"hermit:GhostlyPresence","floor":10},{"not_picked":["OldLady","Bloodbath"],"picked":"QueenOfHatred","floor":10},{"not_picked":["hermit:EyeOfTheStorm","hermit:BodyArmor"],"picked":"hermit:Determination","floor":11},{"not_picked":["RedShoes","Murderer","OldLady"],"picked":"Singing Bowl","floor":11},{"not_picked":["hermit:LowProfile","hermit:Quickdraw"],"picked":"hermit:Scavenge","floor":12},{"not_picked":["Freischutz","QueenBee","SnowQueen"],"picked":"Singing Bowl","floor":12},{"not_picked":["ShyLook","OSAHOGD","SpiderBud"],"picked":"Singing Bowl","floor":13},{"not_picked":["hermit:CalledShot","hermit:BodyArmor"],"picked":"hermit:Gambit","floor":13},{"not_picked":["hermit:Gambit","hermit:Magnum"],"picked":"hermit:Roughhouse","floor":16},{"not_picked":["FairyFestival","Murderer","DespairKnight"],"picked":"Singing Bowl","floor":16},{"not_picked":["CrumblingArmor","BeautyBeast"],"picked":"Mercenary","floor":18},{"not_picked":["hermit:BodyArmor","hermit:GhostlyPresence"],"picked":"hermit:LoneWolf","floor":18},{"not_picked":["SingingMachine","MeatLantern","OldLady"],"picked":"Singing Bowl","floor":19},{"not_picked":["hermit:GhostlyPresence","hermit:Roulette","hermit:Dive+1"],"picked":"SKIP","floor":19},{"not_picked":["MeatLantern","UniverseFragment"],"picked":"RedShoes","floor":22},{"not_picked":["hermit:NoHoldsBarred","hermit:Determination","hermit:Brawl"],"picked":"SKIP","floor":22},{"not_picked":["hermit:Headshot","hermit:Misfire"],"picked":"hermit:Feint","floor":24},{"not_picked":["SpiderBud","CherryBlossoms","Wellcheers"],"picked":"Singing Bowl","floor":24},{"not_picked":["NakedNest","FairyFestival","MeatLantern"],"picked":"Singing Bowl","floor":27},{"not_picked":["hermit:CalledShot","hermit:Deadeye","hermit:Headshot+1"],"picked":"SKIP","floor":27},{"not_picked":["LaLuna","Murderer","LittlePrince"],"picked":"Singing Bowl","floor":30},{"not_picked":["hermit:Brawl+1","hermit:PistolWhip","hermit:Ricochet"],"picked":"SKIP","floor":30},{"not_picked":["hermit:Reprieve","hermit:FinalCanter"],"picked":"hermit:RoundhouseKick","floor":33},{"not_picked":["NakedNest","Porccubus","GalaxyChild"],"picked":"Singing Bowl","floor":33},{"not_picked":["BlackArmy","Rudolta","DreamingCurrent"],"picked":"Singing Bowl","floor":35},{"not_picked":["hermit:SprayPray","hermit:Showdown+1","hermit:Virtue+1"],"picked":"SKIP","floor":35},{"not_picked":["Porccubus","Bloodbath","Scarecrow"],"picked":"Singing Bowl","floor":36},{"not_picked":["hermit:ItchyTrigger","hermit:Dive","hermit:Headshot+1"],"picked":"SKIP","floor":36},{"not_picked":["FairyFestival","CrumblingArmor","BlueStar"],"picked":"Singing Bowl","floor":38},{"not_picked":["hermit:Feint+1","hermit:Roulette"],"picked":"hermit:Maintenance+1","floor":38},{"not_picked":["hermit:CalledShot+1","hermit:BlackWind"],"picked":"hermit:HoleUp","floor":39},{"not_picked":["Woodsman","Yin","Alriune"],"picked":"Singing Bowl","floor":39},{"not_picked":["hermit:Combo+1","hermit:Dissolve"],"picked":"hermit:Maintenance+1","floor":41},{"not_picked":["Funeral","BlackSwan","DreamingCurrent"],"picked":"Singing Bowl","floor":41},{"not_picked":["hermit:RoundhouseKick+1","hermit:FromBeyond+1"],"picked":"hermit:OverwhelmingPower+1","floor":42},{"not_picked":["hermit:ItchyTrigger","hermit:LowProfile+1"],"picked":"hermit:Desperado","floor":44},{"not_picked":["DespairKnight","BodiesMountain","Variant"],"picked":"Singing Bowl","floor":44},{"not_picked":["hermit:Manifest+1","hermit:Snipe"],"picked":"hermit:Coalescence+1","floor":45},{"not_picked":["hermit:Coalescence+1","hermit:LowProfile+1"],"picked":"hermit:RoundhouseKick","floor":45},{"not_picked":["hermit:Roulette","hermit:Enervate+1"],"picked":"hermit:HighCaliber+1","floor":45},{"not_picked":["hermit:Combo+1","hermit:Determination+1"],"picked":"hermit:Cheat","floor":45},{"not_picked":["hermit:Vantage+1","hermit:EyeOfTheStorm"],"picked":"hermit:Gambit","floor":45},{"not_picked":["DespairKnight","DreamingCurrent","HeroicMonk"],"picked":"Singing Bowl","floor":46},{"not_picked":["hermit:TrackingShot+1","hermit:SprayPray+1","hermit:Coalescence"],"picked":"SKIP","floor":46},{"not_picked":["hermit:Desperado+1","hermit:LowProfile"],"picked":"hermit:Spite","floor":48},{"not_picked":["GalaxyChild","BlackSwan","QueenBee"],"picked":"Singing Bowl","floor":48}],"player_experience":196803,"relics_obtained":[{"floor":1,"key":"LetterFromLob"},{"floor":6,"key":"Pen Nib"},{"floor":8,"key":"REME_HandOfSuture"},{"floor":9,"key":"CrazyTorch:ReiMu"},{"floor":12,"key":"Oddly Smooth Stone"},{"floor":24,"key":"Kunai"},{"floor":24,"key":"White Beast Statue"},{"floor":26,"key":"REME_HourglassOfDeath"},{"floor":38,"key":"AtMidnight"},{"floor":41,"key":"Gremlin Horn"},{"floor":41,"key":"REME_PuzzleBoxRelic"},{"floor":43,"key":"Blood Vial"}],"event_choices":[{"damage_healed":0,"gold_gain":0,"player_choice":"2","damage_taken":0,"max_hp_gain":0,"max_hp_loss":0,"event_name":"betterMatch:BetterMatch","floor":2,"gold_loss":0,"cards_obtained":["betterMatch:CommonCard"]},{"damage_healed":0,"gold_gain":0,"player_choice":"2","damage_taken":0,"max_hp_gain":0,"max_hp_loss":0,"event_name":"betterMatch:BetterMatch","floor":42,"gold_loss":0,"cards_obtained":["betterMatch:RareCard"]}],"is_beta":true,"boss_relics":[{"not_picked":["hermit:BartenderGlass","Astrolabe"],"picked":"Black Star"},{"not_picked":["hermit:ClaspedLocket","REME_DuelDisc"],"picked":"Philosopher\u0027s Stone"}],"items_purged_floors":[],"is_endless":false,"potions_floor_spawned":[1,7,7,10,16,18,24,27,30,33,35,36,38,39,41,44,46,48,51],"ascension_level":0}}