{"host":"0cd7aghhsbbg3cz2","time":1611343461,"event":{"mods":["100% Spire Juice","Act Like it!","Arknights The Spire","Bard","BaseMod","Better Match","Better Third Choice","Block Reminder","ChefMod","Colored Map","Colored Powertips","Conspire","Energized Spire","Hubris","Infinite Spire","Minty Spire (QoL Compilation)","Replay The Spire","Robot Space Explorer","Shop Mod","Spicy Shops","StSLib","The Caster","The Dragon Tamer","The Marked","vexMod"],"gold_per_floor":[119,131,131,206,53,53,78,78,101,101,113,125,125,155,155,258,258,271,291,291,308,87,121,132,146,146,160,160,160],"floor_reached":28,"language":"ENG","playtime":7740,"items_purged":[],"score":300,"play_id":"f36d73c7-f304-4aac-b14f-696e478883e0","local_time":"20210122132421","is_ascension_mode":false,"campfire_choices":[{"data":"caster:Meteor","floor":6.0,"key":"SMITH"},{"data":"caster:Sleet","floor":10.0,"key":"SMITH"},{"data":"caster:GateOfBabylon","floor":15.0,"key":"SMITH"}],"circlet_count":0,"master_deck":["caster:Meteor+1","caster:DivertFocus+1","caster:strike","caster:strike","caster:strike","caster:strike","caster:defend","caster:defend","caster:defend","caster:defend","caster:defend+1","caster:AshesToAshes+1","caster:BloodRitual+1","caster:Sleet+1","caster:Thundara+1","caster:MagicBarrier+1","caster:MagicBarrier+1","caster:GateOfBabylon+1","caster:ManaOverflow+1","caster:FrostDriver","caster:LAZER","caster:Incantation+1","caster:NaturalChaos","caster:MagicBarrier","caster:FireWall+1","caster:IcicleLance","caster:Fireball"],"relics":["caster:MagicBook","NeowsBlessing","MerchantsRug","infinitespire:Satchel","hubris:ToyBattleship","Bronze Scales","vexMod:ImprovementManual","Mirror","Guide Book","Molten Egg 2","vexMod:Dragonfruit"],"acts_visited":["Exordium","TheCity"],"potions_floor_usage":[28],"damage_taken":[{"damage":0.0,"enemies":"conspire:RoseBush","floor":1.0,"turns":1.0},{"damage":0.0,"enemies":"Jaw Worm","floor":2.0,"turns":1.0},{"damage":0.0,"enemies":"Replay:BlueRogue","floor":7.0,"turns":1.0},{"damage":0.0,"enemies":"infinitespire:Voidling","floor":11.0,"turns":3.0},{"damage":14.0,"enemies":"2 Fungi Beasts","floor":12.0,"turns":4.0},{"damage":1.0,"enemies":"3 Sentries","floor":14.0,"turns":9.0},{"damage":34.0,"enemies":"Fading Forest","floor":16.0,"turns":11.0},{"damage":14.0,"enemies":"3 Byrds","floor":18.0,"turns":4.0},{"damage":21.0,"enemies":"Shell Parasite","floor":19.0,"turns":6.0},{"damage":6.0,"enemies":"Snecko","floor":21.0,"turns":5.0},{"damage":8.0,"enemies":"conspire:Head Lice","floor":23.0,"turns":9.0},{"damage":0.0,"enemies":"conspire:HollyBat","floor":24.0,"turns":9.0},{"damage":23.0,"enemies":"3 Cultists","floor":25.0,"turns":5.0},{"damage":8.0,"enemies":"Snake Plant","floor":27.0,"turns":5.0},{"damage":47,"enemies":"Nightmare","floor":28,"turns":8}],"seed_played":"-2749764393553969880","potions_obtained":[{"floor":1.0,"key":"DuplicationPotion"},{"floor":12.0,"key":"PowerPotion"},{"floor":14.0,"key":"Explosive Potion"},{"floor":16.0,"key":"Reflective Coating"},{"floor":19.0,"key":"SpeedPotion"},{"floor":24.0,"key":"ColorlessPotion"}],"is_trial":false,"path_per_floor":["M","M","?","?","$","R","E","?","T","R","M","M","?","E","R","B",null,"M","M","?","M","$","E","M","M","T","M","NM"],"character_chosen":"THE_CASTER","items_purchased":["MerchantsRug","caster:NaturalChaos","Guide Book"],"campfire_rested":0,"item_purchase_floors":[5,22,22],"current_hp_per_floor":[64,64,64,58,58,58,58,58,58,58,58,46,52,64,64,32,64,50,29,29,23,23,30,34,21,26,20,0,0],"gold":160,"neow_bonus":"THREE_ENEMY_KILL","is_daily":false,"chose_seed":false,"campfire_upgraded":3,"win_rate":0.0,"timestamp":1611343461,"path_taken":["M","M","?","?","$","R","E","?","T","R","?","M","?","E","R","BOSS","M","M","?","?","?","E","M","M","T","M","NM"],"items_purchased_type":["Relic","Card","Relic"],"build_version":"2020-12-22","purchased_purges":0,"victory":false,"max_hp_per_floor":[64,64,64,64,64,64,64,64,64,64,64,64,64,64,64,64,64,64,64,64,64,64,64,64,64,69,69,69,69],"card_choices":[{"not_picked":["caster:IcicleLance","caster:Enfeeble"],"picked":"caster:AshesToAshes","floor":1.0},{"not_picked":["caster:MagicAttunement","caster:QuickCast"],"picked":"caster:BloodRitual","floor":2.0},{"not_picked":["caster:Demi","caster:Elementalize"],"picked":"caster:Sleet","floor":7.0},{"not_picked":["caster:MagicResonance","caster:Accumulation"],"picked":"caster:MagicBarrier","floor":11.0},{"not_picked":["caster:Elementalize","caster:GlacialShield"],"picked":"caster:MagicBarrier","floor":12.0},{"not_picked":["caster:Rectify","caster:FlashSpeed"],"picked":"caster:GateOfBabylon","floor":14.0},{"not_picked":["caster:StormGust","caster:EchoingVoice"],"picked":"caster:ManaOverflow","floor":16.0},{"not_picked":["caster:FlashFrost","caster:FireWall"],"picked":"caster:FrostDriver","floor":18.0},{"not_picked":["caster:Incinerate+1","caster:WallOfRocks"],"picked":"caster:LAZER","floor":19.0},{"not_picked":["caster:QuickCast+1","caster:BloodRitual"],"picked":"caster:Incantation","floor":21.0},{"not_picked":["caster:IcicleLance+1","caster:ShortenedChant"],"picked":"caster:MagicBarrier","floor":23.0},{"not_picked":["caster:MagicWeapon+1","caster:JupitelThunder"],"picked":"caster:FireWall+1","floor":24.0},{"not_picked":["caster:QuickCast","caster:Charge"],"picked":"caster:IcicleLance","floor":25.0},{"not_picked":["caster:MagicResonance+1","caster:Charge"],"picked":"caster:Fireball","floor":27.0}],"player_experience":162155,"relics_obtained":[{"floor":7.0,"key":"infinitespire:Satchel"},{"floor":9.0,"key":"hubris:ToyBattleship"},{"floor":14.0,"key":"Bronze Scales"},{"floor":23.0,"key":"Molten Egg 2"},{"floor":26.0,"key":"vexMod:Dragonfruit"}],"event_choices":[{"damage_healed":0.0,"max_hp_gain":0.0,"max_hp_loss":0.0,"gold_gain":75.0,"event_name":"FaceTrader","player_choice":"Touch","floor":4.0,"gold_loss":0.0,"damage_taken":6.0},{"damage_healed":0.0,"max_hp_gain":0.0,"max_hp_loss":0.0,"gold_gain":0.0,"event_name":"WeMeetAgain","player_choice":"Gave Potion","floor":20.0,"gold_loss":0.0,"damage_taken":0.0,"relics_obtained":["Mirror"]}],"is_beta":false,"boss_relics":[{"not_picked":["energizedSpire:CursedPentagram","conspire:RoyalGoblet"],"picked":"vexMod:ImprovementManual"}],"items_purged_floors":[],"is_endless":false,"potions_floor_spawned":[1,12,14,16,19,24],"killed_by":"Nightmare","ascension_level":0}}