{"host":"TheShotgunBoss","time":1611276880,"event":{"mods":["AchievementEnabler","Always Whale","Aspiration","BaseMod","Beaked The Cultist","Colored Map","Colored Powertips","Colorless Booster Pack","Conspire","Downfall","Energized Spire","FetchMod","GifTheSpireLib","Halation","Hubris","Infinite Spire","Jedi Mod","Minty Spire (QoL Compilation)","Poor People Problems","Quick Restart","RNG!","Relic Sorter","SacredBarkPlus","Shop Mod","Spikes Relics","StSLib","Stuff the Spire","The Blue Laboratory","The Construct","Uncapped","Unceasing Turn Reminder","everything is the same but u backflip on backflip","vexMod","??????REMEMod"],"gold_per_floor":[99,114,132,132,132,142,168,188,88,118,18,28,41,41,54,54,54],"floor_reached":16,"language":"ENG","playtime":713,"items_purged":[],"score":104,"play_id":"fbb1b19a-baea-4229-a20f-d200c3753837","local_time":"20210121195440","is_ascension_mode":false,"campfire_choices":[{"floor":1,"key":"RECALL"},{"data":"Guardian:PrismaticBeam","floor":9,"key":"SMITH"},{"floor":11,"key":"REST"}],"circlet_count":0,"master_deck":["Guardian:Strike_Guardian","Guardian:Strike_Guardian","Guardian:Strike_Guardian","Guardian:Defend_Guardian","Guardian:Defend_Guardian","Guardian:Defend_Guardian","Guardian:Defend_Guardian","Guardian:CurlUp","Guardian:TwinSlam+1","Master of Strategy","Guardian:PrismaticBeam+1","Guardian:SphericShield","Guardian:DonusPower"],"relics":["Guardian:ModeShifter","REME_ComplimentaryCards","downfall:HeartBlessingRed","hubris:MysteriousPyramids","downfall:HeartBlessingGreen"],"acts_visited":["Exordium"],"potions_floor_usage":[],"damage_taken":[{"damage":3,"enemies":"2 Louse","floor":2,"turns":3},{"damage":3,"enemies":"Jaw Worm","floor":3,"turns":3},{"damage":1,"enemies":"Cultist","floor":6,"turns":4},{"damage":8,"enemies":"Large Slime","floor":8,"turns":13},{"damage":45,"enemies":"Lagavulin","floor":10,"turns":14},{"damage":0,"enemies":"Lots of Slimes","floor":12,"turns":5},{"damage":10,"enemies":"Exordium Thugs","floor":13,"turns":4},{"damage":0,"enemies":"Red Slaver","floor":15,"turns":3},{"damage":72,"enemies":"WA_ARCHETYPE_RETAIN","floor":16,"turns":12}],"seed_played":"3918198930874080976","potions_obtained":[{"floor":6,"key":"Swift Potion"},{"floor":13,"key":"Explosive Potion"},{"floor":15,"key":"Fruit Juice"}],"is_trial":false,"path_per_floor":["R","M","M","?","?","M","T","M","R","E","R","M","M","?","M","B"],"character_chosen":"GUARDIAN","items_purchased":[],"campfire_rested":1,"item_purchase_floors":[],"current_hp_per_floor":[80,77,74,74,74,73,73,65,65,20,44,44,34,60,60,0,0,0],"gold":54,"neow_bonus":"UPGRADE_CARD","is_daily":false,"chose_seed":false,"campfire_upgraded":1,"win_rate":0.0,"timestamp":1611276880,"path_taken":["R","M","M","?","?","?","T","M","R","E","R","M","M","?","M","BOSS"],"items_purchased_type":[],"build_version":"2020-12-18","purchased_purges":0,"victory":false,"max_hp_per_floor":[80,80,80,80,80,80,80,80,80,80,80,80,80,80,80,80,80,80],"card_choices":[{"not_picked":["Guardian:Incinerate","Guardian:Recover"],"picked":"Guardian:PrismaticBeam","floor":2},{"not_picked":["Guardian:Planning","Guardian:Repulse"],"picked":"Guardian:Gem_Green","floor":3},{"not_picked":["Guardian:RollAttack","Guardian:ArmoredProtocol","Guardian:WalkerClaw"],"picked":"SKIP","floor":6},{"not_picked":["Guardian:TemporalStrike","Guardian:Emergency","Guardian:ConstructionForm"],"picked":"SKIP","floor":8},{"not_picked":["Guardian:Suspension","Guardian:Gem_Green"],"picked":"Guardian:SphericShield","floor":10},{"not_picked":["Guardian:Incinerate","Guardian:BodySlam"],"picked":"Guardian:DonusPower","floor":12},{"not_picked":["Guardian:Planning","Guardian:ShieldCharger","Guardian:Reroute"],"picked":"SKIP","floor":13},{"not_picked":["Guardian:BodySlam","Guardian:BronzeOrb","Guardian:Recover"],"picked":"SKIP","floor":15}],"player_experience":282381,"relics_obtained":[{"floor":10,"key":"hubris:MysteriousPyramids"}],"event_choices":[{"damage_healed":0,"gold_gain":0,"player_choice":"Leave","damage_taken":0,"max_hp_gain":0,"max_hp_loss":0,"event_name":"conspire:Investor","floor":4,"gold_loss":0},{"damage_healed":26,"gold_gain":0,"player_choice":"Banana","damage_taken":0,"max_hp_gain":0,"max_hp_loss":0,"event_name":"Big Fish","floor":14,"gold_loss":0}],"is_beta":true,"boss_relics":[],"items_purged_floors":[],"is_endless":false,"potions_floor_spawned":[6,13,15],"killed_by":"WA_ARCHETYPE_RETAIN","ascension_level":0}}