{"host":"xc18ixkpjvqrt8st","time":1611357884,"event":{"mods":["Act Like it!","BaseMod","Better Match","Better Third Choice","Conspire","Hallownest","Hermit","Hubris","Infinite Spire","Minty Spire (QoL Compilation)","Robot Space Explorer","Shop Mod","Spicy Shops","StSLib","The Animator","The Jungle","The Marked","The Sage"],"gold_per_floor":[128,128,143,143,156,194,194,208,208,244,266,266,304,331,331,450,450,471,471,29,48,48,48,59,59,59,59,100,149,184,184,184,290,290,310,610,634,634,634,634,634,634],"floor_reached":41,"language":"ENG","playtime":1763,"items_purged":[],"score":549,"play_id":"6a77e998-f86d-4e93-ae1c-2ac4b78b02a0","local_time":"20210122172444","is_ascension_mode":true,"campfire_choices":[{"floor":7,"key":"REST"},{"floor":12,"key":"REST"},{"floor":15,"key":"REST"},{"floor":23,"key":"REST"},{"floor":27,"key":"REST"},{"floor":32,"key":"REST"},{"floor":40,"key":"RECALL"}],"circlet_count":0,"master_deck":["animator:Strike_GoblinSlayer","animator:Defend_GoblinSlayer","animator:Strike","animator:Strike","animator:Strike","animator:Defend","animator:Defend","animator:Defend","animator:LizardPriest","animator:DwarfShaman","animator:Arpeggio","infinitespire:Execution","animator:Bozes","animator:Genos","animator:Witch","animator:Chris","animator:Megumin+10","animator:CowGirl","animator:Aqua","animator:Cocytus","animator:ItamiYouji","animator:Verdia","animator:Chris","animator:Sebas","animator:YunYun","animator:NarberalGamma","animator:Tyuule","animator:LeleiLaLalena","animator:HighElfArcher","animator:PinaCoLada","animator:Azekura","animator:Geryuganshoop","Writhe"],"relics":["animator:LivingPicture","animator:TheMissingPiece","Art of War","Pantograph","infinitespire:BottledMercury","Paper Crane","animator:HolyGrailRelic","MutagenicStrength","hubris:GlazedTorus","hubris:Icosahedron","animator:AlchemistGlove","Bag of Preparation","hubris:TerracottaHorce"],"acts_visited":["Exordium","TheCity","TheBeyond"],"potions_floor_usage":[10,10,13,16,24,28,29,30,33,33,33,33],"damage_taken":[{"damage":0,"enemies":"Small Slimes","floor":1,"turns":4},{"damage":0,"enemies":"Jaw Worm","floor":3,"turns":5},{"damage":5,"enemies":"conspire:RoseBush","floor":5,"turns":4},{"damage":18,"enemies":"Gremlin Nob","floor":6,"turns":4},{"damage":0,"enemies":"Looter","floor":8,"turns":4},{"damage":10,"enemies":"3 Sentries","floor":10,"turns":5},{"damage":9,"enemies":"2 Fungi Beasts","floor":11,"turns":3},{"damage":32,"enemies":"Gremlin Nob","floor":13,"turns":5},{"damage":4,"enemies":"Blue Slaver","floor":14,"turns":4},{"damage":24,"enemies":"Slime Boss","floor":16,"turns":6},{"damage":30,"enemies":"3 Byrds","floor":18,"turns":4},{"damage":27,"enemies":"2 Thieves","floor":21,"turns":3},{"damage":24,"enemies":"Snake Plant","floor":24,"turns":3},{"damage":44,"enemies":"Slavers","floor":28,"turns":3},{"damage":10,"enemies":"Chosen and Byrds","floor":29,"turns":4},{"damage":1,"enemies":"Centurion and Healer","floor":30,"turns":3},{"damage":48,"enemies":"Automaton","floor":33,"turns":7},{"damage":0,"enemies":"Orb Walker","floor":35,"turns":2},{"damage":29,"enemies":"3 Shapes","floor":37,"turns":4},{"damage":0,"enemies":"Jaw Worm Horde","floor":41,"turns":1}],"seed_played":"1910737155218088594","potions_obtained":[{"floor":1,"key":"Block Potion"},{"floor":3,"key":"LiquidBronze"},{"floor":14,"key":"Swift Potion"},{"floor":21,"key":"FearPotion"},{"floor":28,"key":"Swift Potion"}],"is_trial":false,"path_per_floor":["M","?","M","T","M","E","R","M","T","E","M","R","E","M","R","B",null,"M","?","$","M","?","R","M","?","T","R","E","M","M","T","R","B",null,"M","?","M","?","?","R","M"],"character_chosen":"THE_ANIMATOR","items_purchased":["hubris:GlazedTorus","animator:Chris","animator:Sebas"],"campfire_rested":6,"item_purchase_floors":[20,20,20],"current_hp_per_floor":[72,54,55,55,50,32,53,53,53,43,35,57,25,23,45,48,82,54,54,54,29,29,54,33,36,36,63,24,18,19,19,47,28,81,83,83,58,82,82,82,82,82],"gold":634,"neow_bonus":"TEN_PERCENT_HP_BONUS","is_daily":false,"chose_seed":false,"campfire_upgraded":0,"win_rate":0.0,"timestamp":1611357884,"path_taken":["M","?","M","?","M","E","R","M","T","E","M","R","E","M","R","BOSS","M","?","$","M","?","R","M","?","T","R","E","M","M","?","R","BOSS","M","?","?","?","?","R","M"],"items_purchased_type":["Relic","Card","Card"],"build_version":"2020-12-22","purchased_purges":0,"victory":false,"max_hp_per_floor":[72,72,73,73,73,73,73,73,73,73,74,74,74,74,74,74,82,84,84,84,86,86,86,89,92,92,92,95,97,94,94,94,98,98,95,95,97,97,97,97,97,97],"card_choices":[{"not_picked":["animator:RoryMercury","animator:Emonzaemon"],"picked":"animator:Arpeggio","floor":1},{"not_picked":["infinitespire:SealOfDarkness+","hubris:Fate"],"picked":"infinitespire:Execution","floor":2},{"not_picked":["animator:Spearman","animator:PandorasActor"],"picked":"animator:Bozes","floor":3},{"not_picked":["animator:Togame","animator:Emonzaemon"],"picked":"animator:Genos","floor":5},{"not_picked":["animator:Spearman","animator:GuildGirl"],"picked":"animator:Witch","floor":6},{"not_picked":["animator:Nanami","animator:MumenRider"],"picked":"animator:Chris","floor":8},{"not_picked":["animator:Kuribayashi","animator:HiiragiShinya"],"picked":"animator:Megumin","floor":10},{"not_picked":["animator:YaoHaDucy","animator:ZankiKiguchi"],"picked":"animator:CowGirl","floor":11},{"not_picked":["animator:Kazuma","animator:Verdia"],"picked":"animator:Aqua","floor":13},{"not_picked":["animator:CrowleyEusford","animator:PandorasActor"],"picked":"animator:Cocytus","floor":14},{"not_picked":["animator:FeridBathory","animator:HigakiRinne"],"picked":"animator:ItamiYouji","floor":16},{"not_picked":["animator:Shinoa","animator:SilverFang"],"picked":"animator:Verdia","floor":18},{"not_picked":["animator:Demiurge","animator:Witch"],"picked":"animator:YunYun","floor":21},{"not_picked":["animator:Demiurge","animator:Sebas"],"picked":"animator:NarberalGamma","floor":24},{"not_picked":["animator:Evileye","animator:Geryuganshoop"],"picked":"animator:Tyuule","floor":28},{"not_picked":["animator:Priestess","animator:Mitsuba"],"picked":"animator:LeleiLaLalena","floor":29},{"not_picked":["animator:Shigure","animator:SilverFang"],"picked":"animator:HighElfArcher","floor":30},{"not_picked":["animator:Saitama","animator:Wiz"],"picked":"animator:PinaCoLada","floor":33},{"not_picked":["animator:TsurugaMeisai","animator:Togame"],"picked":"animator:Azekura","floor":35},{"not_picked":["animator:Konayuki","animator:Azekura"],"picked":"animator:Geryuganshoop","floor":37}],"player_experience":583182,"relics_obtained":[{"floor":4,"key":"Art of War"},{"floor":9,"key":"Pantograph"},{"floor":10,"key":"infinitespire:BottledMercury"},{"floor":13,"key":"Paper Crane"},{"floor":28,"key":"animator:AlchemistGlove"},{"floor":31,"key":"Bag of Preparation"}],"event_choices":[{"damage_healed":0,"gold_gain":0,"player_choice":"Inject Mutagens","damage_taken":0,"relics_obtained":["MutagenicStrength"],"max_hp_gain":0,"max_hp_loss":0,"event_name":"Drug Dealer","floor":19,"gold_loss":0},{"damage_healed":0,"gold_gain":300,"player_choice":"Gold","damage_taken":0,"max_hp_gain":0,"max_hp_loss":0,"event_name":"Wheel of Change","floor":36,"gold_loss":0},{"damage_healed":24,"gold_gain":0,"player_choice":"Writhe","damage_taken":0,"max_hp_gain":0,"max_hp_loss":0,"event_name":"Winding Halls","floor":38,"gold_loss":0,"cards_obtained":["Writhe"]},{"damage_healed":0,"gold_gain":0,"player_choice":"Ignored","damage_taken":0,"max_hp_gain":0,"max_hp_loss":0,"event_name":"Transmorgrifier","floor":39,"gold_loss":0}],"is_beta":false,"boss_relics":[{"not_picked":["conspire:SeveredTorchhead","hubris:HollowSoul"],"picked":"animator:HolyGrailRelic"},{"not_picked":["Runic Dome","hubris:VirtuousBlindfold"],"picked":"hubris:TerracottaHorce"}],"items_purged_floors":[],"is_endless":false,"potions_floor_spawned":[1,3,14,21,28],"killed_by":"Jaw Worm Horde","ascension_level":2}}