{"host":"pletss163z7s8pvv","time":1611280865,"event":{"mods":["AchievementEnabler","BaseMod","Better Altar","CapriCore","Colored Map","Colored Powertips","Conspire","Energized Spire","GifTheSpireLib","Hermit","Ironclad Rager","Minty Spire (QoL Compilation)","Spicy Shops","StS++","StSLib"],"gold_per_floor":[114,129,144,159,174,174,204,204,204,204,242,242,37,56,56,181,181,200,200,200,4,4,4,19,19,19,19,34,34,34],"floor_reached":29,"language":"ENG","playtime":811,"items_purged":[],"score":233,"play_id":"cdc944f0-80e4-4f6b-bf64-18b53ac72a06","local_time":"20210121200105","daily_mods":["Heirloom","Time Dilation","Night Terrors"],"is_ascension_mode":false,"campfire_choices":[{"data":"hermit:Showdown","floor":6,"key":"SMITH"},{"floor":10,"key":"REST"},{"data":"hermit:TakeAim","floor":12,"key":"SMITH"},{"floor":15,"key":"REST"},{"data":"hermit:BigShot","floor":23,"key":"SMITH"},{"data":"hermit:Deadeye","floor":25,"key":"SMITH"},{"data":"hermit:HighCaliber","floor":27,"key":"SMITH"}],"circlet_count":0,"master_deck":["hermit:Strike_Hermit+1","hermit:Strike_Hermit+1","hermit:Strike_Hermit+1","hermit:Strike_Hermit+1","hermit:Defend_Hermit+1","hermit:Defend_Hermit+1","hermit:Defend_Hermit+1","hermit:Defend_Hermit+1","hermit:Snapshot","hermit:Covet","hermit:WideOpen","hermit:Showdown+1","hermit:NoHoldsBarred","hermit:TakeAim+1","hermit:WideOpen","hermit:SprayPray","Injury","hermit:SprayPray","hermit:Snapshot","Shame","hermit:HighCaliber+1","hermit:Headshot","hermit:FatalDesire","hermit:BigShot+1","hermit:HighCaliber","hermit:Deadeye+1","hermit:Misfire+1"],"relics":["hermit:Momento","TungstenRod","StSpp:TwinEgg","Bloody Idol","conspire:BottledYoYo","hermit:Spyglass","DollysMirror","StrikeDummy","Black Star","Vajra","MealTicket","StSpp:SailorCap"],"acts_visited":["Exordium","TheCity"],"potions_floor_usage":[16,16,16],"damage_taken":[{"damage":5,"enemies":"Cultist","floor":1,"turns":3},{"damage":3,"enemies":"conspire:RoseBush","floor":2,"turns":1},{"damage":5,"enemies":"Jaw Worm","floor":3,"turns":2},{"damage":3,"enemies":"3 Louse","floor":4,"turns":2},{"damage":7,"enemies":"conspire:2 RoseBushes","floor":5,"turns":3},{"damage":35,"enemies":"3 Sentries","floor":7,"turns":8},{"damage":29,"enemies":"Lagavulin","floor":11,"turns":5},{"damage":11,"enemies":"Blue Slaver","floor":14,"turns":2},{"damage":56,"enemies":"The Guardian","floor":16,"turns":8},{"damage":7,"enemies":"conspire:FuzzyDice","floor":18,"turns":4},{"damage":8,"enemies":"Chosen","floor":24,"turns":3},{"damage":45,"enemies":"conspire:HollyBat","floor":28,"turns":7},{"damage":20,"enemies":"Shelled Parasite and Fungi","floor":29,"turns":2}],"seed_played":"8945501730091475425","potions_obtained":[{"floor":1,"key":"LiquidMemories"},{"floor":4,"key":"LiquidMemories"},{"floor":5,"key":"ColorlessPotion"}],"is_trial":false,"path_per_floor":["M","M","M","M","M","R","E","?","T","R","E","R","$","M","R","B",null,"M","?","?","$","?","R","M","R","T","R","M","M"],"character_chosen":"HERMIT","items_purchased":["DollysMirror","StrikeDummy","hermit:HighCaliber","Vajra","hermit:HighCaliber"],"campfire_rested":2,"item_purchase_floors":[13,13,13,21,21],"current_hp_per_floor":[70,67,62,59,52,52,17,17,17,70,41,41,41,30,65,9,65,58,58,58,58,58,58,55,55,55,55,15,0,0],"gold":34,"neow_bonus":"","is_daily":true,"chose_seed":false,"campfire_upgraded":5,"win_rate":0.0,"timestamp":1611280865,"path_taken":["M","?","M","?","M","R","E","?","T","R","E","R","?","M","R","BOSS","M","?","?","$","?","R","M","R","T","R","?","M"],"items_purchased_type":["Relic","Relic","Card","Relic","Card"],"build_version":"2020-12-22","purchased_purges":0,"victory":false,"max_hp_per_floor":[75,75,75,75,75,75,75,75,75,70,70,70,70,70,65,65,65,65,65,65,65,65,65,65,65,65,65,65,65,65],"card_choices":[{"not_picked":["hermit:Virtue","hermit:Desperado"],"picked":"hermit:WideOpen","floor":1},{"not_picked":["hermit:ShadowCloak","hermit:CalledShot"],"picked":"hermit:Showdown","floor":2},{"not_picked":["hermit:Spite","hermit:Virtue"],"picked":"hermit:NoHoldsBarred","floor":3},{"not_picked":["hermit:Snipe","hermit:BlackWind"],"picked":"hermit:TakeAim","floor":4},{"not_picked":["hermit:Coalescence","hermit:Gestalt"],"picked":"hermit:WideOpen","floor":5},{"not_picked":["hermit:Magnum","hermit:Vantage"],"picked":"hermit:SprayPray","floor":7},{"not_picked":["hermit:NoHoldsBarred","hermit:CalledShot"],"picked":"hermit:SprayPray","floor":11},{"not_picked":["hermit:HighCaliber","hermit:Dissolve"],"picked":"hermit:Headshot","floor":14},{"not_picked":["hermit:Roughhouse","hermit:EternalForm"],"picked":"hermit:FatalDesire","floor":16},{"not_picked":["hermit:Coalescence","hermit:CalledShot"],"picked":"hermit:BigShot","floor":18},{"not_picked":["hermit:Enervate","hermit:Coalescence"],"picked":"hermit:Deadeye","floor":24},{"not_picked":["hermit:WideOpen+1","hermit:LuckOfTheDraw+1"],"picked":"hermit:Misfire+1","floor":28}],"player_experience":428460,"relics_obtained":[{"floor":7,"key":"StSpp:TwinEgg"},{"floor":9,"key":"conspire:BottledYoYo"},{"floor":11,"key":"hermit:Spyglass"},{"floor":26,"key":"StSpp:SailorCap"}],"event_choices":[{"damage_healed":0,"gold_gain":0,"player_choice":"Take Wound","damage_taken":0,"relics_obtained":["Golden Idol"],"max_hp_gain":0,"max_hp_loss":0,"event_name":"Golden Idol","floor":8,"gold_loss":0,"cards_obtained":["Injury"]},{"damage_healed":0,"gold_gain":0,"player_choice":" GoldIdol ","damage_taken":1,"relics_obtained":["Bloody Idol"],"max_hp_gain":58,"max_hp_loss":58,"event_name":"betterAltar:BetterAltar","floor":19,"potions_obtained":[],"relics_lost":["Golden Idol"],"gold_loss":0},{"damage_healed":0,"gold_gain":0,"player_choice":"Simplicity","damage_taken":0,"max_hp_gain":0,"max_hp_loss":0,"event_name":"Back to Basics","floor":20,"gold_loss":0,"cards_upgraded":["hermit:Strike_Hermit","hermit:Strike_Hermit","hermit:Strike_Hermit","hermit:Strike_Hermit","hermit:Defend_Hermit","hermit:Defend_Hermit","hermit:Defend_Hermit","hermit:Defend_Hermit"]},{"damage_healed":0,"gold_gain":0,"player_choice":"Opened","damage_taken":0,"relics_obtained":["MealTicket"],"max_hp_gain":0,"max_hp_loss":0,"event_name":"The Mausoleum","floor":22,"gold_loss":0}],"is_beta":false,"boss_relics":[{"not_picked":["Ectoplasm","Busted Crown"],"picked":"Black Star"}],"items_purged_floors":[],"is_endless":false,"potions_floor_spawned":[1,4,5,7],"killed_by":"Shelled Parasite and Fungi","ascension_level":0}}