{"host":"bq4pt811tk9yrmjl","time":1611324904,"event":{"mods":["AchievementEnabler","BaseMod","Colored Map","Colored Powertips","Defuse TimeMaze Blight","Hermit","Minty Spire (QoL Compilation)","StSLib","SuperFastMode"],"gold_per_floor":[113,8,8,21,21,21,48,48,48,48,48,67,95,95,95,194,194,208,208,208,222,222,222,222],"floor_reached":23,"language":"ENG","playtime":374,"items_purged":[],"score":205,"play_id":"18052b14-790c-4cbf-987a-b69615f1c644","local_time":"20210122121504","is_ascension_mode":true,"campfire_choices":[{"data":"Blade Dance","floor":6,"key":"SMITH"},{"data":"Slice","floor":8,"key":"SMITH"},{"data":"Bouncing Flask","floor":10,"key":"SMITH"},{"floor":15,"key":"RECALL"}],"circlet_count":0,"master_deck":["Strike_G","Strike_G","Strike_G","Strike_G","Strike_G","Defend_G","Defend_G","Defend_G","Defend_G","Defend_G","Survivor","Neutralize+1","Slice+1","Blade Dance+1","Bouncing Flask+1","Envenom","Terror+1"],"relics":["WristBlade","Boot","Darkstone Periapt","Oddly Smooth Stone","Sozu"],"acts_visited":["Exordium","TheCity"],"potions_floor_usage":[7,13],"damage_taken":[{"damage":2,"enemies":"2 Louse","floor":1,"turns":4},{"damage":0,"enemies":"Small Slimes","floor":4,"turns":3},{"damage":10,"enemies":"3 Sentries","floor":7,"turns":6},{"damage":0,"enemies":"Cultist","floor":12,"turns":2},{"damage":13,"enemies":"Lagavulin","floor":13,"turns":5},{"damage":5,"enemies":"Slime Boss","floor":16,"turns":8},{"damage":14,"enemies":"Spheric Guardian","floor":18,"turns":4},{"damage":0,"enemies":"Chosen","floor":21,"turns":3},{"damage":48,"enemies":"Slavers","floor":23,"turns":3}],"seed_played":"5686150686198381527","potions_obtained":[{"floor":1,"key":"GhostInAJar"},{"floor":12,"key":"Dexterity Potion"},{"floor":13,"key":"SteroidPotion"}],"is_trial":false,"path_per_floor":["M","$","?","M","?","R","E","R","T","R","?","M","E","?","R","B",null,"M","?","?","M","?","E"],"character_chosen":"THE_SILENT","items_purchased":["Blade Dance","Bouncing Flask"],"campfire_rested":0,"item_purchase_floors":[2,2],"current_hp_per_floor":[68,68,68,68,73,73,63,63,63,63,63,63,50,50,50,45,75,61,61,61,61,47,0,0],"gold":222,"neow_bonus":"BOSS_RELIC","is_daily":false,"chose_seed":false,"campfire_upgraded":3,"win_rate":0.0,"timestamp":1611324904,"path_taken":["M","$","?","M","?","R","E","R","T","R","?","M","E","?","R","BOSS","M","?","?","?","?","E"],"items_purchased_type":["Card","Card"],"build_version":"2020-12-22","purchased_purges":0,"victory":false,"max_hp_per_floor":[70,70,70,70,75,75,75,75,75,75,75,75,75,75,75,75,75,75,75,75,75,80,80,80],"card_choices":[{"not_picked":["Endless Agony","Prepared"],"picked":"Slice","floor":1},{"not_picked":["Terror","Well Laid Plans","Riddle With Holes"],"picked":"SKIP","floor":4},{"not_picked":["Flying Knee","Bouncing Flask","Corpse Explosion"],"picked":"SKIP","floor":7},{"not_picked":["Bane","Concentrate"],"picked":"PiercingWail","floor":12},{"not_picked":["Endless Agony","PiercingWail","Outmaneuver"],"picked":"SKIP","floor":13},{"not_picked":["Phantasmal Killer","Tools of the Trade"],"picked":"Envenom","floor":16},{"not_picked":["Acrobatics","PiercingWail","Dodge and Roll"],"picked":"SKIP","floor":18},{"not_picked":["Flechettes+1","Outmaneuver"],"picked":"Terror+1","floor":21}],"player_experience":206982,"relics_obtained":[{"floor":7,"key":"Boot"},{"floor":13,"key":"Darkstone Periapt"}],"event_choices":[{"damage_healed":0,"gold_gain":0,"player_choice":"Grow","damage_taken":0,"max_hp_gain":0,"max_hp_loss":0,"event_name":"Living Wall","floor":3,"gold_loss":0,"cards_upgraded":["Neutralize"]},{"damage_healed":0,"gold_gain":0,"player_choice":"Donut","damage_taken":0,"max_hp_gain":5,"max_hp_loss":0,"event_name":"Big Fish","floor":5,"gold_loss":0},{"damage_healed":0,"gold_gain":0,"player_choice":"Ignored","damage_taken":0,"max_hp_gain":0,"max_hp_loss":0,"event_name":"Golden Wing","floor":11,"gold_loss":0},{"damage_healed":0,"gold_gain":0,"player_choice":"Gave Potion","damage_taken":0,"relics_obtained":["Oddly Smooth Stone"],"max_hp_gain":0,"max_hp_loss":0,"event_name":"WeMeetAgain","floor":14,"gold_loss":0},{"damage_healed":0,"gold_gain":0,"player_choice":"Ignored","damage_taken":0,"max_hp_gain":0,"max_hp_loss":0,"event_name":"Beggar","floor":19,"gold_loss":0},{"cards_removed":["PiercingWail"],"damage_healed":0,"gold_gain":0,"player_choice":"Purged","damage_taken":0,"max_hp_gain":0,"max_hp_loss":0,"event_name":"Purifier","floor":20,"gold_loss":0},{"damage_healed":0,"gold_gain":0,"player_choice":"Shed Blood","damage_taken":19,"max_hp_gain":5,"max_hp_loss":0,"event_name":"Forgotten Altar","floor":22,"gold_loss":0}],"is_beta":false,"boss_relics":[{"not_picked":["SacredBark","Tiny House"],"picked":"Sozu"}],"items_purged_floors":[],"is_endless":false,"potions_floor_spawned":[1,12,13,18],"killed_by":"Slavers","ascension_level":1}}