{"host":"kw4o7b3ro2ktmmbe","time":1611322502,"event":{"mods":["100% Spire Juice","BaseMod","Evolution","Minty Spire (QoL Compilation)","Spire Arcade","StSLib"],"gold_per_floor":[110,110,285,338,413,413,265,276,276,36,53,53,53,73,73,178,58,68,68,79,79,79,108,108,108,108,137,137,151,180,60,60,60,60],"floor_reached":33,"language":"ENG","playtime":2493,"items_purged":[],"score":390,"play_id":"47ca19ba-ed32-4fe9-9126-dae4d9bd2f0e","local_time":"20210123023502","is_ascension_mode":true,"campfire_choices":[{"data":"Moonworks:UnluckyCharm","floor":6.0,"key":"SMITH"},{"data":"Moonworks:MiracleWalker","floor":10.0,"key":"SMITH"},{"data":"Moonworks:LongDistanceShot","floor":12.0,"key":"SMITH"},{"data":"Moonworks:Ambush","floor":15.0,"key":"SMITH"},{"data":"Moonworks:JonathanRush","floor":24.0,"key":"SMITH"},{"data":"Moonworks:WindyEnchantment","floor":28.0,"key":"SMITH"},{"floor":32,"key":"REST"}],"circlet_count":0,"master_deck":["Moonworks:Strike","Moonworks:Strike+1","Moonworks:Strike","Moonworks:Strike","Moonworks:Defend+1","Moonworks:Defend","Moonworks:Defend","Moonworks:Defend","Moonworks:Ambush+1","Moonworks:LongDistanceShot+1","Moonworks:UnluckyCharm+1","Moonworks:MiracleWalker+1","Moonworks:NicePresent","Moonworks:WindyEnchantment+1","Moonworks:OutOfAmmo+1","Moonworks:JonathanRush+1","Moonworks:MeltingMemories","Moonworks:NicePresent","Moonworks:MiracleRedBeanIceCream","Moonworks:Encore"],"relics":["Moonworks:Homemark","EVO:Axolotl","SacredBark","Centennial Puzzle","Boot","Akabeko","SlaversCollar","Omamori","Letter Opener","Moonworks:LittleGull","Bottled Lightning"],"acts_visited":["Exordium","TheCity"],"potions_floor_usage":[33],"damage_taken":[{"damage":2.0,"enemies":"Small Slimes","floor":1.0,"turns":4.0},{"damage":0.0,"enemies":"Jaw Worm","floor":8.0,"turns":5.0},{"damage":0.0,"enemies":"2 Louse","floor":11.0,"turns":1.0},{"damage":0.0,"enemies":"Gremlin Gang","floor":14.0,"turns":4.0},{"damage":20.0,"enemies":"Slime Boss","floor":16.0,"turns":8.0},{"damage":5.0,"enemies":"Chosen","floor":18.0,"turns":4.0},{"damage":5.0,"enemies":"Spheric Guardian","floor":20.0,"turns":3.0},{"damage":9.0,"enemies":"Gremlin Leader","floor":23.0,"turns":6.0},{"damage":21.0,"enemies":"Book of Stabbing","floor":27.0,"turns":3.0},{"damage":5.0,"enemies":"Cultist and Chosen","floor":29.0,"turns":4.0},{"damage":19.0,"enemies":"Slavers","floor":30.0,"turns":4.0},{"damage":52,"enemies":"Automaton","floor":33,"turns":6}],"seed_played":"3295966365269204328","potions_obtained":[{"floor":1.0,"key":"Ancient Potion"},{"floor":11.0,"key":"BlessingOfTheForge"},{"floor":20.0,"key":"Weak Potion"},{"floor":27.0,"key":"Ancient Potion"},{"floor":30.0,"key":"PowerPotion"}],"is_trial":false,"path_per_floor":["M","?","?","T","?","R","$","M","T","R","M","R","$","M","R","B",null,"M","?","M","$","$","E","R","$","T","E","R","M","E","?","R","B"],"character_chosen":"THE_STARBREAKER","items_purchased":["Boot"],"campfire_rested":1,"item_purchase_floors":[7],"current_hp_per_floor":[52,40,40,40,29,29,29,29,29,29,29,29,29,29,29,9,47,42,42,37,37,37,28,28,28,28,24,24,19,5,5,23,0,0],"gold":60,"neow_bonus":"BOSS_RELIC","is_daily":false,"chose_seed":false,"campfire_upgraded":6,"win_rate":0.0,"timestamp":1611322502,"path_taken":["M","?","?","?","?","R","$","?","T","R","M","R","?","M","R","BOSS","M","?","M","?","$","E","R","$","T","E","R","?","E","?","R","BOSS"],"items_purchased_type":["Relic"],"build_version":"2020-12-22","purchased_purges":0,"victory":false,"max_hp_per_floor":[60,60,60,60,60,60,60,60,60,60,60,60,60,60,60,60,60,60,60,60,60,60,60,60,60,60,60,60,60,60,60,60,60,60],"card_choices":[{"not_picked":["Moonworks:IntelligenceOfficer","Moonworks:SakisCookie"],"picked":"Moonworks:UnluckyCharm","floor":1.0},{"not_picked":["Moonworks:BigMagnum","Moonworks:ImOnFire"],"picked":"Moonworks:MiracleWalker","floor":8.0},{"not_picked":["Moonworks:IndiscriminateFireSupport","Moonworks:ExtendedPhotonRifle"],"picked":"Moonworks:NicePresent","floor":11.0},{"not_picked":["Moonworks:IndiscriminateFireSupport","Moonworks:AngelHand"],"picked":"Moonworks:WindyEnchantment","floor":14.0},{"not_picked":["Moonworks:Gamble","Moonworks:MeltingMemories"],"picked":"Moonworks:OutOfAmmo","floor":16.0},{"not_picked":["Moonworks:EvilSpyWorkPreparation","Moonworks:NicePresent"],"picked":"Moonworks:JonathanRush","floor":18.0},{"not_picked":["Moonworks:SweetBattle","Moonworks:BigMagnum","Moonworks:ScrambledEve+1"],"picked":"SKIP","floor":20.0},{"not_picked":["Moonworks:LulusLuckyEgg+1","Moonworks:SakisCookie"],"picked":"Moonworks:MeltingMemories","floor":23.0},{"not_picked":["Moonworks:MixPhenomenon","Moonworks:IndiscriminateFireSupport"],"picked":"Moonworks:NicePresent","floor":27.0},{"not_picked":["Moonworks:SakisCookie","Moonworks:Poppoformation"],"picked":"Moonworks:MiracleRedBeanIceCream","floor":29.0},{"not_picked":["Moonworks:ImOnFire","Moonworks:DeployBits+1"],"picked":"Moonworks:Encore","floor":30.0}],"player_experience":1876007,"relics_obtained":[{"floor":4.0,"key":"Centennial Puzzle"},{"floor":9.0,"key":"Akabeko"},{"floor":23.0,"key":"Omamori"},{"floor":26.0,"key":"Letter Opener"},{"floor":27.0,"key":"Moonworks:LittleGull"},{"floor":30.0,"key":"Bottled Lightning"}],"event_choices":[{"damage_healed":0.0,"max_hp_gain":0.0,"max_hp_loss":0.0,"gold_gain":0.0,"event_name":"Shining Light","player_choice":"Entered Light","floor":2.0,"gold_loss":0.0,"damage_taken":12.0,"cards_upgraded":["Moonworks:Defend","Moonworks:Strike"]},{"damage_healed":0.0,"max_hp_gain":0.0,"max_hp_loss":0.0,"gold_gain":75.0,"event_name":"World of Goop","player_choice":"Gather Gold","floor":5.0,"gold_loss":0.0,"damage_taken":11.0},{"damage_healed":0.0,"max_hp_gain":0.0,"max_hp_loss":0.0,"gold_gain":0.0,"event_name":"Upgrade Shrine","player_choice":"Upgraded","floor":19.0,"gold_loss":0.0,"damage_taken":0.0,"cards_upgraded":["Moonworks:OutOfAmmo"]},{"damage_healed":0,"gold_gain":0,"player_choice":"Leave","damage_taken":0,"max_hp_gain":0,"max_hp_loss":0,"event_name":"FaceTrader","floor":31,"gold_loss":0}],"is_beta":false,"boss_relics":[{"not_picked":["Velvet Choker","Calling Bell"],"picked":"SlaversCollar"}],"items_purged_floors":[],"is_endless":false,"potions_floor_spawned":[1,11,20,27,30],"killed_by":"Automaton","ascension_level":7}}